4088 6176
513 238 581 292 15
1954 236 2127 292 PlUEl

2157 237 2342 292 ‘ATlO.
3699 246 3726 299 ί
3738 248 3771 300 5

511 350 850 427 Augustini
879 350 1336 429 gratiaequeab
1383 365 1457 429 eo
1495 355 1912 429 propugnatus
1940 347 2254 424 defensor,
2283 348 2505 426 majori
2544 350 2751 410 adhuc
2778 352 3157 412 confidentia
3188 368 3416 412 manus
3438 354 3768 416 conseruit

511 445 658 488 cum
681 427 1205 506 Semip'elagianis
1241 427 1777 508 Massiliensibus,
1813 428 2014 508 ethos
2045 429 2211 508 inter
2236 435 2458 508 contra
2495 429 2870 489 Cassianum
2899 431 3395 490 Massiliensium
3427 434 3764 508 presbyte-

511 524 735 585 rorum
769 505 1241 585 Augustinique
1264 505 2222 585 obtrectatorumprimicerium
2251 506 2900 585 scribereaggressus
2932 515 3049 567 est.
3082 508 3286 584 Hujus
3313 505 3438 567 viri
3460 510 3521 567 in
3557 505 3767 570 lucem

509 582 1292 662 prodierant'Collationes
1324 583 1717 643 salutaribus
1746 582 2139 662 documentis
2167 583 2423 657 quidem
2452 583 2724 657 refertae,
2757 587 2865 645 sed
2889 587 3132 662 aliquot
3159 582 3221 644 in
3252 587 3406 646 locis
3431 606 3559 646 non
3583 596 3768 650 extra

509 661 762 724 omnem
788 662 1346 738 reprehensionem
1371 662 1591 738 positaa
1623 682 1638 722 :
1671 677 1831 736 quas
1865 662 2035 720 inter
2063 661 2397 737 legebatur
2431 661 3125 738 circumferebatur’que
3154 663 3417 724 Collatia
3449 667 3632 725 tertia
3667 667 3769 726 de-

509 744 690 821 cima,
719 739 1222 821 deAPArotectione
1247 740 1403 811 Dei,
1438 740 1501 798 in
1538 755 1663 821 qua
1697 743 2032 821 novam‘et
2059 753 2096 821 εξ
2123 756 2198 821 _se_
2227 739 2431 815 primo
2459 741 2882 821 excogitatam
2919 743 3416 813 distinctionem,
3449 745 3753 821 omnipo-

509 819 984 898 tentimidivina‘.
1013 817 1293 898 juribus,
1321 823 1382 876 et
1415 817 1655 891 peccati
1688 816 2016 898 originalis
2059 816 2201 875 ﬁdei
2228 834 2350 898 non
2374 833 2598 893 parum
2628 817 3066 896 derogantem,
3103 822 3407 898 evulgare
3428 839 3554 880 non
3579 816 3764 882 dubi-

509 903 707 976 tarat.
729 897 909 976 Hanc
941 893 1054 956 nos
1078 895 1485 976 collationem
1515 911 1688 955 sana;
1713 893 2259 976 doctrinm,_quan_i
2283 896 2523 976 ubique
2557 901 2772 959 tuetur
2789 893 2860 957 Β.
2894 893 3190 976 Prosper,
3223 893 3346 958 non
3376 900 3764 968 obfuturam,

505 974 557 1034 si
591 992 664 1034 eo
697 975 815 1034 loci
861 975 1215 1052 legeretur;
1243 975 1434 1032 immo
1462 990 1561 1052 ex,
1586 972 1991 1052 oppositione
2036 971 2178 1052 libri
2217 973 2510 1049 Prosperi
2543 980 2765 1034 contra
2796 971 3077 1035 eamdem
3111 978 3357 1036 exarati
3390 977 3768 1038 orthodoxa:

505 1053 834 1132 sententias
863 1050 1068 1132 iurem
1106 1051 2033 1132 allaturama_rbitrati_sumus.
2070 1050 2450 1132 lllam‘enim
2480 1052 2721 1132 excipit
2753 1054 2963 1114 statim
3010 1053 3189 1113 Liber
3217 1055 3422 1115 sancti
3469 1056 3771 1132 Prosperi

504 1129 811 1206 Aquitani
842 1129 913 1188 de
939 1128 1165 1190 Gratia
1193 1129 1304 1188 Dei
1326 1134 1383 1188 et
1413 1127 1636 1188 Libero
1670 1125 1950 1206 Arbitrio
1982 1134 2205 1188 contra
2238 1125 2645 1199 Coltatorem,
2667 1131 2725 1188 id
2756 1139 2878 1204 est,
2913 1141 3134 1192 contra
3165 1132 3533 1194 Cassianum
3564 1125 3772 1194 colla—

504 1209 697 1345 :jionis
728 1207 1351 1345 istiuslcetauctorem
1377 1250 1392 1280 ,
1430 1224 1625 1283 quem
1653 1211 1865 1267 tamen
1890 1205 2152 1267 honoris
2190 1223 2412 1280 causa,
2455 1213 2516 1266 et
2549 1225 2630 1267 ex
2658 1210 2829 1286 pacis
2857 1209 3064 1271 studio
3092 1211 3351 1287 proprio
3374 1212 3633 1271 nomine
3663 1214 3768 1270 in-

551 1294 775 1345 tentare
810 1304 893 1345 no
926 1304 988 1344 ιιι
1026 1330 1039 1343 .

551 1287 775 1348 ίείῐᾶῐθ
810 1286 1039 1345 noluit.

572 1303 1392 1444 ξιέὲἷιῗιὲἓὲιῖλεαιςηρτυηι
1426 1382 1463 1422 α
1489 1380 1525 1423 c
1570 1362 1652 1444 ad
1685 1380 1764 1423 c1.
1789 1363 2177 1444 Expositio;
2214 1362 2684 1444 Sententiarum
2718 1365 3114 1444 emroperibus
3141 1366 3210 1426 S.
3241 1365 3584 1444 Augustini
3606 1367 3770 1444 Hip-

501 1443 794 1520 ponensis
827 1443 1104 1520 episcopi
1129 1441 1539 1502 delibatarum
1575 1440 1942 1521 libertinus.
1972 1441 2126 1501 ltem
2158 1459 2236 1501 ex
2265 1443 2590 1521 sententiis
2617 1443 2820 1502 sancti
2847 1440 3190 1521 Augustini
3222 1440 3768 1521 Epigrammatum

503 1519 657 1580 liber
689 1519 907 1580 unus:
937 1537 1080 1598 qua:
1115 1538 1258 1580 cum
1317 1519 1656 1598 Augustini
1713 1520 1912 1580 libros
1963 1525 2076 1580 aut
2103 1520 2456 1598 exscriptos
2488 1520 2562 1579 de
2604 1523 2800 1581 verbo
2832 1523 2907 1582 ad
2952 1519 3216 1582 verbum
3239 1565 3255 1595 ,
3289 1519 3416 1583 aut
3461 1540 3765 1582 sensuum

505 1601 709 1678 ipsius
740 1597 1093 1678 perfectam
1126 1599 1546 1659 imitationem
1593 1597 1722 1659 fere
1777 1598 2019 1674 ubique
2064 1597 2444 1678 exhibeant,
2498 1598 2879 1676 Prosperum
2928 1608 3210 1678 arguunt
3270 1601 3334 1658 in
3383 1602 3765 1660 sanctissimi

497 1676 786 1738 Doctoris
849 1677 1027 1736 libris
1060 1677 1292 1738 diurna
1347 1683 1795 1756 nocturnaque
1855 1693 2053 1756 manu
2089 1675 2421 1756 versandis
2462 1692 2529 1756 a_
2556 1675 2758 1753 puero
2792 1675 3389 1739 exercitatissimum
3423 1694 3439 1736 :
3474 1696 3750 1756 quorum

499 1763 746 1832 tempus
783 1757 844 1814 in
877 1755 1306 1816 admonitione
1335 1756 1566 1831 cuique
1596 1755 1855 1830 praefixa
1888 1754 2040 1814 satis
2081 1755 2409 1831 probabile
2437 1754 2734 1814 efﬁcitur.

583 1836 674 1895 De
701 1834 1007 1896 Chronico
1045 1837 1286 1910 integro
1320 1849 1447 1893 non
1472 1837 1568 1891 est
1601 1833 1768 1910 quod
1803 1834 1986 1910 plura
2021 1840 2386 1900 narrentur,
2423 1839 2652 1907 praeter
2691 1849 2764 1893 ea
2796 1851 2938 1908 qua)
2971 1835 3269 1909 superius
3296 1834 3462 1895 dicta
3499 1838 3674 1908 sunt,
3706 1841 3767 1894 et

499 1915 564 1972 in
602 1913 1032 1973 admonitione
1062 1912 1344 1990 ejusdem
1398 1910 1598 1970 fusius
1659 1912 2076 1973 disserentur.
2120 1911 2257 1969 Hoc
2301 1912 2512 1970 solum
2569 1911 2666 1990 his
2711 1911 3065 1972 addendum
3122 1920 3362 1984 restat,
3398 1915 3567 1988 quod
3620 1916 3768 1972 huic

498 1991 891 2052 emendando
928 1989 1158 2069 printer
1188 2007 1339 2069 mss.
1364 1989 1610 2069 codices
1636 2007 1832 2068 supra
1861 1996 2137 2069 notatos,
2171 2005 2246 2049 ac
2272 1990 2579 2069 editiones
2611 1989 2953 2069 Duchesnii
2983 2036 2998 2065 ,
3034 1991 3306 2064 Labbei,
3349 1997 3410 2050 et
3445 2008 3584 2069 eam
3620 2008 3768 2064 quae

497 2070 800 2129 inseritur
821 2067 989 2128 tome
1014 2068 1153 2129 Vlll
1184 2068 1587 2127 Bibliotheca
1607 2067 1864 2129 Patrum
1894 2068 2339 2145 Lugdunensis
2375 2067 2527 2127 anni
2559 2067 2712 2126 1677
2735 2068 3176 2128 consuluimus
3210 2070 3400 2128 etiam
3429 2068 3766 2127 editionem

497 2149 776 2225 ejusdem
811 2147 1104 2209 Chronici
1141 2149 1220 2208 ab
1247 2147 1527 2206 Arnoldo
1557 2148 2176 2225 Pontacoepiscopo
2212 2145 2550 2206 Vasatensi
2595 2147 2856 2225 admss.
2921 2147 3141 2225 viginti
3179 2155 3322 2207 octo
3351 2153 3410 2225 et
3455 2154 3598 2225 octo
3627 2147 3768 2204 edi-

501 2166 776 2225 ejusuem
811 2166 1104 2209 UDTODICI
1141 2166 1220 2208 an
1247 2166 1527 2206 Ληὶοιαο
1564 2166 1842 2207 ιὀηιδοο
1875 2166 2176 2222 episcopo
2223 2166 2550 2206 vasalenSI
2595 2166 2672 2204 δα
2704 2166 2856 2205 11188.
2921 2166 2977 2206 Vl
3032 2166 3141 2206 ιηιι
3179 2166 3322 2207 OClO
3351 2166 3410 2205 ρι
3456 2166 3598 2205 00ιο
3627 2166 3765 2204 (ξυι-

501 2229 703 2363 ῗὲῗιρε
735 2227 1175 2363 emendatae;
1212 2242 1288 2286 ac
1318 2225 1480 2285 notis
1514 2223 1799 2302 ejusdem
1847 2223 2270 2295 illustratam,
2327 2229 2388 2282 et
2437 2240 2608 2284 anno
2644 2221 2796 2282 1601i
2841 2166 3198 2303 Burgigalaa
3248 2224 3415 2302 apud
3447 2222 3765 2283 Simonem

504 2325 544 2363 .'
575 2322 587 2360 ι
621 2321 879 2363 anulum
904 2321 1098 2362 CXCDS
1152 2323 1232 2362 m.

504 2320 879 2379 .Imlanglum
904 2320 1232 2364 excusam.

574 2381 793 2460 Statim
829 2390 965 2457 post
988 2382 1372 2443 Chronicum
1395 2381 1988 2460 legiturﬂoncilium
2005 2381 2082 2441 II
2102 2380 2562 2442 Arausicanum
2586 2379 2658 2439 de
2677 2380 2900 2442 Gratia
2925 2380 3216 2442 etLibero
3240 2381 3546 2460 Arbitrio,
3577 2397 3763 2460 anno,

496 2467 566 2538 ui
591 2459 887 2529 creditur,
915 2460 1057 2531 525,
1096 2459 1485 2521 celebratum:
1515 2462 1695 2534 Quod
1731 2478 1806 2520 eo
1837 2460 1982 2537 jure
2023 2461 2312 2536 Prosperi
2347 2459 2647 2537 operibus
2672 2461 2924 2520 annecti
2953 2465 3140 2538 coepit
3171 2461 3252 2520 ab
3279 2459 3663 2538 annoiiiiﬁii,
3702 2462 3762 2516 in

497 2537 774 2596 editione
802 2540 1218 2608 Lovaniensi,
1276 2548 1336 2599 et
1368 2541 1688 2616 deinceps,
1741 2539 1911 2616 quod
1965 2539 2220 2598 concilii
2276 2539 2469 2616 hujus
2518 2539 2736 2598 Patres
2793 2555 2937 2598 eam
2979 2537 3332 2598 doctrinam
3369 2537 3762 2616 deﬁnierint,

496 2634 690 2691 quam
721 2616 780 2676 S.
817 2619 1088 2694 Prosper
1136 2625 1358 2681 contra
1387 2615 1822 2680 Massilienses
1854 2617 2259 2689 defenderat,
2298 2615 2518 2678 etnon
2553 2633 2786 2692 paucos
2811 2632 3091 2678 canones
3127 2635 3276 2676 suos
3326 2634 3404 2676 ex
3437 2615 3718 2693 ipsismet
3744 2658 3758 2684 ,

497 2711 625 2753 non
657 2697 996 2773 Augustini
1031 2697 1236 2756 solum
1264 2741 1279 2767 ,
1318 2698 1423 2757 sed
1455 2699 1643 2758 etiam
1681 2697 1973 2773 Prosperi
2007 2698 2207 2755 nostri
2237 2695 2449 2759 verbis
2489 2695 2902 2755 contexuisse
2939 2701 3282 2769 notentur;
3317 2711 3392 2753 ac
3422 2694 3488 2752 in
3513 2709 3756 2753 canone

497 2773 720 2853 ultimo
755 2773 927 2853 illam
957 2775 1240 2836 Cassiani
1269 2775 1537 2851 duplicis
1570 2776 1820 2853 generis
1861 2775 2451 2853 przedestinatorum
2483 2773 2953 2853 distinctionem
2976 2818 2990 2846 ,
3029 2790 3173 2848 qua)
3208 2789 3244 2833 a
3292 2775 3760 2853 Prosperotam

495 2852 749 2930 egregie
777 2852 839 2910 in
869 2853 1036 2912 libro
1074 2848 1377 2930 adversus
1406 2871 1549 2912 eum
1573 2848 1755 2912 'edito
1783 2848 2110 2913 confutata
2148 2852 2398 2922 fuerat,
2431 2852 2814 2912 auctoritate
2836 2868 2980 2925 sua,
3019 2854 3493 2930 Scripturarum
3530 2848 3762 2925 effetis,

503 2925 1039 3006 antiquorumque
1067 2929 1540 2991 deﬁnitionibus
1574 2932 1855 3006 munita,
1885 2937 2102 3008 aperte
2145 2930 2485 3008 rejecerint
2510 2947 2588 2990 ac
2621 2932 3132 3008 reprobaveriut.

568 3008 647 3066 Et
680 3025 752 3068 ea
784 3009 1035 3085 quidem
1069 3015 1238 3070 certa
1275 3016 1333 3071 et
1355 3009 1711 3072 indubitata
1734 3016 1884 3070 sunt
1912 3007 2115 3071 sancti
2151 3007 2443 3085 Prosperi
2471 3007 2880 3086 opera.ch
2915 3014 3275 3084 sequuntur
3297 3008 3421 3069 alia
3447 3007 3762 3085 quaedam,

495 3103 639 3163 quae
673 3087 878 3166 dubiis
911 3088 1306 3150 accensenda
1337 3089 1766 3166 judicavimus
1799 3108 1812 3146 :
1841 3090 2083 3148 scilicet
2130 3088 2469 3166 Confessio,
2512 3105 2646 3166 qua:
2681 3087 2918 3166 dicitur
2948 3088 3245 3166 Prosperi
3293 3087 3633 3165 Aquitani,
3677 3087 3751 3145 de

496 3182 623 3246 qua
654 3165 947 3246 nonnihil
969 3183 1201 3246 supra;
1233 3169 1458 3226 Poema
1488 3166 1774 3246 conjugis
1806 3166 1886 3226 ad
1909 3183 2213 3235 uxorem;
2244 3165 2314 3226 de
2347 3165 2758 3225 Providentia
2787 3165 2999 3246 dicina
3043 3165 3300 3226 Carmen
3321 3211 3345 3246 ,_
3376 3167 3612 3246 quodia
3645 3182 3764 3246 no-

499 3244 593 3304 bis
624 3245 898 3319 primum
935 3245 998 3303 in
1030 3245 1239 3320 capita
1266 3246 1540 3306 divisum
1564 3243 1697 3321 ,Vet'
1729 3246 2010 3321 capitum
2044 3251 2422 3322 argumenta
2474 3246 2651 3319 operi
2709 3244 2970 3322 praeﬁxa
2999 3289 3016 3320 ,
3049 3262 3280 3321 resque
3312 3243 3388 3302 de
3424 3245 3660 3322 quibus
3695 3244 3759 3300 in

497 3322 766 3401 singulis
793 3323 928 3399 ejus
958 3325 1243 3401 partibus
1276 3329 1586 3385 tractatur
1612 3325 1675 3383 in
1708 3320 1995 3400 margine
2035 3320 2387 3384 collaterali
2421 3320 2988 3401 breviter—notatae.
3026 3320 3249 3382 Postea
3279 3327 3493 3381 autem
3519 3320 3760 3380 haben-

497 3404 601 3458 tur
631 3399 780 3461 libri
811 3401 932 3460 duo
961 3399 1043 3461 'de
1076 3403 1413 3463 Vocatione
1445 3404 1718 3462 omnium
1749 3399 2023 3478 genti-um
2045 3419 2189 3462 cum
2217 3401 2614 3478 argumentis
2630 3401 2705 3478 in
2738 3400 2942 3475 capite
2979 3405 3040 3458 et
3086 3402 3146 3478 in
3194 3416 3462 3476 corpore
3509 3402 3721 3478 operis
3742 3442 3759 3463 ,

499 3421 601 3458 ιυι·
631 3421 776 3461 twn
811 3421 932 3460 auo
972 3421 1043 3461 ae
1082 3421 1111 3463 ν
1135 3421 1413 3463 ocauone
1445 3421 1718 3462 ommum
1791 3421 2023 3461 enu-um
2045 3421 2189 3462 cum
2217 3421 2614 3478 argumentis
2642 3421 2705 3458 in
2738 3421 2942 3475 capue
2979 3421 3040 3458 el
3086 3421 3146 3458 In
3194 3421 3462 3476 corpore
3509 3421 3759 3472 operis,

498 3495 642 3558 quze
675 3479 751 3558 in
789 3480 998 3540 Leone
1020 3481 1396 3558 novissima
1426 3481 1716 3541 editionis
1746 3421 2068 3558 feguntur.
2123 3482 2213 3539 Ac
2236 3481 2488 3538 demum
2544 3477 2644 3538 Ad
2689 3494 2927 3558 sacram
2966 3477 3283 3558 Virginem
3317 3475 3766 3558 Demetriadem

498 3556 792 3633 Epistola
817 3603 833 3631 ,
863 3575 965 3617 seu
989 3557 1060 3617 de
1095 3558 1460 3618 Humilitate
1495 3554 1851 3620 Christiana
1894 3559 2228 3618 Tractatus
2257 3574 2524 3635 operum
2554 3556 2984 3635 genuinorum
3015 3555 3485 3635 dubiorumque
3517 3554 3749 3614 seriem

499 3637 759 3697 claudit.
788 3637 874 3697 De
904 3638 1168 3712 singulis
1201 3654 1330 3696 non
1363 3654 1564 3715 pauca
1589 3639 1651 3697 in
1689 3637 2122 3698 admonitione
2151 3633 2502 3712 unicuique
2533 3633 2793 3715 praeﬁxa
2823 3634 3252 3715 reperientur.

577 3715 666 3774 De
696 3711 1080 3792 Appendice.
1111 3732 1306 3793 quam
1344 3711 1407 3775 in
1433 3725 1644 3794 partes
1672 3716 1831 3777 duas
1863 3715 2296 3789 distinximus,
2325 3711 2452 3773 non
2478 3719 2569 3773 est
2600 3713 2767 3794 quod
2807 3714 2990 3792 plura
3027 3713 3126 3794 hic
3177 3711 3554 3794 referamus,
3579 3725 3760 3794 prte-

499 3799 595 3853 ter
619 3809 694 3854 ea
729 3789 871 3871 quae
907 3789 1764 3872 inadmonitione'iibrorum
1797 3794 1868 3855 de
1899 3795 2043 3856 Vita
2072 3794 2554 3872 contemplativa
2577 3801 2635 3851 et
2660 3793 2720 3850 in
2759 3789 2842 3872 ea;
2864 3807 3006 3866 qum
3033 3791 3257 3852 librum
3285 3789 3357 3849 de
3386 3790 3767 3872 promissio-

499 3872 683 3932 nibus
714 3867 768 3932 et
815 3871 1344 3935 Prwdictionibus
1371 3874 1484 3933 Dei
1535 3875 1863 3951 praecedit,
1908 3877 2018 3950 qui
2066 3875 2192 3934 duo
2244 3867 2524 3951 primam;
2563 3869 2941 3951 Appendicis
2987 3874 3259 3946 partem,
3290 3886 3434 3951 cum
3479 3867 3766 3951 Pseudo-

504 3952 807 4013 Chronico
840 3952 1273 4011 admonitione
1304 3968 1420 4012 sua
1471 3944 1752 4022 munito,
1809 3944 2262 4021 constituunt;
2295 3951 2458 4010 dicta
2508 3944 2836 4021 leguntur.
2870 3944 3152 4007 Alteram
3188 3963 3338 4006 vero
3387 3944 3765 4022 Appendicis

500 4037 734 4090 nostra;
767 4035 1009 4106 partem
1053 4046 1196 4106 qua)
1223 4030 1459 4106 scripta
1490 4041 1545 4088 et
1591 4037 1982 4089 monumenta
2022 4029 2364 4107 impleant,
2416 4040 2545 4107 quo
2596 4026 2898 4107 consilio,
2929 4041 3074 4107 _quo
3110 4024 3315 4085 fructu
3354 4024 3585 4107 ibidem
3636 4025 3764 4107 sint

503 4101 812 4168 collocata
863 4107 1000 4168 fuse
1052 4101 1205 4168 satis
1237 4101 1599 4182 expositum
1630 4108 1693 4166 in
1746 4101 2181 4167 admonitione
2230 4123 2305 4166 eo
2355 4101 2474 4165 loci
2507 4103 2817 4182 exhibita.
2853 4102 2944 4161 lbi
2976 4119 3231 4182 quoque
3255 4103 3635 4182 monuimus
3669 4101 3767 4159 his

503 4186 755 4262 scriptis
815 4180 1373 4262 monumentisque
1421 4186 1756 4245 lectionem
1799 4186 2081 4262 Operam
2131 4184 2335 4244 sancti
2396 4181 2703 4262 Prosperi
2733 4197 2808 4241 ac
2856 4182 3058 4258 ipsam
3101 4180 3763 4262 Semipelagianorum

501 4258 838 4324 historiam
874 4265 1080 4324 lucem
1106 4263 1197 4343 (ut
1229 4258 1587 4341 speramus)
1627 4282 1768 4324 esse
1797 4258 2195 4339 accepturas.
2238 4262 2518 4322 Iudicem
2564 4259 2837 4335 denique
2881 4261 3542 4343 _rerum_,_verborum,
3577 4258 3765 4317 loco-

501 4361 671 4419 rum,
705 4338 1160 4420 personarum,
1186 4338 1648 4403 sententiarum
1679 4347 1902 4420 uolatu
1931 4338 2294 4418 digniorum
2327 4356 2470 4418 qua)
2513 4342 2855 4420 occurrent
2881 4338 3113 4420 legenti
3142 4338 3522 4420 Prosperum
3547 4380 3562 4409 ,
3596 4343 3662 4420 et
3685 4351 3766 4420 ea

503 4414 886 4500 Operaqum
915 4414 1228 4500 Prospero
1271 4438 1415 4480 cum
1468 4421 1686 4500 aliquo
1719 4414 2167 4500 fundamento,
2219 4414 2726 4500 etsi'noncerto,
2757 4417 2948 4500 tribui
2984 4432 3168 4500 pos_s_e
3202 4416 3519 4500 videntur,
3553 4414 3764 4500 statim

504 4491 641 4577 post
674 4491 883 4576 Opera
917 4503 1052 4579 ipsa
1075 4491 1144 4559 'ct
1171 4500 1486 4578 syllabum
1517 4491 1803 4559 codicum
1842 4491 2270 4579 emendationi
2304 4497 2733 4556 adliibitorum
2771 4495 3039 4579 edimus,
3083 4495 3325 4579 Eorum
3355 4499 3567 4579 autem
3599 4491 3766 4579 scri-

505 4569 760 4653 ptorum
796 4587 857 4637 et
905 4569 1508 4651 monumentorum,
1552 4593 1696 4654 quae
1724 4577 2104 4655 Appendicis
2156 4581 2402 4648 partem
2454 4580 2794 4650 utramque
2842 4575 3271 4645 constituunt,
3309 4572 3372 4630 in
3420 4569 3766 4633 voluminis

503 4658 697 4736 totius
735 4657 974 4717 calcem
1018 4657 1363 4736 rejicimus.
1403 4735 1407 4736 ν
2355 4732 2367 4736 _
2664 4732 2700 4736 __
2816 4731 2831 4736 _
3207 4726 3222 4736 .
3393 4724 3405 4736 .
3535 4724 3548 4736 .

583 4735 731 4795 Haec
767 4742 916 4795 sunt
945 4724 1198 4811 quae-ad
1237 4735 1559 4814 publicam
1604 4734 1941 4795 utilitatem
1980 4732 2515 4814 promovendam,
2551 4737 2613 4793 et
2661 4732 2738 4814 iis
2773 4726 3340 4814 obtemperantium
3385 4724 3584 4814 jussis
3621 4739 3770 4814 qua;

507 4815 829 4892 negligere
882 4803 1005 4873 non
1060 4821 1197 4874 erat
1239 4803 1600 4893 integrum,
1641 4815 1737 4874 vel
1767 4803 2018 4893 tentata
2055 4813 2147 4872 vel
2186 4811 2407 4893 ell'ecta
2443 4810 2731 4893 sunt._ln
2769 4803 3004 4885 quibus
3059 4806 3112 4866 si
3146 4803 3588 4893 _quid‘minu§“
3613 4803 3768 4893 recti

505 4880 729 4952 contra
763 4900 1036 4953 mentem
1067 4896 1351 4952 nostram
1380 4880 1727 4952 admissum
1759 4891 1944 4952 fuerit
1968 4935 1984 4966 ,
2018 4893 2288 4968 benigne
2323 4890 2605 4968 ignoscet
2632 4880 2832 4968 lecto-r
2855 4902 3074 4968 {equus
3101 4880 3502 4968 eteruditus.
3527 4881 3591 4968 ASi
3616 4880 3769 4956 quid

506 4987 661 5030 vero
707 4972 855 5031 boni
890 4977 953 5032 et
981 4972 1152 5031 utilis
1191 4987 1228 5031 a
1271 4972 1453 5031 nobis
1487 4971 1837 5047 praestitum
1885 4960 2231 5046 judicetur,
2283 4960 2486 5048 totum
2532 4967 2610 5048 in,
2641 4960 3198 5048 illumnobiscum
3243 4960 3543 5048 refundet
3579 4973 3768 5048 aquo

507 5049 694 5112 Omne
723 5050 936 5118 datum
970 5052 1268 5127 optimum
1295 5058 1348 5108 et
1381 5039 1553 5109 omne
1580 5049 1812 5109 donum
1850 5039 2187 5127 p'erfectum
2214 5039 2471 5127 '(Jacob.
2509 5064 2557 5127 ι,
2589 5046 2719 5127 17),
2744 5044 2852 5122 qui
2882 5041 3058 5127 docet
3090 5039 3396 5127 hominem
3446 5039 3771 5100 scientiam

507 5129 641 5208 (Ps.
672 5146 854 5206 xcm,
886 5128 981 5208 10)
1006 5117 1377 5208 ἰἰηθιιαεᾳαε
1401 5129 1776 5206 infantium,
1826 5117 1880 5189 εἶ
1939 5117 1995 5186 ei
2056 5117 2398 5203 placuerit,
2434 5117 2617 5201 faciet
2656 5117 2920 5183 disertos
2948 5117 3121 5200 (Sep.
3159 5137 3232 5190 x,
3259 5117 3386 5195 21).

1901 5374 2372 5484 δέἷέἷῖἷξδ

2004 5482 2264 5589 ῖέἒᾶξ

2105 5578 2154 5638 ε
