4088 6176
358 280 427 333 n
1440 270 1596 325 vtrA
1639 271 1699 327 s.
1733 269 2069 327 causeam
2108 268 2453 331 AOUI’I‘ANL
3558 288 3643 343 ,ει

386 413 3580 466 W

1105 606 1391 689 VITA
1462 608 1554 689 S.
1634 606 2215 690 PROSPERI
2289 608 2899 717 AQUITANI,

715 784 802 838 EX
834 781 1147 835 OPERIBUS
1178 780 1383 832 IPSIUS
1417 781 1496 832 ET
1529 778 1934 832 SCRIP'I‘OBUII
1966 779 2588 835 ECCLESIASTICORUM
2622 785 2829 840 LIBRIS
2864 789 3277 848 CONCINNATA,

818 1017 1202 1074 ARTICULUS
1232 1017 1501 1073 PRDIUS.

372 1118 615 1174 Veterum
640 1122 689 1168 et
732 1114 1069 1167 recentiorum
1095 1113 1158 1165 de
1187 1110 1442 1181 Prospero
1467 1108 1717 1176 encomia,
1761 1117 1807 1164 et
1837 1109 1950 1179 quis

1004 1184 1119 1253 ejus
1162 1183 1342 1253 stylus.

434 1299 583 1356 Inter
607 1312 707 1355 eos
734 1298 824 1368 qui
849 1295 991 1353 beati
1025 1296 1311 1365 Augustini
1355 1295 1619 1351 doctrinas
1646 1308 1957 1365 propugna-

364 1404 513 1447 tores
564 1392 908 1453 esstiterunt,
962 1387 1261 1456 principem
1313 1387 1488 1442 locum
1539 1396 1593 1442 et
1638 1385 1954 1441 eruditionis

363 1483 546 1548 laude,
576 1492 629 1536 et
646 1479 982 1535 auctoritatis
1005 1478 1264 1546 pondere,
1292 1485 1348 1533 et
1378 1477 1609 1531 nominis
1638 1476 1953 1531 celebritate

362 1576 467 1630 sibi
493 1573 730 1628 vindicat
757 1580 978 1626 sanctus
1006 1571 1241 1639 Prosper
1270 1568 1457 1640 (Labb.
1488 1569 1551 1622 de
1575 1569 1771 1639 Script.
1810 1575 1850 1621 t.
1882 1566 1950 1633 ll,

367 1683 422 1735 p.
451 1665 608 1733 251).
630 1664 779 1718 nunc
807 1662 1014 1716 amicus
1035 1671 1089 1716 et
1113 1660 1317 1729 collega
1347 1660 1465 1729 ejus
1484 1658 1716 1713 Hilarius
1736 1657 1948 1728 (Prosp.

363 1774 452 1823 ep.
481 1756 551 1809 ad
574 1753 760 1825 Aug.),
792 1754 948 1823 cujus
980 1752 1197 1807 ltortatu
1220 1752 1433 1807 videtur
1465 1751 1519 1805 in
1550 1749 1602 1805 id
1640 1748 1955 1804 certaminis

365 1847 743 1912 descendisse,
770 1846 838 1900 ad
860 1846 1218 1914 Augustinum
1247 1843 1513 1908 scribens,
1547 1850 1653 1895 tum
1697 1840 1947 1905 moribus,

367 1949 477 1991 tum
497 1938 716 2007 eloquio,
750 1946 797 1991 et
820 1936 993 1989 studio
1041 1936 1261 1999 clarum,
1309 1934 1538 2004 adeoque
1594 1931 1775 1986 notitia
1818 1929 1955 1985 tanti

367 2030 467 2084 viri
492 2030 707 2099 dignum
752 2028 969 2098 aﬂirmat
1005 2025 1209 2097 (Hilar.
1238 2042 1324 2096 cp.
1356 2024 1425 2078 ad
1456 2023 1641 2093 Aug.).
1673 2022 1827 2076 Ilunc
1859 2020 1952 2075 Vi-

369 2123 597 2187 ctorius,
642 2119 735 2190 qui
768 2135 914 2174 anno
950 2119 1078 2184 457,
1124 2118 1393 2187 Prospero
1423 2115 1651 2170 forsitan
1685 2112 1859 2167 adhuc
1898 2111 1953 2167 in

370 2217 503 2271 vivis
532 2223 744 2285 agente,
771 2212 1065 2277 scribebat,
1095 2210 1259 2264 virum
1279 2216 1513 2263 sanctum
1537 2222 1597 2259 ac
1622 2203 1955 2259 venerabilem

369 2309 600 2379 appellat
626 2304 874 2373 (Bucher.
909 2304 1053 2375 (ἔῃσι.
1084 2321 1137 2374 ρ.
1166 2302 1221 2368 6,
1255 2302 1332 2371 7).
1364 2300 1516 2355 Hunc
1538 2297 1823 2353 concilium
1846 2294 1953 2350 Ro-

1968 1016 2019 1075 Α
2047 1013 2162 1069 haec
2188 1018 2422 1076 mirabili
2446 1024 2567 1080 vita:
2595 1029 2882 1085 sanctitate
2898 1034 3379 1092 commendabilem
3402 1054 3423 1090 ι
3447 1038 3636 1096 asserit

2056 1102 2328 1197 (Biblioth.
2364 1110 2515 1166 Sacr.
2550 1114 2588 1167 ι.
2623 1130 2699 1181 tv,
2732 1134 2784 1187 p.
2818 1120 2972 1188 369).
3021 1121 3221 1179 Censet
3258 1125 3501 1195 Scaliger
3531 1127 3637 1197 (Ad

2056 1195 2245 1253 Euseb.
2273 1199 2464 1255 Chron.
2487 1215 2597 1258 not.
2625 1223 2746 1277 pag.
2778 1208 2833 1278 8)
2863 1211 3013 1266 illum
3039 1214 3281 1270 omnium
3322 1216 3499 1272 aetatis
3527 1195 3638 1273 sua:

2056 1285 2216 1357 longe
2245 1289 2615 1349 doctissimum
2642 1311 2705 1350 ac
2738 1300 3123 1367 peritissimum
3153 1304 3341 1361 fuisse.
3397 1306 3638 1375 Scriptas

2054 1378 2123 1433 ab
2148 1394 2214 1434 eo
2245 1389 2295 1435 et
2325 1382 2395 1435 ab
2413 1383 2616 1440 Hilario
2640 1388 2707 1441 ad
2732 1392 3083 1460 Augustinum
3104 1395 3157 1449 in
3183 1396 3640 1467 Semipelagianos

2055 1473 2334 1540 epistolas,
2363 1482 2525 1530 tanta:
2548 1480 2688 1549 apud
2719 1490 2963 1550 posteros
2992 1486 3336 1543 admirationi
3359 1488 3525 1544 fuisse
3562 1488 3641 1543 ait

2055 1562 2347 1623 Garnerius
2375 1568 2480 1641 (Ad
2499 1576 2791 1629 commouit.
2816 1576 2893 1631 Μ.
2930 1577 3094 1634 Merc.
3123 1596 3241 1651 sup.
3279 1597 3419 1636 nom.
3464 1580 3638 1653 ϐαι.)ν

2057 1665 2113 1707 ut
2138 1669 2231 1710 eas
2282 1659 2589 1717 novissimis
2634 1666 2813 1734 magni
2841 1669 3029 1737 gratia:
3065 1668 3306 1725 doctoris
3355 1670 3637 1740 operibus,

2054 1752 2115 1799 ut
2143 1759 2405 1817 suppares
2430 1751 2701 1822 adjuncta:
2724 1756 2850 1810 sint.
2885 1757 2935 1813 ls
2958 1760 3227 1831 praecipue
3253 1760 3637 1817 animadvertit

2057 1834 2117 1905 in
2135 1836 2403 1908 Prospero
2430 1843 2607 1897 oculos
2624 1845 2902 1901 admodum
2927 1851 3180 1918 curiosos,
3200 1866 3334 1921 quos
3362 1852 3459 1907 vix
3486 1852 3642 1922 quid-

2056 1941 2217 1996 quam
2247 1942 2432 1999 posset
2454 1934 2661 2005 fugere.
2690 1936 2857 1993 Addit
2877 1938 2945 1994 ad
2975 1956 3222 2011 magnam
3246 1944 3363 2012 ejus
3384 1944 3641 1999 eruditio-

2058 2034 2182 2076 nem
2209 2023 2471 2080 accedere
2496 2043 2675 2096 parem
2692 2029 2885 2100 judicii
2915 2034 3266 2102 sagacitatem.

2130 2115 2259 2171 Erat
2282 2116 2537 2188 Prosper,
2586 2123 2817 2178 testibus
2862 2130 2973 2179 tum
3025 2124 3167 2191 aliis,
3208 2133 3319 2181 tum
3360 2125 3642 2183 Gennadio

2059 2204 2281 2277 (Script.
2310 2208 2457 2264 Eccl.
2489 2227 2537 2265 c.
2570 2211 2685 2283 84),
2735 2214 2787 2268 in
2826 2213 3111 2285 Aquitania
3162 2217 3432 2286 provincia
3461 2230 3641 2287 natus,

2060 2297 2203 2353 unde
2234 2297 2293 2352 fit
2323 2309 2380 2355 ut
2405 2301 2689 2371 Aquitanus
2719 2303 2824 2359 diei
2847 2305 3045 2374 soleat,
3081 2315 3137 2360 ut
3159 2307 3228 2362 ab
3255 2307 3375 2362 aliis
3400 2309 3642 2377 ejusdem

370 2418 470 2457 mas
494 2401 595 2456 sub
620 2399 845 2456 Gelasio
893 2398 1151 2467 pontiﬁce
1176 2410 1319 2449 anno
1357 2392 1466 2450 494
1511 2391 1777 2456 habitum,
1827 2389 1952 2445 dum
1983 2384 2031 2446 B
2059 2388 2290 2444 nominis
2308 2391 2438 2445 viris
2458 2390 2671 2449 facilius
2698 2392 3079 2465 distinguatur.
3103 2396 3216 2464 Qua
3246 2412 3377 2453 vero
3396 2413 3463 2454 ex
3491 2407 3643 2469 parte

365 2496 572 2564 scripta
613 2493 733 2563 ejus
781 2491 1069 2561 approbat.
1113 2489 1280 2542 virum
1335 2486 1466 2542 dicit
1514 2485 1957 2557 reliqiosissimum

369 2586 595 2656 (Concil.
630 2594 669 2637 t.
692 2584 783 2647 IV,
807 2602 862 2655 p.
887 2582 1036 2652 126).
1058 2579 1371 2636 Gennadius
1398 2579 1535 2648 ipse,
1557 2578 1684 2633 licet.
1711 2577 1785 2631 illi
1813 2576 1957 2631 haud

370 2676 509 2731 satis
539 2689 748 2744 aequus,
798 2682 857 2727 ut
906 2671 997 2741 qui
1054 2670 1215 2725 nimis
1259 2669 1488 2725 feliciter
1540 2681 1663 2723 cum
1701 2666 1959 2722 Cassiano

373 2776 726 2838 pugnaverat,
752 2776 929 2820 tamen
956 2763 1157 2832 eloquio
1187 2769 1492 2833 potentem,
1523 2768 1578 2816 et
1604 2758 1690 2831 (ut
1720 2758 1959 2829 loquitur

372 2860 489 2931 ille)
514 2874 748 2915 sermone
774 2856 1158 2918 scholasticum,
1190 2852 1656 2921 assertionibusque
1694 2866 1960 2905 nervosum

372 2951 619 3022 agnoscit
650 2949 910 3017 (Gennad.
942 2946 1086 3001 Eccl.
1115 2946 1307 3015 Script.
1335 2960 1384 2998 c.
1413 2943 1527 3015 84).
1559 2941 1619 2998 S.
1646 2942 1959 3013 Fulgentius

374 3045 518 3117 (Lib.
548 3045 617 3099 ad
645 3043 789 3098 Man.
824 3059 870 3097 c.
900 3041 1015 3109 30),
1047 3056 1166 3097 cum
1193 3039 1382 3094 beatus
1412 3036 1740 3107 Augustinus
1790 3034 1958 3091 celeri

375 3146 687 3207 praeventus
709 3136 857 3191 obitu
884 3132 1159 3189 Gallorum
1179 3129 1622 3201 presbyterorum
1647 3127 1853 3197 objecta
1879 3140 1962 3181 re-

374 3230 565 3284 fellere
585 3243 693 3283 non
723 3226 1008 3296 potuisset,
1032 3224 1171 3293 dicta
1204 3221 1321 3292 ejus
1349 3230 1497 3276 recta
1529 3220 1635 3276 ﬁde
1656 3229 1711 3275 et
1738 3218 1960 3287 copioso

376 3334 633 3374 sermone
673 3333 704 3372 a
751 3317 1019 3386 Prospero
1046 3313 1164 3369 viro
1212 3311 1423 3368 erudito
1468 3319 1525 3367 et
1567 3317 1754 3365 sancto
1794 3308 1959 3363 fuisse

378 3410 596 3466 defensa
613 3409 886 3464 observat.
916 3405 1179 3462 Nonnulla
1207 3420 1332 3460 mox
1376 3404 1445 3461 ab
1484 3402 1675 3460 eodem
1707 3400 1960 3470 Prosperi

380 3503 494 3556 loca
522 3499 871 3570 proferuntur
902 3516 915 3550 :
952 3515 972 3550 α
1005 3496 1073 3553 Ut
1094 3495 1277 3553 cuncti
1298 3495 1567 3562 noverint,
1594 3494 1789 3564 inquit,
1829 3488 1959 3562 quid

381 3592 611 3647 debeant
638 3590 705 3644 de
724 3589 1199 3659 praadestinatione
1224 3595 1536 3642 sanctorum
1564 3585 1961 3656 impiorumque

387 3679 1062 3749 sentire.iEademrepetit
1091 3678 1407 3750 Fulgentius
1434 3678 1541 3731 alio
1583 3678 1636 3731 in
1665 3677 1784 3732 loco
1818 3674 1957 3747 (Lib.

2014 2508 2017 2511 -
2058 2482 2406 2549 amplissima:
2435 2484 2655 2542 istiusce
2675 2487 2935 2558 regionis,
2965 2504 3139 2560 quave
3163 2505 3229 2546 ex
3277 2491 3408 2548 urbe
3453 2493 3642 2549 oriun-

2060 2570 2161 2626 dus
2190 2571 2373 2639 fuerit,
2396 2590 2503 2630 non
2530 2585 2746 2633 constat
2765 2579 3008 2635 omnino.
3028 2581 3165 2637 Hinc
3194 2589 3507 2653 patetquam
3534 2599 3643 2641 non

2062 2677 2253 2731 magna
2282 2666 2354 2719 sit
2386 2664 2634 2723 habenda
2680 2670 2821 2725 ratio
2866 2671 3070 2727 codicis
3114 2673 3395 2741 cujusdam
3447 2690 3641 2732 manu-

2059 2753 2267 2823 scripti,
2299 2770 2478 2826 neque
2510 2757 2802 2816 admodum
2830 2763 3046 2832 vetusti,
3088 2762 3418 2820 Colbertinte
3447 2766 3641 2823 biblio-

2062 2846 2253 2917 thecae,
2285 2848 2354 2904 ad
2376 2850 2530 2921 cujus
2550 2852 2724 2909 solius
2749 2854 2907 2910 [idem
2930 2855 3248 2912 emendatus
3285 2857 3480 2928 legitur
3508 2859 3644 2915 liber

2060 2937 2461 2997 Sententiarum
2484 2957 2550 2999 ex
2575 2942 2875 3014 Augustino
2899 2958 3275 3015 excerptarum
3322 2962 3418 3017 per
3447 2946 3646 3003 doctis-

2059 3031 2227 3086 simos
2256 3048 2481 3102 operum
2519 3034 2578 3091 S.
2610 3035 2898 3105 Augustini
2944 3036 3179 3093 editores
3230 3038 3282 3092 in
3334 3039 3645 3108 appendicis

2062 3124 2191 3178 torni
2220 3124 2267 3179 X
2294 3135 2444 3196 parte
2469 3127 2626 3182 tertia
2684 3126 2916 3199 (Nostrae
2958 3127 3227 3201 Patrolog.
3271 3138 3313 3186 t.
3356 3129 3539 3202 XLV),
3590 3130 3643 3184 in

2060 3229 2166 3284 quo
2191 3216 2457 3272 habetur:
2492 3237 2511 3270 ι
2548 3218 2781 3289 Prosper
2810 3219 2914 3275 iste
2953 3219 3279 3290 Equitaneus
3325 3219 3427 3275 fuit
3482 3220 3645 3294 (forte

2062 3321 2161 3376 pro
2182 3307 2476 3376 Aquitanus
2502 3308 2622 3380 fuit)
2652 3310 2954 3367 Toloneusis
2994 3313 3151 3381 civis,
3185 3314 3274 3383 qui
3305 3314 3509 3369 relictis
3543 3327 3645 3369 sae-

2060 3399 2331 3455 cularibus
2377 3401 2539 3456 rebus
2582 3401 2649 3455 ad
2695 3401 2876 3457 divina
2922 3419 2983 3459 se
3028 3403 3246 3475 negotia
3288 3405 3584 3462 transtulit.
3618 3424 3638 3458 ι

2062 3490 2174 3546 Sita
2202 3502 2285 3546 est
2314 3491 2456 3547 enim
2481 3495 2671 3547 civitas
2702 3492 3025 3550 Toloneusis
3070 3496 3126 3550 in
3176 3495 3468 3553 Viennensi
3521 3496 3644 3551 Gal-

2063 3584 2255 3638 liarum
2288 3585 2587 3652 provincia.
2622 3584 2780 3643 Patet
2803 3587 2967 3643 etiam
2992 3603 3150 3660 quam
3176 3588 3255 3643 illi
3301 3605 3488 3659 parum
3535 3590 3645 3644 sint

2066 3674 2318 3730 audiendi
2350 3675 2573 3746 (Dupin.
2602 3686 2641 3730 t.
2662 3677 2754 3747 ιν,
2782 3697 2840 3741 p.
2872 3678 3023 3751 430),
3042 3680 3155 3751 qui,
3179 3680 3326 3735 nullo
3340 3680 3537 3737 suﬂ‘ulti
3558 3697 3644 3737 ar-

386 3789 443 3839 ιι,
470 3770 736 3840 c.i).rlta
758 3780 816 3825 ut
841 3771 1100 3839 plerique,
1143 3770 1349 3840 inquit,
1392 3769 1517 3823 licet
1560 3767 1615 3822 in
1666 3781 1728 3822 ea
1769 3767 1955 3838 (qute-
1984 3754 2032 3818 C
2060 3778 2340 3838 gumento,
2367 3768 2690 3837 Prosperum
2720 3780 2963 3826 nostrum
3007 3784 3202 3827 vocant
3258 3773 3560 3845 Regienscm
3588 3776 3641 3830 in

381 3868 556 3922 stione
570 3878 761 3934 nempe
778 3863 846 3919 de
860 3863 1173 3918 diversitate
1189 3859 1673 3932 prredestinationis
1682 3858 1953 3927 justorum

384 3972 440 4017 et
463 3957 796 4030 iniquorum)
828 3956 1040 4012 soleant
1068 3970 1174 4011 non
1207 3954 1394 4011 leviter
1440 3949 1766 4024 permoveri,
1803 3949 1957 4005 facile

383 4053 609 4122 possint.
638 4062 695 4107 et
722 4050 1024 4104 divinorum
1067 4048 1325 4103 librorum
1366 4045 1688 4103 testimoniis
1739 4043 1952 4111 instrui,

380 4152 436 4197 et
464 4142 635 4197 sancti
672 4141 952 4211 Augustini
998 4140 1167 4207 libris,
1217 4149 1271 4195 et
1320 4140 1568 4207 Prosperi
1606 4134 1955 4192 eruditissimi

382 4237 479 4290 viri
510 4233 952 4303 responsionibus
998 4231 1299 4287 informari.
1340 4249 1360 4283 ι
1420 4230 1783 4298 Quaecumque
1822 4240 1955 4282 vero

381 4327 451 4382 ad
480 4327 693 4380 laudem
718 4325 834 4395 ejus
860 4325 1058 4379 faciunt
1096 4324 1235 4391 apud
1265 4322 1627 4390 Gennadium,
1656 4336 1718 4377 ea
1749 4320 1950 4387 omnia,

383 4434 489 4472 non
514 4418 740 4485 reliqua,
778 4416 1034 4472 exscribit
1055 4414 1126 4470 ad
1154 4430 1353 4470 annum
1376 4415 1483 4471 463
1520 4413 1877 4468 Marcellinus.
1911 4414 1953 4466 A

378 4512 705 4567 Cassiodoro
730 4511 896 4565 sancti
924 4508 1285 4579 appellatione
1328 4508 1713 4563 cohoneStatur
1752 4504 1950 4576 (lnstit.

378 4620 432 4659 c.
468 4604 578 4673 l7),
607 4618 637 4657 a
659 4603 799 4658 Beda
822 4612 1002 4657 autem
1037 4600 1199 4671 (Hist.
1228 4600 1382 4670 Angl.
1413 4600 1450 4653 ι.
1480 4614 1518 4663 ι,
1546 4615 1593 4652 e.
1628 4596 1714 4666 10)
1737 4598 1956 4653 rhetoris

381 4696 498 4751 sive
525 4695 766 4749 oratoris.
799 4694 1015 4748 l’hotius
1045 4692 1279 4762 denique
1326 4689 1477 4763 (Cod.
1512 4691 1609 4760 54)
1654 4705 1777 4746 eum
1828 4705 1955 4745 vere

383 4788 637 4841 hominem
670 4785 764 4839 Dei
791 4786 954 4840 fuisse
982 4783 1233 4839 affirmat.

452 4877 741 4934 Veteribus
767 4877 1123 4947 astipulantur
1144 4874 1507 4939 recentiores;
1537 4888 1671 4943 quos
1699 4872 1953 4942 interlegi

386 4968 921 5041 potest'l'rithernius,
938 4970 1024 5037 qui
1041 4968 1360 5037 Prosperum
1384 4975 1623 5021 nostrum
1654 4983 1672 5016 ι
1692 4965 1745 5020 in
1760 4964 1953 5019 divinis

385 5062 679 5129 Scripturis
706 5060 1150 5127 eruditissimum,
1180 5066 1235 5113 et
1257 5058 1308 5112 in
1340 5056 1685 5113 saecularibus
1706 5056 1956 5110 nobiliter

2059 3859 2368 3930 Aquitania,
2401 3860 2543 3914 unde
2567 3860 2751 3928 procul
2778 3860 2933 3915 abest
2966 3861 3210 3931 Regium.

2131 3950 2341 4005 Profert
2369 3949 2689 4004 Sirtnondus
2728 3950 2934 4023 (Prwd.
2984 3951 3129 4007 Ilist.
3180 3969 3298 4021 cap.
3337 3954 3393 4019 5,
3444 3972 3497 4021 p.
3549 3956 3641 4025 5i)

2057 4043 2211 4114 quasi
2242 4058 2357 4098 rem
2388 4042 2763 4109 indubitatam,
2795 4044 2874 4098 illi
2900 4058 3197 4115 cognomen
3224 4045 3387 4101 fuisse
3419 4046 3596 4101 Tironi
3623 4065 3643 4114 ;

2057 4136 2201 4207 quod
2226 4151 2331 4191 non
2365 4144 2451 4192 sat
2480 4136 2683 4193 scimus
2709 4147 2885 4193 utrum
2917 4138 2973 4193 in
3014 4139 3396 4209 manuscriptis
3437 4139 3643 4210 aliquot

2056 4227 2498 4297 deprehenderit,
2552 4229 3001 4298 quemadmodum
3049 4239 3103 4285 ct
3148 4230 3201 4285 in
3249 4246 3347 4285 suo
3387 4230 3639 4288 Clirouici

2058 4316 2403 4388 Prosperiani
2458 4321 2824 4389 manuscripto
2878 4319 2983 4391 legi
3054 4330 3279 4378 testatur
3348 4323 3642 4380 Buclierius

2058 4411 2230 4482 (ενοι.
2258 4430 2312 4483 ρ.
2342 4411 2474 4482 2H)
2506 4428 2521 4478 ;
2553 4421 2687 4467 etes
2718 4413 2889 4467 altero
2916 4428 3016 4468 ms.
3050 4415 3178 4469 citat
3216 4414 3359 4470 idem
3417 4415 3640 4473 Vossius

2059 4504 2307 4573 (Vossius
2340 4503 2491 4559 Poet.
2526 4503 2641 4557 Lat.
2674 4505 2711 4557 ι.
2742 4519 2797 4569 ιι,
2829 4521 2874 4559 c.
2903 4506 3032 4576 l7):
3061 4519 3128 4560 an
3160 4506 3336 4576 potius
3380 4522 3490 4563 non
3539 4509 3641 4564 du-

2057 4596 2290 4652 bitanter
2308 4596 2701 4651 existimaverit
2730 4596 3142 4666 adjudicandum
3166 4606 3350 4654 nostro
3373 4598 3638 4670 Prospero

2056 4701 2274 4742 carmen
2304 4686 2572 4757 quoddam
2604 4686 2745 4754 quod
2774 4688 2913 4742 inter
2951 4689 3068 4757 ejus
3097 4703 3261 4758 opera
3291 4699 3490 4756 exstat,
3525 4700 3580 4746 et
3605 4706 3635 4746 a

2058 4777 2203 4835 Beda
2234 4778 2421 4834 Tironi
2460 4778 2726 4847 Prospero
2765 4780 3059 4835 ascribitur
3105 4780 3258 4852 (Vid.
3303 4781 3366 4837 S.
3415 4781 3632 4839 Paulin.

2058 4870 2217 4934 1685,
2251 4870 2457 4924 dissert.
2492 4868 2546 4936 6,
2573 4887 2626 4941 p.
2664 4869 2799 4935 156;
2850 4880 2898 4924 et
2931 4868 3077 4925 Man.
3104 4871 3303 4926 Eccles.
3334 4882 3457 4927 tom.
3490 4871 3631 4939 XIV,

2056 4972 2163 5017 not.
2188 4962 2267 5031 4).

2129 5057 2205 5111 Ex
2230 5056 2348 5124 ejus
2375 5055 2591 5124 scriptis
2616 5054 2770 5111 facile
2797 5056 2971 5126 quivis
2991 5056 3233 5125 judicare
3264 5067 3459 5127 potest,
3509 5072 3632 5113 eum

387 5152 620 5219 doctum,
652 5152 889 5204 carmine
912 5150 1265 5206 excellentem
1294 5157 1349 5202 et
1394 5160 1571 5217 prosa,
1626 5146 1838 5215 eloquio
1870 5145 1951 5200 di-
1983 5126 2027 5187 D
2058 5153 2109 5204 in
2132 5150 2339 5205 artibus
2361 5148 2626 5218 ingenuis,
2651 5162 2715 5203 ac
2740 5148 3001 5219 praecipue
3023 5150 3074 5204 in
3108 5151 3313 5220 poetica
3350 5151 3487 5206 haud
3515 5168 3633 5207 me-

386 5252 608 5307 sertum,
638 5256 804 5297 sensu
839 5241 1183 5312 profundum,
1215 5242 1427 5311 ingenio
1458 5239 1731 5307 subtilem,
1776 5255 1954 5296 asser-

389 5336 535 5389 tione
558 5347 865 5399 nervosum,
896 5333 1003 5387 vita
1025 5340 1079 5387 et
1108 5332 1518 5389 conversatione
1557 5334 1954 5389 sanctissimum

386 5426 698 5494 apparuisse
727 5442 747 5476 ι
783 5430 1009 5479 testatur
1032 5422 1303 5494 (Trith.de
1331 5423 1509 5492 Script
1566 5421 1710 5477 Eccl.
1759 5442 1812 5495 p.
1837 5423 1952 5491 52).

2058 5241 2314 5296 diocriter
2359 5254 2481 5295 esse
2536 5248 2853 5306 versatum;
2911 5256 3069 5311 quam
3118 5242 3233 5311 ipse
3274 5250 3330 5297 et
3373 5241 3633 5300 Paulinus

2059 5334 2230 5389 multo
2256 5332 2448 5402 majori
2475 5346 2595 5386 cum
2628 5331 2785 5387 laude
2840 5331 3146 5399 excoluere,
3194 5346 3353 5401 quam
3409 5334 3633 5403 quilibet

2058 5427 2195 5480 alius
2226 5439 2414 5480 eorum
2444 5423 2683 5478 omnium
2715 5422 2805 5492 qui
2833 5421 3088 5478 Ecclesia:
3114 5423 3404 5494 mancipati
3426 5426 3547 5482 huic
3572 5442 3634 5484 ss

384 5518 570 5574 Sistus
599 5517 854 5574 Senensis
878 5532 897 5567 ο
915 5514 1095 5571 vivido
1111 5516 1346 5585 quodam
1361 5528 1425 5569 ac
1443 5514 1629 5571 solerti
1671 5515 1952 5585 praeditum
2055 5516 2234 5574 studio
2262 5515 2539 5571 dedidere.
2569 5512 2673 5571 Sed
2696 5513 2923 5582 Prosper
2947 5526 3069 5567 eam
3095 5513 3451 5571 sanctioribus
3470 5518 3632 5573 etiam

385 5608 622 5678 ingenio,
651 5621 845 5678 genere
869 5605 1126 5659 orationis
1146 5605 1389 5673 conciso,
1412 5605 1648 5672 excelso,
1700 5607 1950 5678 eleganti,

2057 5607 2421 5665 monumentis
2444 5604 2780 5661 consecravit
2807 5618 2966 5673 quam
2998 5604 3271 5662 Paulinus.
3308 5606 3362 5662 ln
3393 5607 3633 5676 pedestri

382 5704 438 5757 in
485 5700 680 5757 divinis
709 5699 1065 5769 humanisque
1120 5697 1313 5754 litteris
1356 5698 1778 5757 versutissimum
1816 5715 1835 5761 ε
1887 5701 1953 5757 ad
2056 5714 2269 5772 quoque
2294 5697 2438 5754 illius
2468 5696 2711 5752 oratione
2744 5695 2927 5751 nescio
2958 5696 3083 5767 quid
3113 5698 3311 5755 eminet
3341 5697 3480 5770 quod
3502 5713 3634 5768 poc-
