4098 6180
450 311 520 365 19
1515 283 1668 339 ViTA
1712 286 1767 341 S.
1808 286 2144 344 PROSPERI
2186 286 2527 354 AQUITANI,
3628 290 3698 346 ΞΟ

442 416 551 463 tam
580 402 843 470 redoleat,
873 400 1192 465 sublimitas,
1223 396 1581 462 vehementia,
1613 410 1791 451 sermo
1815 410 1943 451 acer
1961 404 2019 450 et
2046 399 2095 459 Α
2123 395 2278 451 nibus
2306 396 2496 452 Galliis
2525 397 2662 450 sicut
2711 395 2910 451 divitiis
2940 397 3165 466 primos,
3215 399 3294 454 sic
3339 397 3487 454 vitiis
3517 399 3699 457 crimi-

444 510 728 564 nervosus,
762 495 966 550 crebrae
993 493 1070 548 illi
1118 490 1420 554 sententiae,
1468 488 1632 543 verba
1677 488 1742 542 ad
1795 502 2016 543 acumen

443 589 570 660 styli
596 588 778 643 subire
802 587 1080 649 videnlur;
1105 592 1265 653 atque
1290 583 1449 638 etiam
1475 583 1643 636 multo
1662 581 1826 650 magis
1855 581 2021 634 lecto-

2124 495 2300 540 natur.

2197 574 2263 630 Ut
2291 584 2347 630 ut
2381 576 2471 640 sit,
2505 575 2549 630 is
2593 575 2662 631 de
2685 591 2791 645 quo
2830 576 3068 646 agimus,
3113 592 3234 632 cum
3267 592 3363 646 per
3392 579 3700 634 innumeras

438 693 558 735 rem
588 677 856 748 percellit,
889 676 1006 731 sive
1034 675 1358 732 elocutionis
1388 674 1666 743 dignitate,
1697 673 1810 726 sive
1837 670 2023 724 solidae
2122 667 2539 722 saevissimarum
2595 668 3018 724 dominationum
3072 670 3472 725 vicissitudines
3499 712 3513 735 ,
3593 687 3698 726 non

446 778 501 825 et
529 770 866 825 inconcussas
893 767 1377 838 argumentationis
1408 765 1627 819 viribus.
1658 764 1765 818 Sed
1804 763 1880 818 illi
1912 762 2021 817 suf-

446 859 560 914 ficit
606 858 874 914 sermonis
903 859 986 912 sui
1020 859 1235 911 nativus
1286 857 1469 922 decor,
1522 869 1622 909 nec
1651 853 1716 908 ad
1772 862 2021 907 ornatum

444 950 672 1006 accersit
701 960 792 1004 aut
820 949 876 1005 in
922 948 1173 1004 eumdem
1203 961 1396 1002 sonum
1427 946 1670 1000 cadentia
1701 944 1883 1008 verba,
1933 953 2025 998 aut

444 1040 638 1105 plenos
661 1055 725 1094 ac
752 1052 1069 1094 numerosos
1100 1036 1310 1102 modos,
1341 1045 1433 1090 aut
1461 1034 1747 1106 aequabiles
1775 1033 2023 1089 modula-

445 1141 634 1201 tasque
663 1131 936 1201 periodos,
967 1139 1061 1184 aut
1087 1129 1318 1198 denique
1341 1129 1582 1183 affectata
1624 1128 1712 1182 illa
1754 1128 2024 1197 pigmenta

444 1236 565 1291 quae
593 1236 624 1276 a
653 1221 834 1276 Leone
863 1229 919 1275 et
946 1221 1065 1274 aliis
1105 1218 1343 1288 ejusdem
1373 1217 1474 1271 aevi
1504 1218 1809 1272 auctoribus
1838 1215 1904 1270 ad
1934 1229 2025 1268 sa-

451 1313 693 1365 tietatem
737 1324 907 1381 usque
962 1310 1299 1380 ingeruntur.
1331 1305 1462 1362 Cum
1504 1317 1648 1361 esset
1690 1320 1876 1361 eorum
1917 1304 2026 1359 dux

447 1402 541 1471 qui
572 1401 893 1457 catholicam
916 1401 982 1456 de
1008 1401 1190 1456 Gratia
1221 1399 1423 1455 Christi
1449 1397 1748 1452 doctrinam
1800 1397 2025 1451 tueban-

446 1503 553 1558 tur,
577 1508 896 1562 semperque
919 1494 972 1547 in
989 1508 1054 1547 eo
1079 1501 1220 1547 totus
1237 1499 1384 1546 esset
1406 1498 1462 1543 ut
1487 1490 1820 1543 adversarios
1845 1488 2027 1543 Eccle-

448 1587 544 1640 sise
575 1586 935 1656 impugnaret,
967 1593 1059 1640 aut
1086 1600 1204 1640 eam
1229 1585 1297 1638 ab
1336 1583 1550 1637 illorum
1597 1583 1813 1636 incursu
1843 1580 2027 1635 defen-

447 1677 647 1744 deret;
680 1678 1022 1745 lacertosum,
1059 1679 1102 1732 si
1157 1677 1237 1732 sic
1283 1675 1386 1730 dici
1433 1675 1515 1731 fas
1544 1683 1647 1739 est,
1692 1682 1746 1727 et
1796 1672 2027 1726 militare

2124 761 2460 828 subjectioue
2489 762 2757 830 corporis,
2793 761 2887 816 sed
2918 762 3112 816 animae
3139 763 3334 817 sudore
3359 763 3616 827 serviret,
3649 775 3702 818 et

2125 851 2356 922 indignis
2390 852 2646 909 confusus
2690 854 2907 920 officiis,
2963 855 3146 924 pejore
3201 862 3372 910 status
3405 856 3488 908 sui
3517 855 3703 909 condi-

2127 945 2269 999 tione
2319 947 2649 1014 turbaretur,
2702 960 2821 1015 qua:
2875 956 3002 1000 sunt
3053 946 3217 1014 ipsius
3267 946 3429 999 verba
3484 945 3700 1015 (Infra,

2127 1055 2182 1104 p.
2234 1037 2357 1105 769,
2407 1038 2558 1107 770),
2616 1039 2783 1107 coepit
2829 1038 3171 1103 erubescere,
3226 1048 3280 1091 et
3308 1037 3572 1091 subtraxit
3619 1052 3700 1098 se,

2127 1139 2383 1198 quantum
2413 1131 2482 1184 ab
2521 1130 2844 1184 instantibus
2873 1129 3105 1183 dominis
3137 1127 3307 1194 licuit,
3357 1129 3410 1182 in
3432 1128 3700 1182 occultum

2127 1222 2348 1290 spiritus
2377 1222 2663 1292 cordisque
2687 1231 2955 1277 secretum
2988 1239 3001 1276 :
3046 1229 3101 1276 et
3125 1221 3460 1289 apprehenso
3489 1231 3702 1275 sancta-

2129 1329 2246 1368 rum
2297 1314 2695 1384 Scripturarum
2727 1315 3022 1378 volumine,
3072 1313 3199 1382 quid
3230 1314 3333 1366 sibi
3378 1313 3552 1366 adhuc
3589 1313 3702 1381 ενιιί

2129 1417 2435 1477 superesset
2485 1408 2754 1476 inspexit:
2805 1422 2868 1462 ac
2899 1423 2963 1461 ex
2993 1407 3072 1460 his
3102 1406 3301 1460 certior
3343 1406 3511 1459 factus
3552 1420 3704 1473 para-

2130 1502 2395 1557 tissimam
2437 1516 2655 1571 semper
2686 1502 2764 1556 eis
2805 1516 2926 1556 esse
2971 1502 3064 1556 Dei
3105 1499 3526 1555 misericordiam
3573 1513 3705 1566 quos

2131 1594 2268 1647 male
2297 1601 2428 1648 actzc
2456 1593 2578 1647 vita:
2602 1608 2667 1646 ex
2705 1592 2886 1647 animo
2915 1593 3224 1661 paeniteret,
3258 1590 3425 1645 multo
3459 1588 3704 1658 perfusus

2132 1683 2302 1739 imbre
2323 1684 2676 1753 lacrymarum
2701 1685 2976 1752 ingemuit,
3001 1683 3141 1753 quod
3165 1697 3223 1736 se
3242 1680 3337 1735 Dei
3368 1680 3703 1748 redemptum

445 1769 720 1824 scribendi
756 1784 926 1839 εθηυε
978 1777 1220 1837 usurpat,
1273 1782 1469 1836 τθεαιω
1508 1765 1809 1821 accuratius
1860 1762 2029 1816 ωυιιο
2059 1763 2103 1822 Β
2134 1775 2393 1843 sanguine
2420 1782 2638 1842 peccato
2677 1773 3134 1835 venumdedisset,
3165 1770 3415 1841 quodque
3457 1769 3556 1824 sibi
3604 1769 3707 1824 ini-

447 1874 610 1930 quam
663 1861 828 1916 verba
881 1860 1188 1930 perpendit.
1253 1859 1386 1913 Hinc
1443 1866 1527 1913 est
1578 1858 1719 1926 quod
1771 1855 2030 1911 orationis

449 1953 622 2022 ipsius
651 1952 972 2022 compositio
1001 1965 1402 2020 nonnumquam
1430 1950 1762 2004 subobscura
1794 1950 1883 2002 sit.
1923 1949 2028 2004 Sed

449 2058 539 2099 res
570 2045 722 2114 ipsze,
755 2044 1098 2112 quantumvis
1131 2044 1388 2098 iutricatae
1413 2043 1550 2108 sint,
1584 2056 1676 2095 eas
1717 2041 1808 2095 ille
1852 2049 2029 2096 tamen

449 2135 705 2191 facillime
745 2135 997 2202 illustrat,
1051 2150 1152 2190 nec
1205 2134 1398 2188 minori
1445 2131 1822 2202 perspicuitate
1871 2146 2031 2201 quam

450 2225 752 2282 acrimonia
798 2227 1069 2281 enueleat.
1093 2225 1231 2280 Vere
1279 2226 1456 2295 itaque
1501 2224 1628 2278 illud
1655 2223 1722 2278 de
1765 2222 2032 2290 PrOSpero

450 2317 616 2372 statui
649 2325 844 2386 potest,
877 2318 1023 2372 illius
1044 2317 1344 2372 orationem
1378 2329 1482 2370 nou
1518 2328 1637 2369 esse
1686 2321 1834 2368 tanto
1859 2311 2031 2367 artifi-

451 2410 540 2463 cio
560 2407 914 2473 elaboratam,
963 2422 1063 2462 nec
1101 2415 1178 2461 tot
1219 2406 1540 2476 eloquentiae
1582 2403 1871 2458 luminibus
1919 2402 2032 2457 dis-

452 2501 700 2569 tinctam,
727 2508 858 2569 quot
888 2500 941 2554 in
971 2500 1189 2569 scriptis
1214 2497 1570 2567 quorumdam
1611 2497 1836 2551 aliorum
1872 2509 2031 2564 repe-

453 2593 548 2648 riri
580 2603 814 2661 queant;
846 2593 942 2648 sed
971 2608 1081 2662 prae
1109 2607 1168 2648 se
1195 2592 1340 2648 ferre
1385 2592 1552 2647 multo
1593 2591 1714 2661 plus
1764 2588 2031 2654 sanitatis,

454 2683 683 2754 ingenii,
708 2685 1087 2740 vehementiae.

526 2775 652 2829 llaec
677 2776 744 2830 de
778 2776 832 2830 S.
865 2775 1117 2844 Prosperi
1168 2774 1309 2846 stylo
1340 2772 1668 2843 praemisisse
1711 2786 1889 2841 opera:
1916 2786 2037 2842 pre-

454 2864 589 2919 tium
621 2863 742 2929 fuit,
772 2879 879 2934 quo
904 2866 1106 2919 certius
1138 2864 1215 2918 illi
1257 2863 1632 2933 abjudicentur
1671 2876 1834 2932 opera
1888 2876 2038 2931 quae-

454 2955 577 3016 dam
608 2955 724 3024 ejus
747 2956 963 3012 nomine
994 2954 1253 3010 hactenus
1275 2955 1550 3024 inscripta.

1003 3089 1391 3146 ABTICULUS
1431 3090 1497 3144 ll.

799 3203 1047 3272 Prosperi
1063 3207 1307 3275 juventus
1335 3213 1384 3258 et
1409 3205 1688 3259 conversio.

529 3335 717 3390 Exstat
747 3335 1068 3406 opusculum
1097 3335 1390 3406 quoddam,
1418 3335 1506 3392 cui
1534 3336 1742 3400 titulus,
1772 3334 2034 3406 Confessio

455 3427 702 3499 Prosperi
731 3428 977 3499 Aquitani
1002 3425 1163 3495 (Bibl.
1191 3427 1309 3483 PP.
1336 3438 1459 3482 tom.
1493 3427 1632 3493 Vill,
1655 3446 1709 3500 p.
1740 3428 1886 3497 195),
1918 3437 2030 3493 aut,

455 3528 516 3572 ut
557 3519 646 3573 alii
692 3519 897 3588 legunt,
945 3519 1153 3574 Tironis
1207 3520 1448 3592 Prosperi
1495 3520 1740 3591 Aquitani
1780 3519 1928 3592 (Lab.
1973 3522 2037 3576 dc

454 3609 651 3678 Script.
677 3609 822 3666 Eccl.
857 3621 978 3665 tam.
1011 3611 1074 3677 Il,
1100 3628 1154 3681 p.
1184 3611 1339 3681 261),
1365 3627 1394 3665 a
1418 3613 1624 3667 Jacobo
1653 3612 1947 3667 Sirmondo
1967 3626 2034 3668 ex

453 3714 557 3754 ms.
596 3700 859 3768 Vaticano
886 3701 1092 3757 editum
1122 3716 1262 3756 anno
1290 3700 1449 3758 1619.
1484 3703 1580 3756 Est
1600 3702 1727 3757 illud
1759 3703 1890 3757 satis
1916 3702 2034 3758 eie-

452 3803 644 3863 ganter
674 3793 958 3865 scriptum,
994 3803 1054 3849 ut
1089 3794 1279 3863 Magno
1319 3793 1584 3863 Prospero
1627 3794 1790 3848 tribui
1822 3794 2032 3863 possit:

452 3885 554 3952 etsi
574 3884 850 3940 Antelmio
870 3883 1038 3958 (Diss.
1063 3886 1116 3938 in
1139 3883 1240 3954 0p.
1261 3884 1422 3938 Leon.
1449 3902 1502 3955 p.
1528 3883 1656 3956 570)
1679 3884 1730 3938 in
1748 3899 1809 3939 ea
1825 3885 1914 3938 vix
1938 3885 2036 3939 ali-

451 3977 580 4048 quid
605 3977 937 4048 deprehendi
961 3977 1207 4032 videatur
1227 3977 1482 4046 Prosperi
1505 3978 1646 4048 stylo
1672 3979 1805 4032 satis
1831 3977 2031 4045 simile,

451 4081 545 4125 aut
589 4071 707 4140 ejus
753 4070 911 4124 fama:
962 4070 1120 4124 valde
1170 4079 1637 4124 consentaneum:
1681 4069 2035 4136 eamdemque

452 4169 606 4216 tanto
632 4171 785 4230 patre
813 4159 1085 4230 indignam
1109 4159 1476 4214 indubitanter
1503 4159 1819 4228 pronuntiet
1849 4158 2035 4214 Ludo-

455 4254 605 4308 vicus
647 4252 812 4307 Ellies
855 4252 1027 4321 Dupin
1077 4248 1423 4323 (Tom.lV,p,
1449 4249 1600 4320 4H).
1634 4250 1904 4306 llahemus
1940 4266 2035 4305 au-

456 4353 564 4398 tem
597 4358 663 4399 ex
692 4344 778 4398 illa
809 4343 1059 4413 Prosperi
1091 4342 1433 4397 confessione
1472 4340 1671 4413 (Infra,
1713 4359 1834 4412 pag.
1863 4342 1967 4398 769
1987 4350 2035 4396 et

456 4435 620 4504 θείῃ),
652 4449 773 4489 eum
808 4435 948 4488 inter
973 4435 1086 4502 ipsa
1113 4433 1239 4488 vita:
1269 4433 1420 4486 initia
1456 4443 1701 4487 renatum
1736 4434 1788 4487 in
1821 4433 2036 4488 Christo

2133 1865 2441 1920 micissimis
2472 1866 2700 1920 serviret
2729 1865 2956 1919 dolens:
2990 1879 3113 1917 mox
3135 1861 3484 1916 confirmatus
3509 1870 3562 1915 et
3589 1860 3706 1913 aui-

2132 1967 2308 2011 matus
2359 1957 2637 2012 conSIituit
2690 1957 2995 2025 dirumpere
3039 1969 3234 2024 graves
3277 1953 3467 2022 quibus
3496 1953 3709 2006 vinctus

2135 2048 2480 2102 detinebatur
2506 2057 2761 2113 catenas;
2790 2057 2844 2102 et
2871 2047 2935 2101 ad
2967 2061 3086 2101 eum
3119 2046 3315 2100 reverti
3348 2060 3376 2099 a
3405 2059 3510 2114 quo
3541 2044 3709 2098 fuerat

2132 2139 2198 2193 ad
2226 2139 2388 2194 vitam
2426 2150 2662 2208 emptus,
2694 2149 2899 2206 petere,
2926 2151 3188 2207 quaerere,
3219 2136 3600 2191 misericordia:
3627 2134 3710 2188 di-

2134 2231 2273 2286 vinm
2294 2232 2513 2300 januam
2547 2231 2780 2298 pulsare.
2811 2229 3181 2284 Erubescebat
3208 2228 3424 2296 quidem
3453 2229 3573 2295 quia
3599 2227 3711 2279 ani-

2135 2337 2224 2376 mo
2255 2321 2428 2376 nudus
2456 2329 2594 2387 erat,
2626 2331 2680 2375 et
2711 2321 2843 2374 nihil
2880 2321 3083 2374 habens
3110 2335 3216 2387 quo
3243 2319 3630 2382 membrorum,
3663 2318 3711 2372 id

2135 2421 2240 2479 est,
2271 2428 2477 2467 morum
2526 2426 2765 2479 suorum,
2811 2411 3092 2466 inhonesta
3136 2410 3570 2475 circumtegeret,
3618 2408 3709 2460 ob-

2136 2517 2335 2558 scoenas
2383 2502 2636 2571 egestatis
2687 2500 2950 2555 dedecore
3009 2497 3478 2564 confundebatur,
3539 2511 3709 2564 neque

2138 2603 2302 2649 tanta:
2328 2593 2541 2648 familiae
2571 2594 2811 2662 tantique
2840 2593 3013 2646 Patris
3041 2599 3386 2660 conspectum
3415 2589 3592 2642 subire
3621 2604 3710 2641 au-

2139 2687 2317 2743 debat.
2368 2686 2533 2753 Quasi
2579 2703 2696 2740 vero
2729 2684 2945 2755 (inquit)
2978 2683 3298 2738 tolerabilius
3345 2685 3410 2736 sit
3455 2681 3710 2752 judicium

2138 2779 2386 2832 accusatis
2429 2793 2583 2847 quam
2629 2784 2820 2845 sponte
2863 2775 3128 2845 confessis,
3187 2774 3288 2828 reis
3333 2771 3710 2826 contumacibus

2137 2885 2292 2939 quam
2336 2866 2674 2938 supplicibus,
2721 2866 2787 2920 ad
2844 2864 3182 2920 tremendum
3243 2864 3337 2918 Dei
3388 2862 3613 2916 tribunal
3663 2864 3712 2916 in

2138 2973 2319 3021 morte
2359 2961 2600 3017 exhibitis
2629 2975 2784 3030 quam
2815 2967 2942 3014 ante
2970 2959 3172 3012 obitum
3205 2957 3273 3010 ad
3322 2957 3532 3011 Patrem
3563 2956 3713 3009 mise-

2137 3055 2559 3114 ricordissimum
2598 3070 2663 3108 ex
2692 3053 2863 3105 animo
2901 3051 3136 3105 reversis.
3173 3049 3307 3103 llinc
3351 3049 3566 3104 tandem
3601 3049 3714 3102 hmc

2061 3124 2109 3190 C
2139 3150 2281 3222 apud
2319 3164 2379 3205 se
2407 3146 2593 3204 statuit
2623 3162 2636 3199 :
2668 3144 2872 3198 Habeat
2911 3141 3244 3212 quantaslt‘bet
3287 3156 3459 3194 cruces
3493 3150 3537 3195 et
3567 3140 3713 3210 igno-

2136 3242 2323 3296 minias
2351 3237 2667 3310 pmnitentia,
2711 3235 2866 3289 levior
2899 3234 2992 3287 erit
3035 3233 3170 3303 ignis
3198 3231 3513 3285 verecundia:
3561 3245 3713 3295 quam

2137 3335 2402 3405 gehennw.
2436 3329 2642 3397 Quibus
2669 3327 2846 3381 verbis
2873 3340 2940 3379 an
2971 3323 3232 3394 significet
3259 3338 3317 3378 se
3347 3321 3574 3392 publicae
3598 3337 3714 3391 po:-

2139 3424 2378 3480 nitentize
2418 3421 2632 3476 labores
2675 3417 2924 3486 amplecti
2981 3415 3320 3479 decrevisse,
3369 3428 3475 3468 non
3533 3414 3712 3466 statim

2137 3512 2550 3570 asseruerimus.
2603 3507 2912 3565 Verisimile
2941 3513 3118 3560 tamen
3167 3512 3272 3569 est,
3314 3504 3359 3557 si
3410 3502 3462 3556 id
3505 3500 3711 3556 consilii

2136 3607 2370 3673 cepisset
2399 3603 2655 3671 Prosper,
2686 3601 2918 3669 aliquam
2951 3612 3013 3650 ea
3042 3596 3110 3651 de
3141 3610 3199 3649 re
3234 3595 3285 3649 in
3313 3593 3525 3663 scriptis
3549 3592 3711 3662 ipsius

2137 3696 2536 3758 superfuturam
2569 3693 2732 3747 fuisse
2763 3689 3111 3744 mentionem.

2209 3787 2396 3856 Neque
2419 3798 2549 3838 vero
2578 3784 2624 3837 si
2655 3782 2804 3836 illum
2828 3780 3096 3850 angebant
3114 3777 3311 3830 amissa
3333 3774 3448 3844 ejus
3472 3788 3627 3843 quam
3657 3773 3710 3826 in

2138 3876 2411 3945 Baptismo
2455 3881 2734 3942 acceperat
2761 3871 2949 3940 gratiae
2979 3882 3224 3931 munera,
3265 3867 3388 3920 ideo
3416 3880 3521 3918 non
3563 3874 3712 3934 grato

2136 3969 2320 4023 animo
2346 3965 2605 4020 adorabat
2635 3963 2875 4018 velocem
2903 3960 3261 4030 dignationem
3293 3965 3350 4012 et
3377 3966 3710 4024 properatam

2135 4058 2501 4123 clementiam,
2545 4069 2647 4123 qua
2678 4053 2970 4107 etiamnum
3017 4048 3310 4103 infantulus
3355 4046 3530 4100 fuerat
3554 4062 3711 4114 rege-

2138 4160 2379 4205 neratus.
2414 4149 2596 4216 Longe
2634 4147 2702 4200 ab
2731 4146 2834 4199 illis
2880 4141 3231 4197 dissentiebat
3258 4138 3350 4207 qui
3393 4137 3458 4192 ad
3484 4152 3709 4191 excusa-

2139 4245 2337 4297 tionem
2365 4239 2581 4296 violatae
2621 4234 3041 4307 regenerationis
3079 4232 3259 4284 rudem
3295 4239 3496 4283 aetatem
3539 4238 3586 4281 et
3617 4230 3712 4280 im-

2139 4335 2414 4405 prudentes
2465 4347 2625 4384 annos
2670 4329 3031 4393 causabantur,
3095 4325 3227 4380 tanti
3282 4324 3385 4378 sibi
3435 4322 3710 4376 immeritis

2137 4427 2318 4482 collati
2348 4423 2591 4479 beneficii
2629 4422 2992 4476 immemores.

456 4527 606 4592 Jesu,
629 4536 704 4592 et,
728 4541 758 4581 a
781 4525 1132 4581 misericorde
1155 4525 1383 4579 Domino
1410 4524 1631 4579 dimisso
1659 4525 1882 4593 originis
1904 4539 2032 4594 pec-
2061 4499 2116 4560 Ῑ)
2211 4518 2441 4573 lunuere
2478 4514 2687 4569 videtur
2731 4528 2788 4568 se
2820 4523 2928 4567 tum
2978 4512 3030 4565 in
3076 4510 3254 4565 medio
3303 4509 3493 4563 alienae
3537 4507 3710 4578 gentis

455 4627 600 4684 cato,
631 4620 780 4688 prius
809 4618 1061 4686 adeptum
1085 4617 1387 4673 libertatem
1417 4632 1574 4687 quam
1605 4617 1800 4671 ferocis
1825 4615 2032 4670 domini

459 4726 487 4766 a
536 4725 643 4781 quo
688 4710 1031 4766 detinebatur
1075 4710 1398 4780 intelligeret
1441 4710 1780 4765 servitutem.
1821 4709 2034 4763 incusat

454 4817 578 4870 sese
614 4802 755 4872 quod
798 4812 1070 4872 acceptam
1109 4817 1139 4857 a
1165 4802 1323 4857 Patre
1352 4801 1852 4857 muniﬁcentissimo
1903 4801 2030 4856 sub-

454 4900 709 4952 stantiam
747 4911 810 4952 ea
841 4912 943 4966 qua
972 4912 1069 4966 par
1093 4907 1208 4951 erat
1258 4911 1384 4951 cura
1431 4910 1654 4950 servare
1703 4895 2028 4963 neglexerit,

454 4989 704 5068 quodque
748 4989 894 5044 vitiis
946 4988 1196 5044 omnibus
1236 4988 1469 5053 deditus,
1522 4988 1576 5042 in
1628 4987 2028 5058 Egyptiorum,

455 5098 583 5136 mox
621 5081 780 5135 etiam
828 5079 881 5134 in
938 5080 1353 5146 Babyloniorum
1393 5079 1512 5148 jura
1556 5077 1882 5146 transiverit,
1931 5093 2032 5134 nec

455 5169 623 5229 ullum
653 5171 797 5228 aliud
835 5184 1190 5243 praeterquam
1221 5173 1444 5229 letiferm
1475 5171 1766 5241 voluptatis
1801 5172 2031 5241 pretium

458 5281 574 5333 sua
603 5263 920 5336 perditionis
950 5264 1239 5333 acceperit.
1273 5264 1385 5331 Qua
1419 5279 1487 5317 ex
1520 5261 1773 5332 loquendi
1803 5263 2034 5328 ratione,

459 5357 619 5413 simul
648 5367 700 5413 et
723 5357 876 5414 exiis
896 5371 1016 5426 quae
1042 5357 1243 5426 pariter
1268 5355 1335 5410 de
1358 5355 1548 5422 primis
1577 5355 1704 5408 vitae
1729 5368 1840 5407 suae
1877 5352 2034 5408 anuis

455 5449 623 5508 refert
665 5447 936 5514 Paulinus,
968 5446 1095 5516 quid
1121 5447 1297 5516 colligi
1337 5445 1531 5500 debeat
1569 5443 1785 5499 difﬁcile
1815 5452 1898 5498 est
1924 5452 2033 5498 sta.

456 5550 629 5610 tuere.
650 5537 981 5610 Quamquam
1012 5549 1135 5594 uota
1166 5548 1289 5594 sunt
1317 5554 1435 5607 qua:
1462 5537 1529 5592 de
1571 5537 1790 5606 perditis
1813 5536 2034 5605 Aquita-

461 5648 654 5696 norum
677 5633 940 5702 imprimis
966 5632 1190 5688 divitum
1213 5631 1454 5686 moribus
1476 5629 1722 5699 deplorat
1750 5627 2032 5682 Salvianus

461 5721 564 5802 (De
585 5722 810 5788 Gubern.
837 5722 931 5779 Dei
956 5724 994 5781 Ι.
1027 5738 1120 5789 vn,
1147 5740 1196 5794 ρ.
1225 5720 1516 5788 151,160),
1543 5720 1669 5776 dum
1688 5719 1806 5778 illos
1831 5718 1881 5774 in
1914 5733 2029 5774 om-

470 5803 475 5810 4

2139 4608 2326 4676 fuisse,
2352 4623 2472 4663 cum
2501 4605 2566 4660 ad
2596 4605 2761 4659 Deum
2793 4617 3082 4658 conversus
3113 4602 3429 4669 resipiscere
3459 4599 3704 4663 instituit,

2139 4717 2308 4771 seque
2332 4702 2505 4755 solum
2538 4698 2703 4752 fuisse
2728 4706 3083 4761 mutaturum,
3115 4696 3165 4748 ni
3189 4693 3442 4746 Barbarus
3464 4694 3607 4761 regni
3628 4693 3707 4745 sui

2139 4793 2326 4847 limites
2377 4789 2639 4860 dispositis
2686 4795 2929 4840 servasset
2980 4784 3222 4838 eatcubiis.
3265 4783 3494 4851 Haecque
3530 4782 3708 4837 abillo

2137 4884 2355 4957 proprie
2379 4894 2617 4949 vereque
2637 4878 2744 4933 dici
2770 4886 3075 4946 potuerunt.
3113 4876 3320 4929 Etenim
3355 4889 3511 4928 nemo
3540 4877 3710 4928 nescit

2136 4993 2269 5047 quas
2287 4985 2495 5042 strages
2521 4971 2732 5025 collecti
2755 4985 2785 5024 e
2811 4966 3036 5022 diversis
3061 4965 3306 5035 gentibus
3332 4965 3567 5027 Barbari,
3597 4973 3706 5019 tum

2137 5072 2191 5125 in
2224 5069 2476 5122 universa
2506 5065 2698 5128 Gallia,
2726 5073 2835 5116 tum
2863 5060 3096 5114 maxime
3125 5059 3176 5112 in
3205 5057 3488 5126 Aquitania
3511 5058 3707 5112 smeolo

2137 5163 2325 5232 quinto
2354 5161 2572 5215 ineunte
2596 5156 2886 5212 ediderint.
2983 5220 2995 5232 ς

2213 5257 2445 5324 Prosper
2466 5265 2675 5319 quoque
2703 5250 2755 5302 in
2781 5247 3032 5301 Carmine
3052 5245 3117 5300 de
3141 5242 3478 5299 Providentia
3505 5241 3706 5306 divina,

2140 5349 2186 5402 si
2219 5356 2394 5400 tamen
2443 5341 2710 5413 genuinus
2745 5340 2834 5393 ille
2865 5339 3111 5406 Prosperi
3141 5336 3281 5390 fetus
3307 5333 3452 5389 credi
3492 5332 3708 5394 debeat,

2139 5437 2379 5508 queritur
2405 5433 2594 5488 urbem
2640 5445 2790 5484 suam
2817 5444 2845 5483 a
2877 5428 3028 5484 Getis
3055 5426 3300 5481 incendio
3328 5424 3577 5490 deletam,
3617 5437 3703 5477 se-

2142 5530 2319 5597 ipsum
2339 5535 2550 5595 captum
2582 5537 2610 5577 a
2659 5521 2928 5586 Barbaris,
2975 5522 3114 5573 inter
3153 5531 3339 5571 eorum
3383 5525 3587 5569 turmas
3613 5514 3711 5567 ab-

2140 5630 2340 5685 actum,
2358 5633 2421 5673 ac
2446 5616 2678 5686 peditem
2711 5615 2788 5668 ire
2812 5619 3079 5667 coactum.
3108 5608 3401 5662 Przesulem
3427 5621 3578 5660 suum
3609 5621 3710 5660 una

2140 5731 2259 5774 cum
2307 5712 2520 5769 afﬂictis
2563 5721 2615 5768 et
2670 5708 2886 5766 miseris
2931 5702 3108 5776 gregis
3147 5701 3227 5759 sui
3261 5699 3498 5770 reliquiis
3527 5699 3708 5756 sedem
