4088 6176
312 303 378 358 21

1419 282 1577 337 VlTA
1615 279 1671 335 S.
1702 271 2053 335 PROSPERI
2092 266 2445 339 AQUITANI.

3509 246 3595 300 ’Zzl.

317 416 574 483 aliquam,
604 419 697 467 aut
739 407 916 479 potius
943 403 1117 461 exsilii
1146 402 1323 458 locum
1376 395 1653 466 qumsiisse
1692 391 1893 465 (Infra,
1922 392 1975 451 Δ
2067 386 2137 444 Ut
2164 394 2342 441 autem
2369 390 2488 438 erat
2516 382 2792 446 superstes
2828 371 2943 441 ejus
2978 380 3138 433 uxor,
3172 364 3313 419 illam
3342 362 3587 417 hortatur

322 524 377 577 ρ.
404 506 558 575 787).

855 582 1246 644 ARTICULUS
1285 580 1371 636 Ill.

324 688 647 755 Prosperum
680 682 772 737 mi
803 681 885 734 sui
913 678 1229 755 calamitates
1264 672 1332 726 ad
1376 670 1623 755 pietatem.
1654 664 1898 720 excitant.

486 738 826 811 Contumaces
855 749 1213 804 nonnullorum
1241 738 1474 811 querelas
1498 738 1732 807 castigat.

400 867 555 937 Quod
602 864 837 921 Carmen
878 860 1147 927 PrOSpero
1190 854 1372 909 Tironi
1402 869 1432 906 a
1481 849 1619 907 Beda
1650 846 1909 905 tribuitur

332 960 597 1034 (Monum.
631 956 828 1011 Eccles.
874 962 997 1005 tam.
1040 946 1179 1013 XIV,
1208 945 1420 1015 notJ),
1463 942 1514 996 id
1553 947 1730 996 exstat
1770 940 1909 992 inter

332 1032 541 1107 Paulini
588 1047 778 1103 Nolani
821 1045 991 1113 Opera
1019 1081 1033 1103 ,
1080 1053 1259 1106 eoque
1304 1036 1525 1090 minime
1565 1032 1841 1101 indignum
1878 1042 1909 1082 a

330 1146 464 1199 viris
510 1142 690 1197 doctis
713 1137 1000 1207 judicatur.
1030 1130 1101 1187 Ut
1140 1140 1317 1184 autem
1342 1125 1471 1181 illud
1495 1139 1615 1179 cum
1648 1122 1807 1191 hujus
1831 1119 1912 1174 hi-

332 1236 499 1293 storia
521 1231 818 1291 conciliare
844 1240 1101 1298 perquam
1132 1222 1353 1277 difficile
1374 1226 1477 1284 est,
1509 1218 1583 1272 ita
1609 1213 1744 1269 nihil
1767 1211 1821 1266 in
1846 1224 1912 1265 eo

331 1330 576 1401 reperias
602 1325 745 1396 quod
774 1335 897 1377 cum
924 1319 1086 1374 rebus
1110 1313 1277 1386 gestis
1301 1310 1550 1379 Prosperi
1575 1322 1682 1361 non
1709 1302 1914 1375 optime

330 1394 634 1479 cohaereat.
657 1417 724 1472 Et
769 1415 894 1469 huic
918 1410 1133 1482 quidem
1164 1422 1271 1460 non
1302 1403 1457 1458 Bedae
1496 1399 1687 1463 solius,
1740 1394 1833 1450 sed
1861 1402 1917 1448 et

330 1515 581 1571 codicum
615 1510 822 1578 aliquot
849 1501 1331 1568 manuscriptorum
1362 1490 1684 1563 auctoritate
1706 1483 1918 1555 adjudi-

330 1616 504 1661 catur.
554 1574 730 1657 Unum
757 1607 842 1652 est
889 1592 1031 1663 quod
1079 1586 1275 1644 morari
1322 1583 1495 1655 possit
1523 1600 1537 1635 :
1570 1593 1763 1648 nempe
1787 1574 1917 1631 Car-

334 1711 460 1751 men
490 1691 621 1748 illud
643 1688 887 1745 ornatius
913 1692 1013 1748 est,
1046 1689 1101 1737 et
1125 1677 1349 1733 liberius
1375 1674 1495 1729 fluit
1514 1685 1677 1742 quam
1708 1675 1768 1723 ut
1785 1666 1918 1722 Pro-

332 1786 479 1856 aperi
508 1784 656 1852 Opus
683 1793 804 1835 esse
826 1775 1091 1830 videatur.
1121 1770 1190 1825 At
1215 1766 1402 1837 quidni
1437 1764 1523 1818 hic
1554 1762 1665 1817 alio
1701 1758 1918 1830 quidem

332 1852 603 1933 scribendi
631 1884 829 1944 genere
857 1882 986 1921 usus
1021 1874 1133 1917 tum
1178 1860 1355 1923 fuerit,
1407 1871 1530 1911 cum
1576 1852 1920 1924 profanorum

336 1940 662 2039 scriptorum
708 1965 918 2018 litteras
967 1971 1031 2012 ac
1063 1952 1341 2009 saecularis
1385 1945 1707 2015 eloquentiae
1746 1940 1922 1997 studia

340 2033 547 2117 non-ita
578 2057 788 2130 pridem
816 2052 1148 2113 dimisisset;
1181 2046 1287 2100 alio
1316 2058 1437 2098 cum
1474 2042 1543 2096 de
1567 2033 1925 2108 expugnando

340 2168 526 2210 errore
578 2125 857 2206 dumtaxat
913 2139 1221 2205 sollicitus,
1276 2135 1407 2189 talia
1460 2131 1622 2186 verba
1683 2125 1927 2182 adhibuit

341 2244 520 2315 qualia
571 2255 760 2312 graves
792 2232 1075 2293 sententia:
1106 2230 1385 2297 firmaeque
1424 2226 1658 2279 rationes
1689 2215 1927 2289 postula-

343 2340 490 2393 bant.

428 2426 629 2482 Verum
684 2418 930 2493 quisquis
978 2415 1194 2472 tandem
1246 2412 1407 2468 fuerit
1459 2404 1732 2464 Carminis
1780 2401 1927 2457 illius

339 2519 596 2588 scriptor,
628 2492 777 2570 certe
826 2509 1078 2580 conjugio
1111 2506 1345 2576 illigatus
1386 2509 1524 2567 erat,
1573 2507 1629 2553 et
1657 2496 1709 2551 id
1735 2492 1926 2565 Operis

339 2611 421 2666 sui
453 2585 607 2664 uxori
641 2620 754 2662 sua:
784 2611 1057 2671 nuncupat
1085 2597 1286 2669 (Infra,
1322 2612 1375 2662 p.
1406 2593 1533 2657 775,
1566 2585 1718 2659 779).
1758 2585 1927 2641 Com-

341 2712 522 2756 motus
558 2707 671 2753 tum
701 2704 962 2768 perpetua
1001 2705 1180 2747 rerum
1226 2689 1576 2741 humanarum
1606 2677 1924 2741 mobilitate,

342 2802 453 2846 tum
483 2787 798 2859 asperrimis
825 2782 1002 2839 :etatis
1041 2794 1154 2834 suae
1194 2773 1469 2839 aerumnis,
1507 2784 1627 2827 sese
1655 2767 1723 2823 ad
1760 2767 1930 2837 pieta-

343 2892 452 2936 tem
493 2894 637 2936 novo
676 2878 730 2932 in
778 2875 897 2930 dies
944 2872 1124 2927 studio
1172 2866 1453 2924 colendam
1482 2862 1817 2918 adhortatur.
1852 2859 1930 2912 Ac

346 2973 495 3026 multi
528 2970 746 3042 quidem
778 2967 923 3022 illius
963 2962 1225 3032 temporis
1265 2956 1509 3028 oppressi
1536 2948 1931 3009 calamitatibus

345 3040 732 3125 obduruerant,
772 3058 1055 3124 Deumque
1100 3054 1273 3121 ipsum
1321 3046 1545 3103 nefariis
1582 3041 1804 3098 vocibus
1849 3040 1930 3094 in-
1955 3091 2001 3153 Ο

784 3148 801 3153 ⁸
920 3145 1023 3153 ··-
1174 3141 1300 3153 ιη·
1409 3139 1420 3153 ι
1484 3134 1652 3153 ηιμ-
1717 3130 1905 3153 11-21”.

344 3167 534 3208 cusare
572 3166 679 3205 non
716 3145 1139 3204 reformidabant
1169 3141 1351 3210 (Salv.
1386 3139 1449 3192 de
1481 3134 1673 3192 Gabar.
1706 3130 1806 3187 Dei
1833 3130 1927 3185 lib.

345 3260 441 3312 vn,
474 3261 528 3311 p.
565 3240 689 3304 152,
723 3240 873 3308 155).
906 3237 1001 3290 llic
1030 3248 1160 3289 vero
1188 3230 1469 3301 profitetur
1504 3241 1565 3282 se
1598 3239 1749 3281 suam
1780 3237 1932 3292 spem

348 3351 566 3392 omnem
614 3332 859 3389 infixisse
905 3343 969 3384 ac
1016 3327 1310 3382 collocasse
1360 3323 1415 3377 in
1456 3322 1574 3376 solo
1620 3319 1750 3384 Deo,
1781 3317 1934 3386 cujus

348 3428 683 3498 benignitate
708 3425 823 3493 ipse
852 3432 1009 3477 terra:
1036 3419 1193 3488 hujus
1221 3415 1427 3479 incola,
1459 3413 1653 3483 patriae
1690 3410 1930 3477 alterius,

349 3518 588 3575 caelestis
642 3515 923 3579 nimirum,
973 3511 1107 3566 civis
1137 3509 1311 3563 fuerat
1352 3505 1599 3561 effectus.
1642 3502 1937 3559 Pollicetur

354 3626 411 3663 se
438 3623 544 3663 non
570 3607 818 3677 ignarum
843 3612 1083 3658 terrenas
1106 3613 1236 3669 opes
1263 3596 1510 3667 perbrevi
1528 3595 1652 3665 jure
1675 3591 1934 3658 obtineri,

358 3702 430 3754 ita
456 3700 565 3756 suis
611 3711 855 3761 usurum,
888 3693 1041 3763 quasi
1084 3704 1198 3747 suae
1228 3704 1333 3745 non
1367 3696 1554 3743 essent
1580 3705 1593 3741 :
1622 3700 1717 3741 eas
1743 3700 1802 3741 se
1823 3684 1934 3754 jam

357 3806 461 3844 non
503 3789 849 3851 miraturum,
882 3799 989 3839 non
1012 3788 1449 3838 consectaturum
1477 3778 1731 3843 honores,
1764 3789 1938 3840 neque

355 3883 471 3937 fore
505 3894 757 3948 umquam
805 3886 861 3931 ut
888 3875 979 3945 qui
1008 3874 1178 3929 divite
1204 3872 1421 3927 Christo
1451 3868 1677 3935 fruatur,
1709 3867 1937 3922 saevien-

355 3986 461 4030 tem
494 3981 695 4027 metuat
728 3975 1124 4040 paupertatem,
1165 3979 1268 4034 qua
1313 3974 1495 4018 mente
1538 3974 1794 4031 prospera
1818 3972 1939 4015 SUS-

353 4077 609 4136 cepturus
638 4065 741 4128 sit,
775 4062 965 4118 eadem
993 4060 1219 4114 adversa
1246 4064 1696 4122 sustentaturum,
1736 4056 1806 4108 ita
1832 4053 1940 4108 sci-

357 4159 483 4213 licet
510 4167 567 4211 ut
598 4169 696 4210 nec
724 4154 883 4209 malis
920 4151 1066 4206 vinci
1094 4164 1155 4205 se
1181 4158 1268 4203 aut
1291 4148 1476 4217 dejici,
1508 4162 1609 4201 nec
1636 4146 1791 4199 bonis
1818 4144 1939 4213 capi

356 4251 647 4318 ell’errique
676 4246 977 4316 permittat,
1029 4242 1239 4298 debitas
1265 4255 1478 4310 semper
1518 4236 1733 4292 Christo
1761 4246 1941 4306 grates

355 4352 627 4408 acturum,
678 4340 903 4407 ejusque
949 4334 1138 4390 laudes
1184 4348 1246 4387 ac
1289 4332 1547 4387 honorem
1575 4345 1669 4385 ore
1712 4328 1937 4383 memori

2001 490 2059 535 ut
2089 478 2288 548 pariter
2318 477 2427 530 Deo
2464 486 2523 526 se
2568 468 2811 531 dedicet,
2836 480 2942 535 quo
2984 470 3209 529 uterque
3251 466 3433 512 mutua
3479 470 3585 523 0pc

2004 570 2273 631 firmatus,
2308 562 2531 617 validius
2562 574 2625 613 ac
2672 556 2876 611 felicius
2925 569 3046 608 cum
3095 552 3250 604 hoste
3279 548 3540 602 dimicent
3579 562 3592 595 :

2005 662 2143 715 hanc
2170 659 2290 713 ideo
2329 657 2409 709 sic
2437 651 2725 721 alloquitur
2754 648 2913 720 (Pag.
2947 644 3083 710 779,
3113 659 3155 696 υ.
3192 641 3297 696 115
3322 648 3370 693 et
3400 637 3533 708 seq.)
3578 653 3591 689 :

2105 814 2179 863 'l‘u
2200 810 2358 866 modo,
2378 808 2467 857 fida
2487 818 2670 861 comes,
2693 813 2887 866 mecum
2908 797 2985 847 isti
3010 796 3269 866 accingere
3288 804 3484 855 pugnas,

2164 858 2315 929 Quam
2341 858 2477 919 Deus
2501 858 2686 916 inﬁrmo
2710 861 2915 929 praebuit
2936 858 3185 929 auxilium.

2104 920 2320 984 Sollicita
2340 933 2519 980 elatum
2542 920 2735 980 cohibe,
2762 925 2921 971 solare
2945 920 3213 984 dolentem,

2165 981 2454 1053 Exemplum
2474 992 2583 1037 vita:
2608 990 2759 1053 simus
2782 992 2991 1053 uterque
3018 981 3125 1053 plizp.

2106 1042 2278 1107 Custos
2303 1042 2411 1102 e'sto
2433 1054 2501 1100 tui
2520 1048 2749 1105 custodis,
2774 1051 2939 1092 mutua
2968 1042 3142 1107 redde,

2170 1118 2315 1177 Erige
2345 1114 2615 1177 labentem,
2638 1104 2787 1177 surge
2824 1104 3029 1177 levantis
3049 1114 3160 1161 ope.

2109 1158 2309 1227 ω’.έὰῗό
2334 1158 2627 1223 noneadem
2650 1158 2853 1225 tantum,
2882 1165 2968 1212 sed
2997 1158 3137 1227 mens
3161 1172 3354 1223 quoque
3376 1158 3515 1208 nobis

2175 1224 2384 1295 Unasit,
2409 1245 2558 1296 atque
2576 1233 2699 1281 duos
2715 1224 2914 1293 Spiritus
2937 1238 3061 1274 unus
3085 1224 3196 1271 alat.

2087 1409 2230 1477 Quas
2275 1414 2403 1462 tunc
2440 1401 2699 1472 temporis
2742 1413 2815 1454 ex
2858 1396 3140 1450 hominum
3165 1404 3365 1461 genere
3405 1387 3597 1442 vindex

2016 1502 2159 1557 Deus
2209 1496 2528 1568 reposcebat
2580 1504 2793 1562 poenas,
2842 1489 2907 1542 iis
2954 1481 3327 1541 scelestissimi
3379 1480 3600 1550 quique,

2019 1607 2153 1664 quos
2178 1593 2384 1647 veniam
2410 1588 2682 1657 supplices
2704 1592 2889 1655 petere
2915 1578 3222 1650 oportebat,
3248 1575 3314 1630 ad
3337 1588 3569 1630 accusari
3586 1601 3605 1613 -

2022 1661 2147 1740 dum
2181 1698 2286 1737 non
2336 1683 2451 1735 sine
2486 1675 2819 1746 blasphemia
2854 1674 3020 1728 Deum
3049 1668 3455 1725 adducebantur
3482 1661 3597 1733 (In-

2024 1783 2127 1850 fra,
2156 1792 2277 1847 pag.
2311 1773 2438 1837 785,
2467 1789 2516 1826 υ.
2551 1770 2620 1827 15
2647 1779 2693 1823 et
2722 1766 2876 1837 seq).
2920 1765 2984 1819 lli
3030 1758 3487 1817 manifestissimis
3522 1757 3607 1812 di-

2023 1872 2160 1923 vinre
2188 1850 2536 1936 providentiae
2556 1859 2887 1930 argumentis
2911 1855 2976 1909 ad
3000 1856 3171 1924 ipsam
3192 1850 3613 1922 oppugnandam

2024 1958 2199 2026 abusi,
2226 1955 2367 2025 quod
2402 1956 2571 2008 bonos
2596 1951 2947 2017 insontesque
2975 1944 3178 2016 pariter
3205 1952 3260 1998 et
3291 1942 3481 1996 noxios
3509 1942 3605 1994 iis-

2025 2050 2148 2104 dem
2181 2047 2427 2103 viderent
2475 2042 2648 2113 premi
2698 2040 2875 2104 malis,
2908 2038 3176 2108 negabant
3219 2047 3308 2090 res
3348 2032 3610 2087 humanae

2024 2155 2053 2193 a
2104 2139 2215 2194 Deo
2243 2136 2555 2207 gubernari,
2585 2144 2641 2190 et
2688 2133 2756 2189 ad
2797 2129 3003 2185 futilem
3036 2125 3322 2195 quamdam
3377 2126 3608 2178 fatorum

2027 2232 2133 2285 vim
2156 2244 2219 2285 ac
2247 2229 2488 2284 siderum
2513 2236 2835 2297 potestatem
2858 2219 3245 2292 confugiebant
3263 2215 3458 2289 (Infra,
3485 2232 3609 2285 pag.

2026 2319 2151 2386 809,
2184 2336 2233 2373 υ.
2256 2318 2365 2375 624
2386 2327 2433 2372 et
2460 2316 2619 2388 ιαμ).

2101 2409 2422 2480 llujusmodi
2453 2406 2803 2477 blasphemiae
2832 2417 2953 2474 qua:
2994 2401 3211 2457 beatum
3248 2397 3608 2469 Augustinum

2028 2502 2096 2557 ad
2143 2501 2329 2571 ingens
2367 2509 2423 2556 et
2471 2497 2729 2555 eximium
2777 2495 2908 2551 illud
2948 2493 3016 2549 de
3060 2491 3288 2549 Civitate
3320 2491 3414 2545 Dei
3462 2489 3612 2557 Opus

2028 2592 2375 2649 scribendum
2401 2590 2752 2659 impulerant,
2784 2584 3071 2641 scribendo
3095 2596 3310 2653 quoque
3339 2593 3482 2635 anno
3505 2577 3612 2631 416

2029 2683 2267 2739 Carmini
2313 2682 2381 2738 de
2429 2678 2776 2737 Providentia
2814 2676 2993 2731 divina
3035 2674 3374 2728 occasionem
3414 2669 3614 2724 dedere

2034 2775 2194 2848 (Pag.
2225 2774 2358 2841 785,
2381 2789 2429 2826 υ.
2464 2774 2489 2827 1
2526 2778 2572 2825 et
2599 2767 2756 2839 δίᾳ).
2802 2766 3173 2822 Consueverat
3208 2772 3385 2816 autem
3429 2769 3614 2813 auctor

2030 2869 2177 2925 illius
2197 2865 2491 2933 Carminis,
2521 2864 2612 2935 qui
2653 2861 2918 2932 insignem
2942 2858 3140 2927 ubique
3166 2855 3376 2911 eximia:
3418 2852 3615 2907 adver-

2031 2975 2124 3017 sus
2173 2959 2343 3015 Deum
2387 2956 2604 3027 pietatis
2633 2968 2857 3010 sensum
2890 2964 3002 3020 pra:
3045 2964 3105 3004 se
3134 2947 3262 3016 fert,
3295 2945 3457 2999 variis
3502 2952 3614 2997 tum

2033 3053 2229 3119 soluta,
2247 3060 2356 3106 tum
2371 3049 2559 3105 stricta
2572 3047 2816 3102 oratione
2831 3042 3100 3115 Operibus
3118 3040 3316 3111 stylum
3334 3050 3613 3093 exercere.

2033 3144 2165 3200 Cum
2219 3158 2351 3199 vero
2380 3142 2556 3199 Gallia
2584 3156 2616 3197 a
2671 3140 2962 3207 decennio,
3008 3138 3111 3193 hoc
3151 3144 3236 3192 est
3277 3150 3308 3189 a
3336 3134 3618 3189 desinente

2034 3251 2177 3292 anno
2204 3234 2334 3307 406,
2366 3250 2473 3306 quo
2517 3233 2573 3288 in
2602 3247 2721 3289 eam
2750 3234 3059 3302 irruperant
3087 3227 3333 3292 Barbari,
3367 3227 3615 3280 innume-

2034 3328 2111 3384 ris
2150 3327 2395 3383 cladibus
2436 3325 2820 3391 conficeretur,
2876 3331 3133 3378 mtestum
3183 3318 3419 3375 hominis
3465 3317 3618 3386 inge-

2035 3421 2183 3475 nium
2227 3417 2620 3489 comprimebat
2656 3415 2833 3481 dolor,
2879 3427 3109 3483 eumque
3150 3412 3260 3482 jam
3310 3424 3407 3478 per
3446 3415 3617 3463 totum

2035 3512 2162 3567 anni
2190 3512 2351 3567 unius
2375 3508 2606 3580 spatium
2636 3508 2797 3563 silere
2826 3512 3111 3575 coegerat,
3145 3511 3203 3558 ut
3230 3502 3320 3571 qui
3349 3514 3454 3554 non
3495 3514 3605 3569 par-

2036 3619 2156 3658 vam
2189 3603 2372 3673 patrita
2422 3615 2534 3657 sua:
2572 3599 2835 3655 malorum
2884 3605 3094 3666 partem
3140 3594 3351 3649 tulisset
3379 3588 3618 3659 (Ibid);

2036 3704 2339 3750 commotus
2366 3701 2452 3748 est
2479 3700 2658 3746 tamen
2685 3686 2977 3758 aliquando
3021 3684 3323 3742 temerariis
3364 3680 3616 3748 blasphe-

2038 3801 2249 3840 morum
2276 3783 2589 3847 hominum,
2621 3794 2850 3851 quorum
2874 3778 3036 3847 aliqui
3061 3774 3421 3831 Christianam
3455 3771 3614 3825 fidem

2037 3874 2277 3945 profiteri
2324 3887 2383 3927 se
2403 3872 2700 3941 jactabant,
2739 3866 3045 3923 conviciis:
3094 3864 3380 3931 acriusque
3432 3860 3618 3929 impia-

2038 3980 2156 4022 rum
2186 3964 2483 4034 linguarum
2509 3959 2704 4030 jaculis
2749 3971 2908 4027 quam
2938 3953 3087 4011 omni
3133 3951 3465 4009 saevientium
3512 3952 3612 4006 Co-

2041 4058 2252 4113 thorum
2281 4052 2603 4110 crudelitate
2631 4050 2959 4113 stimulatus,
2990 4048 3056 4101 ad
3080 4043 3455 4101 vindicandam
3480 4043 3616 4113 stylo

2040 4151 2138 4207 Dei
2169 4146 2596 4218 providentiam,
2628 4159 2690 4199 ac
2734 4140 3094 4199 retundendas
3136 4139 3251 4209 ejus
3282 4138 3616 4192 inimicorum

2040 4239 2454 4296 contumeliosas
2502 4249 2666 4291 voces
2712 4233 2939 4289 accessit
2987 4230 3145 4303 (Pag.
3194 4230 3333 4296 789,
3366 4246 3414 4283 υ.
3466 4229 3535 4284 87
3573 4245 3616 4283 et

2039 4332 2188 4403 seq.).

354 4434 751 4528 celebraturum
797 4429 989 4528 (Infra,
1044 4442 1163 4528 pag.
1213 4426 1337 4490 775,
1372 4442 1421 4479 υ.
1469 4425 1538 4479 15
1558 4431 1603 4477 et
1636 4438 1769 4492 seq.;
1815 4437 1935 4491 pag.
1967 4454 2018 4515 Β
2112 4423 2223 4478 Hoc
2255 4420 2519 4489 imprimis
2550 4418 2801 4489 dogmate
2829 4432 2927 4472 suo
2950 4417 3005 4471 in
3041 4417 3217 4484 Opere
3242 4415 3449 4477 nititur,
3476 4411 3621 4484 quod

355 4526 484 4592 785,
509 4541 558 4579 υ.
589 4524 657 4580 15
677 4533 723 4578 et
752 4521 905 4593 δαίμ).

427 4620 722 4687 Postquam
754 4614 938 4685 paucis
984 4626 1047 4665 ea
1079 4611 1263 4665 retulit
1308 4622 1425 4679 qua:
1468 4606 1745 4661 hominum
1777 4619 1937 4660 causa

358 4715 503 4770 Deus
551 4720 609 4768 et
656 4710 776 4766 fecit
812 4714 868 4763 et
899 4705 1149 4781 pertulit,
1188 4703 1304 4759 haec
1346 4699 1618 4772 subjungit
1645 4698 1839 4772 (Infra,
1882 4716 1935 4769 p.

356 4808 485 4873 777,
509 4821 559 4859 υ.
591 4802 660 4860 89
680 4810 729 4857 et
756 4801 889 4871 seq.)
914 4816 928 4855 :

454 4941 688 5002 Quidnam
715 4941 865 4999 igitur
889 4943 1019 5002 tanta
1045 4947 1134 4998 pro
1156 4946 1244 4995 spe
1269 4934 1481 5002 tolerare
1506 4942 1754 5002 recusem,

512 5003 610 5051 Aut
630 4992 759 5063 quid
774 5002 872 5049 erit
894 4998 1021 5063 quod
1041 4992 1122 5046 me
1144 4992 1346 5057 separet
1367 5007 1393 5042 a
1409 4992 1648 5063 Domino?

453 5063 624 5125 Ignem
643 5058 842 5121 adhibe,
868 5058 1047 5108 rimare
1069 5069 1214 5125 manu
1243 5069 1351 5125 mea
1374 5058 1580 5125 viscera,
1608 5059 1793 5103 tortor:

513 5124 764 5183 Effugient
787 5118 957 5183 poenas
978 5120 1199 5183 membra
1220 5118 1374 5166 soluta
1400 5123 1522 5164 tuas.

453 5176 661 5238 (ζει-εθτέ
682 5186 725 5233 si
757 5176 887 5233 casco
911 5181 1123 5240 claudar,
1148 5186 1415 5240 nectarque
1440 5176 1657 5237 catenis;

516 5246 663 5295 Liber
683 5246 733 5293 in
753 5256 963 5294 excessu
983 5242 1163 5290 mentis
1186 5240 1324 5289 adibo
1344 5239 1519 5287 Deum.

455 5308 504 5359 Si
528 5319 761 5357 mucrone
784 5311 927 5367 paret
947 5305 1187 5367 cervicem
1216 5301 1503 5367 abscindere
1525 5300 1681 5367 lictor,

518 5360 810 5431 Impavidum
832 5365 1056 5431 inveniet
1086 5376 1216 5431 mors
1232 5364 1343 5431 cita,
1366 5373 1504 5423 pinna
1528 5360 1723 5431 brevis:

453 5429 560 5480 Non
586 5421 753 5478 metuo
777 5426 1023 5481 exsilium,
1057 5426 1261 5473 mundus
1284 5421 1454 5471 domus
1477 5421 1700 5471 omnibus
1723 5432 1814 5469 una
1842 5423 1936 5469 est.

516 5492 709 5552 Sperno
727 5489 929 5545 famem,
951 5486 1145 5552 Domini
1171 5484 1233 5552 ﬁt
1252 5486 1368 5552 mihi
1384 5496 1545 5552 sermo
1567 5483 1721 5532 cibus.

455 5545 566 5603 Nec
581 5558 744 5601 tamen
769 5552 857 5599 ista
881 5550 997 5598 mihi
1013 5550 1076 5597 de
1108 5560 1188 5595 me
1207 5545 1377 5595 fiducia
1395 5546 1571 5605 surgit.

517 5613 592 5663 'l‘u
612 5614 716 5673 das,
752 5612 961 5673 Christe,
984 5609 1133 5671 loqui,
1161 5614 1318 5673 tuque
1332 5607 1430 5667 pati
1453 5606 1645 5673 tribuis.

456 5672 517 5727 In
538 5674 679 5723 nobis
700 5668 819 5721 nihil
841 5668 1093 5728 audemus,
1132 5669 1217 5719 sed
1243 5668 1432 5717 ﬁdimus
1450 5668 1506 5721 in~
1526 5674 1595 5716 te.

519 5736 651 5799 Quos
672 5734 1062 5798 pugnarejubes,
1092 5738 1144 5781 et
1171 5743 1407 5792 superare
1434 5730 1571 5779 facis.

2045 4529 2138 4583 per
2168 4512 2326 4582 hujus
2366 4512 2487 4565 vitae
2518 4510 2854 4565 calamitates
2884 4509 3023 4562 Deus
3050 4507 3244 4576 impios
3270 4506 3498 4575 plectat,
3526 4504 3621 4559 bo-

2042 4622 2142 4661 nos
2171 4612 2515 4675 peccatorum
2546 4602 2796 4657 sordibus
2828 4601 3068 4668 mundet,
3095 4599 3306 4669 tepidos
3335 4598 3621 4664 accendat,

2041 4710 2095 4757 et
2141 4702 2333 4771 erigat,
2358 4700 2612 4752 virtutum
2660 4695 2948 4751 decoribus
2992 4702 3184 4764 augeat
3229 4704 3389 4762 atque
3426 4692 3622 4761 ampli-

2042 4799 2159 4851 ticet
2189 4796 2347 4865 (Pag.
2380 4793 2506 4857 82l,
2538 4808 2584 4845 υ.
2611 4788 2715 4845 902
2735 4798 2783 4843 et
2813 4790 2969 4859 seq.).
3002 4788 3138 4843 Tum
3166 4787 3334 4842 Deum
3368 4796 3622 4858 precatur

2040 4896 2098 4941 ut
2141 4886 2221 4941 his
2267 4901 2325 4941 se
2370 4885 2538 4940 societ
2584 4898 2717 4951 quos
2750 4888 3034 4950 peccantes
3076 4879 3251 4934 bonus
3298 4878 3495 4947 arguit,
3528 4892 3622 4946 pa-

2038 4978 2252 5046 trioque
2292 4974 2545 5031 emendat
2591 4972 2844 5043 ﬂagello;
2896 4971 3071 5041 potius
3104 4984 3265 5040 quam
3315 4969 3423 5024 illis
3462 4981 3620 5038 quos,

2037 5077 2308 5124 summoto
2331 5066 2443 5137 jam
2475 5066 2731 5129 verbere,
2764 5077 2928 5119 cursu
2955 5062 3248 5117 voluntatis
3297 5061 3376 5115 ire
3415 5069 3469 5114 et
3498 5072 3622 5126 pro-

2038 5162 2151 5231 pria
2185 5159 2403 5213 libidine
2430 5157 2558 5212 ferri
2589 5156 2876 5225 permittit.
2916 5155 2975 5209 ln
3004 5154 3109 5209 hoc
3132 5167 3298 5222 opere
3330 5152 3491 5205 multa
3532 5148 3619 5202 in-

2039 5252 2222 5307 venias
2269 5267 2390 5321 qure
2443 5251 2512 5305 de
2557 5249 2737 5304 divina
2782 5248 2951 5318 gratia
3000 5248 3215 5316 egregie
3260 5244 3400 5299 dicta
3430 5284 3443 5307 ,
3490 5242 3620 5297 Pro-

2040 5358 2309 5413 speroque
2339 5350 2529 5398 nostro
2547 5340 2688 5396 haud
2708 5339 2925 5407 indigna
2946 5338 3250 5392 videantur.
3278 5333 3479 5388 Contra
3496 5342 3619 5387 sunt

2042 5436 2297 5490 nonnulla
2328 5449 2447 5505 quae
2491 5448 2611 5488 cum
2650 5429 3040 5487 assertionibus
3088 5426 3158 5479 ab
3202 5440 3268 5480 eo
3298 5432 3480 5495 postea
3513 5434 3619 5478 tam

2042 5540 2262 5585 strenue
2283 5543 2441 5599 quam
2472 5526 2707 5582 feliciter
2737 5520 3090 5593 propugnatis
3116 5518 3393 5575 cohterere
3422 5520 3510 5571 vix
3538 5518 3620 5586 ju-

2044 5619 2210 5675 dices.
2236 5620 2351 5687 Quo
2382 5618 2441 5671 lit
2467 5625 2528 5671 ut
2552 5616 2604 5670 id
2627 5612 2818 5682 Operis
2844 5611 2919 5666 illi
2948 5610 3188 5681 alioquin
3219 5606 3620 5665 convenientis-

2049 5718 2245 5773 simum
2280 5725 2385 5767 non
2418 5709 2574 5765 facile
2608 5710 2751 5765 inter
2789 5706 2908 5777 ejus
2949 5721 3110 5776 Opera
3158 5705 3444 5761 referatur.
3478 5699 3623 5756 Fieri
