4088 6176
439 276 510 334 23
1517 279 1672 335 VITA
1710 285 1766 339 S.
1806 284 2138 340 PROSPERI
2179 285 2522 354 AQUITANI.
3626 289 3700 345 ει

441 405 618 448 tamen
645 401 819 464 potest
847 401 903 448 ut
928 393 1064 448 hanc
1093 393 1514 450 lucubrationem
1547 408 1669 452 ante
1693 399 2012 468 susceperit,
2041 409 2091 464 Α
2117 415 2316 453 summo
2344 397 2616 453 sacerdotii
2650 397 2840 453 honore
2867 402 3321 469 superentinerent.
3353 400 3528 459 Hodie
3558 403 3696 459 fate-

441 499 602 554 quam
632 485 890 539 doctrina:
919 485 986 540 de
1017 485 1200 540 Gratia
1229 486 1358 540 satis
1397 502 1641 558 magnam
1670 504 1886 557 operam
1919 491 2018 544 im-

443 577 720 646 pendisset
741 576 934 648 (Antel.
959 576 1173 631 Dissert.
1211 577 1366 646 Oper.
1384 577 1506 631 Leo.
1535 596 1587 649 p.
1612 579 1716 634 405
1736 589 1784 634 et
1807 596 1937 650 seq.,
1959 595 2020 634 ac

441 666 581 735 alii).

519 760 646 813 llaec
695 759 764 813 de
797 758 985 828 primis
1033 758 1284 827 Prosperi
1330 760 1483 814 annis
1516 761 1754 814 eruimus
1782 775 1813 814 e
1853 759 2019 815 tribus

444 851 658 919 scriptis
690 866 917 920 quorum
955 854 1267 916 auctoritas,
1300 861 1358 905 ut
1386 867 1486 907 nec
1515 853 1674 921 plane
1704 852 2014 920 rejicienda,

443 943 517 996 ita
548 957 646 997 nec
669 943 802 997 citra
827 957 988 997 omne
1014 942 1230 996 dubium
1268 942 1594 996 admittenda
1621 943 1733 996 visa
1756 953 1858 996 est.
1887 943 2018 1009 Quae

444 1033 667 1100 posthac
688 1047 716 1084 a
746 1033 901 1086 nobis
923 1032 1145 1086 dicenda
1177 1040 1322 1102 sunt,
1342 1047 1404 1086 ea
1435 1032 1598 1086 certis
1623 1042 1676 1088 et
1705 1031 2019 1088 indubitatis

441 1123 610 1192 ipsius
638 1121 902 1191 Operlbus
931 1122 1188 1177 nitentur.

974 1231 1362 1287 ARTICULUS
1401 1231 1468 1286 IV

511 1323 814 1378 Doctrinam
865 1324 928 1376 de
975 1323 1142 1393 gratia
1185 1324 1428 1376 adversus
1482 1321 1924 1394 Semipelogianos

1155 1401 1342 1446 tuetur.

517 1482 708 1537 Utrum
759 1482 964 1535 saevitia
1013 1481 1416 1549 Barbarorum,
1462 1496 1529 1536 an
1574 1482 1761 1552 quavis
1806 1481 1910 1536 alia
1958 1494 2019 1538 re

443 1574 754 1641 compulsus
783 1572 1016 1642 Prosper
1045 1587 1108 1627 ex
1133 1572 1418 1640 Aquitania
1447 1573 1782 1642 migraverit,
1817 1571 1869 1626 id
1897 1572 2018 1642 qui-

442 1666 564 1718 dem
597 1679 780 1732 parum
813 1664 1000 1731 liquet.
1030 1663 1161 1717 Illud
1187 1662 1412 1728 certius,
1441 1678 1561 1717 eum
1608 1678 1749 1717 anno
1777 1662 1903 1730 ΩΒ,
1927 1661 2014 1716 vel

2123 498 2211 542 tur
2251 489 2647 544 eruditissimus
2686 489 2912 559 quisque
2955 490 3159 544 nullum
3201 506 3325 546 esse
3362 492 3696 563 antiquitatis

2124 588 2529 632 monumentum
2561 593 2628 632 ex
2656 592 2764 647 quo
2790 593 2911 633 eum
2941 580 3043 633 alia
3080 593 3144 634 ac
3179 581 3346 635 laicos
3387 583 3696 640 conditione

2129 667 2296 723 fuisse
2320 669 2459 723 efﬁci
2493 678 2672 739 queat.
2705 670 2940 725 [labetur
2966 685 3030 724 ex
3061 686 3167 724 uno
3199 673 3391 728 codice
3420 689 3526 732 tus.
3570 690 3694 730 eum

2118 759 2311 811 relictis
2339 758 2488 813 rebus
2515 759 2848 813 secutoribus
2875 761 2944 812 ad
2970 760 3145 814 divina
3177 777 3231 814 se
3259 764 3468 817 omnino
3493 769 3696 836 negotia

2119 849 2455 903 transtulisse.
2497 848 2706 917 Nempe
2744 864 2812 905 ex
2853 864 3042 905 eorum
3089 867 3320 908 numero
3350 854 3450 908 fuit
3492 857 3584 925 qui
3613 858 3697 911 di-

2118 939 2285 994 misso
2312 941 2513 996 seculo
2548 941 2713 995 vitam
2742 941 2796 995 in
2820 955 3038 997 secessu
3058 944 3309 1012 agebant,
3345 947 3482 1002 nulli
3515 957 3694 1003 tamen

2115 1031 2530 1100 obstringebant
2555 1047 2615 1088 se
2641 1034 3007 1088 monasterio:
3043 1044 3102 1089 ut
3128 1035 3409 1102 Paulinus,
3441 1037 3695 1092 Pamma-

2117 1119 2309 1185 chius,
2337 1121 2572 1175 Severus
2609 1121 2918 1190 Sulpicius,
2947 1122 3148 1192 aliique
3191 1126 3366 1180 mtatis
3406 1127 3648 1196 ejusdem
3675 1170 3691 1197 ,

2117 1209 2210 1278 qui
2261 1208 2646 1263 monachorum
2697 1211 3056 1280 appellatione
3095 1214 3516 1270 continebantur
3563 1234 3578 1271 :
3627 1232 3691 1271 ac

2113 1297 2252 1352 illud
2281 1299 2497 1370 quidem
2521 1299 2580 1356 S.
2605 1300 2838 1370 Prosper
2865 1311 3080 1358 secutus
3111 1313 3196 1358 est
3217 1305 3435 1361 vivendi
3468 1322 3652 1377 genus.

2186 1389 2297 1444 Nec
2328 1390 2460 1445 illud
2487 1391 2921 1459 praetereundum
2943 1393 3179 1462 videtur,
3204 1395 3352 1464 quod
3377 1410 3405 1450 a
3429 1395 3693 1452 Garnerio

2116 1480 2205 1549 pie
2250 1480 2404 1549 juxta
2434 1489 2490 1536 et
2532 1481 2826 1550 prudenter
2873 1493 2959 1538 est
3001 1485 3377 1556 observatum,
3410 1488 3463 1544 in
3495 1489 3689 1557 praefa-

2118 1570 2264 1626 tione
2305 1570 2468 1644 (Pag.
2496 1571 2553 1643 7)
2598 1573 2652 1627 in
2702 1573 2883 1628 omnia
2927 1575 3079 1630 Marii
3125 1577 3439 1634 Mercatoris
3487 1577 3687 1648 Opera.

2121 1680 2140 1716 ι
2174 1663 2544 1720 Animadverti
2583 1665 2876 1735 aliquando
2921 1667 3036 1738 (ait
3067 1667 3173 1736 ibi)
3221 1684 3322 1724 nec
3350 1671 3469 1724 sine
3499 1686 3690 1740 magna

439 1754 567 1821 429,
600 1765 692 1810 aut
719 1756 854 1810 forte
879 1755 988 1824 jam
1017 1753 1148 1819 426,
1183 1756 1236 1809 in
1267 1755 1604 1810 Provinciam
1644 1753 1738 1809 Dei
1767 1765 1894 1808 nutu
1921 1753 2014 1809 de-
2047 1755 2093 1815 B
2119 1753 2506 1822 admiratione,
2534 1755 2733 1822 Deum,
2765 1759 2856 1826 qui
2878 1767 3024 1811 amat
3051 1759 3330 1814 humilium
3371 1776 3530 1814 manu
3559 1765 3690 1816 resi-

439 1847 658 1900 ductum
687 1847 870 1910 fuisse,
905 1855 960 1898 ut
987 1845 1345 1900 Christianam
1391 1845 1460 1899 de
1501 1846 1671 1914 gratia
1714 1843 2012 1899 doctrinam

441 1952 470 1989 a
503 1939 660 1990 beato
689 1937 987 2006 Augustino
1030 1936 1351 1991 elucidatam
1395 1933 1708 1991 defenderet
1745 1949 1808 1989 ac
1840 1944 2015 1990 tuere.

442 2037 548 2083 tur.
584 2030 735 2085 Ilanc
762 2030 979 2099 quidem
1010 2030 1063 2083 in
1088 2029 1196 2084 illis
1237 2029 1372 2085 locis
1397 2028 1722 2083 vellicabant
1746 2027 1844 2082 viri
1881 2043 2015 2082 non-

441 2119 604 2182 nulli,
635 2131 745 2174 tum
791 2120 1074 2189 dignitate,
1124 2129 1238 2173 tum
1280 2119 1493 2173 virtutis
1525 2133 1587 2173 ac
1615 2118 1830 2187 pietatis
1872 2117 2010 2172 fama

437 2209 715 2279 conspicui
734 2209 894 2280 (Vide
919 2210 981 2265 S.
1005 2211 1139 2281 Aug.
1166 2209 1356 2278 Vitam,
1377 2208 1405 2281 5
1429 2209 1552 2277 345,
1576 2220 1698 2264 tom.
1721 2208 1837 2264 XIII
1863 2208 2010 2265 Man.

438 2302 690 2374 Eccles.).

509 2392 640 2445 Erat
670 2391 884 2462 quidem
918 2393 1216 2462 Augustino
1247 2392 1475 2458 Prosper
1503 2392 1708 2462 ignotus
1740 2391 1888 2456 facie,
1919 2407 2011 2444 nec

435 2485 535 2538 nisi
571 2487 744 2538 animo
771 2500 834 2537 ac
860 2499 1087 2538 sermone
1112 2483 1233 2538 unis
1260 2483 1325 2537 ad
1353 2499 1473 2537 eum
1517 2484 1651 2537 datis
1688 2483 2012 2550 vicissimque

434 2576 647 2645 receptis
689 2575 757 2629 ah
787 2590 852 2630 eo
893 2576 1083 2630 litteris
1112 2585 1398 2646 compertus
1429 2573 1628 2646 (Infra,
1663 2590 1782 2645 pag.
1818 2573 1892 2644 I).
1942 2575 2013 2628 At

434 2666 587 2722 lectis
609 2670 778 2720 sancti
810 2666 908 2720 viri
935 2666 1170 2734 scriptis,
1198 2664 1398 2735 Deique
1425 2665 1791 2720 misericordia
1813 2664 2012 2733 praelu-

435 2769 591 2814 cente
621 2762 898 2814 veritatem
935 2759 1178 2822 edoctus,
1209 2774 1306 2828 pro
1329 2774 1391 2812 ea
1412 2758 1616 2812 viribus
1644 2757 1772 2812 totis
1806 2771 2008 2828 propu-

433 2851 615 2921 gnavit
643 2850 800 2922 (Pag.
831 2853 886 2918 6)
921 2869 934 2904 :
965 2850 1100 2905 adeo
1129 2859 1186 2904 ut
1211 2849 1468 2915 Hilarius,
1491 2849 1628 2903 alter
1651 2848 1893 2918 ejusdem
1919 2864 2011 2906 ve-

433 2944 609 2997 ritatis
649 2951 901 2996 strenuus
939 2941 1192 2997 defensor
1233 2941 1298 2994 ad
1339 2942 1730 3011 Augustinum,
1770 2941 1856 2996 cui
1894 2950 2010 2996 erat

434 3034 632 3098 notior,
659 3033 978 3103 scripturus,
1003 3049 1124 3088 cum
1159 3033 1426 3102 Prospero
1451 3034 1650 3102 egerit,
1682 3042 1744 3087 ut
1767 3034 1922 3089 simul
1957 3042 2010 3089 et

2117 1855 2264 1900 stere
2285 1845 2553 1914 superbis,
2587 1846 2758 1902 tribus
2785 1847 3105 1914 baeresibus,
3138 1849 3463 1920 Pelagianae,
3497 1851 3689 1906 Nesto—

2117 1934 2282 1990 riante
2321 1944 2375 1990 et
2406 1935 2760 2004 Massiliensi,
2801 1953 2922 2006 qua:
2959 1954 3069 2008 pra:
3107 1941 3319 1995 caeteris
3361 1943 3630 2008 superbia:
3655 1957 3685 1995 a

2115 2023 2364 2080 Patribus
2392 2035 2738 2094 accusantur,
2775 2029 3096 2097 opposuisse
3123 2029 3353 2099 primum
3385 2031 3550 2087 laicos
3591 2032 3689 2085 ho-

2115 2116 2295 2172 mines
2323 2133 2338 2169 :
2370 2127 2456 2182 ut,
2488 2119 2632 2187 quod
2671 2119 2750 2172 ait
2783 2119 3106 2188 Apostolus,
3140 2135 3236 2188 per
3262 2122 3686 2191 contemptibilia

2115 2207 2302 2261 mundi
2331 2209 2687 2263 confunderet
2710 2208 2892 2275 fortia,
2919 2218 2974 2264 et
2996 2211 3250 2265 tumidam
3280 2213 3426 2281 quasi
3451 2211 3686 2266 Pharao-

2114 2309 2242 2348 num
2272 2297 2566 2364 potentiam
2595 2297 2954 2352 confunderet
2977 2299 3046 2353 ab
3072 2298 3321 2354 infirmis.
3347 2299 3508 2354 Certe
3532 2301 3684 2355 Pela-

2113 2384 2288 2454 gianis
2329 2387 2534 2455 primus
2573 2386 2783 2442 obstitit
2828 2386 3176 2444 Constantius
3219 2405 3289 2445 ex
3332 2390 3536 2444 Vicano
3574 2390 3683 2458 (sic

2113 2474 2257 2529 enim
2297 2475 2582 2545 legendum
2621 2477 2739 2547 est)
2786 2477 2972 2533 Romae
3025 2479 3292 2534 habitans.
3332 2479 3548 2534 Primus
3582 2479 3682 2536 Ne-

2113 2568 2266 2622 storii
2311 2567 2495 2623 dolum
2546 2569 2774 2636 detexit,
2824 2571 3076 2642 clernque
3114 2573 3369 2640 ostendit,
3411 2573 3570 2627 affixa
3614 2574 3679 2628 ad

2114 2657 2363 2714 ecclesia:
2396 2658 2578 2714 valvas
2605 2661 2994 2731 obtestatione,
3021 2663 3286 2719 Eusebius
3321 2672 3448 2718 tunc
3476 2674 3683 2734 tempo-

2113 2752 2192 2808 ris
2235 2755 2583 2826 σχόλαστικος
2620 2765 2712 2819 τῆς
2754 2757 3016 2830 βασιλίδος
3034 2761 3683 2824 Κωνσταντινουπόλεωςωι

2113 2843 2350 2913 loquitur
2379 2845 2756 2915 Theophanes,
2787 2850 2871 2904 vel
2901 2850 3108 2914 rhetor,
3139 2861 3199 2905 ut
3230 2853 3392 2905 tradit
3420 2851 3682 2919 Nicepho-

2112 2949 2228 3001 rus,
2253 2936 2335 2990 vel
2359 2935 2525 3004 iudex
2549 2939 2803 3006 forensis,
2827 2949 2886 2995 ut
2908 2941 3092 2995 scribit
3111 2941 3387 2996 Leontius.
3418 2942 3679 2997 BeStitere

2113 3028 2269 3096 primi
2300 3029 2728 3087 Massiliensibus
2773 3033 3104 3104 presbyteris
3134 3034 3259 3089 laici
3297 3036 3404 3090 duo
3451 3036 3680 3090 ililarius

433 3125 548 3191 ipse
574 3138 700 3178 suas
723 3123 789 3178 ad
819 3124 1069 3179 eumdem
1101 3125 1255 3179 daret
1284 3125 1492 3178 litteras
1519 3122 1675 3195 (Pag.
1703 3125 1826 3195 I8);
1857 3133 2008 3181 ratus
2032 3115 2080 3180 C
2112 3127 2166 3175 et
2219 3118 2454 3192 Prosper
2474 3162 2490 3187 ,
2518 3134 2950 3195 monueruntque
2987 3126 3344 3195 Augustinum
3395 3126 3638 3196 epistolis
3660 3167 3676 3192 ν

433 3214 586 3268 illum
617 3221 673 3268 et
698 3215 867 3268 sancti
895 3214 1146 3283 praesulis
1169 3214 1418 3284 ampliori
1454 3214 1642 3269 notitia
1677 3213 1930 3285 dignum,
1954 3224 2009 3271 et

433 3322 561 3362 eum
591 3322 712 3362 esse
737 3308 827 3377 qui
850 3317 904 3362 et
947 3307 999 3362 in
1029 3323 1136 3378 quo
1167 3309 1372 3377 positus
1403 3316 1549 3362 esset
1573 3307 2007 3363 adversariorum

433 3415 584 3454 error
611 3400 888 3454 enucleate
920 3409 1283 3468 proponeret,
1317 3406 1374 3454 et
1399 3399 1626 3454 referret
1653 3414 1898 3469 quanam
1919 3414 2008 3455 es-

432 3501 554 3546 sent
585 3491 638 3545 in
670 3491 788 3545 istis
828 3490 1213 3559 quatstionibus
1242 3488 1592 3554 obscuriora,
1622 3498 1676 3544 et
1717 3488 1783 3543 ad
1828 3489 2004 3558 perci-

431 3582 686 3651 piendum
715 3581 1040 3645 difficiliora,
1068 3595 1188 3650 qua:
1214 3580 1560 3636 lucidissimis
1580 3579 2007 3650 expositionibus

435 3690 464 3725 a
492 3672 940 3741 praestantissimo
981 3673 1212 3726 Doctore
1242 3671 1439 3740 aperiri
1469 3680 1764 3739 oporteret.

508 3763 800 3818 Enimvero
829 3777 1032 3817 morem
1061 3762 1232 3832 gessit
1263 3762 1462 3817 Hilario
1489 3762 1744 3832 Prosper,
1778 3771 1832 3818 et
1856 3763 2003 3819 cele-

433 3853 797 3908 bratissimum
845 3853 1029 3919 illam,
1084 3868 1206 3922 quae
1261 3853 1557 3907 etiamnum
1607 3861 1813 3920 exstat,
1862 3853 2010 3909 dedit

432 3943 716 4011 epistolam
743 3958 885 3996 anno
918 3942 1022 3996 428
1049 3951 1314 4008 exeunte,
1345 3942 1430 3997 vel
1457 3940 1563 3996 429
1597 3943 1812 3998 ineunte
1837 3959 1852 3997 :
1881 3959 2010 4013 pro-

433 4035 610 4088 fessus
631 4034 848 4086 scribere
876 4048 928 4085 se
956 4031 1077 4099 ﬁdei
1104 4048 1205 4100 qua
1235 4030 1467 4085 Ecclesia
1487 4033 1605 4085 uicit
1633 4033 1822 4099 a/fectu
1843 4033 2002 4104 (Pag.

435 4127 460 4177 1
498 4132 543 4175 ct
571 4123 726 4192 scq.).
762 4123 932 4175 Motus
959 4121 1242 4174 amborum
1270 4120 1447 4175 studio
1477 4120 1836 4192 Augustinus,
1868 4123 2006 4178 duos

433 4214 498 4268 ad
529 4214 749 4268 easdem
786 4214 950 4268 libros
978 4212 1044 4266 de
1070 4211 1555 4268 Praedestinatione
1578 4213 1923 4282 Sanctorum,
1953 4224 2008 4270 et

433 4306 499 4358 de
549 4305 699 4358 Dono
756 4303 1179 4358 I‘erseverantiae
1229 4302 1470 4372 scripsit.
1521 4304 1742 4373 Aliquas
1794 4320 2006 4376 quoque

432 4397 575 4452 idem
601 4397 829 4451 fortasse
850 4396 915 4450 ad
939 4410 1030 4450 eos
1051 4395 1198 4450 dedit
1222 4395 1451 4460 litteras,
1479 4409 1599 4465 qua:
1624 4395 1838 4465 quidem
1861 4399 2006 4453 exci-

429 4489 623 4542 derunt
656 4487 851 4559 (Infra.
883 4504 1000 4557 pag.
1026 4485 1095 4540 ‘23
1124 4496 1171 4540 et
1198 4485 1352 4556 seq.).

502 4579 720 4634 Constat
751 4579 963 4647 quidem
997 4578 1257 4632 Hilarium
1290 4588 1416 4633 tunc
1440 4577 1700 4646 temporis
1721 4592 1785 4633 ex
1814 4578 2006 4636 ordine

430 4673 688 4728 Iaicorum
746 4670 910 4726 fuisse
965 4669 1137 4742 (Pag.
1191 4671 1290 4733 I8,
1327 4671 1426 4739 a),
1472 4669 1703 4738 PrOSper
1745 4669 2006 4726 diaconus

430 4767 596 4820 fuisse
618 4763 771 4835 (Pag.
804 4765 854 4830 l,
878 4765 944 4832 a)
974 4779 1039 4818 ex
1066 4778 1132 4818 eo
1161 4763 1381 4817 forsitan
1423 4762 1592 4816 videri
1623 4770 1828 4831 potest,
1860 4763 2006 4832 quod

428 4859 496 4913 de
526 4858 751 4912 Lectttio
779 4855 1009 4908 diacono
1043 4854 1271 4922 loquens
1311 4852 1534 4906 fratrem
1571 4867 1724 4907 suum
1755 4868 1876 4907 eum
1907 4868 2003 4922 ap-

428 4947 615 5016 pellat,
648 4953 702 5000 ct
731 4945 799 4998 ab
825 4943 1127 5012 Augustino
1159 4942 1262 5012 (De
1292 4940 1467 4996 Prced.
1494 4941 1630 5013 SS.)
1658 4951 1712 4998 et
1737 4948 1804 4996 an
1830 4942 2005 4998 (ζωιθ-

427 5040 570 5092 stino
613 5037 759 5109 prior
800 5035 1006 5089 Hilario
1043 5035 1373 5091 nominatur.
1415 5032 1524 5089 Nec
1556 5048 1623 5089 ex
1665 5034 1783 5103 ipso
1823 5043 2002 5088 tamen

428 5129 630 5185 llilario
669 5126 738 5182 de
777 5125 1047 5194 Prospero
1087 5123 1152 5178 ad
1183 5123 1542 5193 Augustinum
1569 5123 1877 5189 scribente,
1911 5141 2006 5179 ne.

427 5235 534 5289 que
562 5219 629 5274 ab
666 5218 778 5274 ullo
807 5217 915 5271 alio
945 5231 975 5270 e
1011 5213 1285 5270 veteribus
1312 5222 1540 5282 apparet
1567 5227 1688 5268 eum
1719 5215 1883 5269 fuisse
1910 5214 2006 5267 ali-

428 5326 538 5382 quo
586 5308 943 5368 ecclesiastici
987 5305 1194 5360 ordinis
1238 5303 1407 5374 gradu
1451 5304 1760 5374 insignitum
1803 5302 2000 5376 (Infra,

426 5420 547 5475 pag.
577 5404 693 5473 25).
719 5403 837 5471 Ipse
860 5407 1091 5456 testatur
1113 5396 1312 5470 (Infra,
1340 5414 1457 5468 pag.
1483 5397 1539 5467 6)
1565 5410 1625 5452 se
1651 5411 1758 5451 non
1780 5397 1998 5466 quidem

425 5496 758 5564 argumentis
805 5507 1061 5563 perverse
1106 5489 1458 5547 sentientium
1506 5489 1576 5547 de
1604 5489 1852 5556 veritate,
1902 5491 1996 5545 sed

423 5585 721 5642 auctoritati
750 5585 1025 5662 imparem,
1054 5601 1112 5639 eo
1138 5583 1276 5652 quod
1299 5582 1514 5636 multum
1536 5581 1635 5652 ipsi
1664 5596 1780 5634 eum
1807 5590 1854 5634 ct
1883 5581 1998 5635 vita

426 5677 618 5735 meritis
661 5674 1038 5742 antecellerent,
1087 5684 1134 5729 et
1179 5676 1339 5744 aliqui
1387 5691 1562 5730 eorum
1610 5671 1795 5744 adepto
1834 5689 1997 5744 nuper

2113 3225 2247 3281 quas
2273 3226 2605 3281 consequens
2631 3224 2760 3269 aetas
2787 3216 2860 3270 ita
2891 3217 3152 3285 suspexit,
3183 3226 3240 3271 ut
3266 3218 3532 3287 supremis
3571 3235 3681 3274 tua-

2110 3302 2200 3372 gni
2227 3303 2413 3371 gratim
2441 3303 2679 3360 doctoris
2706 3305 2980 3362 laboribus
3008 3306 3357 3377 conjungeret
3378 3310 3526 3379 quasi
3557 3325 3681 3380 sup-

2113 3408 2292 3464 pares.
2330 3413 2348 3446 ι

2181 3484 2285 3552 Qui
2311 3497 2460 3540 sana:
2487 3485 2557 3541 de
2583 3486 2788 3542 Christi
2813 3487 2984 3557 gratia
3026 3487 3286 3544 doctrina:
3321 3490 3680 3546 adversaban-

2111 3583 2219 3639 tur,
2252 3589 2357 3628 non
2388 3589 2486 3631 eos
2514 3575 2639 3631 libri
2667 3577 2881 3646 utrique
2903 3592 2934 3631 a
2957 3578 3115 3634 beato
3141 3579 3437 3648 Augustino
3463 3582 3528 3635 ad
3557 3580 3681 3637 Pro-

2110 3679 2327 3733 sperum
2375 3675 2430 3721 et
2477 3665 2745 3722 Hilarium
2783 3667 2973 3736 scripti
3014 3669 3310 3724 auctoritas
3345 3685 3374 3723 a
3413 3671 3678 3726 sententia

2109 3756 2364 3824 dimovit,
2397 3757 2560 3827 hique
2588 3758 2981 3828 posterioribus
3010 3759 3226 3814 saeculis
3264 3760 3678 3833 Semipelagiani

2110 3847 2306 3904 merito
2335 3857 2463 3903 sunt
2489 3849 2766 3918 appellati.
2799 3848 2923 3904 Non
2953 3849 3192 3904 Romana
3219 3854 3384 3905 solum
3407 3851 3682 3918 Africana-

2108 3955 2207 4008 que
2237 3939 2454 3994 concilia
2499 3939 2694 4010 (Infra,
2744 3956 2867 4010 pag.
2915 3939 3040 4010 89),
3073 3949 3121 3993 et
3161 3957 3251 4011 per
3293 3957 3462 3995 omnes
3503 3943 3681 3995 mundi

2111 4043 2283 4103 partes
2328 4033 2549 4086 universi
2594 4033 2952 4103 promissionis
3000 4032 3099 4100 ﬁlii
3143 4032 3232 4100 qui
3280 4042 3428 4087 extra
3478 4031 3680 4088 Gallias

2111 4123 2495 4188 versabantur,
2524 4124 2614 4176 sed
2652 4123 2707 4176 in
2743 4123 2868 4190 ipsis
2907 4130 3062 4175 etiam
3097 4119 3281 4178 Galliis
3326 4122 3535 4193 plurimi
3563 4139 3680 4178 cum

2111 4214 2244 4266 beati
2271 4213 2544 4284 Augustini
2571 4213 2807 4267 doctrina
2834 4210 3048 4283 (Ibid.),
3074 4213 3206 4267 sicut
3229 4213 3282 4266 in
3311 4222 3414 4267 tota
3443 4215 3575 4283 ﬁde,
3606 4217 3681 4269 ita

2108 4307 2166 4359 in
2195 4307 2375 4378 gratia:
2403 4308 2719 4377 confessione
2737 4305 3114 4375 congruebant,
3146 4314 3190 4359 et
3215 4307 3281 4359 ad
3311 4307 3680 4376 perceptionem

2109 4399 2410 4469 evangelica:
2449 4398 2837 4470 apostolicaque
2881 4397 3130 4452 doctrinae
3174 4397 3526 4452 saluberrimis
3568 4401 3680 4468 ejus

2033 4487 2086 4548 D
2112 4491 2540 4559 disputationibus
2581 4489 2954 4544 imbuebantur.
3004 4488 3388 4544 Verumtamen
3434 4505 3465 4545 e
3508 4489 3679 4546 Gallis

2109 4596 2215 4636 non
2247 4581 2402 4650 pauci
2437 4589 2630 4636 sancto
2658 4580 2936 4647 Antistiti,
2971 4583 3232 4649 pracipua
3259 4582 3375 4636 licet
3405 4591 3523 4636 tunc
3552 4591 3679 4638 esset

2107 4671 2274 4739 portio
2325 4669 2530 4724 Domini
2577 4670 2930 4735 sacerdotum,
2977 4670 3188 4725 occultis
3237 4671 3677 4726 susurrationibus

2107 4758 2529 4830 obloquebantur,
2569 4770 2613 4814 et
2660 4769 2816 4831 prout
2855 4770 3167 4832 Opportunas
3209 4761 3497 4829 aliquorum
3527 4779 3678 4819 aures

2103 4852 2446 4919 reperiebant,
2477 4852 2665 4923 scripta
2692 4852 2839 4919 eius,
2876 4851 3058 4920 quibus
3096 4866 3244 4904 error
3273 4849 3676 4922 Pelagianorum

2103 4943 2454 5013 impagnatur,
2483 4941 2819 5011 infatuabant,
2854 4949 3111 5008 tantaeque
3144 4941 3344 5010 pietatis
3380 4943 3488 4998 viro
3519 4960 3676 5016 paga-

2105 5052 2288 5091 norum
2334 5045 2383 5091 et
2426 5035 2829 5089 Manichaeorum
2872 5033 3185 5102 impietatem
3221 5035 3558 5089 ascribebant.
3593 5033 3674 5089 Ita

2103 5129 2156 5182 in
2182 5144 2295 5182 eum
2321 5136 2510 5182 statum
2534 5126 2784 5180 deducere
2811 5140 3018 5178 causam
3045 5123 3290 5179 Ecclesia:
3311 5127 3670 5191 moliebantur,

2103 5227 2159 5272 ut
2187 5220 2308 5272 dum
2334 5217 2610 5272 catholicos
2637 5215 2953 5285 afﬁrmabant
2982 5233 3084 5270 non
3113 5220 3354 5270 veraciter
3383 5233 3474 5285 pro
3503 5218 3672 5288 gratia

2107 5304 2319 5372 locutos,
2353 5306 2668 5375 Pelagianos
2695 5307 2886 5376 injuste
2911 5307 3180 5360 damnatos
3209 5307 3366 5376 fuisse
3392 5308 3670 5377 persuade-

2104 5405 2216 5450 rent
2248 5394 2442 5467 (Infra,
2467 5411 2583 5466 pag.
2611 5394 2758 5465 508).

2175 5485 2302 5551 Qua:
2324 5486 2368 5541 si
2395 5501 2510 5540 uera
2529 5493 2689 5539 essent
2709 5483 2869 5557 (Pag.
2892 5484 2960 5539 89
2986 5491 3032 5537 et
3053 5481 3207 5552 seq.),
3233 5492 3286 5536 et
3310 5482 3363 5537 in
3385 5483 3560 5553 aliquo
3582 5499 3660 5540 cr-

2099 5586 2270 5632 ratum
2301 5575 2490 5631 fuisset
2512 5575 2580 5630 ab
2600 5576 2919 5646 AuguSIino,
2950 5589 3046 5628 cur
3069 5574 3168 5644 ipsi
3202 5574 3665 5642 praedicationibus

2100 5667 2218 5740 eius
2245 5683 2350 5724 non
2380 5668 2722 5737 resistebant,
2760 5681 2860 5723 nec
2909 5666 3098 5723 saltem
3141 5665 3408 5735 aliquibus
3449 5666 3666 5736 scriptis
