4088 6176
403 238 473 292 as
521 222 528 229 ’
1478 228 1635 285 VlTA
1673 226 1730 284 s.
1771 223 2104 283 messem
2139 221 2490 289 AQUl’l‘ANl.
3584 218 3655 274 ac

403 364 528 406 eum
550 361 584 400 a
609 360 718 413 quo
741 344 861 400 talis
879 344 1164 399 emanabat
1179 342 1422 398 doctrina
1445 357 1548 397 non
1567 341 1979 397 conveniebant.
2010 344 2064 403 Α

402 439 455 497 Is
497 437 741 508 prolecto
785 434 1090 489 auscultare
1147 449 1252 488 non
1299 434 1570 488 rennisset
1620 429 1984 493 monentibus,

403 541 666 600 quantum
687 525 788 597 ipsi
817 528 962 582 salva
989 526 1214 580 veritate
1241 524 1502 579 licuisset.
1537 523 1602 578 Et
1629 535 1758 576 sane
1798 533 1988 589 magna

402 623 574 695 gloria
607 636 704 676 sua
729 619 1128 674 consuluissent
1175 618 1409 671 humano
1457 614 1665 686 generi,
1726 611 1772 667 si
1808 614 1990 680 Augu-

403 716 607 770 stinum
634 713 704 766 ab
726 725 912 768 errore
943 718 1306 766 revocassent.
1331 708 1512 778 Neque
1538 718 1653 762 erat
1691 707 1828 774 quod
1859 720 1988 759 cen-

403 815 592 864 serent
617 819 934 876 magnorum
966 803 1113 872 prius
1136 804 1447 856 meritorum
1470 799 1608 866 seni,
1640 799 1792 867 cujus
1818 797 1986 852 libros

407 913 567 954 nemo
589 897 880 966 reciperet,
922 892 1308 950 honorabiliter
1356 901 1520 964 atque
1572 888 1992 945 misericorditer

410 989 828 1061 ignoscendum.

475 1081 549 1135 At
579 1080 753 1134 timidi
798 1090 1051 1133 censores
1095 1076 1438 1133 adversarios
1485 1074 1615 1129 tanti
1657 1072 1760 1127 viri
1816 1071 1990 1141 palam

407 1170 652 1242 proﬁteri
683 1185 744 1225 se
764 1184 869 1224 non
897 1168 1189 1234 audebant,
1215 1167 1364 1237 gnari
1389 1165 1841 1236 perhunoriﬁcum
1873 1175 1993 1216 esse

408 1265 648 1318 omnium
662 1264 731 1318 de
743 1262 1098 1331 eojudicium,
1112 1276 1211 1316 nec
1224 1261 1414 1315 deesse
1435 1260 1522 1329 qui
1540 1259 1733 1313 famam
1759 1257 1873 1325 ejus
1887 1256 1994 1310 for-

411 1356 536 1410 titer
555 1369 619 1408 ac
634 1364 850 1407 strenue
881 1360 1180 1406 tuerentur.
1229 1351 1448 1405 Moleste
1475 1349 1717 1404 ferebant
1738 1346 1876 1416 quod
1911 1345 1993 1399 his

409 1461 533 1516 qua:
565 1444 825 1499 adversus
863 1442 1298 1496 excellentissima:
1324 1440 1646 1493 auctoritatis
1672 1438 1834 1490 virum
1865 1437 1995 1489 inter

411 1536 603 1589 multas
626 1533 924 1588 collatioues
947 1541 1266 1586 asseruerant
1295 1530 1526 1598 Prosper
1550 1528 1846 1583 resisteret.
1885 1524 1995 1580 Nec

411 1625 749 1689 dubitabant,
773 1625 815 1677 si
829 1639 982 1693 quam
1000 1622 1120 1675 hinc
1132 1630 1381 1674 moverent
1401 1620 1728 1689 quwstionem
1753 1617 1806 1670 in
1829 1616 1995 1682 quali-

2180 335 2381 384 lnsanas
2403 333 2642 397 pepulere
2665 333 2813 394 feras,
2835 335 3071 385 industria
3095 332 3264 395 major,

2182 397 2334 458 Majus
2355 396 2498 458 opus,
2528 405 2678 446 totum
2703 399 3008 457 praestantius
3035 397 3203 444 imbuit
3223 396 3412 458 orbem.

2183 457 2222 505 N
2229 457 2302 504 ain
2325 457 2628 519 quecumque
2653 458 2852 518 gradum
2875 459 3117 507 convertit
3138 457 3337 507 callidus
3358 457 3532 518 hostis,

2184 521 2390 580 Quaque
2415 532 2502 579 per
2525 520 2755 580 ambages
2778 532 2955 579 anceps
2979 519 3073 566 iter
3103 521 3204 580 egit
3228 525 3442 580 apertas,

2183 578 2336 638 Hujus
2359 578 2423 627 ab
2441 593 2644 627 occursu
2671 578 2745 628 est
2763 578 3057 640 praeventus,
3082 578 3215 640 mille
3239 578 3420 628 viarum

2182 640 2374 688 lusidiis
2393 641 2568 688 aditum
2594 653 2686 688 non
2710 639 3105 701 rej'iperientibus
3123 639 3290 688 ullum.

2183 701 2397 762 Cumque
2423 701 2540 750 foris
2560 702 2719 749 rabies
2737 701 3200 762 avidorumexclusa
3223 701 3446 761 luporum

2183 760 2476 824 Erenderet,
2499 764 2646 824 inque
2665 775 2835 810 omnes
2857 761 3102 809 mendacia
3129 760 3349 810 verteret
3373 767 3536 809 artes:

2183 821 2258 885 Ne
2282 821 2473 870 mentes
2496 821 2702 885 ullarum
2725 824 2886 870 ovium
2919 835 3234 885 corrumpere
3260 827 3439 885 posset,

2183 883 2292 944 Neu
2316 885 2458 931 dubia
2477 884 2683 944 obliquis
2705 885 2924 931 turbaret
2953 884 3095 931 corda
3119 885 3357 944 querelis,

2183 943 2330 992 Istius
2353 958 2438 992 ore
2463 947 2547 993 \it‘i
2575 943 2688 994 fecit
2705 945 2838 993 Deus
2863 959 2872 992 :
2902 947 3040 992 istius
3062 943 3149 993 ore

2184 1003 2403 1052 Flumina
2430 1005 2660 1068 librorum
2685 1006 2914 1068 mundum
2935 1005 3173 1053 efﬂuxere
3199 1018 3286 1068 per
3307 1015 3521 1068 omnem,

2186 1067 2304 1123 Quae
2328 1068 2470 1114 mites
2494 1067 2802 1126 humilesque
2821 1067 3011 1121 bibunt.
3037 1067 3314 1126 campisque
3337 1067 3603 1114 animorum

2185 1127 2384 1176 Certant
2405 1129 2558 1176 vitalis
2579 1129 2809 1178 doctrina:
2834 1130 3101 1177 immittere
3124 1130 3270 1175 rivos.

2165 1254 2424 1308 Fidelium
2457 1254 2675 1308 fratrum
2712 1269 2934 1309 suorqu
2977 1254 3240 1309 cltaritate
3275 1253 3466 1307 ductus
3521 1251 3666 1318 Opus

2094 1347 2328 1414 suscepit
2347 1355 2450 1398 tam
2474 1346 2722 1414 arduum,
2746 1359 2851 1415 quo
2875 1345 2988 1414 pias
3020 1354 3230 1400 mentes
3255 1345 3433 1399 studio
3472 1342 3667 1396 verita-

2094 1437 2165 1492 tis
2184 1438 2532 1504 accenderet,
2572 1438 2858 1506 gliscentes
2904 1437 3152 1507 malignis
3198 1436 3429 1490 hostium
3460 1434 3668 1489 artibus

2095 1548 2305 1588 errores
2326 1534 2393 1588 ab
2414 1534 2481 1588 iis
2520 1533 2832 1602 depelleret,
2861 1535 3192 1604 gratiamque
3225 1532 3536 1585 meritorum
3571 1543 3669 1581 no-

2096 1635 2328 1679 strorum
2350 1626 2605 1680 artiﬁcem
2633 1642 2736 1680 non
2759 1641 2891 1695 opus
2923 1641 3042 1681 esse
3066 1625 3365 1680 luculenter
3391 1638 3453 1677 ac
3479 1622 3671 1692 jucun-

411 1718 492 1770 bet
524 1716 808 1785 frequentia
838 1713 1182 1780 sacerdotum,
1211 1716 1264 1764 in
1277 1709 1894 1780 qualibetcongregalione
1912 1722 1996 1775 ρο·
2023 1707 2070 1766 Β
2097 1714 2164 1770 de
2192 1715 2472 1768 edoceret:
2506 1715 2644 1783 quod
2668 1715 2781 1784 ipse
2802 1717 2880 1768 sic
2921 1715 3174 1782 exprimit
3215 1715 3266 1768 in
3293 1714 3467 1783 capite
3507 1709 3670 1766 totius

411 1807 912 1880 pulorum,centenis
941 1806 1038 1859 sibi
1060 1804 1335 1859 beatissimi
1357 1802 1630 1873 Augustini
1656 1798 1996 1854 voluminibus

412 1901 724 1954 obriandum
741 1900 882 1967 fore:
903 1913 1024 1968 quae
1053 1912 1173 1952 cum
1206 1895 1442 1950 tenebris
1477 1892 1860 1949 calumniarum
1881 1891 1995 1945 dis-

414 1990 608 2059 pulsis,
641 1989 892 2044 cordibus
940 1988 1270 2042 audientium
1325 1985 1666 2041 manifestare
1707 1982 1998 2050 coepissent

414 2081 844 2151 potentissimam
867 2078 1182 2134 Christiana:
1221 2077 1344 2131 ﬁdei
1373 2077 1677 2139 veritatem,
1698 2079 1943 2128 vetarent
1965 2085 1994 2124 a

419 2173 525 2240 piis
571 2182 624 2227 et
654 2172 898 2226 ﬁdelibus
925 2171 1096 2238 recipi
1131 2166 1540 2222 amaritudinem
1589 2163 1736 2218 illam
1774 2161 1999 2215 fumosae.

418 2262 672 2319 vanitatis
692 2261 986 2317 volentium
1012 2264 1063 2315 in
1083 2274 1180 2314 sua
1204 2258 1410 2328 justitia
1435 2255 1605 2324 magis
1633 2269 1789 2322 quam
1820 2253 1873 2306 in
1902 2251 1998 2307 Dei

418 2355 590 2424 gratia
641 2353 880 2422 gloriari.
930 2350 1095 2420 Igitur
1139 2350 1269 2404 satis
1311 2347 1584 2401 habebant
1623 2344 1835 2399 occulta
1873 2357 2000 2397 eum

415 2445 812 2502 obtrectatione
828 2443 1096 2507 mordere,
1111 2455 1270 2512 quem
1285 2454 1393 2495 non
1407 2437 1676 2493 audebant
1692 2443 2002 2491 constanter

418 2551 649 2606 arguere
675 2533 830 2606 (Pag.
863 2533 978 2604 87).
1004 2533 1227 2600 Insuper
1253 2529 1472 2586 eosdem
1500 2540 1747 2583 rumores
1782 2525 1836 2580 in
1882 2524 2000 2594 ejus

419 2630 719 2697 discipulos
787 2626 1230 2689 disseminabant,
1275 2639 1345 2679 ne
1396 2624 1514 2692 quis
1537 2622 1650 2692 jam
1696 2627 2003 2689 superesset

421 2719 578 2787 cujus
615 2719 938 2773 auctoritate
976 2717 1301 2787 pellerentur
1343 2727 1556 2770 errores
1583 2755 1599 2779 ,
1655 2726 1787 2783 quos
1836 2711 1911 2766 illi
1971 2726 2002 2767 a

421 2811 674 2866 ﬁdelibus
725 2809 939 2880 probari
990 2807 1279 2877 cupiebant
1323 2805 1482 2876 (Pag.
1514 2805 1629 2874 98).

960 2916 1344 2975 ARTICULUS
1386 2916 1449 2972 V.

421 3012 590 3067 Suam
616 3010 987 3082 Augustinique
1014 3009 1203 3082 famam
1227 3007 1452 3082 defendit
1487 3005 1549 3060 S.
1593 3002 1843 3074 Prosper,
1875 3003 2004 3059 scri-

850 3080 1016 3148 bitque
1037 3081 1280 3132 adversus
1299 3079 1546 3147 ingratos.

495 3175 720 3230 Ruﬁnus
743 3173 994 3243 Prosperi
1019 3173 1224 3227 amicus
1265 3169 1570 3225 rumoribus
1620 3169 1686 3223 iis
1710 3169 1800 3239 qui
1824 3167 1893 3224 de
1920 3183 2005 3223 er-

420 3266 640 3322 roribus
657 3265 907 3320 familiari
931 3278 1028 3318 suo
1075 3271 1280 3318 temere
1303 3262 1494 3316 alﬁctis
1515 3259 2004 3316 disseminabantur

423 3365 750 3424 commotus,
779 3357 982 3412 litteras
1005 3355 1072 3410 ad
1095 3370 1215 3410 eum
1233 3355 1382 3410 dedit
1401 3353 1600 3428 (Infra,
1626 3371 1748 3426 pag.
1779 3354 1892 3423 87).
1928 3355 2006 3406 Ac

423 3452 544 3522 ejus
571 3451 786 3520 quidem
818 3451 1043 3515 litteras,
1066 3457 1121 3501 ut
1149 3449 1394 3518 fraterna:
1443 3447 1804 3502 sollicitudinis
1834 3454 1881 3501 et
1899 3447 2008 3500 sin-

424 3544 698 3598 cm’ssima:
747 3542 1012 3594 charitatis
1052 3541 1245 3595 indices
1304 3540 1537 3608 Prosper
1571 3540 1795 3608 accepit,
1840 3537 2009 3607 pluri-

429 3635 638 3702 busque
650 3633 714 3687 ad
735 3648 858 3687 eum
881 3631 1177 3700 rescripsit,
1199 3630 1506 3699 plenissima
1520 3631 1745 3684 veritate
1766 3628 2008 3698 pandens

429 3726 612 3779 omnia
642 3739 760 3792 qua:
784 3735 895 3777 tum
943 3723 1012 3777 de
1055 3722 1346 3790 Augustino
1384 3721 1522 3790 ipso,
1575 3730 1685 3772 tum
1736 3719 1804 3773 de
1847 3719 2010 3785 ipsius

429 3815 712 3883 discipulis
735 3814 801 3867 ad
827 3815 1042 3867 inanem
1069 3813 1320 3867 invidiam
1361 3812 1668 3866 ferebantur
1709 3810 2013 3866 refereban-

432 3917 647 3976 turque.
675 3905 854 3960 Multis
879 3904 931 3960 in
963 3905 1095 3961 locis
1130 3904 1291 3973 hujus
1329 3919 1443 3958 suae
1473 3903 1713 3973 epistolae
1741 3903 1808 3958 de
1831 3901 2009 3972 Augu-

431 3999 583 4053 stino
612 3999 843 4067 loquitur
871 4004 1142 4066 tamquam
1182 3996 1358 4051 adhuc
1391 3996 1681 4064 superstite
1714 4013 1727 4050 :
1772 3996 1861 4065 qui
1890 4010 2010 4050 cum

431 4089 525 4142 die
544 4087 614 4141 9.8
640 4087 859 4157 Augusti
888 4087 1011 4140 anni
1030 4086 1137 4141 450
1161 4087 1268 4141 vita
1298 4088 1607 4152 excesserit,
1640 4100 1861 4154 prorsus
1887 4093 2012 4139 ante

431 4179 599 4234 ﬁnem
631 4177 785 4246 hujus
811 4179 934 4231 anni
982 4177 1266 4246 epistolam
1315 4178 1567 4245 scriptam
1594 4176 1756 4230 fuisse
1792 4191 2014 4231 necesse

431 4281 522 4329 est
566 4271 780 4341 (Infra,
817 4287 936 4340 pag.
993 4269 1083 4335 89,
1116 4270 1227 4340 99).
1254 4270 1310 4324 ln
1351 4285 1413 4325 ea
1454 4269 1830 4324 animadvertit
1897 4270 2014 4338 ple-

433 4380 634 4436 fasque
657 4373 841 4434 gentes
854 4373 979 4419 tunc
1000 4366 1226 4433 primum
1241 4363 1560 4420 Christianm
1573 4365 1756 4436 gratia:
1770 4365 1880 4420 ﬁeri
1908 4379 2018 4421 cce-

433 4459 583 4526 pisse
622 4457 926 4526 participes,
968 4472 1128 4525 quam
1183 4471 1368 4512 revera
1421 4457 1568 4511 circa
1605 4456 1744 4512 hanc
1801 4467 2013 4512 aetatem
2045 4436 2096 4494 Ῑ)

432 4551 628 4605 beatus
657 4549 924 4605 Palladius
939 4549 1190 4606 Hibernis
1209 4549 1386 4604 intulit
1419 4549 1625 4621 (Naris.
1656 4550 1792 4604 Hist.
1826 4549 2008 4621 Pelag.

434 4645 474 4697 l.
508 4643 534 4696 1
568 4659 614 4694 c.
640 4644 717 4710 5).
1087 4673 1090 4678 -

510 4735 700 4790 Adhuc
723 4735 921 4790 vixisse
940 4735 1150 4791 videtur
1170 4735 1501 4803 Augustinus
1527 4749 1647 4790 cum
1688 4749 1716 4788 a
1751 4735 2018 4804 Prospero

438 4827 494 4881 in
522 4825 768 4880 Carmine
794 4825 1309 4894 adversuslngratos
1334 4837 1439 4879 tam
1464 4826 1758 4895 magniﬁcis
1795 4827 2020 4882 extolle-

436 4916 602 4972 batur
627 4915 872 4972 laudibus
902 4916 1096 4987 (Infra,
1122 4933 1244 4987 pag.
1269 4915 1403 4985 ηδ,
1432 4931 1481 4970 υ.
1513 4916 1582 4972 90
1602 4926 1646 4971 et
1683 4934 1826 4988 seq.,'
1859 4917 2020 4972 Merc.

436 5009 612 5064 tom.l
646 5025 767 5079 pag.
803 5008 965 5081 101):

535 5120 610 5184 ᾼη
634 5120 777 5184 alium
805 5122 850 5168 in
875 5119 1018 5184 ﬁnem
1045 5129 1210 5184 posset
1232 5120 1503 5184 procedere
1532 5129 1747 5170 sanctum

535 5181 820 5244 Concilium,
842 5184 922 5230 cui
945 5181 1056 5230 dux’
1071 5181 1322 5244 Aurelius,
1357 5184 1710 5244 ingeniumque

537 5243 841 5305 dugustinus
858 5249 985 5303 erat,
1006 5257 1156 5305 quem
1180 5243 1356 5293 ChriSti
1381 5243 1533 5304 gratia
1559 5257 1708 5293 cornu

541 5301 786 5353 Uberiore
805 5301 991 5366 rigans,
1013 5301 1177 5353 nostro
1192 5305 1358 5353 lumen
1377 5301 1508 5354 dedit
1532 5318 1656 5363 aevo,

538 5365 810 5414 Accensum
836 5365 954 5415 vero
975 5365 1038 5414 de
1067 5367 1248 5414 lumine
1281 5381 1291 5415 :
1313 5378 1421 5414 nam
1455 5369 1593 5416 cibus
1618 5367 1688 5414 illi

536 5425 599 5489 Et
625 5430 720 5476 vita
746 5435 798 5475 et
819 5429 1020 5489 requies
1041 5427 1174 5475 Deus
1198 5435 1297 5486 est;
1321 5429 1577 5489 omnisque
1603 5427 1839 5489 voluptas,

540 5443 599 5476 nt
625 5443 720 5476 vna
746 5443 798 5475 et
819 5443 894 5476 τε(
911 5443 1020 5477 ures
1041 5443 1174 5475 ueus
1198 5443 1297 5486 est;
1321 5443 1577 5489 omnisque
1603 5443 1839 5488 vctuptas.

540 5487 678 5536 Unus
702 5502 833 5536 amor
857 5443 1027 5538 Citristi
1056 5497 1149 5549 est,
1176 5503 1301 5537 unus
1320 5487 1494 5549 Christi
1522 5497 1598 5536 est
1613 5488 1773 5549 honor
1791 5487 1894 5537 illi?

541 5549 602 5597 Et
623 5549 735 5595 dum
755 5550 879 5598 nulla
903 5552 994 5598 sibi
1017 5548 1183 5599 tribuit
1201 5553 1343 5608 bona,
1366 5548 1416 5596 ﬁt
1438 5551 1570 5598 Deus
1594 5548 1658 5596 illi

540 5610 739 5673 Qmuia,
766 5617 817 5658 ct
842 5612 888 5658 in
916 5623 1080 5660 sancto
1103 5619 1279 5673 regnat
1301 5611 1550 5672 Sapientia
1577 5609 1778 5667 templo.

542 5668 688 5720 istius
707 5685 824 5731 ergo
851 5674 976 5722 inter
997 5668 1194 5723 cunctos
1215 5675 1297 5735 qui
1323 5668 1382 5722 de
1404 5687 1562 5735 grege
1585 5681 1748 5721 sancto

2095 1804 2358 1875 poematis
2387 1804 2582 1875 (Infra,
2617 1822 2734 1876 pag.
2768 1806 2891 1870 115,
2916 1822 2962 1860 υ.
3000 1806 3027 1859 1
3061 1814 3106 1859 et
3136 1804 3266 1873 seq.)
3298 1822 3311 1857 :

2187 1933 2469 1996 Congenitte
2493 1936 2540 1982 in
2565 1933 2751 1984 Christo
2773 1935 2936 1995 gentis
2957 1933 3073 1981 mihi
3097 1940 3257 1981 castus
3278 1931 3339 1980 ab
3369 1931 3464 1981 alto

2189 1996 2462 2057 insinuatus
2479 2008 2610 2044 amor
2638 1997 2856 2057 proprias
2878 1997 3126 2044 excedere
3146 1995 3276 2042 vires

2189 2055 2268 2118 Me
2288 2055 2448 2116 jubet,
2475 2064 2622 2118 atque
2641 2055 2748 2118 pias
2776 2059 3052 2105 accendere
3077 2057 3291 2118 carmine
3315 2057 3528 2102 mentes.

2187 2116 2262 2167 Ne
2289 2125 2393 2178 post
2411 2116 2683 2167 confectum
2711 2119 2924 2167 celebris
2958 2118 3155 2166 victoria
3179 2116 3363 2164 bellum

2190 2179 2403 2226 Securos
2420 2181 2604 2228 animos
2629 2180 2818 2228 incauta
2843 2192 2961 2238 pace
2989 2179 3215 2227 resolvat.

2191 2238 2292 2301 Ceu
2315 2245 2475 2288 metus
2501 2241 2620 2289 eliso
2637 2243 2731 2301 jam
2755 2237 2914 2288 nullus
2946 2242 3006 2288 ab
3031 2241 3168 2288 hoste
3192 2237 3428 2298 supersit,

2191 2299 2296 2350 Nec
2320 2308 2466 2364 caput
2488 2299 2650 2351 attriti
2669 2303 2877 2352 virosum
2911 2302 3115 2363 palpitet
3147 2302 3334 2362 anguis.

2171 2443 2401 2499 Carmen
2445 2445 2573 2500 illud
2609 2459 2764 2500 suum
2796 2444 3069 2513 inscripsit
3099 2444 3161 2498 de
3185 2441 3434 2514 Ingratis.
3508 2441 3678 2498 Nemo

2102 2535 2243 2589 enim
2270 2537 2484 2606 gravius
2510 2537 2704 2607 ingrati
2726 2537 2889 2592 animi
2920 2539 3053 2591 vitio
3087 2537 3295 2591 laborat
3319 2551 3474 2605 quam
3501 2535 3589 2605 qui
3617 2549 3679 2590 ea

2101 2625 2156 2680 in
2183 2627 2361 2697 seipso
2389 2627 2648 2697 liberique
2677 2628 2884 2682 arbitrii
2920 2629 3121 2682 viribus
3153 2628 3326 2697 posita
3360 2636 3528 2696 putat,
3559 2641 3680 2696 quae

2103 2717 2333 2772 maxima
2359 2718 2742 2773 misericordiae
2761 2734 2822 2773 ac
2850 2719 3250 2787 omnipotentiae
3266 2709 3563 2773 Salvator-is
3584 2718 3680 2771 do-

2105 2823 2175 2862 na
2221 2818 2348 2864 sunt
2392 2825 2456 2864 ac
2493 2809 2774 2864 beneﬁcia.
2812 2829 2832 2862 α
2858 2809 2969 2865 lloc
2993 2825 3154 2880 porro
3201 2825 3387 2878 poema
3441 2809 3680 2863 omnium

2106 2901 2442 2971 splendidius
2469 2905 2843 2974 prolixiusque
2892 2919 3012 2974 quae
3058 2903 3290 2973 Prosper
3335 2902 3522 2966 edidit,
3564 2902 3685 2955 nul-

2105 2990 2321 3062 lumque
2346 2994 2489 3048 aliud
2518 2995 2568 3048 in
2599 3009 2704 3064 quo
2731 2995 2848 3064 ejus
2891 2994 3090 3063 ingenii
3114 2993 3196 3048 vis
3228 3003 3281 3047 et
3303 3007 3528 3048 acumen
3571 2992 3685 3046 elu-

2031 3065 2077 3133 C
2107 3093 2225 3138 ceat
2247 3085 2436 3154 magis.
2460 3084 2648 3140 Nobile
2671 3087 2839 3154 Opus,
2871 3086 3079 3154 magnis
3116 3085 3426 3148 sententiis,
3479 3084 3685 3153 magnis

2105 3175 2370 3242 sensibus,
2385 3177 2683 3246 magniﬁcis
2699 3177 2928 3248 denique
2945 3177 3124 3232 verbis
3149 3185 3201 3230 et
3221 3176 3579 3230 locutionibus
3595 3190 3687 3230 co-

2105 3268 2348 3323 alescens
2363 3287 2374 3321 :
2391 3270 2631 3338 quamvis
2645 3271 2907 3342 ejusmodi
2923 3270 3197 3324 materiam
3213 3277 3547 3337 tractemus:
3565 3268 3688 3323 libe-

2105 3373 2196 3413 ros
2217 3359 2336 3414 illos
2359 3374 2422 3415 ac
2441 3361 2808 3429 vehementes,
2827 3363 3010 3432 quales
3034 3361 3212 3431 poesis
3235 3362 3486 3429 postulat,
3513 3370 3687 3414 motus

2116 3449 2203 3503 vix
2219 3450 2461 3506 admittat
2497 3455 2693 3522 (Antel.
2718 3453 2857 3508 Diss.
2879 3453 2977 3525 0p.
3003 3453 3160 3507 Leon.
3184 3475 3235 3523 ν.
3254 3456 3399 3525 417).
3424 3472 3442 3504 ι
3461 3452 3686 3507 Carmen

2110 3539 2242 3595 illud
2257 3545 2542 3598 vernaculo
2559 3543 2790 3599 reddidit
2804 3554 2910 3598 tum
2926 3546 3106 3600 stricta
3118 3556 3247 3611 ,tum
3262 3551 3431 3602 soluta
3448 3544 3688 3599 oratione

2110 3639 2191 3692 vir
2241 3651 2357 3689 aevo
2391 3635 2656 3702 superiori
2698 3635 2916 3689 eximiae
2987 3635 3199 3704 pietatis
3239 3637 3395 3690 laude
3448 3636 3688 3704 insignis.

2112 3727 2360 3796 Ejusdem
2375 3741 2586 3795 quoque
2619 3727 2687 3779 ab
2713 3726 3073 3780 eruditissimo
3101 3742 3250 3781 novae
3290 3727 3692 3781 Ecclesiastico-

2112 3832 2229 3871 rum
2264 3815 2598 3884 Scriptorum
2624 3814 2972 3869 Bibliotheca:
3001 3825 3221 3870 auctore
3244 3815 3357 3870 fusa
3395 3825 3446 3870 et
3476 3817 3692 3884 copiosa

2113 3904 2359 3962 confecta
2379 3915 2461 3959 est
2482 3904 2718 3975 analysis
2745 3904 2969 3974 (Dupin.
3001 3916 3124 3958 tom.
3159 3905 3226 3961 ιγ
3248 3924 3300 3976 ρ.
3333 3906 3439 3961 445
3462 3917 3506 3961 et
3536 3906 3690 3976 seq.).

2184 3997 2434 4053 Accusati
2482 4011 2513 4050 a
2562 3996 2831 4065 Prospero
2869 3996 3317 4067 Semipelagiani,
3365 3999 3503 4068 quod
3543 3998 3693 4052 dete-

2115 4107 2242 4162 gere
2259 4105 2354 4145 sua
2379 4105 2536 4145 sensa
2554 4090 2984 4156 reformidarent,
3004 4091 3256 4146 videntur
3274 4093 3416 4145 illam
3442 4091 3697 4146 crimina-

2118 4183 2316 4238 tionem
2344 4182 2610 4252 repellere
2638 4182 2895 4237 voluisse.
2925 4185 2998 4237 Ex
3027 4184 3091 4237 iis
3113 4198 3249 4238 unus
3277 4185 3375 4238 sub
3405 4183 3580 4238 alieno
3601 4198 3697 4238 no-

2119 4276 2264 4330 mine
2292 4285 2387 4328 aut
2429 4273 2664 4342 scripsit,
2705 4284 2801 4328 aut
2848 4275 3088 4330 scribere
3131 4290 3191 4330 se
3243 4275 3380 4329 velle
3425 4274 3697 4343 professus

2119 4378 2220 4423 est.
2253 4367 2404 4422 Hunc
2448 4366 2681 4438 Prosper
2736 4367 2938 4437 duplici
2995 4367 3380 4436 epigrammate
3426 4367 3701 4436 prnsvertit

2122 4459 2316 4531 (Infra,
2351 4475 2402 4526 p.
2459 4458 2604 4529 191),
2648 4459 2703 4512 in
2733 4473 2842 4529 quo
2863 4460 3216 4528 Augustinum
3246 4459 3419 4514 adhuc
3465 4460 3517 4514 in
3559 4457 3700 4514 vivis

2122 4553 2286 4607 luisse
2303 4551 2512 4607 videtur
2533 4551 2675 4606 velut
2696 4566 2807 4606 rem
2833 4550 3182 4605 indubitatam
3212 4565 3537 4620 supponere.
3570 4551 3696 4606 llaec

2125 4645 2389 4714 Prospero
2421 4643 2700 4699 tribuenda
2727 4643 2780 4698 in
2804 4643 3025 4697 dubium
3049 4657 3304 4698 revocare
3327 4643 3536 4698 videtur
3568 4642 3703 4698 Gar-

2125 4737 2309 4791 nerius
2329 4736 2513 4806 (Merc.
2530 4747 2650 4789 tom.
2677 4736 2743 4802 ll,
2762 4735 2902 4788 adm.
2918 4736 2970 4788 in
2985 4735 3184 4791 collect.
3200 4751 3404 4805 excerp.
3427 4734 3663 4805 Nestor.)
3685 4753 3698 4789 :

2125 4831 2280 4899 cujus
2300 4845 2407 4884 suae
2442 4830 2759 4898 suspicionis
2813 4839 3142 4884 momentum
3184 4830 3350 4884 ullum
3379 4845 3482 4885 non
3515 4839 3703 4899 protu-

2124 4924 2209 4988 iit,
2243 4938 2343 4978 nec
2397 4923 2534 4977 forte
2581 4922 2734 4976 facile
2765 4923 3074 4992 reperisset,
3130 4937 3250 4977 cum
3289 4937 3319 4976 a
3347 4921 3486 4976 Beda
3539 4935 3701 4974 unum

2129 5031 2191 5071 ex
2223 5017 2304 5068 liis
2325 5015 2426 5068 sub
2457 5015 2667 5068 nomine
2686 5013 2934 5085 Prosperi
2961 5014 3194 5069 rhetoris
3221 5013 3440 5068 citatum
3467 5013 3702 5082 legatur;

2128 5107 2257 5161 illud
2285 5121 2480 5174 nempe
2502 5105 2641 5174 quod
2671 5105 2739 5159 ab
2770 5106 2854 5160 his
2899 5106 3076 5160 verbis
3115 5105 3302 5172 incipit
3336 5122 3348 5158 :
3379 5102 3566 5157 Contra
3594 5102 3705 5155 Au-

2127 5199 2410 5267 gustinum,
2435 5205 2540 5252 etc.
2565 5195 2808 5265 Utroque
2839 5198 2957 5252 loco
2984 5197 3321 5251 Vincentium
3373 5192 3707 5247 Lirinensem

2128 5291 2393 5359 designari
2419 5291 2635 5360 quidam
2661 5289 3022 5358 suspicantur,
3054 5303 3212 5356 quem
3243 5287 3498 5340 ementito
3533 5284 3711 5339 nomi-

2129 5399 2198 5439 ne
2243 5383 2727 5439 Commonitorium
2779 5397 2933 5435 suum
2965 5390 3150 5434 contra
3194 5378 3548 5449 Augustinum
3597 5377 3713 5432 edi.

2128 5477 2275 5530 (lisse
2305 5489 2446 5528 anno
2473 5473 2576 5528 454
2627 5473 2999 5528 criminantur.
3058 5469 3177 5525 Non
3231 5469 3369 5524 alius
3405 5478 3522 5524 erat
3545 5468 3714 5536 magis

2131 5568 2359 5622 idoneus
2382 5567 2470 5635 qui
2509 5565 2866 5633 Augustinum
2914 5561 3129 5629 scriptis
3180 5567 3524 5632 provocarat,
3550 5573 3712 5625 quam

2133 5659 2441 5723 Cassianus,
2481 5671 2639 5725 quem
2671 5654 2879 5712 duobus
2931 5653 3340 5727 Epigramxnatis
3377 5650 3484 5723 peti
3505 5647 3596 5703 alii
3625 5661 3716 5713 au,
