4088 6176
455 269 524 327 27
1527 280 1686 335 VlTA
1724 279 1780 336 S.
1824 277 2162 337 PROSPERI
2192 281 2544 350 AQUITANI.
3641 290 3716 355 98

452 366 681 442 tulnant.
716 388 787 444 At
815 388 958 446 idem
998 391 1130 446 nihil
1150 391 1359 447 videtur
1379 391 1430 446 in
1465 402 1710 448 sanetum
1749 394 2030 450 Ductorem
2061 400 2104 457 Α
2133 396 2300 449 saluta
2327 399 2644 468 professione
2670 402 2997 471 respondeo;
3026 404 3080 457 in
3108 405 3253 460 nulla
3283 406 3523 463 recedens
3549 424 3583 462 α
3607 417 3719 465 tra-

451 478 626 546 palain
658 480 911 536 edidisse.
938 481 1068 549 Quae
1105 497 1235 537 vero
1283 483 1501 538 collatio
1553 484 1670 553 ejus
1693 494 1773 539 est
1804 499 2031 539 numero

450 570 615 624 tertio
635 570 865 639 decima,
892 588 1011 628 eam
1041 588 1185 629 anno
1209 573 1314 629 426
1349 585 1403 629 et
1428 576 1665 645 scripsit,
1689 586 1744 631 et
1765 577 1865 630 sub
1899 592 2029 647 pro-

452 662 570 728 prio
597 663 814 718 nomine
850 664 1037 731 edidit,
1077 666 1206 721 licet
1259 681 1418 735 prava
1448 682 1567 735 qua:
1605 669 1657 722 in
1704 667 1892 722 eadem
1942 668 2034 722 ha-

449 749 648 805 bentur
668 752 939 822 dogmata,
959 770 1023 810 es
1048 756 1271 811 alterius
1292 773 1516 827 persona
1539 770 1805 828 proponat
1827 756 2027 830 (Infra,

447 837 597 907 510).
625 843 903 901 Neminem
955 858 1150 917 praeter
1188 850 1330 904 hunc
1354 850 1417 905 ad
1459 867 1654 907 annum
1705 867 1872 921 usque
1924 851 2030 906 455

447 934 664 1002 scriptis
702 951 862 991 sensa
891 953 987 992 sua
1012 939 1266 995 mandare
1285 955 1470 995 ausum
1498 956 1618 996 esse
1644 952 1887 1011 apparet.
1927 942 2032 995 lta-

448 1041 553 1095 que
585 1038 675 1081 aut
710 1031 945 1097 scriptor
982 1030 1099 1096 ille,
1153 1032 1220 1087 de
1246 1048 1351 1101 quo
1407 1031 1660 1103 Prosper,
1702 1036 1905 1104 aliquot
1925 1035 2029 1089 sal-

449 1126 556 1171 tem
579 1132 749 1173 annos
779 1120 944 1187 siluit,
969 1120 1275 1177 admonenti
1296 1123 1561 1193 Prospero
1582 1141 1784 1181 morem
1799 1140 2026 1195 gerens;

448 1218 539 1262 aut
566 1211 610 1264 si
639 1211 760 1280 quis
785 1216 1106 1282 promissum
1152 1225 1207 1271 et
1228 1216 1486 1285 jactatum
1515 1232 1545 1273 a
1588 1219 2030 1289 Semipelagianis

448 1300 595 1371 Opus
625 1303 763 1358 idem
797 1314 957 1377 atque
986 1309 1196 1363 tertiam
1227 1309 1489 1365 decimam
1528 1312 1868 1366 collationem
1909 1326 2029 1368 esse

450 1393 809 1461 contenderit,
832 1397 879 1450 is
916 1398 1296 1466 epigrammata
1328 1400 1434 1454 duo
1472 1400 1539 1455 de
1572 1401 1764 1470 quibus
1808 1401 1894 1455 hic
1914 1416 2031 1456 ser-

452 1498 542 1537 mo
569 1485 733 1539 estad
762 1500 959 1541 annum
982 1487 1089 1542 426
1118 1498 1356 1555 revocet,
1383 1502 1447 1543 ac
1483 1490 1803 1557 Prosperum
1854 1493 2029 1548 Semi-

450 1574 743 1645 pclagianis
772 1577 881 1647 jam
911 1589 1021 1635 tum
1075 1578 1334 1637 indixisse
1384 1581 1584 1637 bellum
1633 1584 1893 1639 concedat
1931 1602 2026 1641 ne-

449 1678 601 1721 cesse
638 1676 740 1724 εει.

2134 488 2254 542 mite
2278 505 2454 543 earum
2480 492 2836 560 deﬁnitionum
2864 510 2978 563 qua:
3010 496 3064 549 in
3092 498 3253 551 sancti
3280 499 3377 552 viri
3405 499 3717 567 disputatio-

2133 580 2280 632 nibus
2309 582 2652 638 continentur.
2679 583 2748 637 Et
2770 599 2848 639 eae
2876 595 3005 641 sunt
3033 586 3431 657 ReSponsiones
3456 591 3523 645 ad
3552 591 3713 661 Capi-

2135 671 2247 724 tula
2288 672 2663 740 Objectionum
2705 674 2979 732 Gallorum
3017 679 3481 736 calumniantium.
3517 682 3712 738 Harum

2134 770 2419 827 postremae
2446 762 2565 817 duas
2595 765 2889 821 laudantur
2916 781 2946 821 a
2971 767 3254 838 Fulgentio
3283 771 3441 842 (Pag.
3472 772 3591 844 25),
3623 775 3714 842 qui

2133 849 2408 905 Gallorum
2437 854 2771 923 objectiones
2794 856 2991 912 librum
3012 860 3302 930 Augustini
3328 862 3395 918 de
3426 863 3714 919 Prasdesti-

2133 942 2352 997 natione
2378 944 2698 1000 Sanctorum
2728 948 3066 1014 potissimum
3099 962 3346 1019 spectare
3373 953 3712 1010 animadver-

2135 1031 2217 1085 tit.
2246 1049 2265 1082 ‹
2295 1031 2410 1086 Non
2454 1044 2632 1089 autem
2672 1036 2887 1105 ignoras
2929 1038 3247 1110 (Manimqu
3287 1042 3502 1113 allatur)
3546 1045 3708 1100 etiam

2133 1125 2407 1192 praeterito
2456 1134 2701 1195 tempore
2742 1129 2819 1183 illi
2859 1130 3285 1188 luculentissima
3327 1135 3496 1189 sancti
3531 1136 3713 1206 Angu-

2129 1216 2257 1268 stini
2282 1216 2466 1286 Operi,
2490 1219 2632 1286 quod
2655 1219 2869 1289 scripsit
2891 1220 2958 1276 de
2983 1221 3464 1280 Praedestinatione
3488 1226 3714 1283 Sancto-

2130 1319 2273 1367 rum,
2300 1321 2329 1359 a
2359 1307 2677 1376 quibusdam
2706 1309 2871 1365 Gallis
2896 1311 3184 1380 obiectum,
3211 1314 3352 1383 quod
3384 1317 3572 1372 beatus
3602 1321 3711 1371 Au-

2128 1396 2373 1465 gustinus
2408 1397 2461 1451 in
2497 1400 2794 1455 assertione
2832 1402 3315 1470 prazdestinationis
3338 1405 3552 1475 divinae,
3589 1422 3711 1475 pec-

2128 1494 2361 1553 catores,
2394 1504 2501 1543 non
2546 1491 2610 1544 ad
2652 1492 2827 1547 solum
2870 1493 3277 1561 praedesunatos
3320 1497 3526 1552 diceret
3558 1498 3706 1568 judi-

2129 1578 2292 1647 cium,
2317 1580 2412 1634 sed
2442 1582 2602 1636 etiam
2629 1582 2695 1637 ad
2728 1593 3006 1652 peccatum
3033 1602 3047 1640 :
3080 1587 3234 1655 cujus
3261 1588 3423 1657 dicta,
3444 1591 3563 1659 quia
3591 1591 3704 1659 ipse

2128 1673 2293 1725 celeri
2319 1685 2619 1740 praeventus
2641 1686 2723 1729 est
2738 1676 2907 1744 obitu,
2926 1676 3151 1748 Prosper
3170 1681 3247 1733 vir
3265 1681 3495 1736 eruditus
3515 1693 3562 1737 et
3586 1700 3705 1737 san-

525 1776 545 1810 t
578 1758 774 1814 Gratim
818 1761 1155 1820 adversarios
1195 1779 1302 1820 non
1346 1780 1730 1836 compescuere
1772 1767 2021 1837 Prosperi
2058 1769 2100 1828 Β
2129 1773 2239 1817 ctus
2275 1775 2419 1819 recta
2441 1765 2683 1822 defendit
2712 1767 2816 1824 ﬁde
2831 1779 2887 1824 et
2910 1772 3129 1840 copioso
3155 1786 3427 1828 sermone.
3456 1792 3474 1827 ι
3507 1774 3702 1830 HaecS.

446 1849 705 1904 carmina.
739 1851 987 1907 [heretici
1015 1855 1181 1921 enim,
1209 1864 1269 1911 ut
1297 1858 1396 1911 hac
1429 1858 1544 1927 ipsa
1574 1858 1640 1914 de
1668 1874 1728 1914 re
1755 1874 1923 1928 agens
1950 1861 2027 1914 ait

446 1938 707 1994 Barouius
735 1941 838 2012 (Ad
861 1960 948 1997 an.
982 1945 1130 2016 451),
1160 1947 1427 2004 confutari
1455 1960 1702 2020 possunt,
1727 1953 1852 2023 quia
1879 1953 2026 2010 leves

445 2042 573 2087 sunt
608 2043 664 2088 et
702 2034 934 2103 inlirmi;
970 2039 1139 2094 victos
1167 2055 1227 2095 se
1256 2056 1285 2096 a
1321 2043 1546 2099 veritate
1578 2045 1735 2100 fateri
1766 2060 1869 2101 non
1901 2062 2027 2117 pos-

446 2136 593 2192 sunt,
627 2129 752 2198 quia
786 2130 1083 2198 probantur
1114 2134 1438 2201 pervicaces.
1484 2155 1503 2189 ι
1542 2137 1643 2202 Qui
1676 2148 1852 2193 tamen
1882 2155 2024 2209 pra:-

446 2218 594 2273 sules
649 2220 937 2291 Augustini
984 2224 1229 2280 doctrina
1284 2228 1611 2298 aliquantum
1659 2235 1913 2289 commoti
1961 2248 2025 2289 ac

445 2312 744 2380 perturbati
790 2312 1020 2381 fuerant,
1076 2318 1127 2372 in
1173 2320 1367 2387 quibus
1412 2322 1643 2379 Hilarius
1691 2323 2025 2381 Arelatensis

444 2406 665 2470 praesul.
701 2405 735 2459 ii
773 2415 866 2460 aut
899 2410 1181 2465 veritatem
1224 2412 1436 2467 tandem
1466 2414 1754 2484 aliquando
1784 2431 2024 2485 agnove-

444 2506 590 2561 rant,
634 2506 726 2552 aut
767 2508 916 2555 certe
959 2502 1106 2557 taciti
1148 2502 1422 2573 quietique
1465 2507 1855 2575 exspectabant
1894 2508 2022 2563 dum

446 2600 564 2640 eam
598 2586 703 2642 sibi
731 2590 946 2658 aperire
975 2606 1037 2645 ac
1066 2592 1321 2661 detegere
1346 2595 1655 2665 dignaretur
1683 2596 1825 2652 Deus
1846 2597 2024 2667 (Mau-

442 2679 587 2749 guin.
619 2688 742 2736 tom.
772 2681 833 2746 ll,
847 2701 901 2753 p.
932 2684 1083 2755 475).
1130 2687 1287 2743 Pauci
1331 2689 1544 2757 quidam
1582 2691 1879 2763 presbyteri
1920 2693 2025 2748 Ec-

443 2770 733 2826 clesiarum
787 2775 1112 2831 dissensioni
1169 2778 1473 2848 studentes,
1524 2780 1823 2835 doctrinam
1880 2782 2033 2837 beati

442 2863 734 2931 Augusﬁni
772 2880 996 2935 carpere
1025 2884 1129 2921 non
1157 2868 1477 2925 desinebant
1508 2868 1712 2942 (Infra,
1742 2889 1862 2943 pag.
1890 2870 2018 2941 260,

443 2952 599 3022 Elii),
632 2954 1059 3027 objiciebautque
1092 2960 1233 3027 quod
1274 2971 1583 3030 peccatores
1612 2977 1719 3017 non
1748 2963 1923 3018 solum
1953 2964 2023 3019 ad

443 3045 705 3115 judicium
747 3049 983 3117 peccatis
1019 3050 1278 3114 debitum.
1309 3052 1402 3108 sed
1438 3053 1597 3108 etiam
1634 3053 1699 3108 ad
1743 3062 2020 3123 peccatum

2130 1854 2443 1926 Fulgentius
2474 1859 2624 1915 initio
2650 1862 2840 1929 capitis
2862 1862 2931 1917 50
2958 1854 3078 1919 libri
3110 1866 3267 1934 primi
3295 1867 3362 1921 ad
3387 1867 3703 1924 Monimum.

2671 1971 3052 2030 ARTICULUS
3090 1975 3177 2031 Vl.

2202 2059 2496 2131 Respondet
2536 2062 2598 2118 S.
2642 2062 2871 2141 Prosper
2914 2067 3181 2141 Vincentio
3218 2078 3269 2124 et
3304 2070 3609 2141 presbyteris

2729 2134 3104 2192 Genuensibus.

2198 2221 2313 2275 Non
2343 2223 2608 2290 aequiores
2630 2223 2682 2277 in
2712 2223 3031 2294 discipulum
3059 2226 3348 2282 adversarii
3372 2228 3522 2283 fuere
3547 2244 3704 2299 quam

2126 2311 2179 2365 in
2218 2313 2551 2381 magiSIrum.
2590 2314 2813 2380 Quidam
2855 2318 2988 2369 enim
3024 2316 3329 2371 Christiana:
3366 2336 3429 2371 ac
3464 2320 3708 2387 fraterna:

2125 2402 2390 2456 charitatis
2417 2403 2561 2457 obliti
2605 2402 2803 2475 (Infra,
2847 2422 2966 2474 pag.
3005 2405 3134 2471 227,
3166 2408 3221 2459 in
3258 2404 3475 2477 Prtef.),
3506 2409 3561 2462 in
3589 2418 3710 2464 tan-

2125 2504 2232 2548 tum
2261 2495 2683 2550 existimationem
2702 2499 2811 2567 ejus
2832 2498 3183 2567 quoquamoda
3203 2498 3473 2553 studebant
3497 2500 3701 2567 ledere,

2123 2597 2182 2640 ut
2222 2604 2369 2641 suam
2409 2604 2463 2642 se
2507 2598 2728 2643 evertere
2759 2590 2977 2645 nocendi
3002 2590 3280 2661 cupiditate
3314 2607 3419 2645 non
3453 2591 3702 2647 viderent.

2124 2679 2466 2734 Contexebant
2489 2680 2643 2745 enim,
2676 2690 2724 2733 et
2751 2681 2990 2751 qualibus
3016 2691 3246 2750 poterant
3272 2683 3534 2736 sententiis
3564 2699 3705 2736 com-

2125 2769 2505 2838 prehendebant
2531 2771 2967 2841 ineptissimarum
2994 2773 3334 2842 quarumdam
3360 2773 3705 2844 blasphemia-

2122 2880 2235 2918 rum
2272 2863 2571 2935 prodigiosa
2605 2865 2893 2929 mendacia,
2934 2881 3093 2935 eaque
3131 2865 3439 2919 ostendenda
3477 2875 3525 2919 et
3562 2866 3705 2935 inge-

2123 2955 2283 3008 renda
2308 2955 2481 3008 multis
2508 2955 2709 3025 publice
2736 2956 3072 3025 privatimque
3099 2956 3543 3025 circumferebant,
3564 2971 3703 3010 asse-

2124 3056 2291 3102 rentes
2328 3048 2455 3101 talia
2489 3048 2539 3102 in
2582 3046 2823 3117 Prosperi
2863 3064 3012 3101 sensu
3058 3064 3186 3111 esse,
3232 3048 3407 3117 qualia
3453 3047 3702 3102 diabolica

444 3137 619 3207 ipsum
651 3139 851 3194 diceret
881 3142 1288 3210 ριοωαθειίηειοε
1320 3162 1334 3199 ε
1371 3145 1692 3215 prosperum
1724 3161 1937 3218 quoque
1965 3154 2022 3202 ει
2045 3127 2091 3190 C
2124 3138 2207 3207 (ut
2235 3138 2492 3208 loquitur)
2518 3138 2748 3192 indiculo
2775 3139 3179 3193 continebantur.
3213 3138 3342 3204 Qua:
3364 3146 3580 3193 sanctus
3602 3154 3703 3192 no-

443 3231 707 3287 Hilarium
736 3232 1161 3290 criminabantur
1185 3236 1480 3305 praedicare
1509 3239 1846 3295 adversantia
1873 3238 2021 3295 veri-

444 3321 540 3375 tati
573 3320 760 3392 (Fulg.
784 3323 853 3376 ad
886 3323 1033 3378 Man.
1066 3326 1164 3393 (.1,
1185 3343 1231 3380 c.
1263 3326 1386 3397 50).
1416 3328 1614 3384 Horum
1643 3346 1761 3400 quas
1798 3331 1849 3386 in
1879 3332 2021 3389 beati

444 3414 725 3485 Augustini
746 3416 897 3472 libris
922 3417 1247 3476 damnabilia
1268 3435 1327 3477 se
1354 3424 1617 3492 reperisse
1638 3425 1913 3493 jactabant
1939 3425 2024 3479 in-

445 3507 683 3563 diculum
723 3507 1114 3580 confecerunt,
1145 3521 1200 3567 et
1239 3527 1302 3568 ea
1340 3513 1733 3569 distribuerunt
1771 3515 1823 3569 in
1867 3516 2023 3585 quin-

444 3599 619 3655 decim
660 3600 923 3670 capitula,
962 3616 1082 3672 qua:
1126 3602 1505 3671 damnationis,
1547 3619 1665 3669 seu,
1706 3614 1763 3659 ut
1806 3605 1861 3659 in
1900 3605 2022 3660 aliis

444 3690 607 3746 codd.
644 3693 867 3747 rationis
908 3693 1061 3748 titulo
1099 3702 1463 3763 praenotarunt
1506 3713 1518 3748 :
1559 3695 1612 3750 in
1643 3695 1836 3765 quibus
1865 3696 2023 3766 longe

445 3786 611 3840 alium
650 3793 838 3841 sancto
873 3786 1082 3841 doctori
1110 3801 1328 3842 sensum
1359 3787 1686 3858 attingebant
1721 3789 1790 3843 ab
1825 3804 1891 3845 eo
1931 3790 2021 3859 qui

447 3880 501 3934 in
550 3879 667 3949 ejus
715 3880 930 3949 scriptis
966 3879 1138 3935 inerat
1176 3878 1373 3952 (Infra,
1418 3897 1539 3953 pag.
1579 3880 1707 3946 260,
1748 3881 1900 3951 203).
1944 3881 2024 3937 Ac

445 3971 578 4026 illud
607 3971 823 4040 quidem
854 3985 995 4024 anno
1023 3970 1121 4024 45l
1152 3972 1267 4026 fieri
1296 3971 1485 4040 potuit.
1514 3971 1664 4025 Tunc
1691 3973 1833 4025 enim
1857 3987 1888 4026 e
1917 3972 2023 4027 vita

446 4064 530 4118 vir
556 4073 773 4118 sanctus
804 4063 1148 4132 migraverat,
1176 4079 1333 4131 quem
1366 4063 1595 4131 Prosper
1622 4062 1675 4115 in
1712 4062 2025 4129 pra-latione

451 4155 816 4221 responsionis
854 4154 921 4207 ad
960 4153 1201 4222 Capitula
1243 4153 1518 4208 Gallorum
1547 4160 1739 4205 sanctis
1772 4154 2026 4207 memoria:

450 4247 761 4313 episc0pum
792 4255 1066 4315 nuncupat
1094 4245 1287 4317 (Infra,
1317 4262 1437 4317 pag.
1468 4244 1619 4315 205).
1652 4246 1730 4300 llli
1759 4254 1936 4302 tamen
1970 4248 2024 4302 in

451 4336 790 4392 defendenda
844 4338 1031 4407 gratiae
1078 4337 1324 4393 doctrina
1379 4352 1661 4392 successor
1708 4346 2027 4393 surrexerat

453 4440 672 4484 sanctus
700 4429 927 4499 Prosper
953 4426 1142 4501 (Fulg.
1168 4446 1220 4498 p.
1248 4428 1342 4499 23)
1372 4447 1385 4482 :
1418 4428 1559 4483 unde
1589 4428 1649 4483 iit
1676 4436 1737 4483 ut
1767 4444 1869 4483 una
1900 4444 2024 4483 cum

2123 3239 2235 3285 ster
2260 3229 2395 3299 falso
2419 3230 2472 3284 in
2492 3246 2545 3285 se
2567 3231 2634 3284 ad
2659 3232 2983 3285 excitandam
3006 3231 3249 3284 invidiam
3269 3232 3523 3304 jactitari,
3551 3229 3705 3301 facile

2122 3332 2171 3376 et
2192 3322 2869 3393 suﬁcientersubscriptione
2888 3322 3039 3375 unius
3058 3322 3395 3375 anathematis
3414 3321 3698 3393 probasset.

2125 3414 2233 3470 Sed
2260 3431 2321 3469 ne
2344 3414 2639 3484 malignitas
2667 3428 2843 3466 eorum
2869 3413 2955 3481 qui
2980 3428 3034 3465 se
3060 3413 3266 3482 gravari
3295 3413 3544 3483 putabant
3571 3412 3617 3465 si
3639 3412 3704 3465 de

2122 3504 2215 3558 illo
2261 3504 2385 3558 bene
2429 3504 2720 3567 sentiretur,
2768 3502 2935 3568 ipsam
2981 3501 3363 3572 subscriptionis
3412 3500 3704 3554 brevitatem

2122 3604 2406 3662 suspectam
2447 3601 2576 3647 esset
2616 3592 2876 3659 habitura,
2920 3593 3260 3646 necessarium
3300 3591 3703 3657 conveniensque

2123 3686 2360 3754 credidit,
2390 3695 2448 3740 ut
2472 3692 2575 3741 sive
2602 3686 2669 3740 ad
2696 3686 3119 3740 calumniantium
3146 3687 3341 3739 animos
3370 3685 3701 3756 mitigandos,

2123 3781 2228 3833 sive
2253 3779 2321 3834 ad
2351 3796 2436 3834 eos
2461 3795 2681 3851 quorum
2708 3780 2918 3833 auribus
2944 3780 3044 3834 tale
3065 3780 3261 3849 aliquid
3288 3779 3593 3833 insonuisset
3619 3780 3703 3832 in-

2122 3872 2415 3938 struendos,
2468 3881 2715 3941 quantum
2766 3872 3039 3942 adjuvante
3089 3870 3307 3924 Domino
3350 3871 3463 3940 ﬁeri
3516 3874 3699 3937 potuit,

2124 3961 2269 4031 plene
2299 3960 2565 4030 lucideque
2592 3962 2844 4029 panderet
2871 3961 2993 4026 quid
3020 3962 3084 4013 de
3113 3962 3359 4028 perversis
3389 3960 3704 4028 deﬁnitioni-

2125 4051 2216 4104 bus
2235 4050 2518 4121 judicaret.
2554 4049 2841 4119 Propositis
2870 4051 3032 4120 igitur
3054 4050 3322 4121 sigillatim
3362 4051 3578 4104 sedecim
3619 4068 3707 4105 ca-

2124 4142 2325 4213 pitulis,
2345 4144 2437 4195 sub
2462 4158 2767 4212 unoquoque
2785 4158 2959 4195 eorum
2984 4158 3161 4196 sensus
3185 4142 3285 4205 sui,
3309 4151 3357 4196 et
3383 4143 3525 4211 ﬁdet,
3550 4159 3705 4211 quam

2125 4244 2306 4288 contra
2335 4232 2648 4305 Pelagianos
2677 4249 2739 4287 ea:
2764 4233 3071 4300 Apostalica:
3108 4233 3243 4287 sedis
3280 4234 3583 4287 auctoritate
3618 4235 3709 4288 de-

2127 4325 2382 4397 fendebat,
2412 4325 2566 4381 verba
2590 4342 2777 4394 ponere
2800 4324 2984 4379 maluit
3012 4340 3033 4379 :
3061 4332 3119 4378 ut
3146 4325 3233 4394 qui
3260 4325 3531 4393 paululum
3557 4341 3610 4378 se
3639 4326 3705 4378 ad

2128 4420 2341 4489 legenda
2376 4418 2487 4474 [nec
2525 4420 2861 4491 dignarentur
2888 4433 3156 4486 occupare,
3189 4417 3446 4470 evidenter
3467 4432 3708 4488 agnosce—

454 4534 520 4575 eo
555 4529 609 4574 et
642 4520 801 4575 beato
840 4521 1165 4591 Hieronymo
1204 4521 1269 4575 iis
1306 4530 1693 4575 annumeretur
1719 4536 1853 4590 quos
1882 4520 2026 4577 Deus

2129 4521 2239 4564 rent
2264 4511 2541 4581 impiarum
2568 4511 3007 4579 profanarumque
3025 4508 3322 4575 opinionum
3342 4506 3539 4560 nullum
3565 4508 3709 4561 cordi

455 4609 805 4666 constituerat
835 4626 865 4666 a
901 4613 1097 4682 quibus
1134 4612 1260 4682 quid
1299 4612 1367 4669 de
1404 4612 1504 4668 hoc
1534 4621 1850 4683 argumento
1886 4623 2032 4669 esset

455 4701 784 4755 credendum
813 4701 906 4756 alii
935 4717 1123 4758 omnes
1163 4704 1520 4759 edocerentur
1556 4703 1811 4774 (Cassiod.
1848 4706 1901 4757 in
1938 4702 2028 4758 Ps.

457 4811 508 4860 ι,
540 4811 659 4865 pag.
693 4794 818 4862 171,
850 4794 932 4863 2).
962 4795 1030 4849 Et
1060 4809 1190 4851 sane
1226 4795 1415 4851 lubens
1445 4806 1630 4850 noster
1664 4805 1718 4850 et
1751 4796 2029 4865 capiosum

456 4900 763 4940 sermonem
798 4894 853 4941 et
889 4885 1047 4940 ﬁdem
1072 4886 1469 4954 integerrimam
1496 4886 1729 4940 exseruit
1762 4887 1815 4940 iu
1849 4886 2033 4941 delen-

457 4979 650 5034 dendis
691 4977 930 5049 magistri
965 4979 1049 5033 sui
1077 4978 1297 5033 vocibus
1330 4987 1386 5031 et
1417 4980 1722 5032 sententiis.
1763 4978 2031 5046 Scriptum

459 5084 589 5139 ergo
616 5069 673 5124 in
702 5070 874 5124 lucem
899 5068 1087 5136 edidit,
1112 5069 1164 5123 in
1192 5082 1298 5137 quo
1323 5068 1547 5137 singulis
1571 5067 1848 5124 Gallorum
1874 5069 2037 5122 ratio-

460 5163 620 5218 nibus
658 5172 751 5217 aut
788 5161 1047 5231 Capitulis
1083 5159 1361 5230 respondit
1400 5158 1594 5230 (Infra,
1629 5176 1752 5231 pag.
1792 5159 1940 5228 204),
1982 5168 2037 5213 et

462 5268 531 5309 ex
567 5252 865 5324 Augustino
904 5254 1040 5321 ipso,
1070 5253 1288 5323 quinam
1318 5266 1479 5305 verus
1518 5266 1580 5304 ac
1617 5252 1859 5305 sincerus
1897 5248 2036 5303 illius

462 5355 607 5399 esset
629 5360 821 5403 sensus
840 5342 1098 5400 ostendit.
1127 5339 1233 5405 Ne,
1256 5342 1528 5412 inquiebat
1554 5342 1646 5404 ibi,
1668 5344 1800 5394 hanc
1823 5357 2039 5413 persua-

462 5437 661 5491 sionem
707 5448 895 5493 temere
936 5438 1051 5509 quis
1089 5437 1322 5509 recipiat,
1364 5444 1412 5490 et
1453 5436 1608 5488 talem
1654 5444 1795 5503 putet
1835 5449 2043 5488 sensum

464 5527 670 5598 scriptis
686 5527 924 5583 catholici
942 5531 1110 5584 inesse
1126 5529 1370 5594 doctoris,
1384 5524 1587 5599 qualem
1607 5541 1720 5579 eum
1739 5527 1824 5595 qui
1850 5526 2043 5593 frustra

466 5618 851 5675 calumniantur
871 5630 1159 5685 ostentant;
1184 5620 1404 5691 singulis
1425 5620 1663 5691 capitulis
1691 5634 1805 5688 qute
1825 5618 2040 5671 damna-

467 5711 628 5770 tionis
655 5711 811 5783 (alias
841 5711 1083 5781 rationis)
1119 5714 1270 5769 titulo
1306 5720 1655 5782 pi'tenatarunt
1697 5710 1829 5766 brevi
1869 5718 1915 5765 et
1954 5708 2044 5764 ab-

2130 4616 2224 4654 sua
2251 4601 2512 4655 inhaesisse
2541 4600 2830 4672 vestigium,
2860 4608 2909 4652 et
2938 4598 3280 4668 blasphemias
3309 4614 3440 4667 quas
3470 4614 3565 4651 sua
3595 4614 3710 4666 per-

2133 4694 2414 4761 spexissent
2446 4692 2764 4760 professione
2790 4691 3050 4755 damnari,
3076 4691 3131 4743 in
3155 4691 3449 4743 earumdem
3477 4698 3710 4757 reperto-

2132 4782 2274 4837 ribus
2303 4792 2559 4837 censerent
2586 4782 2767 4836 debere
2795 4781 2987 4850 puniri.
3014 4780 3137 4835 Haec
3160 4794 3225 4834 ex
3250 4780 3366 4849 ipso
3396 4781 3461 4834 ad
3493 4781 3707 4849 longum

2136 4873 2225 4928 hic
2261 4873 2612 4942 descripsisse
2654 4871 2917 4940 proderit,
2950 4884 3006 4925 ut
3038 4884 3144 4940 quo
3179 4870 3294 4925 zelo
3336 4881 3521 4925 noster
3550 4885 3713 4940 prava

2138 4964 2384 5033 dogmata
2421 4972 2701 5033 respueret
2733 4971 2788 5017 et
2828 4970 2975 5017 recta
3013 4970 3251 5015 tueretur
3292 4960 3585 5016 lectoribus
3626 4960 3715 5014 liat

2138 5055 2504 5111 manifestum.
2527 5055 2645 5123 Quo
2668 5062 2908 5124 tempore
2939 5055 2993 5109 id
3023 5052 3213 5123 Operis
3233 5052 3533 5110 coniectum
3556 5052 3718 5107 fuerit

2141 5163 2246 5203 non
2275 5148 2441 5218 liquet
2466 5146 2707 5202 omnino.

2216 5240 2387 5308 Hujus
2418 5238 2541 5295 libri
2571 5238 2758 5293 titulus
2785 5247 2888 5304 est,
2920 5237 3030 5292 Pro
3056 5238 3331 5311 Augustini
3358 5236 3591 5315 doctrina
3618 5236 3719 5291 Re-

2141 5332 2447 5401 sponsiones
2483 5330 2553 5384 ad
2591 5330 2831 5400 Capitula
2874 5329 3229 5401 Objectionum
3269 5327 3720 5381 Vincentianarum

2144 5422 2344 5495 (Infra,
2372 5439 2427 5492 p.
2465 5421 2619 5492 229).
2661 5421 2778 5489 Quo
2806 5436 2875 5477 ex
2920 5422 3074 5476 titulo
3108 5426 3327 5489 apparet
3365 5433 3397 5473 a
3441 5419 3721 5474 Vincentio

2143 5513 2375 5584 quodam
2403 5522 2712 5569 contextum
2742 5512 2912 5569 fuisse
2939 5524 3248 5581 perversum
3279 5508 3421 5564 hunc
3449 5518 3506 5565 et
3534 5510 3721 5565 diabo-

2145 5608 2334 5675 licum,
2366 5617 2423 5663 ut
2452 5607 2565 5677 ipse
2599 5606 2830 5676 Prosper
2858 5618 2981 5659 eum
3011 5615 3204 5657 vocare
3233 5614 3339 5656 non
3373 5599 3602 5667 dubitat,
3633 5600 3721 5655 in-

2147 5704 2405 5763 diculum.
2440 5706 2568 5764 Erat
2595 5713 2723 5762 tunc
2748 5699 3006 5772 temporis
3027 5698 3081 5755 in
3108 5695 3372 5755 Lirinensi
3399 5694 3722 5752 monasterio
