4088 6176
368 288 440 347 29
1433 282 1590 339 “TA
1629 284 1685 339 S.
1731 286 2075 343 PROSPERI
2113 286 2472 357 AQUITANI.
3556 284 3634 347 50

371 399 683 456 Vincentius
708 399 819 466 ille,
846 398 991 456 edito
1017 398 1281 456 adversus
1304 398 1542 456 haereses
1571 415 1761 457 omnes
1788 399 1951 456 Coui-
1977 408 2025 465 Α
2056 402 2322 456 mandatis
2350 402 2589 471 ipsorum
2619 401 2936 472 obsequium
2976 416 3130 459 suum
3174 417 3280 457 non
3319 400 3584 457 subtraxit
3610 414 3630 458 :

368 494 663 549 monitorio
687 506 943 562 perquam
975 492 1226 547 celebris.
1260 491 1481 547 Vossius
1502 492 1590 560 qui
1617 507 1739 547 eum
1769 494 1947 561 Augu-

368 586 617 639 stiuiauas
643 584 900 639 doctrinae
936 581 1205 638 infensum
1234 582 1514 637 contendit
1544 582 1645 651 (De
1673 581 1814 637 Hist.
1845 581 1949 636 Pe-

366 676 475 750 lag.
508 674 549 729 Ι.
582 691 621 742 ι,
645 691 690 729 c.
707 676 786 745 9).
816 691 877 730 ea
919 675 1087 730 fretus
1111 675 1318 730 ratione
1340 690 1441 744 qua
1482 674 1694 743 probari
1736 690 1947 745 quoque

364 779 552 842 posset
577 784 701 825 eum
730 767 1011 824 leestini
1039 768 1259 836 epistola
1302 768 1563 821 scientem
1595 776 1645 821 et
1676 767 1945 821 volentem

364 862 593 916 abusum
621 859 809 921 fuisse.
842 868 1028 914 censet
1060 859 1177 912 illas
1206 857 1501 911 calumnias
1529 857 1788 911 adversus
1817 857 1949 911 Pro-

362 968 585 1023 sperum
619 953 689 1006 ab
725 952 915 1006 eodem
946 965 1067 1004 esse
1096 949 1373 1004 confictas.
1415 948 1528 1015 Qua
1576 950 1628 1001 in
1668 964 1728 1002 re
1758 947 1947 1002 Vossio

362 1043 725 1113 astipulantur
750 1040 1207 1096 eminentissimus
1234 1039 1496 1093 Henricus
1521 1038 1763 1093 Norisius
1786 1038 1841 1093 S.
1874 1038 1941 1092 Β.

360 1134 428 1191 Ε.
458 1133 755 1190 cardinalis
782 1130 865 1200 (L.
886 1146 924 1186 ιι
951 1130 1088 1184 Hist.
1120 1129 1230 1183 Pel.
1258 1145 1307 1185 ο.
1335 1130 1447 1199 li),
1474 1130 1672 1198 aliique
1690 1129 1780 1199 qui
1803 1128 1945 1183 hunc

360 1226 708 1281 Vincentium
768 1222 1320 1291 Semipelagianorum
1375 1220 1624 1291 dogmata
1680 1230 1943 1276 sectatum

358 1333 481 1375 esse.
504 1317 818 1373 existimant
847 1314 991 1384 (Ant.
1025 1312 1164 1367 Diss.
1199 1313 1304 1381 0p.
1337 1312 1496 1365 Leon.
1531 1330 1581 1381 p.
1610 1313 1764 1383 H9).

428 1408 530 1475 Qui
562 1422 691 1462 vero
718 1406 787 1461 de
821 1406 938 1473 ejus
969 1405 1210 1459 doctrina
1250 1403 1442 1458 melius
1470 1403 1727 1467 sentiunt,
1760 1402 1874 1459 sive
1906 1403 1943 1457 ii

357 1500 719 1570 Augustinum
751 1497 805 1551 in
838 1497 903 1551 iis
932 1512 1049 1566 quze
1077 1496 1145 1551 de
1172 1494 1339 1565 gratia
1367 1503 1491 1549 sunt
1520 1502 1812 1563 sequantur
1838 1493 1941 1548 du-

356 1608 497 1658 cem,
532 1593 647 1647 sive
684 1590 751 1645 ab
783 1589 900 1659 ejus
940 1596 1117 1643 mente
1155 1588 1331 1656 aliqua
1362 1601 1430 1641 ex
1470 1594 1622 1655 parte
1651 1585 1939 1651 recedant;

356 1698 549 1740 omnes
578 1684 633 1738 in
660 1697 725 1738 eo
767 1680 1129 1744 consentiunt,
1170 1688 1227 1733 ut
1270 1678 1434 1732 alium
1471 1678 1780 1746 perquirant
1812 1677 1943 1743 Vin-

2051 507 2157 546 non
2187 492 2341 561 quasi
2378 492 2496 559 plus
2536 494 2587 547 in
2631 508 2689 548 se
2719 508 2880 563 quam
2908 493 2963 547 in
2992 495 3098 547 illis
3127 493 3191 548 ad
3235 493 3349 548 [nec
3381 491 3636 564 introspi-

2050 582 2241 637 cienda
2270 590 2415 637 esset
2442 582 2664 651 ingenii,
2697 598 2761 637 ac
2801 598 2906 637 non
2949 584 3116 653 magis
3148 585 3199 637 in
3243 586 3345 639 hoc
3384 586 3637 640 examine

2050 675 2317 729 facultatis
2342 691 2453 729 suae
2479 676 2790 731 debuissent
2821 677 2921 745 ipsi
2944 691 3196 730 exercere
3222 692 3550 740 mensuram,
3578 686 3634 732 et

2049 768 2093 822 si
2144 768 2317 836 aliqua
2366 782 2461 822 eos
2503 769 2815 822 morabatur
2859 769 3180 831 obscuritas,
3229 767 3519 822 decurrere
3563 768 3631 822 ad

2049 857 2263 913 Patrem
2314 859 2617 924 luminum,
2672 874 2700 912 a
2754 872 2861 927 quo
2916 858 3196 912 descendit
3233 873 3394 912 omne
3448 859 3630 912 datum

2048 951 2311 1019 optimum
2352 961 2406 1006 et
2447 966 2608 1006 omne
2630 950 2830 1004 donum
2873 951 3190 1019 perfectum,
3221 959 3275 1004 et
3294 966 3323 1004 a
3347 965 3453 1019 quo
3474 950 3632 1004 datur

2048 1042 2283 1111 Spiritus
2308 1043 2585 1112 sapientiae
2612 1051 2667 1097 et
2704 1042 3044 1106 intellectus;
3077 1042 3172 1096 sed
3204 1042 3491 1110 adjuvante
3523 1041 3630 1096 Do-

2046 1134 2195 1188 mino
2224 1137 2316 1204 qui
2358 1134 2676 1202 sapientiam
2717 1140 2936 1201 praestat
2980 1131 3239 1198 parvulis,
3274 1131 3342 1187 de
3372 1132 3630 1199 Capitulis

2047 1225 2167 1278 istis
2206 1223 2333 1291 quid
2372 1238 2494 1278 cum
2526 1223 2721 1277 sanctis
2750 1231 2804 1277 et
2828 1221 3051 1277 eruditis
3083 1221 3335 1275 fratribus
3376 1221 3624 1286 sentiret,

2046 1314 2286 1370 breviter
2324 1314 2561 1369 indicare
2600 1314 2907 1383 aggreditur
2946 1328 2964 1367 :
3010 1321 3196 1381 petens
3235 1321 3410 1367 tamen
3442 1329 3508 1367 ne
3536 1313 3629 1367 ubi

2047 1406 2361 1487 simpfieisas
2401 1415 2545 1487 esset
2586 1404 2929 1487 obedientvite.
2962 1407 3431 1473 praesumptionem
3478 1415 3630 1473 puta-

2044 1477 2643 1578 retittessedoc‘gftiteg
2928 1495 3056 1565 ‘po's‘.
3084 1496 3367 1567 Augustini
3399 1505 3627 1552 mortem

2044 1593 2338 1661 contigere.
2924 1582 2941 1597 ⁸
3168 1594 3183 1611 ⁹

2123 1680 2169 1731 ’ἶ
2281 1727 2293 1737 .
2369 1700 2376 1709 ’
2564 1679 2950 1737 ARTICULUS
2993 1681 3100 1735 νη.

355 1778 617 1843 centium,
646 1776 730 1830 cui
758 1774 853 1829 has
880 1774 1214 1841 objectiones
1245 1771 1553 1825 tribuendas
1576 1770 1762 1825 velint.
1795 1768 1934 1825 Cen-
1962 1769 2009 1829 Β
2040 1743 2258 1829 sinuin
2277 1752 2529 1843 'ﬂrsspu
2576 1755 2791 1843 Ηᾰὶξιαιςι
2835 1755 2952 1824 ei»:
2983 1758 3201 1823 °Hitario
3240 1770 3617 1843 “proﬁciscitur.

353 1882 439 1922 set
470 1867 732 1923 Baronius
755 1866 877 1937 (An.
906 1864 1056 1934 451),
1088 1879 1245 1934 quem
1274 1872 1327 1917 et
1357 1863 1443 1915 alii
1478 1871 1775 1931 sequuntur
1800 1860 1934 1931 (Mi-

354 1975 508 2021 raeus,
535 1957 600 2011 de
619 1957 812 2029 Script.
842 1971 961 2027 pag.
994 1954 1098 2018 66;
1134 1952 1313 2026 Maug.
1352 1952 1513 2007 Vind.
1546 1962 1583 2006 t.
1621 1951 1686 2018 ll,
1711 1969 1763 2023 p.
1795 1950 1935 2017 M8;

357 2047 517 2103 Labb.
549 2046 614 2101 de
640 2046 833 2117 Script.
862 2056 900 2099 t.
936 2044 999 2111 ll,
1032 2062 1085 2115 p.
1116 2043 1268 2113 252),
1301 2056 1393 2097 eas
1419 2057 1540 2097 esse
1566 2056 1725 2110 posse
1751 2042 1936 2109 cujus-

358 2141 481 2195 dam
520 2137 804 2203 Vincentii,
847 2151 1008 2207 quem
1052 2145 1106 2192 et
1147 2133 1484 2190 sacerdotem
1522 2144 1576 2188 et
1614 2132 1848 2195 Gallum,
1880 2140 1937 2186 ut

356 2232 506 2285 illum
537 2230 898 2293 Lirinensem,
930 2243 959 2281 a
988 2242 1046 2282 se
1070 2227 1243 2281 visum
1276 2225 1443 2280 fuisse
1473 2232 1699 2279 testatur
1724 2222 1938 2279 Genna-

356 2323 477 2377 dius
512 2320 613 2392 (De
656 2320 851 2391 Script.
883 2317 1030 2373 Eccl.
1060 2335 1106 2372 c.
1133 2318 1245 2387 80).
1281 2316 1391 2371 Nec
1432 2315 1721 2385 quidquam
1750 2325 1937 2371 vetare

356 2412 628 2468 credimus
673 2426 797 2467 eum
840 2426 959 2466 esse
998 2409 1338 2465 Vincentium
1387 2408 1796 2479 presbyterum,
1842 2407 1935 2477 qui

354 2504 578 2559 nomine
602 2503 903 2558 Constantii
929 2518 1024 2557 seu
1054 2499 1426 2556 Constantiani
1465 2500 1705 2565 Deensis,
1731 2509 1787 2553 ut
1812 2512 1936 2568 pro-

356 2597 537 2653 babile
561 2605 665 2661 est,
697 2596 959 2664 episcopi,
988 2608 1130 2648 anno
1154 2593 1282 2659 459,
1313 2592 1566 2662 Regiensi
1606 2591 1816 2663 synodo
1853 2591 1933 2644 in-

352 2690 562 2745 terfuit.
594 2687 706 2743 Etsi
732 2688 874 2743 enim
904 2687 1123 2743 Gelasio
1147 2702 1317 2756 papae,
1351 2686 1442 2755 qui
1470 2700 1611 2739 anno
1638 2684 1744 2739 496
1773 2683 1930 2748 obiit,

349 2787 628 2848 superstes
669 2778 767 2832 fuit
804 2778 1133 2839 Gennadius,
1168 2793 1272 2831 non
1316 2777 1514 2831 idcirco
1560 2784 1739 2830 tamen
1786 2790 1931 2839 eum,

349 2873 439 2939 qui
463 2885 610 2925 anno
628 2870 735 2925 450
756 2869 1047 2935 scribebat,
1070 2867 1253 2922 videre
1281 2883 1385 2923 non
1410 2867 1599 2935 potuit.
1631 2865 1699 2922 Ut
1720 2874 1803 2922 est
1826 2880 1931 2920 non

350 2976 548 3031 parcus
578 2975 764 3016 eorum
806 2960 1054 3015 laudator
1087 2957 1197 3029 qui,
1229 2958 1676 3028 quemadmodum
1711 2958 1844 3026 ipse,
1878 2957 1932 3012 in

352 3052 713 3122 Augustinum
754 3050 933 3105 minus
974 3049 1111 3104 bene
1150 3060 1304 3103 erant
1345 3049 1600 3114 animati;
1632 3048 1772 3103 hunc
1804 3047 1933 3101 Vin-

346 3144 593 3199 centium
634 3143 709 3196 ait
746 3143 800 3197 in
845 3142 1042 3196 divinis
1080 3138 1369 3209 Scripturis
1411 3140 1784 3203 exercitatum,
1829 3138 1931 3193 lin-
1958 3129 2004 3193 C

347 3249 508 3305 gnam
552 3234 839 3290 habentem
879 3248 977 3287 usu
1012 3231 1266 3301 loquendi
1309 3240 1365 3287 et
1403 3230 1667 3300 majorum
1700 3229 1932 3285 lectione

346 3326 575 3397 politam
633 3342 648 3379 :
699 3330 1119 3379 commentatum
1158 3321 1305 3377 addit
1350 3322 1401 3377 in
1456 3322 1728 3387 Psalmos;
1778 3321 1932 3392 cujus

352 3416 538 3486 operis
568 3416 759 3486 legerit
780 3415 954 3486 aliqua
979 3423 1164 3469 sancto
1194 3414 1398 3469 homini
1428 3412 1781 3479 DeiCannati,
1814 3416 1933 3484 ipso

346 3510 621 3574 audiente,
674 3510 995 3579 promittens
1039 3506 1219 3574 simul,
1264 3508 1307 3561 si
1358 3507 1614 3562 Dominus
1660 3506 1827 3561 vitam
1876 3515 1932 3562 et

348 3599 492 3657 vires
526 3600 701 3669 daret,
730 3614 790 3655 se
825 3599 879 3654 in
912 3608 1023 3655 toto
1053 3600 1307 3668 psalterio
1343 3598 1529 3653 eodem
1560 3599 1738 3654 studio
1777 3599 1930 3655 labo-

352 3703 622 3757 raturum;
648 3691 893 3746 Massiliae
913 3692 1127 3761 quidem
1143 3700 1198 3746 et
1220 3692 1273 3745 in
1295 3691 1412 3745 aliis
1437 3692 1726 3759 provincia:
1743 3690 1932 3746 Eccle-

351 3783 446 3837 siis
475 3782 564 3837 die
590 3782 840 3838 Octobris
882 3783 950 3838 15
988 3784 1181 3838 colitur
1209 3791 1425 3838 sanctus
1450 3783 1720 3837 Cannatus
1755 3800 1768 3836 :
1805 3794 1857 3836 at
1884 3783 1929 3837 is

351 3878 638 3945 episcopus
666 3876 1009 3931 Massiliensis
1036 3875 1258 3943 dicitur,
1290 3884 1345 3931 et
1368 3891 1395 3928 a
1428 3874 1690 3931 Guesnteo
1716 3875 1930 3942 ponitur

350 3981 491 4020 anno
517 3966 635 4031 621;
655 3964 1029 4020 adoctissimis
1055 3965 1481 4021 Sammarthanis
1504 3980 1645 4019 anno
1665 3964 1770 4019 480
1796 3966 1924 4019 assi-

348 4065 562 4127 gnatur.
603 4055 744 4110 Nihil
779 4057 830 4109 in
863 4071 982 4111 eum
1026 4056 1319 4113 Guesnarus
1357 4058 1506 4123 citat,
1541 4065 1736 4126 prreter
1766 4057 1927 4111 vitam

349 4147 467 4202 rudi
498 4147 637 4217 stylo
671 4149 1028 4217 conscriptam
1059 4157 1300 4217 tempore
1328 4151 1581 4204 comitum
1613 4149 1924 4217 provinciae,

348 4237 400 4291 in
428 4253 530 4307 qua
557 4246 808 4293 narratur
835 4238 994 4294 fuisse
1026 4239 1166 4295 filius
1194 4239 1334 4307 regis
1362 4242 1807 4309 Aquisextiensis,
1837 4242 1927 4311 qui

349 4328 559 4383 Sereno
601 4330 883 4393 successit,
931 4341 986 4385 et
1030 4330 1475 4387 lconoclastarum
1529 4336 1747 4403 aequalis
1805 4335 1922 4389 fuit.

346 4419 518 4475 Porro
553 4430 766 4475 constat
811 4422 1071 4476 Serenum
1119 4423 1287 4477 fuisse
1324 4422 1381 4478 S.
1428 4424 1689 4493 Gregorio
1734 4424 1923 4493 Magno

2113 1843 2419 1913 Calestinus
2443 1840 2688 1913 ’pontifeai
2725 1843 2992 1909 utrumque
3020 1842 3512 1911 's‘crt’ptipdefendit.
3550 1841 3625 1894 De

2115 1913 2333 1968 Venerio
2363 1912 2685 1966 Massiliensi
2716 1913 2976 1983 episwpo.

2108 2047 2226 2102 Non
2264 2046 2523 2101 destitero
2565 2042 2986 2113 Semipelagiani
3030 2042 3353 2111 Prosperum
3385 2051 3440 2097 et
3478 2042 3625 2099 Hila-

2035 2138 2197 2205 rium,
2222 2139 2503 2208 ipsumque
2524 2137 2659 2191 adeo
2682 2136 3035 2206 Augustinum
3057 2134 3256 2190 erroris
3281 2135 3618 2191 insimulare.

2036 2231 2117 2285 Ad
2144 2230 2260 2285 hate
2280 2244 2341 2283 ea
2371 2228 2741 2283 tantummodo
2762 2229 2914 2297 sequi
2943 2236 2998 2282 et
3028 2228 3256 2297 probare
3288 2242 3347 2281 se
3387 2228 3622 2296 professi

2035 2332 2182 2389 sunt,
2213 2339 2327 2391 qua:
2347 2322 2692 2376 sacratissima
2716 2321 2843 2375 beati
2872 2319 3093 2391 apostoli
3114 2318 3258 2373 Petri
3278 2321 3418 2374 sedes
3445 2331 3622 2375 contra

2034 2416 2267 2468 inimicos
2290 2419 2471 2486 gratia:
2503 2413 2597 2467 Dei
2626 2430 2715 2483 per
2736 2413 3071 2466 ministerium
3099 2414 3379 2484 prwsulum
3404 2428 3621 2467 suorum

2034 2514 2273 2561 sanxerat
2312 2515 2359 2559 et
2388 2506 2651 2559 docuerat.
2681 2504 3047 2559 Recurrerunt
3076 2505 3235 2573 igitur
3266 2504 3331 2558 ad
3362 2506 3621 2573 apostoli-

2034 2613 2151 2652 cam
2189 2598 2371 2651 sedem
2413 2597 2645 2665 Prosper
2680 2604 2734 2651 et
2764 2595 3020 2657 Hilarius,
3053 2605 3109 2649 et
3146 2594 3369 2650 Romam
3395 2595 3620 2663 profecti

2034 2688 2282 2756 querelas
2330 2700 2455 2740 suas
2503 2685 2569 2739 ad
2611 2684 2917 2754 pontiﬁcem
2961 2685 3308 2740 Caelestinum
3352 2685 3616 2741 detulere.

2036 2779 2133 2834 Hic
2179 2793 2367 2834 eorum
2415 2778 2559 2833 circa
2596 2777 2762 2831 Deum
2803 2776 3216 2832 sollicitudinem
3254 2776 3533 2843 laudavit;
3564 2786 3620 2833 et

2033 2870 2279 2940 quamvis
2309 2869 2409 2940 ipsi
2436 2869 2539 2924 sibi
2571 2867 2751 2923 lelices
2776 2867 3086 2923 viderentur
3125 2882 3262 2937 quos
3289 2868 3621 2937 persecutio-

2034 2977 2157 3018 nem
2180 2971 2397 3033 propter
2412 2960 2669 3031 justitiam
2694 2960 3022 3015 sustinentes
3048 2960 3321 3015 beatitudo
3346 2961 3611 3029 promissa

2036 3053 2316 3119 manebat;
2376 3052 2562 3107 harum
2621 3061 2795 3107 tamen
2849 3051 3220 3121 religiosarum
3271 3052 3613 3118 animarum,

2034 3160 2169 3216 quas
2211 3144 2328 3201 haec
2358 3144 2465 3215 pati
2495 3145 2646 3199 nefas
2674 3152 2812 3213 erat,
2857 3142 3171 3211 afﬂictione,
3212 3144 3335 3213 quia
3375 3146 3617 3201 membra

2032 3252 2127 3292 sua
2174 3247 2347 3301 erant,
2397 3237 2517 3308 pius
2548 3236 2789 3306 pontifex
2835 3236 3230 3292 macerabatur.
3280 3236 3391 3291 Hac
3438 3245 3618 3294 mente

2032 3330 2299 3384 animatus
2326 3331 2591 3384 celebrem
2615 3329 2679 3383 ad
2702 3329 2994 3385 Galliarum
3022 3330 3304 3399 episcopos
3334 3329 3479 3385 dedit
3502 3330 3617 3399 epi-

2032 3421 2246 3484 stolam,
2273 3436 2374 3490 qua
2404 3430 2458 3475 et
2488 3420 2799 3489 praeclarum
2826 3419 3011 3488 judicii
3050 3419 3131 3474 sui
3160 3419 3227 3475 de
3257 3420 3524 3490 Prospero
3551 3435 3617 3477 ac

2034 3510 2235 3564 Hilario
2267 3510 2627 3565 testimonium
2674 3511 2955 3579 impertiit,
3002 3519 3059 3566 et
3090 3512 3371 3580 Augustini
3419 3511 3616 3565 famam

2033 3606 2197 3658 tuitus
2218 3614 2299 3659 est
2322 3605 2402 3658 his
2429 3619 2519 3658 ver
2530 3602 2609 3657 bis
2634 3619 2647 3657 :
2673 3603 3012 3673 Augustinum
3034 3612 3227 3657 sancta
3246 3603 3617 3658 recordationis

2029 3698 2193 3749 virum
2220 3712 2314 3765 pro
2340 3696 2442 3747 vita
2470 3712 2564 3749 sua
2588 3702 2736 3760 atque
2769 3696 2958 3748 meritis
2987 3695 3039 3746 in
3062 3703 3238 3747 nostra
3264 3696 3617 3748 communione

2028 3804 2225 3857 semper
2254 3787 2526 3839 habuimus
2547 3801 2565 3838 :
2589 3802 2679 3838 nec
2704 3801 2944 3851 umquam
2968 3784 3104 3838 hunc
3123 3786 3345 3839 sinistra:
3364 3787 3586 3854 suspicio
3602 3814 3616 3826 -

2031 3878 2109 3929 nis
2130 3878 2311 3929 saltem
2350 3892 2527 3928 rumor
2556 3876 2803 3945 aspersit;
2847 3891 2993 3945 quem
3025 3882 3181 3928 tautte
3225 3876 3454 3929 scientia:
3490 3876 3613 3929 olim

2028 3968 2187 4036 fuisse
2226 3966 2567 4031 meminimus,
2596 3974 2649 4017 ut
2679 3964 2812 4018 inter
2854 3964 3121 4032 magistros
3148 3964 3367 4031 Optimos
3402 3965 3555 4017 etiam
3581 3982 3613 4019 a

2029 4059 2150 4112 meis
2195 4073 2394 4124 semper
2447 4055 2792 4110 decessoribus
2849 4054 3139 4109 haberetur.
3194 4053 3333 4109 Bene
3380 4070 3500 4124 ergo
3550 4055 3615 4110 de

2028 4167 2087 4205 eo
2117 4166 2287 4204 omnes
2317 4150 2371 4203 in
2419 4163 2682 4202 commune
2728 4158 3031 4211 senserunt;
3080 4156 3254 4219 utpote
3296 4149 3383 4218 qui
3428 4148 3613 4217 ubique

2028 4243 2224 4296 cunctis
2248 4251 2296 4294 et
2321 4241 2485 4293 amori
2509 4240 2664 4310 fuerit
2694 4248 2740 4292 et
2771 4240 2973 4293 honori.
3015 4239 3198 4309 Itaque
3223 4239 3376 4307 jubet
3402 4241 3612 4306 episco-

2031 4350 2127 4402 pos
2172 4335 2449 4405 imponere
2500 4332 2769 4387 silentium
2827 4333 3086 4402 improbis
3132 4332 3608 4388 obtrectatoribus.

2030 4429 2190 4501 Ergo,
2220 4430 2311 4494 ait,
2342 4428 2689 4495 corripiantur
2714 4427 3007 4497 Itujusmodi
3028 4442 3047 4481 :
3070 4444 3171 4480 non
3195 4428 3259 4480 sit
3281 4426 3359 4480 his
3395 4426 3610 4479 liberum

344 4525 656 4580 supparem,
688 4522 746 4566 ut
778 4512 1002 4581 probant
1031 4516 1193 4568 variae
1233 4515 1473 4583 ejusdem
1516 4516 1571 4569 S.
1614 4530 1765 4584 papas
1805 4517 1921 4584 epi-
1950 4500 2003 4561 D
2026 4500 2210 4573 habere
2231 4535 2322 4588 pro
2345 4519 2603 4572 voluntate
2629 4534 2929 4572 sermonem.
2957 4517 3189 4583 Desinat,
3210 4520 3249 4571 si
3274 4520 3343 4571 ita
3364 4534 3443 4571 res
3467 4528 3605 4585 sunt,

343 4603 500 4659 stolre
541 4603 607 4657 ad
648 4605 906 4659 Serenum
952 4605 1115 4671 datae,
1143 4605 1393 4661 videlicet
1424 4606 1514 4660 lib.
1555 4623 1589 4660 v
1627 4608 1785 4675 epist.
1829 4608 1919 4670 52,

346 4692 443 4749 lib.
487 4708 564 4747 vn
611 4696 763 4763 epist,
818 4693 938 4760 HO,
971 4694 1064 4749 lib.
1107 4710 1159 4749 ta
1199 4696 1359 4766 epist.
1402 4697 1458 4762 9,
1496 4707 1547 4750 ct
1586 4696 1759 4765 ejusd.
1799 4697 1922 4751 libri

343 4785 506 4856 epist.
536 4786 625 4843 52.

416 4874 552 4942 Quae
605 4877 785 4933 Gallos
842 4877 1186 4948 presbyteros
1242 4878 1667 4941 conturbabant,
1728 4878 1917 4933 iisdem

338 4971 513 5027 etiam
552 4965 861 5023 Genuenses
900 4970 1251 5023 movebantur
1275 4968 1466 5040 (Infra,
1503 4989 1554 5039 p.
1581 4970 1732 5040 2M).
1759 4973 1826 5026 At
1860 4971 1915 5025 hi

340 5058 720 5129 prudentiores
762 5058 1259 5128 moderatioresque
1298 5075 1357 5114 se
1402 5061 1785 5128 praistiterunt.
1838 5064 1914 5118 Es

339 5153 425 5207 his
451 5154 597 5207 enim
626 5152 735 5205 duo
767 5152 1025 5206 Camillus
1054 5161 1109 5206 et
1137 5151 1476 5219 Theodorus,
1503 5168 1622 5207 cum
1653 5168 1746 5209 eos
1774 5155 1827 5209 in
1857 5155 1919 5209 li-

340 5244 455 5297 bris
494 5245 633 5325 beati
674 5243 964 5314 Augustini
1001 5244 1068 5300 de
1097 5245 1573 5302 Przedestinatione
1598 5246 1917 5304 Sanctorum

339 5344 398 5392 et
437 5335 506 5391 de
535 5336 687 5391 Dono
726 5336 1145 5392 Perseverantiae
1185 5338 1427 5407 quasdam
1461 5339 1673 5394 insolita
1703 5347 1796 5394 aut
1820 5341 1921 5395 mi-

342 5441 444 5481 nus
481 5428 627 5482 clara
670 5428 988 5494 movissent,
1021 5443 1083 5483 ea
1123 5428 1190 5482 ad
1231 5429 1445 5485 beatum
1486 5430 1808 5500 Prosperum
1850 5431 1919 5487 de

342 5527 595 5575 contextu
618 5518 991 5587 disputationis
1019 5530 1278 5589 excerpta
1304 5522 1586 5587 miserunt,
1616 5532 1673 5577 ut
1700 5538 1807 5593 quo
1837 5523 1919 5577 in-

342 5612 583 5677 tellectu,
608 5625 784 5681 quove
803 5611 1008 5681 judicio
1030 5612 1119 5667 illa
1144 5614 1439 5683 accepisset
1462 5623 1764 5668 noscerent.
1790 5614 1917 5670 Pre-

340 5705 493 5766 cibus
541 5705 783 5767 illorum,
809 5707 921 5766 vel,
947 5713 1005 5761 ut
1044 5706 1157 5772 ipse
1198 5721 1308 5775 pra:
1354 5706 1612 5765 modestia
1658 5707 1912 5775 loquitur,

2030 4613 2274 4665 incessere
2330 4611 2527 4665 novitas
2591 4618 2915 4677 vetustatem,
2981 4610 3179 4663 desinat
3254 4608 3604 4665 Ecclesiarum

2028 4702 2245 4771 quietem
2272 4702 2569 4768 inquietudo
2596 4700 2818 4754 turbare.
2850 4701 3033 4770 Arguit
3061 4702 3281 4770 insuper
3308 4700 3477 4770 iisque
3508 4701 3609 4755 im-

2030 4800 2178 4860 putat
2207 4792 2349 4861 qnod
2382 4792 2510 4860 ipsis
2542 4792 2839 4847 tacentibus
2869 4792 3163 4861 presbyteri
3193 4792 3265 4847 illi
3295 4807 3454 4861 supra
3487 4794 3603 4862 epi-

2030 4899 2221 4953 scopos
2251 4884 2737 4954 haberentcopiam
2765 4884 3089 4953 disputandi.
3121 4886 3272 4941 Licet
3299 4887 3602 4955 episcopos,

2031 4990 2136 5029 non
2176 4974 2521 5045 presbyteros
2552 4985 2736 5029 notum
2764 4976 2833 5030 sit
2860 4990 2891 5030 a
2924 4976 3033 5032 Deo
3063 4978 3263 5046 positos
3291 4976 3357 5031 ad
3406 4976 3601 5031 docen-

2023 5065 2172 5130 dum,
2217 5079 2314 5118 nec
2334 5064 2388 5118 in
2410 5065 2607 5119 talibus
2649 5067 2957 5137 suspicione
2999 5077 3179 5122 careat
3227 5068 3600 5122 taciturnitas:

2021 5157 2142 5228 quia
2170 5166 2453 5211 occurreret
2488 5158 2704 5224 veritas,
2735 5160 2778 5213 si
2806 5159 3007 5229 falsitas
3031 5160 3343 5230 displiceret.
3387 5158 3600 5211 Subdit-

2023 5264 2127 5319 qne
2157 5264 2319 5319 super
2348 5249 2431 5305 bis
2458 5250 2623 5305 multa
2649 5265 2678 5304 a
2706 5265 2765 5306 se
2801 5252 2911 5321 jam
2955 5251 3094 5305 dicta
3123 5266 3189 5306 eo
3229 5259 3469 5318 tempore
3496 5265 3601 5319 quo

2022 5342 2090 5396 ad
2140 5342 2340 5409 fratris,
2367 5343 2419 5398 id
2448 5355 2551 5414 εει,
2581 5344 2818 5413 episcopi
2860 5343 3096 5411 Tuentii,
3141 5341 3362 5397 dederat
3401 5342 3602 5413 scripta

2024 5432 2598 5503 responsum:quibus
2646 5433 2825 5487 verbis
2853 5442 2909 5487 et
2950 5432 3298 5500 sequentibus
3345 5431 3603 5487 suadetur

2022 5524 2074 5578 in
2105 5538 2169 5578 ea
2199 5524 2263 5578 ad
2293 5523 2580 5579 Tuentiunt
2623 5523 2846 5592 epistola
2886 5524 3064 5592 potius
3109 5531 3284 5577 actum
3328 5522 3491 5578 fuisse
3533 5524 3601 5580 de

2023 5616 2407 5685 qnatstionibus
2433 5631 2552 5685 qua:
2590 5615 2813 5686 gratiam
2845 5616 3044 5671 Christi
3078 5626 3406 5685 spectarent,
3436 5633 3598 5685 quam

2022 5718 2204 5764 contra
2234 5708 2356 5764 illos
2385 5708 2473 5774 qui
2506 5707 2648 5765 viros
2695 5706 2863 5763 laicos
2894 5709 2947 5764 in
2984 5709 3267 5777 episcopos
3303 5710 3411 5764 cito
3438 5708 3600 5763 citius
