4098 6180
451 247 518 303 δι
1519 237 1679 296 VITA
1721 235 1779 290 S.
1822 233 2160 289 PIiOSI’EIiI
2201 231 2551 299 AQUITANI.
3657 211 3726 267 5?.

452 357 831 420 sublimarent,
863 371 968 426 qua
1000 358 1070 411 de
1097 371 1154 410 re
1183 355 1344 409 etiam
1376 352 1464 406 hic
1487 351 1836 419 conqueritur
1864 347 2042 403 Caele-
2067 351 2114 408 Α
2143 347 2246 400 dici
2278 360 2377 400 suo
2407 347 2548 400 inter
2585 343 2828 412 ejusdem
2873 340 3135 412 pontificis
3165 340 3405 395 decreta.
3439 339 3624 406 Itaque
3645 353 3705 390 ea

453 447 650 502 stinus.
683 446 877 500 Verum
899 446 967 500 de
989 447 1074 500 illa
1097 442 1372 500 Coelestiui
1403 441 1468 496 ad
1493 439 1779 495 Tuentiutn
1806 437 2036 508 epistola

455 537 588 590 nihil
618 537 838 592 aliunde
868 537 1023 591 nobis
1054 535 1363 590 innotescit.

526 627 652 680 Haec
682 641 812 680 vero
853 642 954 694 qua
993 627 1275 694 episcopos
1307 625 1552 678 hortatur
1594 622 1947 688 Ctelestinus,
1980 630 2039 675 ut

454 719 735 787 Augustini
765 717 1021 772 doctrina:
1047 732 1111 771 ac
1151 718 1307 770 famae
1352 716 1757 770 detrahentibus
1809 713 2041 769 obsiste-

453 819 596 874 rent,
629 819 840 864 mortuo
867 811 1081 864 demum
1110 820 1295 863 sancto
1329 809 1555 863 Doctore
1576 808 1771 875 scripta
1804 814 1950 875 patet
1971 820 2037 859 ex

457 900 541 955 his
571 901 750 954 verbis
778 915 936 970 supra
969 901 1173 966 relatis,
1204 901 1542 971 Augustinum
1583 909 1772 952 sanctis
1799 897 2041 951 recorda-

455 994 608 1045 tionis
636 994 799 1045 virum
826 1009 844 1046 :
871 1001 926 1046 et
952 993 1111 1058 paulo
1140 1007 1323 1061 supra,
1365 991 1474 1046 Nec
1503 1003 1670 1044 tamen
1713 991 1888 1042 mirari
1917 1005 2038 1057 pos-

453 1098 628 1135 sumus
659 1083 701 1134 si
729 1083 836 1136 [nec
864 1099 985 1152 erga
1010 1081 1227 1136 viventes
1256 1083 1307 1134 Iti
1339 1099 1471 1134 nunc
1496 1082 1682 1134 audent
1709 1090 1921 1145 tentare,
1954 1080 2040 1146 qui

454 1175 685 1226 nituntur
715 1174 870 1226 etiam
899 1174 1267 1242 quiescentium
1295 1173 1511 1242 fratrum
1552 1175 1852 1225 memoriam
1883 1172 2040 1225 dissi-

455 1263 768 1334 pare(Pag.
799 1263 962 1330 262).
1005 1264 1145 1333 Ergo
1176 1279 1316 1318 anno
1359 1263 1488 1328 451,
1516 1263 1594 1318 vel
1638 1263 1744 1317 45:3
1797 1264 2036 1330 ineunte,

456 1369 563 1422 quo
587 1355 751 1408 etiam
775 1353 1098 1439 Ctelestinous
1123 1355 1282 1439 evita
1311 1354 1576 1439 migraij
1611 1352 1734 1439 [Ruit
1763 1353 2056 1439 Iungaqu

456 1447 703 1515 antiquos
736 1426 1050 1532 notissima;

463 1553 570 1591 non
595 1554 621 1589 a
649 1517 926 1607 Prospero.
943 1517 1114 1592 solam
1136 1517 1289 1593 iibio’
1306 1517 1499 1593 'cb'rit'ra
1516 1517 1851 1593 .Co'llatoore'm
1869 1517 2042 1607 capite

2140 436 2254 502 ipsa
2285 444 2410 488 sunt
2436 433 2683 503 Capitula
2715 431 2779 486 ad
2808 446 2925 500 quae
2970 428 3281 485 Hormisdas
3310 442 3553 483 summus
3580 443 3718 498 pon-

2139 525 2268 580 til'ex
2302 525 2676 579 Possessorem
2708 525 3016 592 episcopum
3048 520 3288 586 remittit,
3320 528 3375 573 ut
3404 535 3470 574 ex
3502 519 3566 573 iis
3594 519 3720 587 quid

2139 616 2207 671 de
2247 617 2415 684 gratia
2456 625 2510 670 et
2549 616 2717 669 libero
2754 615 2976 668 arbitrio
3017 612 3344 667 credendum
3375 611 3445 664 sit
3473 611 3724 666 ediscat:

2139 708 2292 776 cujus
2318 707 2477 764 verba
2520 708 2697 777 legere
2726 716 2809 761 est
2850 706 2902 760 in
2952 705 3179 775 epistola
3217 705 3354 772 apud
3381 703 3724 774 Fulgentium

2141 799 2208 853 15
2239 799 2611 868 episcoporum
2641 797 3015 852 Africanorum
3043 798 3094 850 in
3118 795 3362 852 Sardinia
3388 797 3631 851 exsulum
3661 804 3724 850 ad

2139 887 2398 943 Joannem
2423 898 2477 942 et
2505 888 2818 953 Venerium,
2847 902 2995 940 num.
3029 887 3118 950 18,
3161 901 3280 954 pag.
3313 885 3417 940 275
3443 903 3454 939 :
3486 884 3564 939 De
3589 888 3727 940 arbi-

2141 983 2239 1032 trio
2266 991 2430 1032 tamen
2454 987 2500 1030 et
2527 978 2695 1048 gratia
2732 976 2829 1030 Dei
2859 977 2983 1046 quid
3009 975 3268 1042 Romana,
3298 975 3394 1028 hoc
3417 986 3510 1044 est,
3542 979 3724 1031 cat/to-

2141 1075 2240 1127 lica
2261 1080 2477 1125 sectetur
2503 1083 2548 1124 et
2571 1079 2730 1124 servet
2757 1068 3012 1133 Ecclesia,
3039 1070 3150 1122 licet
3173 1070 3224 1121 in
3247 1069 3401 1121 variis
3424 1069 3568 1122 libris
3591 1071 3724 1122 beati

2141 1163 2433 1231 Augustini,
2457 1171 2502 1214 et
2519 1161 2736 1213 maxime
2757 1161 2825 1212 ad
2847 1159 3151 1230 Prosperum
3171 1168 3217 1211 et
3237 1157 3503 1212 Hilarium
3525 1161 3725 1215 abunde

2143 1254 2380 1325 cognosci
2426 1252 2605 1322 possit,
2641 1262 2810 1304 tamen
2840 1261 2886 1304 et
2912 1252 2964 1304 in
2989 1252 3192 1305 scriniis
3239 1250 3594 1306 ecclesiasticis
3636 1270 3725 1306 ex-

2142 1360 2318 1414 pressa
2339 1359 2602 1398 CAPITULA
2623 1343 2967 1396 continentur.
3003 1342 3264 1397 Postremi
3291 1343 3477 1395 horum
3506 1344 3724 1412 capituli

2144 1434 2305 1488 verba
2344 1435 2564 1487 multam
2595 1434 2972 1502 disputationis
3002 1433 3276 1487 materiam
3321 1435 3547 1488 eruditis
3591 1451 3725 1504 prte-

2145 1525 2404 1592 buerunt,
2437 1526 2488 1579 in
2517 1540 2622 1594 quo
2651 1526 2828 1595 agitur
2854 1526 2922 1580 de
2952 1526 3386 1594 profundioribus
3413 1528 3725 1585 difﬁciliori-

456 1632 592 1684 alias
619 1629 708 1695 42,
753 1631 1427 1716 nupc._2l_,.cijata..._P.er.
1447 1630 2044 1716 hunc_.uigutgr;(.ait1iic

2145 1617 2351 1686 basque
2384 1617 2619 1686 partibus
2649 1617 3033 1672 incurrentium
3059 1619 3442 1686 quaestionum,
3473 1634 3606 1688 quas
3648 1620 3725 1674 Ia-

456 1721 560 1776 ιοοε
591 1698 1264 1803 Ρτυερειέ)ἰίιίιιή’ξιξκξαέ
1712 1698 2041 1795 sesese

2146 1698 2252 1774 uiis
2281 1715 2675 1775 pertractarunt
2703 1706 2794 1776 qui
2826 1708 3091 1761 haereticis
3118 1709 3450 1773 restiterunt,
3483 1724 3725 1779 quasque

456 1814 631 1866 marite
674 1788 966 1882 anguium"
991 1788 1181 1882 sciipla
1195 1788 1588 1880 ἱι’ἓῇἶεῖιῖεἷτᾶιιηξ
1608 1788 1848 1883 'rn'aleloq
1857 1788 2040 1866 tientia:

2145 1797 2486 1852 Collectionis
2515 1807 2722 1864 auctor,
2754 1799 2998 1868 quisquis
3029 1798 3118 1853 ille
3143 1802 3249 1864 sit,
3283 1814 3380 1853 nec
3410 1800 3569 1854 audet
3597 1815 3725 1854 con-

456 1913 530 1956 est
551 1904 792 1969 adempta
810 1903 1016 1958 libertas
1041 1921 1057 1956 :
1083 1905 1288 1972 quando
1311 1905 1688 1958 consulentium
1712 1905 1910 1958 actione
1934 1919 2040 1957 sus-

453 2005 635 2064 cepta,
667 2008 713 2049 et
749 1997 993 2051 librorum
1021 1999 1110 2067 qui
1153 1999 1444 2052 errantibus
1478 1997 1809 2068 displicebant
1848 1998 2041 2067 pietate

455 2088 695 2153 laudata,
731 2090 858 2158 quid
901 2100 1149 2161 oporteret
1195 2093 1256 2146 de
1293 2107 1469 2144 eorum
1511 2091 1814 2144 auctoritate
1862 2089 2040 2143 sentiri

454 2190 632 2231 sancto
654 2181 998 2249 manifestavit
1017 2183 1236 2251 eloquio,
1257 2181 1511 2235 evidenter
1531 2181 1864 2250 pronuntians
1885 2195 2041 2248 quan-

453 2281 562 2325 tum
591 2272 687 2325 sibi
719 2275 1128 2344 prwsurrtptionis
1171 2275 1316 2328 istius
1349 2275 1546 2327 novitas
1585 2272 1899 2342 displiceret,
1937 2287 2040 2340 qua

455 2364 703 2416 auderent
723 2365 933 2435 quidam
950 2366 1190 2420 adversus
1210 2367 1448 2437 antiquos
1470 2366 1741 2436 magistros
1763 2362 2041 2417 insolenter

455 2456 740 2528 insurgere,
766 2466 812 2510 et
837 2458 1224 2526 indisciplinata
1265 2458 1527 2512 calumnia
1561 2456 1917 2528 prwdicationi
1955 2471 2041 2508 ve-

455 2548 624 2601 ritatis
655 2548 942 2618 obstrepere
963 2563 983 2602 :
1005 2548 1348 2619 Augustinum
1378 2550 1610 2618 inquiens
1647 2556 1840 2602 sancta:
1870 2561 2041 2600 recor-

457 2638 682 2691 dationis
709 2641 874 2691 uirum
901 2647 1032 2704 etc.,
1063 2655 1182 2709 qua:
1212 2655 1372 2710 supra
1410 2640 1520 2708 jam
1559 2640 1720 2694 citata
1761 2641 2036 2707 leguntur;

457 2742 559 2782 nec
581 2742 608 2780 a
641 2728 912 2797 Prospero
940 2737 1170 2796 tantum,
1199 2730 1294 2784 sed
1327 2731 1485 2784 etiam
1522 2745 1552 2783 a
1582 2729 1862 2783 Vincentio
1902 2727 2039 2780 Liri-

458 2818 612 2870 nensi
645 2817 856 2870 laudata
886 2828 988 2872 est.
1021 2818 1168 2873 IIanc
1194 2834 1293 2873 suo
1322 2818 1596 2873 Canonum
1629 2818 1810 2871 Codici
1843 2817 2041 2886 Diony-

457 2909 572 2962 sius
630 2918 988 2977 cognomento
1051 2909 1289 2980 Exiguus
1345 2911 1590 2964 inseruit.
1639 2908 2042 2963 Commemorat

457 2995 618 3050 etiam
646 2996 868 3052 Photius
907 2996 1252 3052 Caelestinum
1281 3014 1376 3067 pro
1417 2999 1716 3066 Augustino
1757 2998 2040 3066 scripsisse

2143 1895 2407 1958 temnere,
2434 1904 2531 1945 nec
2555 1905 2776 1945 necesse
2802 1890 2961 1945 habet
2987 1900 3253 1946 astruere.
3281 1891 3390 1946 Nec
3417 1892 3553 1948 forte
3577 1893 3727 1951 valde

2143 1981 2506 2036 necessarium
2536 1979 2657 2035 duci
2681 1980 2842 2036 debet
2867 1996 3058 2050 magna
3082 1983 3430 2037 contentione
3457 1984 3727 2054 inquirere

2141 2071 2268 2140 quid
2299 2069 2603 2140 signiﬁcare
2642 2071 2871 2126 voluerit
2902 2072 2945 2126 is
2985 2073 3073 2141 qui
3129 2083 3362 2128 mentem
3395 2088 3542 2128 suam
3585 2075 3727 2130 clare

2141 2161 2491 2230 aperiendam
2523 2178 2629 2216 non
2657 2164 2890 2228 censuit,
2923 2179 3095 2233 neque
3123 2180 3188 2218 ex
3221 2165 3339 2219 loco
3369 2166 3601 2220 obscuro
3630 2167 3728 2220 ali-

2141 2253 2267 2321 quid
2300 2252 2597 2320 adjumenti
2628 2253 2694 2306 ad
2732 2268 2844 2308 rem
2875 2253 3150 2307 difficilem
3184 2256 3572 2321 explanandatn
3605 2257 3728 2312 duci

2141 2345 2285 2398 licet.
2319 2343 2473 2399 Unde
2496 2353 2682 2398 notatu
2711 2341 2952 2412 dignum,
2973 2345 3174 2398 exortis
3200 2359 3344 2398 nono
3366 2348 3562 2400 smculo
3580 2363 3728 2402 com-

2141 2437 2381 2506 pluribus
2411 2438 2477 2491 de
2504 2436 2675 2506 gratia
2697 2435 3111 2500 controversiis,
3141 2436 3339 2490 nullatn
3365 2445 3490 2491 tunc
3517 2437 3726 2507 opinio-

2142 2543 2263 2583 nem
2289 2529 2354 2581 ah
2381 2528 2559 2596 aliquo
2607 2528 2925 2582 auctoritate
2971 2526 3130 2596 hujus
3167 2529 3356 2596 capitis
3389 2527 3554 2583 fuisse
3588 2530 3726 2598 reje-

2140 2626 2299 2673 ctam.
2330 2618 2511 2686 Neque
2536 2619 2634 2687 ipsi
2657 2618 3076 2687 Semipelagiaui
3107 2619 3395 2688 quidquam
3425 2620 3549 2674 inde
3577 2636 3725 2675 erro-

2141 2709 2287 2764 ribus
2331 2709 2441 2763 suis
2470 2709 2613 2778 quod
2663 2707 2873 2764 faveret
2910 2723 3100 2763 eruere
3138 2710 3249 2763 ausi
3279 2723 3398 2764 esse
3442 2711 3716 2764 dicuntur.

2141 2800 2275 2856 Illud
2306 2815 2434 2855 vero
2464 2801 2547 2856 vel
2586 2816 2650 2856 ex
2682 2800 2782 2855 hoc
2830 2800 2946 2868 ipso
2987 2800 3162 2870 capite
3190 2809 3396 2854 certum
3429 2812 3544 2866 est,
3593 2801 3725 2856 nihil

2143 2892 2244 2946 hoc
2280 2891 2346 2946 ad
2387 2907 2450 2946 ea
2489 2893 2718 2946 attinere
2764 2906 2884 2960 qua:
2922 2891 3226 2946 necessaria
3266 2901 3390 2945 sunt
3439 2900 3499 2946 ut
3538 2892 3725 2962 gratia:

2141 2984 2339 3038 divina:
2367 2984 2518 3054 operi
2546 3000 2609 3039 ac
2635 2984 2929 3054 dignationi
2959 2983 3092 3038 nihil
3127 2986 3338 3054 penitus
3359 2984 3724 3040 subtrahatur.

457 3089 524 3142 ad
554 3090 854 3158 episcopos,
889 3100 944 3144 et
968 3089 1226 3147 adversus
1252 3106 1346 3146 eos
1377 3090 1468 3161 qui
1491 3091 1902 3161 Pelagianorum
1930 3090 2040 3146 bte-
2066 3086 2112 3150 C
2146 3077 2329 3145 Νεαυθ
2355 3093 2418 3132 ea
2449 3077 2820 3147 intelliguntur
2846 3079 3027 3132 verbis
3056 3078 3172 3132 ίειῖε
3198 3093 3316 3146 (μιίὲ
3346 3079 3459 3133 Sive
3490 3078 3600 3147 Ipsa
3625 3078 3726 3133 σοι·

460 3180 624 3236 resim
652 3181 1047 3236 instaurabant.

459 3284 465 3291 '
529 3271 808 3326 Ctelestini
838 3273 1118 3341 epistolam
1141 3272 1418 3342 excipiunt
1443 3273 1683 3329 collecta:
1710 3275 1912 3344 aliquot
1935 3275 2042 3330 Ro-

460 3377 742 3418 manorum
787 3363 1120 3431 pontiﬁcum,
1167 3366 1650 3433 Africanorumque
1688 3367 2041 3422 conciliorum

466 3467 498 3506 a
526 3452 781 3507 Romanis
813 3455 1127 3522 praesulibus
1156 3455 1572 3524 approbatorum
1603 3457 1909 3522 sententias,
1943 3458 2043 3512 sub

461 3544 566 3600 IlOC
593 3546 745 3600 titulo
772 3562 786 3598 :
809 3545 1197 3600 Prwteritorum
1221 3549 1356 3601 sedis
1375 3548 1669 3619 apostolicw
1688 3550 2044 3620 episcoporum

463 3637 814 3702 auctoritates,
842 3639 904 3691 de
934 3639 1102 3708 gratia
1133 3636 1228 3691 Dei
1255 3647 1301 3692 et
1332 3638 1488 3692 libero
1509 3639 1783 3693 voluntatis
1808 3641 2040 3696 arbitrio.

464 3728 594 3795 Quae
624 3729 873 3784 collectio
903 3729 1028 3784 ideo
1072 3739 1322 3784 contexta
1356 3729 1471 3798 fuit,
1505 3739 1564 3784 ut
1602 3730 2044 3802 Semipelagianis

463 3819 782 3886 negantibus
807 3833 866 3873 se
887 3820 990 3873 alia
1021 3833 1301 3874 secuturos
1332 3835 1489 3889 quam
1519 3836 1637 3887 qua:
1663 3822 1727 3874 ab
1749 3822 2042 3889 apostolica

465 3908 596 3962 sede
634 3909 869 3978 judicata
895 3919 1078 3964 essent
1111 3911 1553 3964 contradictionis
1581 3927 1711 3966 ansa
1746 3914 2042 3968 tolleretur.

468 3998 543 4052 Ea
572 4009 749 4054 autem
779 4001 846 4053 ab
873 4000 1094 4069 epistola
1137 4000 1410 4056 leestini
1440 4011 1548 4056 tum
1587 4004 1727 4073 stylo
1763 4005 1899 4074 ipso,
1936 4018 2043 4060 tum

468 4089 756 4157 praeuntis
783 4091 1026 4159 epistolae
1057 4091 1295 4146 clausula
1327 4091 1590 4160 disjuncta
1619 4107 1741 4147 esse
1769 4095 2045 4149 convinci-

468 4189 574 4232 tur.
608 4180 722 4246 Quo
753 4179 810 4233 tit
839 4191 900 4234 ut
928 4195 1043 4234 eam
1084 4181 1377 4236 leestino
1409 4182 1680 4251 abjudicet
1705 4184 2044 4255 Sirmondus,

467 4279 522 4323 et
548 4270 627 4323 vel
659 4267 946 4338 Prospero,
990 4271 1128 4339 quod
1160 4286 1261 4325 una
1305 4287 1426 4326 cum
1454 4287 1519 4327 eo
1555 4274 1643 4328 alii
1674 4289 1886 4345 quoque
1919 4293 2046 4334 sen-

469 4361 628 4424 tiunt,
662 4368 753 4412 aut
776 4360 962 4423 Leoni,
997 4371 1055 4416 ut
1079 4361 1140 4416 P.
1170 4361 1804 4428 Quesnellius,ascribere
1835 4369 2044 4423 malint.

2145 3173 2396 3239 lectione,
2427 3172 2542 3227 sive
2570 3173 2739 3241 ipsius
2765 3171 3004 3239 epistola:
3023 3186 3246 3240 corpore
3266 3170 3728 3238 comprehendan-

2145 3272 2252 3329 tur,
2283 3273 2374 3316 aut
2403 3279 2521 3332 quae
2559 3278 2681 3317 cum
2728 3262 2811 3316 his
2836 3263 3143 3318 necessario
3173 3272 3563 3318 connectuntur
3593 3281 3604 3315 :
3630 3277 3728 3317 nec

2144 3357 2304 3412 etiam
2335 3358 2592 3425 suspicari
2620 3356 2746 3410 licet
2773 3354 2868 3409 has
2914 3370 3074 3410 voces
3103 3364 3194 3409 aut
3235 3355 3300 3409 ad
3346 3354 3553 3410 initium
3584 3355 3727 3418 ﬁdei.

2145 3456 2236 3501 aut
2259 3447 2325 3501 ad
2357 3447 2883 3514 prtedestinationem
2931 3455 3236 3501 sanctorum
3265 3447 3592 3511 referendas,
3626 3461 3729 3516 qua

2144 3537 2213 3593 de
2253 3552 2311 3592 re
2347 3536 2806 3607 Semipelagianos
2849 3537 2991 3590 inter
3018 3546 3071 3589 et
3101 3536 3423 3604 Prosperum
3453 3546 3728 3590 certamen

2146 3637 2263 3683 erat
2289 3629 2592 3684 institutum
2622 3634 2641 3683 ε’
2661 3643 2782 3684 cum
2809 3628 3115 3698 pontificem
3144 3628 3493 3683 Ccelestinum
3517 3635 3729 3684 constet

2146 3719 2269 3774 huic
2307 3718 2514 3786 favere,
2547 3720 2669 3775 illos
2699 3720 3012 3788 reprobare.
3046 3720 3123 3774 De
3155 3735 3260 3789 quo
3291 3721 3335 3773 si
3364 3719 3490 3789 quid
3522 3719 3730 3774 dubita-

2147 3811 2307 3866 tionis
2337 3821 2664 3881 superesset,
2696 3811 2751 3865 id
2798 3826 2958 3866 omne
2990 3826 3208 3881 prorsus
3239 3811 3504 3866 tolleretur
3541 3827 3571 3865 a
3600 3826 3728 3880 pon-

2148 3904 2292 3957 tilice
2339 3904 2620 3957 Hormisda
2672 3903 2979 3959 declarante
3020 3904 3139 3958 loco
3188 3914 3317 3958 ante
3357 3918 3518 3971 pauca
3565 3905 3729 3958 citato

2149 3992 2352 4062 (Cone.
2403 4003 2527 4048 tom.
2579 3994 2667 4060 IV,
2720 4013 2773 4065 p.
2819 3995 3041 4066 I552),
3091 3994 3390 4049 Ecclesiam
3430 3995 3724 4048 Romanam

2149 4085 2216 4138 ab
2256 4084 2322 4139 iis
2361 4086 2698 4156 potissimum
2759 4087 2913 4142 libris
2963 4100 3098 4156 quos
3143 4085 3212 4140 de
3260 4085 3731 4155 prmdeslinatione

2147 4189 2456 4233 sanctorum
2490 4179 2554 4233 ad
2584 4180 2904 4248 Prosperum
2932 4189 2986 4233 et
3010 4178 3268 4232 Ililarium
3296 4178 3512 4245 scripsit
3541 4176 3729 4246 Augu-

2148 4273 2319 4326 stinus
2347 4285 2498 4327 suam
2517 4272 2586 4327 de
2614 4272 2783 4342 gratia
2810 4272 3108 4326 doctrinam
3143 4282 3349 4340 petere.
3385 4273 3517 4336 Qua:
3546 4270 3729 4324 omnia

2152 4374 2262 4417 tum
2295 4363 2486 4432 fusius,
2519 4371 2633 4418 tum
2666 4364 2969 4418 accuratius
2993 4377 3024 4415 a
3046 4363 3103 4416 P.
3135 4363 3442 4430 Quesnellio
3464 4363 3730 4430 diSputata

466 4449 523 4504 Id
553 4461 729 4507 autem
763 4453 886 4507 sciri
919 4463 975 4507 ut
1006 4470 1109 4507 non
1143 4453 1299 4508 facile
1328 4463 1536 4522 potest,
1567 4457 1640 4512 ita
1680 4473 1787 4513 non
1823 4461 2049 4516 multum
2079 4451 2128 4508 υ
2157 4455 2255 4524 legi
2284 4464 2506 4524 possunt
2530 4457 2582 4510 in
2611 4471 2714 4510 una
2741 4456 2857 4524 ejus
2881 4455 2948 4510 de
2973 4456 3030 4506 Β.
3061 4453 3242 4508 Leone
3268 4454 3526 4518 diatriba;
3559 4467 3732 4522 neque

467 4543 710 4602 interest.
735 4544 888 4612 cujus
922 4545 1254 4613 potissimum
1279 4560 1441 4600 manu
1468 4558 1684 4602 exarata
1713 4549 1894 4618 fuerit,
1925 4567 2047 4607 cum

473 4647 591 4686 eam
617 4633 767 4702 jussu
797 4635 1072 4688 Ceelestini
1105 4635 1400 4690 confectam
1431 4649 1483 4692 et
1515 4639 1565 4692 in
1597 4639 1797 4694 Gallias
1830 4643 2047 4698 missam

468 4726 726 4780 facillime
750 4725 973 4788 iudicari
1001 4736 1180 4796 queat.
1208 4729 1481 4798 Siquidem
1508 4731 1755 4786 laudatur
1778 4743 2049 4804 tamquam

473 4830 597 4883 pars
629 4817 910 4886 ipsiusmet
949 4819 1192 4888 epistolae
1222 4837 1249 4872 a
1282 4821 1439 4875 Petro
1470 4823 1702 4880 Diacono
1741 4835 1794 4880 et
1835 4829 1954 4882 aliis
1983 4829 2048 4884 ad

468 4907 682 4962 beatum
714 4907 1054 4979 Fulgentium
1083 4920 1136 4964 et
1157 4911 1357 4981 aliquot
1378 4913 1513 4968 alios
1542 4915 1827 4985 episcopos
1850 4919 2050 4973 Christi

471 5004 814 5059 confessione
851 5004 1135 5061 decoratos
1181 5015 1306 5062 tunc
1349 5008 1400 5061 in
1432 5009 1675 5064 Sardinia
1720 5013 2053 5076 exsulantes,

471 5093 572 5148 llis
601 5110 844 5166 congrue,
878 5096 1122 5165 inquiunt
1163 5098 1261 5162 illi,
1299 5099 1618 5156 beatissimus
1658 5101 1960 5157 Cwlestinus
2000 5106 2054 5158 in

469 5187 686 5256 epistola
715 5188 784 5241 ad
806 5186 987 5243 Gallos
1014 5191 1137 5242 data
1161 5206 1179 5244 :
1199 5189 1325 5244 Cant
1354 5194 1508 5258 enim,
1546 5193 1731 5262 inquit,
1760 5204 2055 5248 sanctarum

468 5281 697 5349 plebium
725 5283 995 5352 prwsules,
1027 5293 1157 5350 etc.,
1180 5299 1297 5353 quae
1329 5285 1549 5341 totidem
1582 5287 1760 5342 verbis
1791 5287 2056 5342 habentur

469 5386 588 5437 cap.
618 5375 649 5427 8
675 5373 1022 5430 Collectionis
1064 5376 1133 5432 de
1163 5392 1265 5446 qua
1293 5388 1375 5432 est
1401 5392 1600 5443 sermo,
1647 5379 1781 5433 alias
1823 5393 1942 5448 cap.
1989 5381 2048 5434 ll

469 5462 712 5531 epistola:
753 5466 1060 5521 collectioni
1087 5467 1289 5536 junctae
1319 5485 1330 5520 :
1356 5483 1385 5523 a
1424 5467 1717 5523 Cresconio
1757 5485 1973 5539 quoque
2000 5479 2056 5523 et

467 5552 633 5607 variis
673 5555 798 5608 noni
834 5556 1017 5610 szeculi
1056 5557 1436 5626 scriptoribus,
1483 5572 1545 5613 ac
1578 5557 1792 5613 demum
1832 5559 1899 5614 ab
1937 5558 2057 5613 uni-

472 5658 646 5700 vchts
673 5645 964 5702 veteribus.
995 5648 1041 5704 Δ
1072 5647 1326 5714 Dionysio
1373 5651 1578 5715 Exiguo
1624 5651 1819 5706 inserta
1847 5659 1930 5706 est
1954 5649 2057 5706 Co-

2153 4547 2495 4616 indiligenter
2521 4547 2710 4602 eadem
2741 4556 2962 4601 tractata
2995 4554 3122 4601 sunt
3143 4560 3172 4598 a
3192 4545 3324 4598 Lud.
3355 4545 3520 4599 Ellies
3541 4545 3729 4613 Dupin,

2153 4641 2377 4695 doctore
2413 4639 2709 4694 Sorbonico
2740 4639 2946 4694 meritis
2967 4647 3023 4693 et
3043 4637 3256 4707 scriptis
3287 4637 3570 4692 netissimo
3600 4634 3736 4705 (Du-

2153 4732 2262 4801 pin.
2297 4741 2418 4783 tom.
2454 4730 2544 4794 IV,
2572 4749 2623 4800 p.
2657 4729 2747 4794 90,
2780 4727 2903 4797 9|).

2225 4820 2501 4876 Caelestini
2531 4821 2757 4889 epiSIola
2790 4818 2958 4888 (Inter
3000 4835 3119 4887 epp.
3151 4816 3276 4872 Cael.
3307 4827 3479 4871 nostro
3510 4827 3636 4871 tom.
3669 4818 3734 4889 L)

2158 4915 2411 4968 universe
2449 4913 2664 4982 quidem
2693 4913 2762 4967 ad
2807 4912 2993 4967 Galliae
3022 4912 3313 4979 episcopos
3354 4911 3478 4965 data
3501 4920 3606 4980 est,
3640 4926 3736 4965 no-

2158 5005 2403 5058 minatim
2438 5013 2614 5058 tamen
2647 5003 2715 5058 ad
2750 5003 3055 5064 Venerium,
3100 5001 3384 5067 Marinum,
3425 5001 3729 5065 Leontium,

2157 5098 2490 5161 Ausonium,
2510 5094 2825 5160 Arcadium,
2851 5103 2904 5148 et
2927 5093 3278 5161 Philtanium,
3303 5109 3397 5148 seu
3419 5093 3733 5148 Sillucinm:

2158 5189 2226 5245 de
2255 5189 2448 5258 quibus
2478 5203 2646 5257 pauca
2679 5187 2765 5240 hic
2803 5186 2980 5242 notari
3013 5201 3120 5241 non
3163 5186 3432 5257 ingratum
3474 5183 3618 5241 forte
3652 5185 3734 5242 le-

2157 5279 2294 5334 ctori
2322 5277 2594 5332 videbitur
2618 5275 2817 5346 (Infra,
2848 5292 2899 5344 p.
2934 5275 3088 5346 271).

2231 5369 2360 5424 Erat
2379 5381 2506 5423 vero
2530 5367 2795 5423 Venerius
2822 5367 2914 5423 ille
2936 5383 3040 5422 non
3067 5367 3306 5436 quidem,
3337 5373 3396 5420 ut
3416 5365 3737 5436 quibusdam

2162 5463 2359 5532 placuit
2389 5462 2408 5534 (
2433 5460 2628 5533 Dupin.
2661 5471 2699 5515 t.
2729 5460 2816 5526 IV,
2845 5478 2966 5532 pag.
2999 5459 3124 5528 78),
3165 5458 3583 5514 Mediolanensis
3627 5460 3738 5529 cpi.

2160 5569 2388 5624 scopus:
2421 5569 2546 5609 cum
2572 5565 2698 5608 tunc
2727 5553 2984 5622 temporis
3009 5551 3299 5620 episcopus
3323 5548 3741 5606 Mcdiolanensis

2163 5647 2456 5705 Galliarum
2480 5647 2749 5716 episcopis
2771 5661 2876 5701 non
2898 5653 3305 5710 accenseretur,
3335 5653 3389 5700 et
3414 5644 3465 5699 iu
3485 5642 3738 5701 cathedra
