4098 6180
356 262 427 317 53

1433 240 1593 297 VITA
1627 238 1687 294 S.
1725 233 2060 295 PROSPERI
2098 230 2445 300 AQUITANI.

3542 221 3615 281 ιιι

354 371 741 434 Mediolanensi
772 369 983 425 sederet
1007 378 1150 420 anno
1168 362 1264 417 451
1301 357 1673 423 Martinianus,
1703 354 1797 424 qui
1824 353 1934 407 Ma-
1959 354 2009 413 Α
2037 348 2199 412 ditur,
2231 346 2496 401 Filtanius
2522 356 2653 397 vero
2684 342 2938 410 Aptensis
2968 358 2982 393 :
3020 339 3221 411 quippe
3250 339 3341 411 qui
3370 350 3616 397 sanctum

356 470 493 524 rolio
519 464 734 519 Venerii
758 462 983 516 alterius
1012 454 1286 512 decessori
1308 463 1589 505 successor
1619 448 1793 503 fuerat
1808 446 1936 499 sub-

353 564 607 626 rogatus;
656 550 786 615 sed,
828 558 885 602 ut
931 544 1276 601 verisimilius
1314 547 1559 610 apparet,
1610 532 1935 592 Massiliensi

358 624 615 703 Ecclesiae
640 648 871 712 prmerat
896 636 1183 702 Venerius,
1215 634 1283 687 de
1304 648 1409 701 quo
1431 627 1742 684 Gennadius
1762 626 1813 679 in
1838 624 1937 678 Ca-

359 739 538 807 talogo
568 735 810 788 virorum
853 729 1141 784 illustrium
1169 727 1350 793 capite
1378 723 1465 778 79.
1504 719 1720 775 Etenim
1752 714 1938 770 Massi-

360 830 451 882 lia:
478 824 816 896 potissimum
849 816 1283 886 Semipelagiani.
1318 813 1455 867 duce
1481 810 1767 875 Cassiano,
1792 808 1941 876 vige-

362 920 512 972 bant.
544 920 621 972 Ex
654 914 1010 981 inscriptione
1034 907 1259 977 quadam
1284 904 1543 959 habemus
1569 900 1721 955 illum
1748 897 1801 952 in
1827 912 1941 951 mo-

363 1010 608 1065 nasterio
638 1012 909 1060 versatum
958 1014 1078 1055 esse
1107 1012 1208 1052 una
1239 1011 1361 1051 cum
1402 992 1645 1058 Rustico,
1678 988 1769 1060 qui
1797 1001 1941 1042 anno

362 1100 468 1156 450
507 1099 575 1152 ad
621 1096 1026 1152 NarbOuensem
1065 1090 1431 1158 episcopatum
1470 1092 1780 1149 assumptus
1817 1080 1938 1149 fuit,

363 1192 666 1257 ambosque
706 1185 868 1241 simul
906 1181 1252 1252 presbyteros
1292 1174 1539 1232 Massiliae
1578 1172 1939 1228 ministrasse.

364 1282 620 1339 Proculio
650 1279 726 1333 illi
752 1275 1183 1333 celebratissimo
1212 1269 1544 1324 successisse
1572 1265 1830 1330 creditur,
1854 1262 1945 1332 qui

365 1390 514 1429 anno
538 1373 718 1427 adhuc
738 1369 844 1424 418
873 1366 1109 1422 vivebat.
1145 1364 1221 1418 De
1249 1362 1414 1417 Paulo
1445 1360 1589 1415 enim
1627 1374 1691 1413 eo
1722 1356 1811 1426 qui
1833 1370 1947 1409 me-

366 1468 492 1522 dius
524 1468 662 1519 inter
700 1471 987 1528 utrumque
1013 1457 1045 1511 it
1079 1456 1349 1511 Guesnteo
1380 1452 1515 1507 mira
1544 1451 1612 1505 de
1641 1464 1707 1505 eo
1750 1446 1947 1518 praedi-

369 1571 528 1617 cante
571 1566 906 1621 recensetur,
963 1567 1032 1607 ne
1070 1550 1291 1605 verbum
1333 1546 1550 1617 quidem
1586 1550 1762 1599 exstat
1806 1539 1946 1610 apud

371 1650 895 1709 PseudooDestrum.
925 1646 1265 1713 Quapropter
1292 1639 1323 1694 ὸ
1357 1636 1788 1695 Sammartbanis
1812 1648 1948 1704 prte-

2034 439 2319 493 Gastorem
2346 434 2623 503 exceperit
2645 443 2771 486 ante
2799 447 2997 486 annum
3026 431 3153 486 426.

2537 543 2925 599 ARTICULUS
2980 543 3120 598 VIII.

2182 636 2405 693 Sanctus
2434 634 2661 704 Prosper
2685 636 2858 689 scribit
2877 638 3117 688 adversus
3149 632 3477 689 Cassianum.
3542 636 3547 639 λ

2110 752 2297 807 Redux
2344 752 2398 806 in
2441 751 2642 807 Gallias
2669 749 2726 803 S.
2776 750 3031 817 Prosper,
3080 749 3305 818 epistola
3343 747 3621 805 C(elestini

2038 843 2336 917 pontificis,
2371 852 2428 897 ut
2449 843 2674 897 credere
2700 851 3006 911 promptum
3039 841 3408 905 cst,muuitus,
3431 857 3624 911 magna

2043 951 2140 1005 spe
2169 935 2515 990 animabatur
2540 934 2655 988 fore
2682 943 2738 988 ut
2763 933 2950 987 turbas
2977 946 3165 987 omnes
3196 932 3406 1001 pondus
3432 942 3625 987 aucto-

2043 1028 2221 1082 ritatis
2251 1035 2410 1080 tanta:
2442 1024 2843 1092 comprimeret.
2883 1022 3079 1079 Verum
3122 1022 3223 1077 bac
3257 1023 3309 1076 in
3340 1022 3626 1076 occasione

2043 1127 2302 1186 expertus
2344 1124 2430 1171 est
2470 1131 2626 1185 quam
2671 1114 2723 1168 id
2754 1128 2936 1168 verum
2969 1122 3114 1167 esset
3146 1112 3288 1182 quod
3322 1113 3439 1180 ipse
3482 1121 3629 1166 tanta

2045 1208 2243 1263 mentis
2269 1205 2571 1261 constantia
2613 1205 2881 1268 tuebatur,
2927 1203 3027 1256 nisi
3057 1205 3226 1273 gratia
3263 1202 3378 1271 ipsa
3408 1204 3551 1257 intus
3577 1203 3628 1256 in

2046 1297 2242 1352 animis
2278 1307 2558 1365 operetur,
2614 1309 2810 1349 vanum
2852 1301 2909 1349 et
2949 1294 3158 1347 irritum
3203 1309 3327 1349 esse
3371 1292 3632 1363 quidquid

2046 1388 2287 1458 praesidii
2310 1401 2373 1441 ac
2401 1386 2620 1441 luminis
2646 1384 2864 1440 aliunde
2886 1382 3185 1438 advenerit.
3210 1384 3341 1438 Cum
3369 1398 3499 1451 ergo
3520 1384 3634 1437 Au-

2045 1479 2244 1550 gustini
2266 1478 2568 1532 doctrinam
2592 1491 2655 1529 ac
2678 1475 2834 1531 ﬁdem
2856 1475 3036 1530 verbis
3061 1474 3403 1544 generalibus
3427 1480 3631 1527 tantum

2048 1570 2323 1625 laudasset
2352 1568 2749 1639 probassetque
2773 1565 3125 1629 leestinus,
3155 1574 3209 1620 et
3246 1565 3497 1618 librorum
3541 1579 3637 1632 pro

2048 1659 2233 1729 quibus
2261 1659 2315 1712 in
2346 1658 2564 1727 epistola
2589 1672 2744 1727 papae
2770 1668 2939 1709 actum
2966 1665 3038 1709 est
3069 1672 3171 1709 non
3210 1671 3482 1725 expressus
3510 1664 3639 1709 esset

374 1741 715 1799 “minim”
756 1737 1082 1793 leemnus
1121 1743 1268 1788 certe
1306 1732 1358 1785 in
1406 1728 1638 1798 epism'a
1687 1741 1806 1817 sua}
1858 1738 1949 1778 ‘7'“
1980 1721 2026 1780 Β
2055 1721 2254 1817 titulus,
2288 1721 2390 1803 nec
2417 1721 2694 1816 speciatim
2727 1747 2875 1800 libris
2906 1746 2973 1799 ab
3006 1760 3072 1800 eo
3099 1721 3393 1800 novissime
3421 1746 3639 1813 scriptis

374 1835 488 1891 kal.
534 1834 755 1903 Augusti
789 1844 931 1884 anno
968 1825 1076 1881 428
1114 1825 1261 1890 data,
1298 1820 1619 1876 Viennensis
1654 1833 1716 1873 ac
1750 1816 1951 1872 Narbo-

377 1926 566 1981 nensis
607 1922 895 1991 provincia:
929 1917 1250 1989 praesulibus
1279 1914 1543 1985 permittit
1569 1925 1783 1967 causam
1814 1908 1954 1963 Mas-

382 2015 617 2069 siliensis
646 2009 904 2081 episcopi,
928 2008 1017 2078 qui
1041 2006 1225 2061 fratris
1253 2006 1335 2059 sui
1366 2017 1500 2057 nece
1524 2016 1696 2069 usque
1724 2013 1789 2054 eo
1816 1999 1956 2052 laeta-

383 2118 470 2162 tus
498 2107 662 2161 fuisse
697 2103 1041 2172 arguebatur,
1088 2106 1146 2153 ut
1189 2094 1525 2152 interfectori
1559 2092 1628 2148 ab
1665 2092 1782 2160 ejus
1812 2088 1959 2144 crede

386 2197 632 2253 redeunti
660 2194 876 2249 obviam
906 2190 1220 2262 prodiisset.
1239 2187 1378 2256 Quid
1410 2186 1460 2240 id
1489 2183 1566 2239 rei
1585 2184 1654 2237 sit
1680 2181 1831 2236 nobis
1852 2194 1959 2234 non

386 2289 576 2357 liquet.
604 2286 840 2341 Necatus
860 2282 1077 2354 quidem
1109 2280 1211 2335 fuit
1231 2277 1509 2333 Patroclus
1529 2272 1885 2338 Arelatensis,
1907 2279 1962 2325 at

385 2396 529 2434 anno
558 2378 684 2433 4‘26.

457 2470 720 2527 Venerius
742 2467 883 2521 inter
906 2464 1201 2520 Galliarum
1234 2461 1520 2532 episcopos
1539 2457 1628 2527 qui
1661 2454 1724 2510 ad
1751 2455 1963 2511 beatum

388 2566 625 2621 Leonem
652 2576 797 2615 anno
816 2559 911 2614 451
938 2557 1284 2626 scripserunt
1309 2554 1499 2610 ordine
1517 2551 1708 2607 tertius
1731 2546 1967 2616 appella-

390 2668 508 2711 tur:
540 2653 732 2723 quibus
758 2650 976 2705 kalend.
1009 2646 1285 2703 Februarii
1313 2658 1453 2699 anno
1477 2641 1607 2706 452,
1640 2639 1751 2694 Leo
1772 2635 1969 2692 rescri-

392 2749 519 2819 psit.
549 2746 740 2801 Narrat
771 2742 1083 2798 Gennadius
1111 2742 1161 2793 in
1200 2738 1450 2806 Catalago
1472 2748 1592 2803 cap.
1618 2733 1710 2797 79,
1742 2731 1809 2784 de
1849 2729 1966 2782 Mu-

390 2855 524 2902 saeo,
548 2834 893 2891 Massiliensis
916 2831 1171 2887 Ecclesiae
1196 2828 1537 2897 presbytero,
1560 2823 1677 2877 viro
1705 2823 1755 2876 in
1776 2820 1970 2875 divinis

393 2932 689 3000 Scripturis
710 2928 896 2990 docto,
928 2935 983 2980 et
1013 2924 1067 2978 in
1100 2936 1286 2978 earum
1326 2919 1577 2974 sensibus
1618 2911 1970 2970 subtilissima

394 3022 787 3080 exercitatione
836 3019 1060 3081 limata,
1121 3015 1299 3083 lingua
1346 3024 1562 3081 quoque
1624 3003 1969 3067 scholastico,

396 3115 539 3183 quod
572 3114 785 3167 hortatu
826 3109 995 3163 sancti
1026 3077 1245 3160 Venerii
1288 3077 1529 3172 episcopi
1576 3096 1863 3166 exscripsit
1909 3107 1971 3147 ex
2000 3077 2045 3139 C

396 3204 605 3259 sanctis
630 3202 921 3270 Scripturis
950 3198 1209 3253 lectiones
1235 3194 1401 3250 tctius
1427 3191 1553 3245 anni
1593 3188 1801 3243 festivis
1829 3193 1980 3254 aptas

399 3296 616 3360 diebus,
646 3293 1017 3362 responsoria,
1049 3289 1213 3345 etiam
1239 3287 1564 3356 psalmorum
1592 3280 1823 3351 capitula
1846 3287 1984 3331 tem-

401 3389 524 3457 pori
554 3395 611 3441 et
642 3384 966 3440 lectionibus
1012 3379 1382 3451 congruentia.
1416 3375 1569 3443 Quod
1597 3388 1730 3443 opus
1760 3370 1985 3444 (subdit

404 3481 530 3549 ille)
563 3489 671 3533 tam
701 3475 1067 3532 necessarium
1108 3473 1139 3528 s
1168 3471 1462 3527 lectoribus
1505 3469 1558 3522 in
1590 3466 1832 3521 Ecclesia
1863 3476 1987 3532 pro-

407 3574 599 3635 batur,
631 3579 689 3624 ut
717 3567 1014 3636 expetitum
1044 3576 1098 3621 et
1126 3561 1542 3620 sollicitudinem
1590 3558 1742 3613 tollat
1773 3565 1828 3609 et
1871 3567 1986 3608 mo-

408 3679 550 3730 ram,
599 3660 848 3731 plebique
888 3661 1098 3730 ingerat
1140 3657 1445 3722 scientiam,
1497 3652 1884 3715 celebritatem,
1933 3655 1988 3702 et

408 3755 687 3810 decorem.
717 3753 832 3819 Quo
851 3767 1019 3821 opere
1043 3750 1256 3805 videtur
1276 3747 1537 3817 originem
1560 3742 1773 3799 dedisse
1802 3741 1989 3795 Eccle-

410 3845 635 3899 siastico
663 3856 879 3914 precum
905 3839 1109 3907 cursui,
1147 3839 1233 3894 cui
1263 3848 1447 3908 postea
1487 3832 1749 3889 Breviarii
1792 3844 1988 3886 nomen

413 3943 497 3990 est
520 3934 772 3988 inditum.
801 3931 1090 3985 Venerium
1116 3929 1332 3996 excepit
1367 3925 1712 3980 Eustachius.

488 4025 730 4079 Marinus
758 4023 849 4092 qui
890 4021 1137 4087 proxime
1160 4028 1281 4089 post
1318 4018 1611 4074 Venerium
1645 4014 1675 4068 ἐι
1700 4011 1992 4069 Caelestino

412 4116 739 4185 appellatur,
769 4114 814 4167 is
838 4111 1067 4167 fortasse
1087 4118 1173 4165 est
1197 4109 1263 4165 ad
1293 4123 1454 4180 quem
1481 4121 1623 4161 anno
1648 4107 1748 4161 419
1764 4105 1995 4172 scripse-

414 4216 506 4262 rat
530 4206 856 4261 Bonifacius.
889 4204 1143 4269 Quaenam
1172 4214 1303 4255 vero
1346 4198 1510 4253 fuerit
1544 4197 1663 4265 ejus
1702 4195 1858 4250 sedes
1888 4209 1994 4248 non

414 4300 707 4354 indicatur.
738 4296 869 4351 Inde
915 4294 1167 4364 judicare
1213 4292 1338 4347 licet
1379 4291 1690 4353 Venerium,
1744 4288 1833 4357 qui
1872 4286 1998 4339 huic

418 4390 777 4460 praeponitur,
810 4400 953 4442 anno
972 4385 1164 4440 saltem
1188 4383 1295 4438 419
1323 4380 1638 4452 episcopatu
1660 4378 1829 4433 fuisse
1864 4378 1997 4431 insi-

418 4482 656 4552 gnitum.

494 4572 752 4628 Leontius
772 4570 862 4625 ille
892 4566 1134 4639 profecto
1162 4575 1246 4623 est
1283 4564 1511 4621 celebris
1544 4562 2000 4632 Forojuliensium

424 4666 733 4734 episcopus,
761 4660 855 4730 qui
883 4673 1027 4714 anno
1048 4659 1264 4713 demum
1291 4654 1396 4712 452
1424 4655 1578 4710 obiit.

494 4755 945 4808 Commemorant
984 4750 1384 4806 Sammartltani
1412 4746 1557 4820 (Gal.
1590 4745 1714 4800 Chr.
1754 4755 1876 4799 tom.
1913 4744 2003 4806 Ill,

425 4863 480 4915 p.
512 4843 641 4911 786)
671 4843 997 4896 Auxentium
1038 4840 1367 4895 Niciensem.
1400 4840 1468 4891 At
1507 4837 1658 4892 illum
1691 4847 1879 4890 sancto
1909 4835 2009 4888 Va-

428 4934 637 4989 leriano
656 4933 749 5002 qui
769 4945 913 4986 anno
937 4930 1045 4985 455
1072 4939 1348 5000 superstes
1375 4927 1552 4982 adhuc
1582 4936 1702 4981 erat
1742 4925 2011 4995 posterio~

428 5040 573 5080 rem.

507 5114 739 5169 Narrant
757 5112 916 5168 iidem
947 5111 1252 5168 Auxonium
1278 5108 1670 5173 Vivariensem,
1703 5106 1797 5176 qui
1826 5106 2012 5160 sedem

432 5208 801 5279 episcopalem
825 5221 896 5260 ex
916 5204 1053 5259 urbe
1070 5202 1204 5257 Alba
1228 5216 1259 5255 a
1279 5200 1451 5255 Croco
1474 5199 1740 5264 \‘andalo,
1760 5208 1820 5263 ut
1840 5198 2013 5263 aiunt,

433 5301 720 5353 devastata
764 5294 1039 5351 Vivariam
1082 5290 1377 5347 transtulit.
1420 5289 1627 5343 Crocus
1659 5288 1877 5357 quidem
1918 5302 2016 5356 per

435 5389 645 5446 Gallias
691 5385 1041 5457 grassabatur
1084 5383 1387 5451 imperante
1434 5379 1700 5444 Gallieno,
1743 5389 1802 5433 ut
1852 5378 2018 5433 habet

438 5480 739 5551 Gregorius
767 5476 1118 5532 Turonensis.
1142 5472 1213 5527 At
1234 5473 1301 5527 de
1325 5471 1583 5526 Vandalis
1618 5471 1669 5524 in
1699 5470 1870 5525 Gallia
1895 5479 2018 5525 ante

442 5584 649 5627 annum
676 5567 777 5625 407
808 5566 1045 5622 nondum
1070 5563 1186 5618 fieri
1215 5563 1418 5617 mentio
1440 5570 1698 5630 cmperat.

518 5656 784 5714 Arcadius
806 5656 1019 5721 quidem
1050 5652 1360 5711 Yenciensis
1389 5650 1688 5721 Episcopus
1710 5650 1877 5710 fuisse
1903 5668 2023 5711 cre-

2055 1841 2290 1911 speciale
2316 1839 2677 1894 discretumve
2710 1837 3071 1906 perhibuisset
3103 1838 3473 1891 testimonium
3500 1853 3514 1902 ;
3544 1853 3641 1890 au-

2057 1934 2244 1987 debant
2268 1931 2476 2001 quidam
2496 1931 2687 2000 inferre
2712 1930 2851 1997 quod
2874 1927 2995 1980 hinc
3017 1944 3104 1981 eos
3130 1936 3381 1996 appareat
3402 1944 3506 1981 non
3525 1945 3643 1995 pro-

2059 2022 2222 2087 batos,
2259 2030 2305 2076 et
2353 2022 2507 2074 istam
2541 2021 2594 2072 in
2626 2029 2858 2074 sanctum
2911 2017 3257 2089 Augustinum
3297 2017 3643 2071 laudationem

2059 2128 2152 2182 pro
2178 2110 2497 2164 anteriorum
2526 2110 2832 2179 scriptorum
2853 2111 3045 2163 meritis
3068 2111 3225 2180 fuisse
3250 2110 3511 2163 collatam.
3537 2110 3645 2166 Sed

2060 2213 2403 2275 praterquam
2434 2201 2570 2270 quod
2596 2202 2714 2254 talis
2756 2199 3017 2253 cavillatio
3042 2201 3309 2269 superﬂua
3333 2210 3449 2254 erat
3474 2200 3649 2255 nullo-

2061 2308 2166 2363 que
2213 2292 2335 2346 nixa
2382 2290 2765 2354 fundamento;
2823 2288 2955 2343 satis
3003 2287 3316 2342 habuissent
3358 2288 3647 2358 Augustini

2066 2382 2316 2451 discipuli
2343 2382 2387 2434 si
2427 2379 2865 2448 Semipelagiani,
2896 2379 2984 2449 qui
3014 2380 3260 2447 proxime
3280 2378 3453 2433 editos
3485 2379 3651 2434 ιιιπυι

2068 2472 2351 2542 Augustini
2380 2471 2704 2535 refutabant,
2733 2468 3093 2523 anterioribus
3115 2469 3356 2537 ejusdem
3390 2469 3650 2523 adversus

2066 2564 2382 2632 Pelagianos
2421 2562 2637 2631 scriptis
2684 2559 3103 2630 acquievissent,
3146 2570 3199 2614 et
3237 2560 3304 2614 iis
3338 2575 3458 2629 quae
3504 2562 3653 2628 prius

2069 2670 2168 2725 pro
2196 2638 2367 2725 gratt’a
2395 2652 2700 2708 Christiana
2731 2652 2941 2708 fuerant
2984 2654 3182 2722 scripta
3221 2652 3650 2707 consensissent.

2070 2747 2129 2801 In
2161 2747 2245 2801 bis
2270 2745 2414 2801 enim
2457 2758 2643 2799 eorum
2674 2758 2889 2799 errores
2917 2743 3165 2796 damnari
3210 2742 3371 2797 facile
3415 2742 3655 2812 agnitum

2072 2840 2284 2894 fuisset.
2316 2836 2422 2893 Sed
2453 2851 2559 2891 non
2602 2835 2903 2891 faciebant:
2938 2834 3181 2909 Sciebant
3225 2835 3383 2899 enim,
3416 2844 3473 2889 ut
3513 2843 3660 2889 recte

2074 2927 2328 2983 observat
2344 2925 2404 2981 S.
2432 2925 2687 2993 Prosper,
2717 2925 2890 2978 omnia
2916 2923 3219 2996 Pelagianis
3247 2940 3355 2977 esse
3375 2923 3658 2985 contraria,

2077 3034 2195 3087 seu,
2224 3031 2283 3074 ut
2322 3018 2485 3073 habet
2520 3018 2623 3071 alia
2665 3016 2848 3085 lectio,
2879 3017 3060 3071 omnia
3107 3016 3417 3086 Pelagiana,
3461 3015 3513 3070 id
3552 3024 3659 3082 est,

2082 3120 2273 3165 contra
2317 3109 2630 3179 Pelagianos
2676 3107 2903 3174 directa,
2948 3107 3051 3161 sibi
3098 3121 3223 3162 esse
3259 3107 3558 3171 contraria;
3607 3113 3665 3160 et

2084 3199 2219 3253 nihil
2247 3198 2343 3253 sibi
2362 3214 2508 3269 posse
2528 3208 2813 3267 competere
2849 3197 2916 3251 ad
2954 3200 3363 3266 consequentium
3390 3197 3667 3252 resolutio-

2086 3306 2221 3354 nem,
2252 3289 2296 3342 si
2318 3288 2682 3357 conﬁterentur
2722 3289 2777 3341 in
2806 3288 3206 3359 prwcedentibus
3238 3289 3515 3343 consistere
3542 3290 3667 3343 veri-

2087 3389 2258 3435 tatem.
2286 3379 2468 3451 ltaque
2499 3380 2715 3434 sublato
2736 3395 2767 3435 e
2789 3379 2922 3434 vivis
2947 3378 3263 3446 leeSlino,
3286 3396 3429 3435 anno
3457 3381 3666 3435 Domini

2085 3474 2193 3531 452
2219 3474 2579 3544 Augustinum
2608 3474 2891 3528 calumniis
2932 3474 3300 3543 proscindere,
3332 3476 3557 3543 gratiam
3599 3474 3666 3527 ab

2087 3582 2152 3623 eo
2180 3568 2317 3622 male
2340 3566 2619 3622 defensam
2661 3567 2962 3635 clamitare,
3011 3584 3285 3639 pacemque
3314 3568 3535 3620 t'ictricis
3561 3566 3665 3619 Ec-

2087 3660 2255 3713 clesia:
2284 3659 2566 3729 inquietare
2609 3674 2715 3711 non
2749 3658 3048 3724 desierunt,
3098 3659 3388 3727 resumptis
3431 3658 3665 3712 hostium

2088 3749 2206 3819 ejus
2235 3749 2417 3813 armis,
2449 3748 2875 3817 instauratisque
2910 3748 3284 3801 damnatorum
3322 3749 3559 3818 querelis
3599 3763 3666 3804 ac

2090 3840 2323 3895 maxime
2350 3840 2749 3909 procacissimis
2783 3838 2977 3893 Juliani
3001 3839 3278 3893 conviciis.

2162 3931 2293 3985 Cum
2317 3930 2354 3985 ii
2382 3930 2472 4000 qui
2500 3929 2874 3984 immoderatis
2901 3929 3181 3984 calumniis
3196 3929 3362 3984 libros
3388 3930 3675 3997 Augustini

2091 4033 2277 4079 contra
2307 4037 2548 4077 errorem
2588 4020 2936 4091 Pelagianum
2968 4021 3216 4075 conditos
3253 4020 3512 4089 impetere
3557 4036 3668 4075 non

2095 4115 2466 4185 quiescebant,
2498 4122 2683 4169 essent
2711 4113 3039 4182 hujusmodi,
3069 4124 3123 4167 ut
3151 4128 3242 4167 nec
3264 4114 3396 4166 ordo
3426 4128 3600 4166 eorum
3624 4115 3680 4167 in

2097 4206 2354 4277 Ecclesia,
2384 4223 2475 4260 nec
2501 4207 2709 4276 ingenia
2735 4205 3061 4273 despicienda
3084 4205 3397 4272 viderentur,
3429 4204 3682 4272 siquidem

2098 4298 2341 4353 habentes
2385 4299 2602 4365 speciem
2657 4297 2859 4367 pietatis
2914 4296 2968 4349 in
3017 4295 3211 4361 studio,
3244 4297 3394 4367 cujus
3444 4295 3684 4347 uirtutem

2101 4388 2442 4459 difﬁtebantur
2470 4389 2523 4441 in
2550 4406 2724 4452 sensu,
2760 4388 3027 4441 trahebant
3054 4388 3122 4440 ad
3152 4402 3206 4440 se
3229 4389 3417 4439 multos
3451 4386 3685 4439 inerudi-

2103 4493 2181 4537 tos
2209 4493 2377 4536 etnon
2410 4481 2649 4535 habentia
2673 4482 2947 4550 spirituum
2983 4481 3343 4534 discretionem
3371 4480 3529 4534 corda
3557 4495 3685 4532 con-

2104 4573 2413 4635 turbabant;
2438 4572 2634 4625 malum
2663 4570 2760 4625 hoc
2783 4572 2846 4626 ab
2878 4572 3088 4624 occultis
3114 4571 3386 4638 parvisque
3409 4570 3689 4625 seminibus

2106 4662 2385 4732 augebatur
2414 4660 2664 4731 quotidie,
2707 4668 2753 4713 et
2792 4660 2855 4713 ab
2892 4669 3005 4713 ortu
3060 4674 3153 4713 suo
3196 4658 3350 4712 latius
3393 4658 3691 4729 longiusque

2108 4751 2519 4805 distendebatur.
2554 4750 2648 4804 llis
2674 4750 2833 4805 rebus
2872 4749 3132 4804 adductus
3172 4748 3270 4804 fuit
3313 4758 3533 4803 sanctus
3557 4747 3691 4801 Pro—

2110 4857 2235 4913 Sper
2266 4849 2324 4895 ut
2344 4856 2530 4897 eorum
2561 4841 2844 4896 conatibus
2872 4841 3066 4895 iterum
3095 4840 3408 4906 obsisteret,
3432 4854 3537 4909 quo
3569 4838 3693 4893 illa-

2116 4942 2229 4987 tum
2264 4942 2375 4986 tum
2406 4932 2727 5001 Augustino,
2760 4939 2874 4986 tum
2904 4932 3131 5001 reliquis
3157 4932 3431 4993 omnibus,
3461 4944 3525 4985 ac
3551 4944 3690 4999 pra:-

2114 5023 2272 5091 cipue
2320 5022 2628 5092 apostolicae
2685 5021 2826 5076 sedis
2880 5021 3241 5090 pontificibus,
3275 5022 3366 5091 qui
3411 5018 3693 5089 Augustini

2119 5114 2369 5183 dogmata
2412 5128 2508 5167 sua
2565 5111 2829 5178 fecerant,
2882 5113 3137 5183 injuriam
3186 5111 3540 5181 propulsaret.
3575 5108 3693 5173 Quo

2120 5203 2367 5259 effectum
2424 5212 2508 5259 est
2559 5214 2619 5258 ut
2672 5204 2879 5258 cautius
2924 5203 3338 5274 diligentiusque
3393 5200 3699 5258 attenderet

2121 5294 2250 5365 quid
2291 5293 2632 5349 sentiendum
2672 5295 2739 5348 de
2766 5294 2873 5347 illis
2901 5294 3162 5348 doctrina:
3194 5290 3575 5347 emendatioris
3604 5307 3698 5362 pa-

2124 5388 2317 5451 tronis,
2347 5387 2436 5456 qui
2468 5400 2726 5442 censores
2765 5385 2997 5455 agebant
3035 5385 3153 5451 ejus
3180 5384 3301 5451 viri,
3334 5399 3439 5453 quo
3460 5383 3595 5440 duce
3621 5386 3703 5440 vi-

2123 5477 2255 5547 ginti
2288 5478 2517 5547 amplius
2542 5476 2699 5531 annis
2738 5483 2924 5530 contra
2955 5474 3202 5530 inimicos
3246 5476 3432 5546 gratia:
3463 5475 3562 5531 Dei
3603 5490 3700 5531 ca-

2126 5570 2328 5623 tholica
2352 5570 2496 5625 acies
2526 5582 2759 5638 pugnare
2786 5577 2841 5623 et
2869 5567 3085 5623 vincere
3113 5577 3485 5624 consueverat.

2202 5659 2369 5716 Unius
2403 5659 2739 5729 potissimum
2769 5659 3136 5729 definitiones,
3167 5675 3326 5730 quem
3350 5672 3456 5714 non
3485 5658 3703 5716 dubium
