4088 6176
444 248 517 305 35
1517 244 1674 301 V'lTA
1710 246 1765 301 S.
1808 246 2144 305 PROSPEBI
2185 249 2529 316 AQUITANI.
3640 262 3715 317 δυ

445 375 562 423 erat
587 362 694 423 tllis
722 366 977 423 omnibus
998 367 1050 423 in
1082 378 1395 422 sanctarum
1423 365 1823 437 Scripturarttm
1848 366 2030 422 studio
2060 371 2107 429 A
2134 375 2288 422 tentia
2318 387 2471 439 quam
2500 371 2816 441 desperanda
2841 376 3087 428 correctio
3108 414 3121 439 ,
3154 385 3208 428 ut
3253 375 3413 431 donec
3464 376 3718 436 Dominus

444 470 733 532 prmstare,
766 460 1156 531 impugnandas
1183 460 1445 530 suscepit.
1471 460 1615 528 Quas
1643 461 1805 515 etiam
1831 459 1901 515 ob
1931 459 2034 514 hoc

443 553 623 609 solum
667 553 720 607 in
766 553 1221 623 disceptationem
1251 554 1454 607 assumi
1494 562 1752 622 oportere
1780 551 2031 618 credidit,

446 648 570 717 (ωε
615 655 792 701 utrum
839 645 915 700 ita
950 660 1010 701 se
1054 645 1319 700 haberent
1364 660 1469 699 non
1513 652 1727 714 poterat
1774 643 2032 698 dubitari.

446 737 675 805 Scriptze
702 735 848 791 enim
877 744 1051 800 erant,
1083 746 1136 790 et
1177 734 1418 790 auctoris
1453 735 1538 788 sui
1583 733 1823 789 editione
1860 732 2037 804 publi-

447 835 582 882 catae
606 842 620 879 :
655 841 757 882 nec
776 826 908 895 jam,
945 840 1014 880 an
1038 834 1223 881 essent
1244 826 1593 896 quaerendum
1622 832 1761 889 erat,
1786 824 1881 879 sed
1904 822 2033 893 quid

448 914 706 970 docerent
761 916 863 984 ipsi
928 915 1275 970 incumbebat
1323 913 1831 969 demonstrandum.
1888 912 2035 967 illius

446 1005 665 1074 quidem
696 1019 895 1060 nomen
924 1020 1030 1060 non
1055 1006 1350 1074 exprimit;
1380 1014 1436 1059 at
1457 1004 1666 1059 dubitat
1698 1017 1878 1070 nemo,
1906 1003 2035 1073 quin

448 1094 767 1151 Cassianum
814 1096 956 1151 fama
998 1097 1367 1161 notissimum,
1400 1107 1527 1151 tunc
1566 1097 1828 1166 temporis
1860 1098 2038 1153 adhuc

447 1189 794 1259 superetitem
835 1188 1128 1259 signiﬁcet.
1177 1188 1397 1243 Librum
1430 1202 1560 1259 ergo
1608 1188 1795 1256 edidit,
1839 1187 1894 1241 in
1930 1202 2037 1257 quo

448 1281 681 1350 ipsamet
706 1279 1028 1335 Collationis
1067 1280 1241 1334 tertiae
1282 1279 1505 1334 decimae
1534 1279 1635 1333 viri
1675 1278 1853 1348 hujus,
1885 1278 2037 1347 cujus

449 1372 774 1441 praenOtatio
812 1380 898 1426 est
943 1372 1005 1425 de
1033 1369 1358 1425 Protectione
1400 1371 1517 1437 Dei,
1564 1371 1727 1426 verba
1769 1370 2035 1435 referens,

450 1475 664 1515 errores
690 1476 881 1516 omnes
908 1461 1103 1530 quibus
1126 1461 1216 1517 illa
1246 1470 1421 1516 scatet
1446 1462 1666 1525 refellit,
1690 1462 2040 1532 ostenditque

450 1562 711 1624 quantum
736 1553 805 1606 ab
837 1553 1093 1607 Ecclesiae
1120 1553 1387 1623 dogmatis
1410 1552 1763 1622 discreparet,
1795 1566 1851 1609 et
1879 1569 2038 1625 quam

451 1644 627 1715 ipsum
669 1644 775 1699 sibi
799 1658 907 1699 non
938 1653 1213 1699 constaret
1235 1644 1542 1714 hujusmodi
1572 1644 1929 1714 Opusculutn.

2140 474 2230 527 per
2253 457 2497 513 Ecclesia:
2517 462 2791 531 principes,
2817 472 2862 516 et
2888 463 3137 532 legitimos
3153 467 3477 536 judiciorum
3501 484 3717 525 suorum

2136 549 2413 612 ministros,
2442 548 2552 603 haec
2591 567 2707 620 quae
2757 569 2846 620 per
2874 570 3157 622 paucorum
3198 558 3488 629 superbiam
3517 570 3562 613 et
3588 577 3719 631 quo-

2135 638 2373 691 rumdam
2394 639 2702 709 imperitiant
2729 652 2844 695 sunt
2872 644 3072 697 turbata
3099 659 3396 718 componat,
3430 651 3572 704 nobis
3601 650 3718 706 Dea

2135 730 2410 801 adjuvante
2444 731 2509 784 sit
2538 732 2765 785 studium
2787 734 2955 802 quieta
2977 736 3300 809 modestaque
3319 742 3561 809 patientia
3583 744 3716 797 odiis

2138 818 2461 873 dilectionem
2508 822 2738 884 reddere,
2793 833 2841 877 et
2884 826 3171 896 ineptorum
3213 831 3370 884 vitare
3414 834 3716 903 conﬂictus,

2137 911 2397 963 veritatem
2426 927 2525 964 non
2554 910 2801 977 deserere,
2822 930 2915 969 nec
2939 932 3051 968 cum
3081 918 3303 988 falsitate
3331 931 3559 987 certare;
3587 940 3721 977 sem-

2140 1015 2326 1068 perque
2369 1017 2401 1053 a
2432 1000 2536 1054 Deo
2563 1012 2733 1071 petere
2757 1013 2813 1057 ut
2838 1006 2889 1057 in
2932 1007 3165 1060 omnibus
3211 1011 3632 1079 coqitationibus,
3663 1016 3718 1067 in

2142 1089 2375 1144 omnibus
2406 1092 2779 1161 voluntatibus,
2831 1095 2883 1147 in
2932 1098 3162 1151 ontnibus
3195 1102 3515 1155 sermonibus
3562 1114 3716 1172 atque

2139 1181 2426 1235 actionibus
2457 1183 2640 1235 nostris
2666 1183 2773 1253 ipse
2796 1193 2960 1238 teneat
2985 1187 3352 1260 principatum,
3384 1193 3472 1262 qui
3500 1194 3630 1247 dixit
3658 1211 3714 1250 se

2141 1287 2248 1326 esse
2288 1272 2616 1344 principium.

2672 1369 3060 1430 ARTICULUS
3099 1375 3189 1430 IX.

2139 1454 2221 1511 De
2232 1456 2349 1511 aliis
2366 1457 2427 1513 S.
2443 1456 2688 1529 Prosperi
2703 1458 2955 1530 Operibus
2978 1506 2992 1529 ,
3020 1464 3179 1535 deque
3197 1467 3423 1536 ejusdem
3441 1468 3713 1527 Chronico.

2212 1548 2349 1614 Quid
2401 1565 2578 1604 rerum
2610 1556 2779 1620 egerit
2808 1548 3041 1624 Prosper
3069 1557 3135 1611 ab
3172 1573 3314 1613 anno
3359 1560 3483 1627 452,
3529 1580 3635 1634 quo
3661 1566 3717 1621 in

2140 1641 2455 1696 Cassianum
2480 1643 2717 1713 scripsit,
2742 1646 2809 1701 ad
2839 1648 3205 1716 pontiﬁcatum
3232 1667 3397 1723 usque
3414 1655 3471 1710 S.
3496 1655 3714 1724 Leonis,

521 1734 599 1790 De
630 1735 733 1791 hoc
759 1735 1011 1804 Prosperi
1049 1734 1222 1791 nostri
1256 1734 1434 1803 Opere
1455 1749 1556 1806 pro
1582 1735 1798 1809 ingenio
1826 1750 1927 1791 suo
1956 1737 2037 1791 sie
2071 1738 2117 1797 B
2145 1731 2233 1799 qui
2264 1746 2406 1787 anno
2446 1732 2555 1787 440
2580 1735 2866 1792 inchoatus
2894 1747 3004 1805 est,
3038 1755 3298 1810 nusquam
3326 1747 3584 1801 occurrit.
3604 1747 3719 1804 lloc

452 1826 699 1897 loquitur
722 1826 1038 1883 Gennadius
1081 1828 1135 1881 in
1166 1824 1449 1898 Catalogo,
1481 1842 1604 1898 cap.
1629 1829 1721 1896 84,
1752 1829 1843 1899 qui
1868 1840 1951 1884 est
1979 1830 2047 1885 de

452 1915 754 1988 Prospero:
782 1936 802 1971 ι
836 1917 963 1987 Legi
993 1927 1048 1974 et
1076 1918 1273 1973 librum
1295 1919 1557 1974 adversus
1588 1920 1845 1988 opuscula
1865 1960 1881 1985 ,
1910 1936 2046 1989 sup-

454 2024 647 2080 presso
676 2010 895 2065 nomine
921 2009 1167 2065 Cassiani
1198 2028 1211 2063 :
1245 2025 1366 2080 qum
1393 2010 1632 2066 Ecclesia
1663 2010 1758 2067 Dei
1789 2012 2045 2067 salutaria

458 2104 673 2171 probat,
704 2102 797 2156 ille
835 2100 1058 2156 infamat
1096 2100 1309 2157 nociva.
1344 2101 1423 2157 Re
1460 2117 1586 2157 vera
1632 2102 1774 2157 enim
1805 2102 2047 2159 Cassiani

455 2203 515 2250 et
540 2193 793 2262 Prosperi
817 2192 885 2248 de
908 2195 1082 2262 gratia
1111 2193 1203 2248 Dei
1233 2202 1287 2248 et
1320 2192 1491 2249 libero
1518 2193 1742 2247 arbitrio
1763 2194 2048 2248 sententias

454 2286 510 2340 in
539 2284 807 2354 aliquibus
850 2283 953 2338 sibi
998 2283 1344 2339 inveniuntur
1390 2284 1700 2338 contrariae.
1741 2302 1761 2336 ι
1797 2283 1903 2340 Sed
1927 2282 2046 2337 fru-

458 2388 573 2434 stra
623 2385 710 2433 est
758 2390 880 2447 quas
921 2376 1089 2447 priori
1136 2378 1285 2432 allati
1336 2377 1440 2432 loci
1485 2387 1641 2448 parte
1669 2377 1740 2433 de
1790 2378 2049 2433 Ecclesia;

454 2483 619 2525 sensu
650 2468 860 2539 profert
886 2468 1218 2535 Gennadius,
1239 2485 1400 2537 quem
1427 2470 1528 2525 hac
1549 2469 1600 2524 in
1626 2479 1776 2540 parte
1806 2470 2049 2525 Ecclesia

456 2561 574 2631 ipsa
634 2576 742 2616 non
789 2560 1019 2616 obscure
1082 2560 1429 2626 improbavit.
1481 2561 1696 2617 Etenim
1744 2562 2046 2617 Concilium

456 2654 793 2719 Romanum,
842 2652 1057 2709 Gelasio
1100 2654 1389 2722 pontiﬁce,
1419 2662 1479 2710 ut
1520 2655 1738 2723 quidem
1785 2654 2048 2717 creditur,

455 2758 599 2800 anno
629 2744 736 2799 494
764 2744 1029 2810 habitum,
1052 2744 1309 2815 Prosperi
1338 2745 1538 2813 scripta
1562 2745 1777 2814 probat,
1804 2745 2049 2799 Cassiani

458 2853 590 2895 vero
638 2837 895 2908 reprobat
925 2836 1119 2907 (Conc.
1152 2846 1191 2891 t.
1222 2836 1290 2891 IV
1324 2855 1377 2905 p.
1413 2837 1573 2902 1265,
1608 2836 1803 2907 1265).
1835 2838 2052 2892 Cassio-

457 2932 626 2987 dorus
667 2944 882 3000 quoque
913 2927 1085 2997 (Inst.
1115 2945 1163 2983 c.
1192 2929 1285 2994 29,
1317 2947 1370 2998 p.
1411 2928 1575 2999 245),
1605 2928 1829 2982 minime
1858 2943 2053 2995 parcus

458 3024 587 3080 licet
612 3021 852 3078 Cassiani
884 3021 1155 3087 laudator,
1185 3020 1316 3075 dum
1339 3021 1407 3075 ad
1454 3020 1571 3089 ejus
1614 3020 1903 3075 lectionem
1934 3033 2053 3073 mo-

2149 1823 2383 1879 fortasse
2418 1828 2673 1894 temporis
2700 1829 2981 1885 intervallo
3004 1834 3257 1888 nonnulla
3282 1850 3402 1905 qua:
3425 1838 3717 1893 etiamnum

2148 1924 2369 1969 exstant
2391 1918 2591 1986 scripta
2618 1921 2940 1989 composuit.
2972 1921 3208 1993 Utraque
3237 1925 3458 1983 haeresis
3488 1928 3721 1987 Nestorii

2148 2015 2204 2059 et
2245 2006 2445 2077 Pelagii
2475 2009 2543 2063 ab
2574 2009 2840 2079 Ephesina
2870 2015 3075 2085 synodo
3108 2032 3250 2071 anno
3274 2017 3376 2073 451
3426 2023 3719 2091 proscripta

2148 2097 2340 2161 fuerat,
2393 2113 2513 2153 cum
2557 2101 2882 2172 epigramma
2928 2105 3191 2173 quoddam
3223 2108 3438 2179 scripsit
3464 2111 3716 2182 Prosper,

2148 2188 2291 2257 quod
2346 2190 2622 2258 utriusque
2673 2194 2944 2250 haereseos
3013 2199 3343 2267 epitaphium
3403 2205 3717 2272 appellavit.

2148 2278 2353 2348 Nempe
2378 2280 2430 2335 in
2464 2281 2566 2337 hoc
2606 2293 2829 2355 utraque
2854 2291 3217 2344 consentiebat
3240 2331 3256 2355 ,
3285 2295 3425 2361 quod
3453 2296 3621 2351 altera
3642 2298 3697 2351 af

2149 2369 2392 2427 ﬁrmaret
2411 2371 2679 2429 Christum
2708 2375 2889 2433 labore
2914 2392 2975 2433 ac
2991 2380 3243 2448 operibus
3262 2388 3372 2436 suis
3388 2383 3721 2442 divinitatem

2149 2475 2499 2519 consecutum
2534 2466 2731 2533 fuisse,
2772 2468 2939 2524 altera
2969 2469 3038 2525 de
3070 2471 3276 2539 justitia
3306 2473 3544 2529 ﬁdelium
3576 2477 3721 2532 idem

2151 2556 2485 2624 pradicaret.
2519 2559 2696 2626 Quare
2731 2563 2906 2617 aiebat
2940 2563 3171 2633 Prosper
3203 2565 3573 2621 Nestorianam
3606 2569 3723 2624 ha:-

2150 2647 2336 2713 resim,
2360 2664 2480 2719 quae
2509 2653 2731 2720 gratiam
2776 2653 2827 2707 in
2858 2654 3033 2722 capite
3058 2655 3387 2723 destruebat,
3419 2658 3719 2730 Pelagiana:

2150 2740 2489 2807 genitricem,
2514 2758 2633 2810 quae
2674 2745 2917 2799 eamdem
2954 2750 3179 2816 gratiam
3210 2749 3262 2803 in
3309 2750 3565 2806 membris
3602 2753 3720 2821 ejus

2152 2830 2429 2885 evertebat
2459 2849 2473 2884 :
2504 2833 2605 2887 etsi
2651 2834 2759 2888 alio
2801 2851 2966 2891 sensu
2997 2839 3101 2893 ﬁlia
3131 2840 3235 2895 dici
3265 2840 3507 2906 deberet,
3539 2853 3722 2910 utpote

2151 2936 2271 2991 quae
2309 2922 2574 2979 damnatis
2620 2924 2837 2981 demum
2894 2928 3191 2999 Pelagianis
3243 2932 3553 3001 prodiisset.
3614 2935 3721 2989 lloc

2153 3012 2293 3068 idem
2320 3014 2650 3084 epitaphium
2678 3034 2709 3072 a
2741 3019 3009 3089 Prospero
3035 3034 3221 3078 nostro
3248 3027 3524 3095 utriusque
3554 3026 3723 3081 haere-

460 3115 666 3171 nachos
695 3113 943 3168 alumnos
967 3128 1094 3168 suos
1120 3112 1458 3179 cohortatur,
1483 3110 1703 3167 eosdem
1737 3119 1915 3165 tamen
1946 3111 2045 3164 ad-
2074 3101 2119 3164 C
2151 3105 2226 3160 sis
2254 3108 2458 3161 tumulo
2480 3122 2776 3177 appensum
2810 3123 3024 3181 negarat
3045 3112 3129 3168 ιο.
3155 3114 3444 3170 Garnerius
3469 3117 3521 3171 in
3541 3134 3661 3188 cap.
3694 3121 3722 3173 7

462 3208 697 3264 monitos
720 3207 836 3262 vult
867 3206 1016 3261 illum
1044 3215 1204 3261 caute
1232 3205 1519 3260 admodum
1554 3202 1838 3273 legendum
1873 3203 1924 3257 in
1962 3202 2049 3258 his

461 3314 582 3370 quae
610 3298 774 3353 habet
801 3297 869 3351 de
902 3297 1074 3352 libero
1099 3297 1346 3361 arbitrio,
1373 3296 1441 3351 de
1470 3310 1577 3365 quo
1624 3294 1797 3349 fuerat
1822 3309 1853 3347 a
1890 3294 2050 3349 beato

460 3391 734 3461 Prospero
781 3389 976 3443 merito
1018 3388 1361 3458 redargutus.
1408 3388 1552 3444 ldem
1604 3386 1849 3441 laudibus
1891 3394 2052 3440 ornat

463 3483 775 3552 episcOpum
806 3480 1093 3550 quemdam
1123 3482 1213 3552 qui
1243 3479 1485 3537 Cassiani
1530 3481 1699 3537 libros
1724 3480 2048 3536 emendave-

463 3581 568 3639 rat,
598 3573 714 3641 ipse
735 3586 949 3641 quoque
983 3572 1136 3626 novis
1165 3572 1311 3627 curis
1337 3572 1503 3627 simili
1528 3572 1707 3626 labore
1737 3570 2051 3640 perfunctus

460 3664 631 3720 fuisse
660 3671 909 3718 narratur
934 3664 1073 3732 (Ade
1110 3664 1166 3717 in
1197 3660 1321 3718 Chr.
1350 3672 1388 3717 t.
1424 3662 1537 3728 VII,
1572 3680 1625 3731 p.
1652 3660 1816 3730 556).
1850 3662 1923 3716 De
1949 3663 2050 3717 hoc

463 3770 596 3811 vero
628 3754 773 3825 quod
804 3755 879 3809 ait
921 3754 1254 3821 Gennadius,
1305 3753 1599 3823 suggillatis
1629 3754 1786 3822 plane
1816 3752 2049 3822 Prospe-

466 3864 588 3903 rum
616 3847 757 3917 quod
782 3846 1039 3903 adversus
1055 3847 1366 3903 Cassianum
1391 3845 1690 3915 scripserit,
1709 3845 1859 3915 cujus
1874 3847 2049 3914 Opera

466 3940 606 3998 falso
624 3942 793 4012 jactat
819 3942 885 3997 ab
912 3941 1155 3996 Ecclesia
1174 3940 1437 3995 catholica
1463 3955 1583 3995 esse
1614 3940 1837 4008 probata
1859 3956 1871 3992 :
1895 3939 2051 4005 Quze-

465 4050 588 4088 nam
613 4034 714 4089 ista
752 4042 854 4097 est,
888 4032 1056 4100 inquit
1089 4031 1352 4086 Baronius
1386 4031 1517 4103 (An.
1546 4030 1685 4101 466)
1708 4031 1883 4085 locum
1907 4030 2052 4086 Gen-

464 4124 608 4179 nadii
640 4122 947 4187 confutans,
988 4121 1227 4176 Ecclesia
1260 4121 1379 4185 Dei,
1407 4136 1525 4190 quae
1554 4130 1609 4175 ut
1635 4122 1895 4176 catholica
1929 4138 2053 4189 pro-

465 4215 558 4270 bat
584 4213 829 4269 Cassiani
852 4212 1160 4282 Opuscula?
1186 4214 1346 4267 Certe
1376 4227 1480 4265 non
1513 4212 1737 4268 dicenda
1766 4213 2048 4282 catholica,

465 4308 560 4362 sed
610 4306 1017 4377 Pelagianorum
1066 4304 1328 4360 Ecclesia.
1383 4304 1497 4359 Non
1550 4321 1704 4376 aequo
1741 4307 1921 4362 animo
1949 4308 2052 4363 fert

466 4400 717 4455 Labbens
743 4400 788 4455 si
814 4398 933 4468 quis
963 4399 1238 4453 societatis
1269 4413 1380 4453 sua:
1407 4396 1648 4453 scholam
1679 4399 1933 4454 Cassiano
1958 4400 2051 4453 ad-

2154 3197 2369 3254 dissert.
2392 3199 2424 3254 7
2447 3200 2514 3255 ad
2545 3202 2691 3256 Marii
2714 3203 3026 3258 Mercatoris
3046 3205 3255 3274 Opera;
3275 3208 3450 3264 simile
3472 3210 3722 3278 quiddam

2152 3291 2422 3361 aanigmati
2452 3292 2679 3361 proferri
2723 3297 3087 3361 contendens,
3119 3313 3238 3351 cum
3269 3298 3467 3353 dicitur
3500 3302 3723 3356 alteram

2152 3380 2401 3438 haeresim
2428 3384 2650 3439 alterius
2677 3385 2840 3439 fuisse
2861 3397 3081 3440 matrem
3113 3388 3269 3442 simul
3291 3399 3345 3444 et
3373 3391 3532 3444 ﬁliam
3561 3409 3574 3445 :
3607 3408 3724 3462 quas

2152 3474 2430 3544 ingeniose
2475 3476 2693 3546 quidem
2723 3476 2866 3532 dicta
2895 3477 3107 3544 fatetur,
3139 3480 3234 3533 sed
3263 3495 3390 3534 vere
3428 3479 3725 3538 fuisse'ne-

2151 3576 2276 3636 gat;
2307 3565 2537 3635 hincque
2563 3567 2793 3636 probare
2826 3568 3010 3622 nititur
3057 3570 3198 3639 quod
3248 3584 3278 3624 a
3322 3573 3481 3625 tertio
3524 3574 3725 3635 s_:eculo

2152 3673 2249 3728 per
2294 3658 2484 3714 deliria
2532 3660 2871 3716 Samosateni
2909 3662 3225 3717 Nestoriano
3271 3663 3444 3719 errori
3498 3665 3724 3735 praeiudi

2150 3751 2379 3819 cmperit
2407 3768 2419 3804 :
2451 3751 2773 3823 subjicitque
2821 3754 3047 3809 dandam
3088 3769 3152 3809 eo
3184 3755 3475 3809 faciliorem
3509 3757 3721 3811 veniam

2151 3842 2330 3899 Poetae
2358 3855 2562 3911 nostro,
2590 3846 2729 3915 quod
2753 3846 2869 3915 ipse
2895 3862 3107 3916 quoque
3135 3846 3421 3903 Cassianus
3449 3849 3498 3903 in
3530 3848 3721 3903 eodem

2152 3937 2475 4001 peccaverit.
2522 3946 2575 3990 et
2604 3952 2754 3991 suam
2795 3939 2848 3992 in
2880 3940 3196 3993 sententiam
3242 3941 3464 3995 traxerit
3488 3932 3721 3996 Leonem

2150 4021 2395 4091 Magnum
2434 4024 2673 4094 aliosque
2702 4026 3038 4095 postmodum
3073 4028 3255 4096 plures
3284 4043 3469 4083 eorum
3491 4029 3725 4084 auctori-

2154 4124 2313 4169 tatem
2345 4126 2578 4171 secutos.
2613 4116 2815 4182 Quibus
2844 4133 2949 4172 non
2981 4118 3321 4175 obstantibus
3351 4120 3456 4173 tale
3482 4120 3722 4189 Opuscu-

2152 4206 2260 4260 lum
2308 4206 2579 4277 Prospero
2613 4210 2807 4263 asserit
2832 4210 3133 4265 Antelmius
3163 4212 3378 4267 dissert.
3406 4212 3439 4267 9
3471 4214 3521 4267 in
3547 4214 3719 4281 Opera

2150 4297 2249 4353 SS.
2279 4296 2474 4354 Leonis
2524 4308 2581 4354 et
2627 4300 3044 4369 Prosperi;tum
3094 4314 3312 4373 prOpter
3349 4305 3721 4360 auctoritatem

2155 4389 2397 4446 Cassiani
2438 4401 2495 4447 et
2524 4391 2719 4448 Leonis
2755 4394 2947 4464 Magni,
2971 4397 3162 4465 quibus
3206 4398 3248 4450 si
3277 4396 3378 4450 hoc
3405 4398 3552 4452 licuit
3581 4400 3722 4453 serio

462 4507 653 4547 versus
676 4464 999 4560 Prosperum
1031 4492 1210 4547 favere
1231 4491 1426 4546 dixerit
1450 4490 1601 4563 (Scr.
1620 4490 1766 4546 Eccl.
1794 4489 2043 4563 t.ll,pag.
2075 4464 2128 4525 Ῐ)
2152 4484 2560 4550 disserentibus,
2592 4487 2757 4541 multo
2794 4464 3155 4557 indulgentius
3183 4488 3361 4543 Poetae
3406 4491 3715 4544 condonan-

460 4584 627 4653 254).
687 4585 741 4638 ln
793 4584 1301 4654 congregationibus
1360 4583 1426 4638 de
1478 4581 1699 4638 auxiliis
1760 4584 1862 4638 hoc
1910 4586 2047 4638 inter

462 4675 736 4741 utrimque
757 4674 1147 4730 contendentes
1176 4677 1292 4730 sine
1321 4676 1424 4729 ulla
1458 4678 1823 4730 controversia
1851 4692 2047 4731 conve-

463 4765 568 4829 nit,
586 4766 652 4821 ab
675 4765 911 4820 Ecclesia
935 4765 1086 4834 rejici
1107 4780 1170 4820 ac
1187 4766 1462 4834 reprobari
1481 4765 1719 4822 Cassiani
1742 4766 2042 4835 Opiniones.

465 4856 547 4911 Ad
578 4854 939 4911 damnandum
967 4871 1089 4910 eum
1120 4856 1320 4911 conditi
1348 4866 1473 4911 sunt
1506 4871 1609 4912 non
1640 4857 1789 4926 pauci
1818 4857 2042 4912 Arausi-

460 4962 611 5003 canaz
641 4946 833 5018 synodi
861 4961 1119 5002 canones.

532 5036 816 5093 Concludit
869 5037 1102 5105 Prosper
1148 5037 1232 5091 his
1283 5038 1463 5093 verbis
1523 5046 1825 5092 memoratu
1879 5053 2039 5105 quam

461 5126 697 5182 maxime
733 5126 911 5197 dignis
943 5125 962 5198 (
982 5124 1156 5194 Infra,
1186 5144 1305 5196 pag.
1339 5127 1445 5183 369
1485 5137 1532 5181 et
1562 5127 1692 5199 seq.)
1730 5146 1743 5179 :
1776 5126 2044 5198 Sufﬁcien-

461 5227 557 5284 ter,
590 5226 648 5271 ut
679 5219 919 5284 arbitror,
951 5218 1355 5272 demonstratum
1384 5226 1478 5285 est,
1510 5220 1893 5289 reprehensores
1923 5237 2043 5274 san-

460 5310 531 5363 cti
575 5308 854 5381 Augustini
896 5319 943 5365 et
973 5326 1101 5364 vana
1131 5310 1350 5380 objicere
1370 5353 1384 5377 ,
1415 5318 1461 5362 et
1483 5320 1618 5363 recta
1645 5310 1968 5381 impugnare,
1995 5320 2042 5363 et

461 5414 627 5472 praua
664 5402 976 5471 defendere;
1024 5411 1497 5474 peremptorumque
1545 5403 1704 5455 armis
1742 5404 2039 5456 intestinum

462 5489 657 5545 bellum
687 5502 939 5548 moventes
961 5535 977 5561 ,
1009 5494 1160 5548 dictis
1187 5493 1371 5547 divinis
1400 5502 1552 5563 atque
1590 5493 1826 5546 humanis
1854 5495 2043 5547 consti-

459 5581 739 5636 tutionibus
767 5582 1034 5639 rebellare.
1065 5584 1293 5650 Quorum
1336 5594 1507 5638 tamen
1532 5627 1548 5653 ,
1586 5584 1713 5637 dum
1740 5584 1910 5638 adhuc
1939 5601 2041 5639 non

458 5690 579 5742 sunt
600 5681 881 5740 afraterna
905 5677 1137 5731 societate
1176 5676 1346 5743 divisi,
1380 5674 1648 5733 toleranda
1676 5675 1840 5745 magis
1867 5685 1938 5731 est
1962 5678 2040 5731 in-

2150 4578 2299 4645 dum,
2333 4594 2439 4634 non
2490 4586 2596 4631 tam
2621 4578 2685 4632 ad
2715 4578 2954 4634 historia:
2999 4597 3239 4634 normam
3268 4584 3526 4651 loquenti,
3560 4598 3716 4649 quam

2149 4670 2479 4738 consepultis
2505 4671 2777 4725 erroribus
2818 4672 3010 4726 laxatis
3049 4673 3269 4727 habenis
3314 4674 3637 4743 inflatisque,
3667 4684 3716 4729 ut

2148 4763 2317 4828 aiunt,
2369 4762 2515 4818 tibiis
2558 4764 2823 4819 illudenti.
2851 4764 3078 4819 Maxime
3120 4781 3237 4819 cum
3278 4765 3394 4820 haec
3437 4767 3719 4833 utriustjue

2152 4855 2422 4908 haereseos
2459 4856 2791 4924 comparatio
2817 4872 2922 4911 non
2954 4856 3122 4911 semel
3158 4857 3226 4909 ab
3247 4872 3313 4912 eo
3342 4867 3593 4927 usurpata
3621 4859 3718 4913 de-

2150 4944 2519 5013 prehendatur
2549 4965 2561 4999 :
2591 4946 2683 5000 sed
2735 4956 2791 5002 et
2834 4948 2885 5001 in
2931 4947 3200 5002 Chronico
3226 4950 3342 5018 ipso
3366 4962 3549 5005 narret
3576 4950 3718 5020 qttod

2144 5037 2283 5105 apud
2318 5036 2586 5105 Ephesum
2613 5038 2891 5093 Nestorius
2917 5054 3038 5093 cum
3062 5039 3250 5095 haeresi
3275 5042 3505 5096 nominis
3535 5043 3637 5106 sui,
3665 5050 3721 5095 et

2144 5143 2266 5183 cum
2307 5129 2492 5183 multis
2538 5129 2859 5200 Pelagianis,
2888 5131 2977 5200 qui
3007 5142 3291 5201 cognatum
3319 5134 3488 5186 errori
3515 5146 3613 5186 suo
3636 5134 3720 5200 ju-

2146 5218 2580 5287 vabantdogma,
2598 5219 3079 5276 lueritdamnattts:
3104 5234 3154 5277 et
3172 5225 3307 5276 hanc
3330 5222 3496 5288 ipsam
3521 5224 3718 5278 utrius-

2144 5325 2249 5377 que
2314 5312 2518 5365 erroris
2563 5314 3077 5369 contesserationem
3129 5315 3386 5367 Cassiano
3429 5315 3719 5384 exprobret

2144 5400 2267 5454 libri
2297 5401 2556 5453 adversus
2584 5416 2703 5455 eum
2750 5406 2934 5472 scripti
2970 5419 3090 5473 cap.
3119 5404 3207 5456 2L
3243 5402 3347 5456 Per
3381 5405 3514 5458 hunc
3554 5408 3717 5459 uirum

2144 5491 2558 5566 (leestinum)
2580 5498 2732 5550 etiam
2764 5496 3051 5552 Orientales
3092 5497 3336 5553 Ecclesia
3355 5503 3552 5569 gemina
3578 5511 3717 5571 peste

2142 5595 2377 5656 purgata:
2403 5595 2543 5655 sunt,
2574 5591 2779 5654 quando
2814 5590 3009 5661 Cyrillo
3038 5590 3397 5646 Alexandrina
3444 5594 3581 5647 urbis
3610 5596 3716 5648 An—

2143 5677 2291 5733 tistiti
2329 5679 2398 5734 ad
2424 5680 2783 5736 exsecrandum
2829 5681 3194 5739 Nestorianam
3224 5685 3530 5755 impietatem
3551 5729 3565 5757 ,
3587 5704 3714 5757 apo-
