4088 6176
388 216 458 273 3-,
1484 212 1639 267 \‘lTA
1678 212 1735 267 s.
1772 216 2111 277 PROSPERI
2148 226 2494 293 AQUI'I‘ANl.
3577 237 3652 294 58

385 326 571 378 stolita
598 324 881 377 auxiliata:
903 332 975 377 est
1000 323 1203 394 gladio,
1232 340 1332 394 quo
1357 325 1507 377 etiam
1535 324 1822 396 Pelagiani,
1848 327 1971 379 dum
1997 334 2048 390 Α
2077 342 2209 398 pora
2260 330 2499 399 jucunda
2552 331 2782 403 quadam
2829 333 3095 391 brevitate
3140 336 3384 396 deduxit.
3430 342 3650 402 Eusebii

384 420 619 488 cngnatis
669 416 1083 485 confaderantur
1124 414 1412 479 erroribus,
1454 415 1640 468 iterum
1680 426 1968 485 prosterne-

383 518 585 564 rentur.

458 601 689 671 Scripsit
712 609 907 670 praeter
933 600 1049 655 haec
1078 615 1171 655 sex
1198 614 1355 667 supra
1384 608 1594 654 centum
1620 600 1975 669 epigramma-

385 703 461 761 ta,
494 710 616 764 quae
644 693 802 748 effata
830 702 885 748 et
910 695 1206 747 sententias
1237 692 1458 746 totidem
1492 706 1555 745 ex
1578 692 1894 760 Augustino,
1919 698 1977 743 ιιι

385 784 608 855 przefert
653 785 865 849 titulus,
913 785 1258 853 depromptas
1304 783 1560 838 exhibent
1608 782 1821 853 (Infra,
1850 799 1972 853 pag.

383 879 492 935 615
517 888 565 931 et
587 881 746 947 δρψ).
780 878 889 932 Has
916 879 1148 946 primum
1176 890 1334 943 prosa
1359 876 1625 939 oratione,
1648 873 1841 928 deinde
1856 888 1975 928 ver-

383 971 533 1025 sibus
564 969 846 1038 exprimit.
875 970 1008 1021 Cum
1041 968 1092 1019 in
1126 974 1237 1020 toto
1264 966 1507 1034 opusculi
1554 963 1715 1033 hujus
1744 965 1972 1019 decursu

382 1062 640 1131 Prosperi
693 1061 968 1128 ingenium
1014 1059 1173 1113 facile
1202 1057 1529 1126 agnoscitur,
1566 1066 1677 1110 tum
1710 1056 1761 1109 in
1790 1071 1854 1110 eo
1878 1070 1976 1123 po-

381 1154 656 1209 tissimum
688 1152 827 1221 quod
863 1166 926 1205 ex
952 1149 1231 1219 Augustini
1253 1148 1412 1203 dictis
1440 1148 1723 1202 collectum
1747 1148 1816 1201 sit
1846 1145 1975 1216 (An-

382 1250 473 1299 tel.
507 1244 650 1299 Diss.
683 1245 735 1297 in
767 1242 866 1313 0p.
896 1242 1055 1296 Leon.
1084 1259 1138 1311 p.
1160 1240 1283 1305 417,
1328 1239 1432 1293 418
1453 1240 1493 1309 ).
1523 1238 1606 1292 Ad
1635 1237 1761 1291 illud
1790 1236 1976 1291 elabo-

382 1332 619 1391 randum’
641 1334 765 1387 ideo
783 1332 1030 1395 accessit,
1055 1341 1113 1384 ut
1135 1340 1367 1384 mentem
1390 1329 1558 1383 sacris
1574 1326 1798 1395 loquelis
1821 1341 1974 1381 exer-

383 1438 557 1491 ceret,
582 1426 900 1492 cmlestique
930 1424 1165 1476 animum
1194 1436 1329 1490 pane
1357 1418 1633 1490 pasceret(
1652 1416 1824 1487 Infra,
1848 1432 1970 1486 pag.

384 1519 511 1584 615,
540 1518 593 1569 in
622 1514 852 1586 Prw”:

476 1649 583 1698 Nec
593 1655 773 1696 nostra:
786 1647 876 1695 hoc
887 1648 995 1707 opis
1007 1641 1371 1707 est(inqnit)sed
1383 1644 1443 1691 ab
1455 1642 1536 1691 illo
1548 1642 1756 1691 sumitur
1766 1640 1846 1690 hic
1869 1652 1968 1705 ros,

543 1710 637 1768 Qui
659 1710 834 1757 siccam
854 1705 1025 1766 rupem
1044 1706 1248 1754 fundere
1266 1705 1409 1765 jussit
1429 1716 1596 1768 aquas.

483 1771 543 1821 Ut
565 1765 698 1831 quod
719 1772 765 1817 in
783 1765 1010 1817 affectum
1029 1768 1189 1831 cordis
1206 1767 1394 1831 pietate
1415 1765 1643 1831 magistra

538 1826 769 1892 venerit,
793 1831 883 1878 hoc
908 1835 1098 1891 promat
1119 1827 1344 1877 Carmine
1366 1826 1476 1875 laeta
1492 1826 1627 1874 fides.

381 1982 589 2050 Quibus
636 1979 817 2034 verbis
849 1976 1092 2047 prmludii
1143 1975 1313 2029 instar
1344 1974 1439 2029 toti
1486 1971 1649 2041 Operi
1683 1971 1964 2043 appositis,

385 2090 495 2144 qua
546 2081 723 2127 mente
768 2076 1076 2138 susceptum
1104 2081 1134 2120 a
1174 2081 1233 2121 se
1266 2066 1428 2120 fuerit
1466 2066 1611 2133 Opus
1661 2064 1883 2131 indicat,
1913 2072 1971 2120 et

385 2163 643 2235 quidquid
683 2161 819 2217 recti
862 2160 917 2215 in
960 2174 1028 2216 eo
1072 2158 1253 2223 fuerit,
1299 2154 1555 2227 quidquid
1605 2154 1781 2223 aliqua
1812 2153 1969 2209 laude

382 2257 604 2326 dignum
638 2253 959 2323 reperiatur,
991 2258 1162 2305 totum
1195 2247 1322 2302 illud
1352 2248 1416 2301 ad
1448 2260 1740 2315 supernum
1765 2244 1968 2300 fontem

384 2351 528 2405 unde
550 2349 839 2403 efﬂuxerat
866 2345 1092 2401 retinere
1124 2343 1261 2398 velle
1283 2357 1341 2396 se
1370 2350 1717 2410 protestetur.

455 2442 683 2497 Videtur
704 2439 936 2510 quodam
968 2439 1021 2491 in
1054 2438 1172 2490 loco
1203 2432 1419 2505 (Infra,
1448 2450 1569 2504 pag.
1608 2431 1707 2486 651
1744 2438 1790 2485 et
1812 2430 1965 2501 δρψ),

386 2535 440 2589 id
463 2529 980 2602 est,epigrammatis
996 2528 1066 2583 65
1086 2525 1240 2592 et66,
1258 2524 1616 2595 Eutychianos
1632 2522 1965 2591 impugnare,

386 2633 652 2695 negantes
680 2621 882 2677 Christi
912 2634 1131 2674 carnem
1180 2616 1421 2686 ejusdem
1453 2629 1572 2668 cum
1616 2623 1800 2666 nostra
1848 2625 1971 2665 esse

385 2715 728 2771 substantias.
744 2711 898 2767 Unde
925 2710 1025 2764 hoc
1035 2708 1225 2778 Operis
1244 2706 1344 2761 sub
1362 2703 1821 2761 Chalcedonensis
1843 2716 1971 2755 con-

384 2807 521 2873 cilii,
552 2820 699 2859 anno
743 2804 843 2858 451
881 2800 1070 2865 habiti,
1115 2808 1352 2867 tempora
1400 2797 1759 2865 compositum
1804 2794 1971 2850 fuisse

386 2913 497 2953 non
542 2897 814 2952 immerito
862 2892 982 2961 quis
1026 2889 1275 2958 colligat,
1325 2903 1445 2942 cum
1489 2886 1739 2955 Prosperi
1803 2885 1969 2939 vitam

385 2989 550 3044 etiam
601 2984 826 3041 ulterius
873 2981 1098 3053 produci
1154 2985 1434 3050 oporteat,
1481 2984 1539 3031 ut
1587 2984 1772 3046 postea
1819 2975 1970 3031 vide-

382 3082 584 3137 bimus.

453 3172 634 3227 Aliam
665 3170 886 3239 insuper
928 3165 1097 3222 edidit
1142 3164 1533 3219 Collectionem
1576 3159 1967 3216 sententiarum

381 3262 511 3329 592,
543 3261 681 3316 alias
707 3262 835 3325 388,
859 3275 929 3314 ex
974 3256 1255 3328 Augustini
1285 3255 1570 3325 Operibus,
1603 3262 1712 3308 tum
1744 3253 1809 3307 iis
1849 3268 1966 3323 qua:

383 3358 682 3409 etiamnum
730 3360 963 3417 exstant,
991 3359 1102 3405 tum
1132 3349 1199 3403 iis
1236 3364 1354 3417 quae
1394 3346 1798 3401 interciderunt.
1823 3345 1967 3400 Illius

382 3457 789 3512 nonnumquam
820 3450 1054 3496 mentem
1099 3439 1350 3508 exprimit
1392 3439 1569 3507 potius
1600 3451 1761 3505 quam
1808 3450 1967 3491 voces

379 3536 572 3591 refert.
601 3536 764 3591 Liber
794 3536 883 3589 ille
911 3534 1257 3588 existimatur
1293 3546 1413 3586 esse
1456 3531 1623 3585 instar
1661 3528 1967 3600 compendii

382 3628 666 3697 cujusdam
690 3626 1000 3694 theologici,
1029 3624 1167 3691 quod
1191 3624 1244 3678 in
1269 3623 1541 3692 proprium
1560 3637 1715 3677 usutn
1734 3622 1967 3691 Prosper

380 3726 758 3785 contexuerat,
783 3726 843 3772 ut
870 3718 1137 3785 praecipua
1167 3713 1570 3782 Angustinianae
1591 3713 1849 3768 doctrinm
1878 3728 1967 3768 ca-

378 3811 494 3881 pita
518 3810 620 3865 sibi
642 3811 853 3865 notiora
871 3818 925 3863 et
953 3807 1121 3876 magis
1148 3805 1428 3860 familiaria
1453 3803 1724 3859 redderet.
1749 3804 1967 3872 Aliquot

379 3918 443 3957 ex
476 3903 578 3957 hoc
606 3902 744 3956 libro
774 3902 1054 3956 sententia:
1084 3898 1225 3953 inter
1251 3898 1568 3953 Arausicani
1600 3894 1822 3950 secundi
1843 3909 1967 3950 con-

378 3995 491 4050 cilii
520 4009 756 4050 canones
798 3995 982 4049 relatae
1012 4001 1157 4059 sunt,
1185 3999 1240 4046 et
1266 3992 1553 4062 permulta:
1578 3992 1679 4047 sub
1714 3990 1963 4061 Prosperi

377 4087 601 4164 nomine
627 4087 862 4141 citantur
887 4100 913 4138 a
938 4084 1119 4139 Floro.

450 4178 584 4247 Ejus
609 4176 871 4245 expositio
900 4177 950 4229 in
979 4182 1281 4245 postremos
1312 4189 1474 4228 unum
1507 4180 1560 4229 et
1582 4175 1962 4245 quinquaginta

378 4270 621 4342 psalmos
648 4270 849 4338 pariter
899 4283 967 4323 ex
995 4267 1292 4337 Augustino
1334 4276 1443 4320 tota
1493 4264 1666 4322 ferme
1711 4275 1962 4336 excerpta

378 4369 483 4417 est.
517 4359 739 4415 Videtur
766 4358 1085 4413 Psalterium
1128 4358 1393 4427 integrum
1423 4356 1588 4411 simili
1628 4358 1835 4412 ratione
1862 4373 1959 4413 ex-

378 4453 649 4521 planasse,
680 4449 943 4518 siquidem
976 4449 1341 4517 prmtermisso
1364 4448 1571 4516 psalmo
1596 4463 1721 4515 cvn,
1768 4448 1956 4502 remito

378 4544 442 4599 tit
490 4541 559 4595 ad
590 4557 649 4595 ea
680 4556 799 4609 qua:
841 4540 910 4594 de
957 4555 1043 4594 Lvl
1073 4546 1129 4594 et
1179 4555 1267 4594 ιιι
1296 4539 1525 4594 dixerat.
1564 4538 1646 4593 Ad
1695 4526 1957 4608 psalmum

378 4648 535 4693 (.1le
569 4632 788 4687 disertis
814 4631 993 4686 verbis
1022 4639 1181 4698 negat
1217 4629 1483 4698 duplicem
1511 4643 1634 4683 esse
1663 4629 1715 4682 in
1745 4627 1960 4683 Christo

376 4740 664 4795 personam
698 4740 711 4777 :
745 4739 847 4793 qua
874 4723 941 4777 de
966 4737 1026 4777 re
1054 4737 1174 4777 cum
1207 4721 1337 4775 nihil
1380 4720 1485 4774 hoc
1514 4719 1632 4774 loco
1681 4719 1821 4773 dicat
1846 4722 1957 4773 Au-

374 4816 644 4885 gustinus,
694 4811 1037 4867 manifestum
1091 4819 1177 4866 est
1222 4809 1454 4864 Nestorii
1505 4809 1753 4864 haaresim
1804 4809 1890 4865 hic
1929 4824 1958 4863 a

376 4908 648 4976 Prospero
676 4903 849 4960 refelli
876 4919 891 4957 :
919 4917 1024 4972 quo
1050 4901 1404 4957 fundamento
1427 4900 1481 4955 id
1503 4900 1693 4969 Operis
1716 4914 1859 4954 anno
1885 4900 1963 4954 ci-

375 5000 483 5051 tius
522 4997 631 5051 «154
654 4993 1035 5063 assignandum
1065 5000 1332 5063 putamus.
1363 4991 1417 5044 In
1469 4991 1568 5046 hoc
1609 4990 1746 5044 libro
1771 4991 1961 5058 depre-

375 5088 632 5141 benditur
646 5100 936 5141 nervosum
968 5083 1097 5137 illud
1127 5081 1512 5150 concisumque
1532 5079 1742 5136 dicendi
1769 5094 1958 5150 genus,

370 5193 494 5248 qua:
534 5178 751 5248 propria
795 5183 881 5231 est
914 5173 1167 5242 Prosperi
1196 5180 1341 5227 nota.
1375 5166 1574 5227 Ibidem
1627 5185 1837 5240 quoque
1885 5170 1963 5223 fa-

370 5274 476 5329 cile
502 5272 1179 5347 animadvertas/sanctum
1202 5270 1374 5324 virum
1406 5284 1511 5322 non
1552 5266 1605 5321 in
1660 5267 1777 5322 sola
1817 5266 1959 5321 circa

370 5366 575 5422 Christi
602 5365 828 5436 gratiam
874 5361 1139 5427 doctrina,
1168 5361 1264 5417 sed
1289 5362 1449 5416 etiam
1479 5361 1530 5415 in
1562 5358 1680 5414 aliis
1708 5357 1959 5414 omnibus

371 5459 633 5529 capitibus
662 5456 843 5527 magni
868 5454 1151 5526 Augustini
1178 5453 1521 5522 discipulum.

442 5551 799 5622 Aliquantum
834 5548 999 5603 etiam
1030 5560 1229 5603 nomen
1267 5559 1422 5601 suum
1463 5542 1863 5598 commendavit
1890 5556 1959 5597 ex

371 5640 667 5705 Chronico,
700 5638 844 5709 quod
869 5637 939 5697 ab
969 5637 1103 5697 orbe
1143 5634 1366 5694 condito
1392 5633 1460 5691 ad
1488 5647 1584 5691 sua
1615 5646 1786 5703 usque
1814 5641 1956 5688 tem-

2073 419 2287 489 quidem
2342 422 2408 474 ad
2455 434 2654 475 annum
2705 438 2877 492 usque
2919 426 3044 491 5‘26,
3074 428 3383 501 Hieronymi
3423 449 3553 489 vero
3579 438 3649 491 ad

2073 509 2201 575 578,
2232 509 2499 564 Chronica
2541 525 2783 567 secutus.
2814 515 2869 568 In
2913 531 2978 570 eo
3004 521 3254 573 consules
3279 536 3560 581 enumerat
3582 529 3652 584 ab

2073 608 2303 667 utroque
2350 599 2580 654 Gemino
2629 617 2878 672 annoque
2907 606 3109 661 Tiberii
3143 611 3228 677 15,
3268 614 3359 680 qui
3396 621 3482 668 est
3523 632 3648 675 tum

2074 690 2378 744 communis
2413 692 2502 745 29.
2530 692 2785 746 Exstabat
2816 696 2992 750 solum
3041 709 3307 767 postrema
3339 718 3462 771 pars
3491 705 3651 776 hujus

2077 779 2352 847 Chronici,
2376 798 2438 837 ea
2464 784 2675 839 scilicet
2701 801 2859 853 quam
2902 788 2972 841 ab
3016 805 3158 844 anno
3208 794 3312 848 378
3361 796 3648 854 deductam

2077 870 2501 941 Hieronymiano
2541 875 2776 944 Prosper
2805 877 3117 944 addiderat;
3143 896 3285 935 anno
3330 900 3456 940 vero
3483 887 3647 954 1657,

2077 961 2344 1030 integrum
2368 972 2422 1017 et
2443 964 2751 1019 absolutum
2779 967 2979 1021 editum
3005 980 3088 1024 est
3110 986 3139 1025 a
3163 972 3408 1044 Philippo
3431 977 3650 1035 Labheo

2077 1051 2131 1104 in
2165 1054 2341 1119 primo
2363 1068 2513 1107 nova:
2541 1070 2654 1108 suae
2682 1056 3035 1114 Biblioutecze
3061 1076 3193 1116 mss.
3228 1074 3391 1119 tomo.

2146 1141 2227 1195 Ad
2256 1144 2647 1197 conficiendum
2692 1144 2994 1202 Chronicon
3048 1167 3200 1205 suum
3238 1154 3474 1225 Prosper
3505 1159 3650 1214 vide-

2079 1243 2164 1287 tur
2220 1246 2304 1289 ter
2349 1238 2667 1303 accessisse,
2691 1238 2943 1310 illiusque
2993 1254 3126 1308 tres,
3158 1256 3217 1299 ut
3267 1249 3338 1302 ita
3382 1250 3648 1317 dicamus,

2076 1326 2344 1379 editiones
2386 1328 2711 1391 adornasse,
2756 1334 2911 1384 annis
2966 1334 3215 1389 videlicet
3259 1338 3385 1404 455,
3434 1338 3542 1395 445
3596 1351 3650 1397 et

2076 1416 2202 1471 455.
2238 1418 2390 1485 Quod
2419 1435 2482 1473 ex
2530 1435 2596 1474 eo
2636 1422 2940 1490 conjicitur,
2974 1426 3097 1493 quia
3142 1427 3193 1481 in
3226 1430 3466 1495 pluribus
3498 1432 3650 1488 libris

2074 1506 2271 1562 ibidem
2298 1509 2490 1578 legitur
2521 1509 2881 1581 chronologitn
2912 1515 3075 1570 totius
3104 1519 3505 1587 compendium.

2146 1599 2386 1654 Alterum
2410 1602 2627 1670 quidem
2652 1603 2845 1673 legitur
2861 1604 3190 1671 Chronicon,
3214 1612 3357 1679 quod
3382 1613 3649 1683 Prospero

1998 1691 2046 1751 B
2077 1692 2319 1746 nonnulli
2350 1694 2647 1748 ascribunt.
2682 1696 2776 1750 His
2803 1708 2980 1751 autem
3019 1700 3070 1753 id
3103 1717 3265 1755 unum
3310 1706 3531 1761 concedi
3557 1724 3651 1776 po-

2072 1792 2199 1850 test,
2215 1784 2518 1840 Chronicon
2540 1786 2672 1840 illud
2693 1801 2811 1842 esse
2836 1789 3050 1856 quidem
3069 1791 3321 1861 Prosperi
3344 1798 3533 1863 nostri,
3552 1799 3647 1853 sed

2071 1874 2140 1930 ab
2171 1876 2344 1930 altero
2364 1886 2679 1946 corruptum
2714 1888 2769 1932 et
2796 1879 3167 1951 depravatum,
3190 1886 3280 1951 qui
3310 1895 3366 1940 et
3396 1887 3447 1941 in
3476 1888 3645 1944 hmo.

2071 1964 2152 2019 ria
2176 1965 2329 2021 rudis
2363 1965 2528 2021 fuerit
2566 1976 2619 2021 et
2648 1971 2982 2039 peregrinus,
3013 1981 3069 2026 et
3097 1983 3201 2027 tam
3231 1976 3443 2032 invidus
3467 1981 3649 2048 Augu-

2071 2056 2201 2113 stini
2245 2057 2459 2112 laudum
2509 2057 2859 2126 obtrectator,
2891 2078 3050 2130 quam
3092 2064 3325 2136 Prosper
3374 2070 3646 2127 studiosus

2069 2149 2214 2205 illius
2241 2150 2418 2205 cultor
2465 2150 2577 2206 fuit.
2612 2150 2660 2206 ls
2701 2153 2802 2207 sub
2848 2157 3066 2212 nomine
3106 2158 3319 2216 Tironis
3376 2162 3647 2233 Prosperi,

2070 2258 2175 2313 quo
2205 2242 2435 2312 primum
2468 2245 2768 2313 appellatus
2806 2258 2911 2313 est,
2944 2249 3072 2305 licet
3121 2252 3410 2321 immerito,
3443 2271 3473 2310 a
3517 2272 3648 2312 non-

2072 2335 2233 2390 nullis
2264 2334 2531 2390 interdum
2562 2339 2781 2395 citatur.

2140 2425 2324 2481 Refert
2367 2428 2674 2483 Gennadius
2717 2433 2770 2485 in
2810 2432 3066 2504 Catalogo
3114 2450 3233 2505 cap.
3272 2438 3340 2493 87
3369 2442 3642 2498 conditum

2069 2530 2098 2568 a
2129 2516 2392 2584 Prospero
2415 2519 2579 2574 fuisse
2600 2519 2822 2591 Cyclunt
2855 2523 3187 2591 Paschalem,
3224 2540 3343 2597 post
3374 2531 3649 2601 Theophi-

2069 2607 2180 2661 lum
2227 2609 2468 2677 quidem,
2516 2611 2832 2681 Eusebium,
2876 2626 2930 2670 et
2972 2618 3345 2689 Hippolytum,
3377 2626 3470 2678 sed
3524 2636 3649 2682 ante

2070 2698 2389 2765 Victorium,
2426 2701 2528 2758 hoc
2568 2714 2651 2758 est
2681 2705 2823 2761 inter
2862 2720 3035 2762 annos
3064 2710 3170 2764 580
3206 2722 3264 2766 et
3291 2713 3418 2768 457.
3449 2714 3504 2770 Si
3554 2717 3648 2772 ille

2068 2791 2139 2847 84
2165 2806 2426 2846 annorum
2454 2795 2646 2864 cyclus
2671 2795 2742 2848 sit
2760 2810 2903 2850 anno
2924 2798 3033 2854 582
3063 2800 3332 2867 conditus,
3360 2814 3418 2858 ut
3437 2805 3649 2861 Buche-

2069 2884 2153 2939 rio
2195 2884 2428 2951 videtur,
2464 2886 2771 2942 nullatenus
2816 2889 2884 2944 ab
2912 2889 3179 2960 Aquitano
3225 2894 3521 2965 Prospero,
3552 2901 3648 2968 qui

2069 2990 2212 3029 anno
2239 2976 2346 3030 455
2390 2976 2566 3031 adhuc
2615 2978 2904 3047 scribebat,
2933 2982 3107 3038 editus
3157 2984 3277 3041 fuit.
3301 2986 3396 3042 Sin
3441 2990 3646 3059 minus,

1993 3056 2038 3119 C
2072 3068 2203 3121 satis
2250 3069 2527 3135 probabile
2556 3069 2716 3124 fuerit
2759 3072 3108 3142 Prosperum,
3140 3092 3300 3146 quem
3350 3080 3453 3134 alia
3501 3056 3647 3138 nulla

2068 3158 2277 3213 ratione
2316 3160 2560 3228 designat
2592 3160 2922 3229 Gennadius,
2957 3166 3106 3220 illum
3136 3169 3311 3237 ipsum
3338 3186 3460 3227 esse
3486 3188 3646 3242 quem

2067 3258 2258 3317 quarto
2280 3259 2405 3303 ante
2429 3251 2603 3318 capite
2643 3253 2976 3320 appellarat:
3006 3260 3305 3323 praesertim
3357 3276 3477 3316 cum
3525 3279 3645 3318 eum

2068 3342 2379 3409 hujnsmodi
2418 3344 2909 3411 computationibus
2952 3363 3173 3418 operam
3206 3353 3419 3411 dedisse
3448 3356 3647 3413 indicio

2068 3432 2137 3486 sit
2169 3434 2287 3499 ejus
2316 3432 2645 3500 Chronicon,
2679 3436 2734 3489 in
2761 3452 2867 3506 quo
2912 3454 3020 3493 non
3065 3444 3231 3497 semel
3261 3446 3469 3515 cyclum
3499 3447 3646 3502 illum

2068 3523 2137 3579 84
2163 3540 2427 3579 annorum
2449 3540 2861 3583 commemorat.
2893 3530 3080 3602 Neque
3110 3549 3240 3589 vero
3269 3538 3489 3594 aliunde
3513 3542 3647 3595 mul-

2068 3627 2179 3673 tum
2217 3629 2374 3673 notus
2402 3630 2486 3674 est
2514 3620 2603 3676 ille
2632 3622 2816 3692 cyclus
2853 3640 2995 3694 :quo
3044 3634 3221 3682 tamen
3263 3630 3501 3685 Ecclesia
3539 3632 3646 3685 Ho-

2068 3726 2223 3764 mana
2258 3712 2453 3765 Leonis
2496 3712 2663 3780 Magni
2711 3724 2872 3770 relate
2922 3731 3015 3770 usa
3061 3718 3297 3774 videtur.
3330 3723 3642 3789 Bucherius,

2067 3802 2198 3856 licet
2247 3802 2506 3864 incertus,
2538 3804 2609 3858 ita
2641 3811 2824 3859 tamen
2870 3819 3180 3874 argumenta
3231 3811 3465 3877 deducit,
3491 3816 3643 3880 quasi

2066 3893 2276 3964 cyclum
2319 3892 2467 3948 illum
2498 3891 2751 3963 Prosperi
2781 3909 2902 3951 esse
2931 3897 3147 3955 abunde
3183 3913 3523 3971 perSpectum
3550 3905 3643 3959 ha-

2065 3986 2240 4041 heret.

2610 4080 3001 4138 ARTICULUS
3039 4082 3103 4137 ΧΔ

2067 4169 2290 4248 Sanctus
2336 4167 2591 4248 Prospei;
2599 4172 2774 4248 scribit
2835 4173 3076 4248 adpersus
3114 4174 3488 4248 jEutychianos
3549 4196 3642 4248 pro

2229 4240 2290 4295 S.
2324 4238 2511 4294 Leone.
2542 4239 2674 4313 Ejus
2701 4258 2858 4296 mors.
2893 4242 3016 4296 Non
3044 4246 3142 4312 fuit
3173 4238 3463 4317 episcopus.

2138 4352 2368 4409 Sanctus
2416 4354 2527 4410 Leo
2554 4355 2680 4409 dum
2710 4355 2763 4409 in
2793 4356 2983 4412 Galliis
3002 4367 3311 4415 versaretur
3340 4376 3482 4417 anno
3510 4364 3639 4431 440,

2064 4444 2117 4498 in
2164 4460 2430 4500 summum
2480 4448 2788 4515 pontilicem
2845 4458 3187 4517 assumptus,
3239 4453 3365 4507 inde
3414 4454 3643 4511 fortasse

2064 4534 2391 4604 Prosperum
2423 4547 2663 4592 nostrum
2689 4554 2791 4592 una
2830 4554 3010 4594 secum
3043 4541 3287 4605 abduxit,
3329 4545 3488 4614 cujus
3514 4562 3645 4601 con-

2063 4626 2199 4679 siliis
2224 4637 2473 4682 uteretur
2508 4636 2564 4682 et
2586 4629 2816 4697 calamo,
2852 4628 3312 4700 interrogantibus
3350 4638 3645 4691 consulen-

2066 4719 2315 4789 tibusque
2335 4720 2586 4775 Ecclesiis
2612 4735 2868 4789 responsa
2891 4721 3113 4778 daturus
3137 4740 3151 4776 :
3182 4726 3639 4793 quemadmodum

2067 4811 2326 4866 Damasus
2368 4812 2751 4883 Hieronymum
2782 4813 2849 4867 ad
2886 4814 3029 4869 idem
3071 4831 3266 4871 munus
3295 4818 3639 4874 adhibuerat.

2065 4902 2155 4955 Ait
2194 4903 2335 4957 enim
2388 4902 2719 4967 Gennadius,
2769 4903 3038 4973 Prospero
3091 4907 3295 4977 alioqui
3350 4924 3457 4963 non
3509 4912 3643 4965 satis

2062 5007 2271 5062 aequus,
2310 5010 2328 5044 ι
2366 4993 2613 5061 epistolae
2652 5008 2866 5064 quoque
2896 5011 3047 5065 papas
3096 4997 3299 5053 Leonis
3352 5000 3640 5056 adversum

2065 5083 2345 5154 Eutychen
2382 5083 2450 5139 de
2493 5099 2619 5139 vera
2663 5085 2867 5139 Christi
2898 5086 3275 5145 lncarnatione
3302 5090 3367 5144 ad
3392 5090 3640 5147 diversos

2063 5172 2201 5228 datae
2255 5173 2325 5227 ab
2375 5174 2491 5243 ipso
2539 5174 2754 5229 dictata:
2794 5176 3108 5231 creduntur.
3146 5197 3166 5230 ›
3199 5180 3351 5243 Quod
3401 5181 3567 5234 etiam
3608 5197 3641 5238 a

2062 5264 2368 5320 Marcellino
2416 5265 2483 5320 ad
2547 5279 2744 5321 annum
2786 5267 2895 5323 469
2939 5269 3279 5323 exscribitur.
3346 5271 3404 5325 Id
3458 5283 3641 5329 autem

2063 5357 2404 5427 potissimum
2435 5358 2502 5414 de
2529 5359 2730 5415 celebri
2780 5360 2871 5414 illa
2924 5360 2990 5413 ad
3040 5359 3357 5417 Flavianum
3406 5365 3642 5434 epistola

2061 5448 2201 5501 solet
2238 5447 2460 5513 intelligi
2492 5457 2718 5518 :estque
2747 5458 2893 5503 extra
2934 5448 3153 5504 dubium
3184 5465 3346 5508 omne
3377 5456 3636 5526 positum,

2060 5538 2455 5607 refragantibus
2497 5539 2625 5594 licet
2672 5537 3009 5594 Bellarmino
3044 5549 3099 5595 et
3123 5540 3241 5597 aliis
3286 5546 3631 5613 quibusdam.

2062 5628 2240 5687 Potuit
2265 5640 2443 5687 autem
2472 5629 2710 5701 Prosper
2737 5630 2953 5688 illarum
2981 5632 3279 5691 litterarum
3323 5651 3643 5708 argumenta
