4088 6176
506 187 575 242 δε)
1333 171 1335 173 ’
1572 175 1729 231 \‘lTA
1766 174 1822 228 S.
1872 170 2212 228 PROSPERI
2252 168 2597 238 AQUITANI.
3701 177 3776 236 ιο

507 310 564 355 et
597 293 748 368 quasi
787 295 1073 350 materiam
1121 291 1518 362 suppeditasse,
1555 303 1716 358 quam
1748 286 2079 355 recognitam
2108 288 2161 347 Α
2187 297 2508 353 sacrumque
2536 284 2657 351 ejus
2696 297 2893 351 corpus
2932 295 3176 340 asservat
3205 286 3257 341 in
3289 287 3589 356 percelebri
3613 291 3778 347 abba-

507 388 621 445 I.eo
649 387 789 458 stylo
818 399 918 440 suo
943 393 998 440 et
1040 384 1289 437 oratione
1327 379 1590 445 vestierit,
1614 377 1924 432 venustiore
1966 374 2088 446 qui-

508 479 631 532 dem
674 477 764 530 illa
812 484 867 530 et
915 474 1187 528 oruatiore
1226 485 1387 541 quam
1429 468 1686 536 PrOSperi
1721 484 1734 520 :
1765 479 2089 536 quamquam

511 571 600 625 hic
630 570 681 621 in
711 568 762 622 id
791 581 1003 636 quoque
1029 564 1253 618 fortasse
1282 560 1606 626 incubuerit,
1638 566 1698 613 ut
1727 557 1792 612 ad
1823 555 2091 625 pontificis

510 662 596 716 cui
624 676 841 729 operam
873 673 1025 712 suam
1061 655 1352 726 prmstabut
1381 654 1578 724 stylum
1606 665 1669 706 ac
1698 648 1968 705 scribendi
1999 662 2093 716 ge-

514 768 615 807 nus
645 752 1011 806 conformaret
1029 763 1207 804 suum.
1230 745 1340 800 Hac
1365 744 1433 799 de
1459 759 1620 797 causa
1648 741 1716 797 ab
1746 741 1939 795 Adone
1966 736 2087 810 (An.

511 843 642 912 458)
661 845 889 912 aliisque
919 840 1185 908 sequioris
1207 839 1304 892 ξιξνὶ
1330 833 1690 904 scriptoribus
1711 831 1907 886 dicitur
1927 831 2093 884 fuisse

514 937 698 991 Leonis
740 933 919 1002 Magni
957 932 1210 996 notarius,
1243 943 1339 984 seu
1370 927 1736 980 amanuensis.
1769 924 1914 978 Fieri
1946 921 2089 976 enim

515 1037 692 1097 potest
724 1034 780 1080 ut
808 1024 889 1078 illi
929 1024 982 1077 in
1011 1021 1314 1076 scribendis
1345 1029 1456 1074 tum
1485 1016 1752 1087 epistolis,
1781 1025 1890 1069 tum
1931 1014 2094 1068 etiam

513 1118 869 1174 concionibus
908 1115 1199 1168 famulatus
1228 1112 1318 1167 sit.
1351 1110 1511 1165 Certe
1543 1110 1596 1164 in
1643 1108 1781 1162 libro
1822 1115 1946 1160 ante
1989 1105 2095 1160 900

513 1225 686 1264 annos
757 1223 919 1262 manu
981 1212 1203 1259 exarato
1266 1201 1519 1270 Prosperi
1584 1214 1780 1254 nomen
1851 1212 1966 1266 pra:
2035 1211 2095 1250 se

517 1305 620 1357 fert
646 1314 828 1355 sermo
857 1308 1080 1366 quartus
1109 1299 1161 1349 in
1185 1294 1272 1349 die
1303 1293 1677 1348 anniversario
1709 1289 2096 1358 assumptionis

515 1393 712 1448 Leonis
737 1390 802 1446 ad
833 1388 1222 1460 pontificatum,
1251 1395 1304 1441 ct
1345 1386 1576 1439 fortasse
1599 1383 1712 1437 alii.
1743 1381 1872 1435 Inde
1895 1379 2096 1436 existi-

515 1500 667 1540 mare
706 1484 832 1539 licet
867 1497 987 1537 eum
1029 1493 1274 1548 magnam
1304 1486 1512 1546 partem
1542 1476 1863 1530 sustinuisse
1906 1487 2092 1527 eorum

515 1593 634 1648 qua:
675 1576 839 1646 gessit
887 1574 938 1627 in
971 1572 1290 1642 Pelagianos
1340 1569 1563 1638 Magnus
1589 1567 1698 1622 Leo
1727 1583 1740 1619 :
1775 1566 2096 1632 videturque

2194 377 2268 432 tia
2291 392 2320 431 a
2344 378 2621 431 comitissa
2648 375 2904 432 Matbilde
2929 378 3169 432 instituta
3202 395 3345 450 :quo
3377 391 3552 436 tamen
3576 399 3640 439 ex
3671 384 3777 440 alia

2192 469 2437 538 ejusdem
2503 469 2654 522 urbis
2703 468 2923 523 basilica
2977 471 3045 523 ab
3117 471 3349 540 ipsomet
3404 475 3456 527 in
3515 475 3777 532 honorem

2193 562 2254 618 S.
2283 561 2617 632 Apollinaris
2648 570 2925 617 exstructa
2968 562 3187 617 allatum
3225 564 3335 633 jam
3386 565 3511 622 inde
3564 582 3592 620 a
3635 571 3779 638 regis

2194 653 2508 722 Luitprandi
2551 653 2887 720 temporibus
2934 666 3201 710 narratur.
3234 656 3402 726 IIujus
3444 658 3776 728 epitaphium

2193 764 2224 802 a
2255 746 2446 802 Vossio
2472 746 2638 816 (Hist.
2667 746 2850 818 Pelag.
2881 748 2918 801 ι.
2950 763 2989 812 ι,
3014 764 3060 801 c.
3087 749 3174 815 18)
3200 749 3453 816 refertur,
3481 752 3624 821 quod
3655 753 3778 808 ideo

2194 840 2561 910 compositum
2610 839 2804 906 fuerat,
2839 849 2897 894 ut
2945 855 3086 895 novo
3136 841 3519 898 inscriberetur
3569 846 3778 900 tumqu

2195 933 2283 1000 qui
2317 940 2605 1000 propterea
2637 932 2961 986 constitutus
2991 932 3184 998 fuerat,
3216 935 3356 1002 quod
3387 945 3623 991 veterem
3666 948 3778 992 tur-

2195 1024 2272 1077 ris
2308 1021 2596 1089 cujusdam,
2636 1023 2790 1076 ruina
2833 1023 3263 1078 comminuisset.
3305 1025 3374 1078 At
3422 1026 3552 1080 illud
3611 1026 3781 1093 epita—

2197 1115 2378 1182 pbium
2409 1116 2461 1167 in
2494 1115 2608 1168 ωδε
2639 1112 3050 1168 Carmelitarum
3078 1117 3316 1183 conSpici
3345 1116 3487 1171 idem
3516 1117 3777 1172 affirmat.

2198 1205 2436 1259 Ilabetur
2486 1204 2624 1274 apud
2677 1205 2891 1260 Surium
2922 1205 3017 1272 (25
3071 1205 3222 1275 Jun.)
3259 1206 3375 1260 Vita
3421 1209 3478 1263 S.
3531 1210 3785 1280 ProSperi

2197 1297 2480 1367 Regiensis
2508 1314 2537 1351 a
2571 1297 2834 1351 Flaminio
2864 1299 3063 1367 proprii
3093 1301 3292 1369 ingenii
3333 1301 3554 1357 libidine
3592 1306 3784 1359 meris-

2196 1404 2301 1456 que
2335 1389 2663 1458 conjecturis
2697 1390 2859 1443 ducto
2889 1391 3218 1459 conscripta,
3249 1393 3325 1446 ait
3356 1392 3603 1449 Labbeus
3630 1396 3779 1466 (Scr.

2199 1478 2344 1532 Eccl.
2367 1490 2491 1533 tam.
2515 1478 2581 1544 II,
2607 1497 2660 1549 p.
2687 1479 2840 1547 249).
2867 1482 2939 1536 De
2953 1497 3012 1536 ea
3029 1483 3271 1537 severius
3298 1486 3457 1538 etiam
3481 1497 3561 1540 est
3586 1488 3780 1544 Norisii

2193 1570 2454 1640 judicium
2482 1569 2643 1639 (Hist.
2677 1570 2791 1624 Pet.
2817 1572 2854 1624 ι.
2880 1587 2938 1640 ιι,
2965 1589 3010 1625 c.
3039 1572 3148 1642 15).
3178 1573 3226 1627 Is
3247 1587 3428 1630 censet
3455 1576 3782 1648 Prospcrum

518 1672 634 1724 Ado
662 1668 864 1738 pariter
911 1665 987 1720 illi
1020 1665 1259 1719 tribuere
1287 1676 1406 1729 quae
1445 1676 1474 1713 a
1511 1659 1691 1715 Leone
1727 1658 1940 1712 fuerant
1984 1665 2097 1710 tum
2127 1657 2173 1717 B
2203 1664 2344 1715 hunc
2365 1662 2590 1716 forsitan
2620 1676 2741 1716 esse
2770 1671 3046 1716 auctorem
3077 1664 3194 1718 libri
3223 1665 3289 1720 de
3323 1667 3788 1724 Promissiouibns

523 1761 578 1814 in
612 1757 1002 1828 Eutycbianos,
1037 1765 1148 1808 tum
1177 1754 1228 1806 in
1275 1751 1592 1819 Pelagianos
1642 1749 1870 1816 scripta;
1923 1760 2099 1815 neque

520 1853 646 1908 huic
675 1849 997 1904 contradicit
1037 1843 1333 1901 cardinalis
1369 1841 1611 1896 Norisius
1638 1839 1809 1909 (Hist.
1837 1838 2022 1908 Pelag.
2058 1838 2096 1891 ι.

525 1962 584 2010 ιι,
613 1961 659 1998 c.
687 1944 796 2014 15).
821 1941 956 1997 Illud
982 1954 1112 1993 vero
1143 1939 1195 1990 in
1233 1935 1460 1990 historia
1499 1949 1610 1988 non
1645 1933 1923 1996 omissum,
1953 1929 2097 1997 quod

521 2053 644 2092 cum
676 2035 860 2090 Romae
886 2028 1132 2086 nonnulli
1163 2027 1502 2095 Pelagianam
1526 2025 1772 2081 haeresim
1803 2023 1981 2078 denuo
2010 2036 2102 2077 su-

521 2130 717 2183 scitare
745 2131 1093 2184 conarentur,
1119 2132 1376 2188 suamque
1402 2132 1464 2172 ea
1498 2117 1567 2172 de
1609 2130 1669 2171 re
1698 2125 1936 2170 mentem
1984 2114 2102 2170 ausi

522 2227 706 2273 essent
750 2214 1082 2285 patefacere:
1114 2211 1351 2278 Prosper
1397 2208 1576 2261 statim
1607 2206 1820 2261 libellos
1849 2205 2104 2262 obtulerit

522 2319 637 2363 tum
669 2307 834 2362 Lemni
860 2305 1036 2359 adhuc
1059 2301 1362 2371 superstiti,
1399 2309 1509 2354 tum
1539 2300 1882 2368 imperatoris
1915 2298 2104 2352 minis-

524 2400 639 2464 tris,
679 2395 1069 2463 perfeCeritque
1096 2400 1152 2444 ut
1182 2390 1394 2445 illorum
1426 2388 1703 2443 hominum
1733 2396 1960 2442 conatus
1985 2386 2100 2442 ina-

521 2507 617 2547 nes
645 2489 888 2558 irritique
916 2483 1231 2540 ceciderint.

593 2583 673 2636 Ex
716 2582 779 2635 iis
825 2593 944 2650 qua:
971 2577 1039 2632 de
1062 2573 1313 2643 Prosperi
1344 2571 1619 2627 Chronico
1648 2570 1902 2633 diximus,
1930 2569 2101 2638 liquet

519 2690 642 2730 eum
688 2672 864 2726 adhuc
889 2667 1087 2723 vixisse
1131 2679 1273 2718 anno
1309 2663 1439 2718 455.
1486 2662 1734 2718 Labbeus
1782 2662 2100 2727 insequente

518 2782 662 2822 anno
691 2773 959 2820 mortuum
986 2769 1273 2830 prepterea
1305 2767 1493 2826 putat;
1523 2757 1665 2826 quod
1696 2756 1937 2810 scribens
1958 2769 2100 2808 anno

519 2861 645 2923 457,
680 2856 949 2911 Victorius
991 2853 1155 2906 virum
1207 2860 1444 2903 sanctum
1489 2863 1549 2900 ac
1591 2847 1932 2900 venerabilem
1975 2859 2098 2898 eum

521 2948 778 3020 appellet,
809 2960 914 3015 qua
952 2958 1024 2998 ex
1061 2956 1122 2997 re
1167 2937 1411 3008 profecto
1443 2937 1574 2992 illud
1605 2937 1729 2992 elici
1762 2937 1966 3005 nequit.
1997 2941 2102 2990 Ac-

2201 1761 2257 1807 et
2281 1752 2735 1806 Prasdictionibus
2768 1770 2781 1806 :
2813 1754 2969 1822 cujus
2999 1757 3076 1809 rei
3110 1757 3313 1811 nullum
3349 1761 3618 1826 peculiare
3654 1776 3787 1832 sup-

2201 1846 2336 1913 petit
2365 1852 2764 1912 argumentum.
2811 1845 3110 1901 Flaminius
3155 1857 3209 1903 et
3249 1848 3510 1915 Ughellus
3539 1862 3787 1907 statuunt

2200 1951 2321 1998 eum
2346 1950 2375 1988 a
2407 1935 2465 1990 S.
2492 1935 2674 1990 Leone
2701 1935 3013 2006 episcopum
3049 1939 3212 1994 fuisse
3240 1954 3500 2008 creatum,
3536 1959 3786 2014 annoque

2200 2025 2307 2081 466
2344 2035 2612 2081 mortuum
2653 2042 2795 2083 esse.
2823 2028 2990 2099 Cujus
3019 2031 3144 2084 anni
3175 2041 3301 2086 nota
3328 2048 3359 2088 e
3392 2049 3590 2104 magno
3619 2036 3782 2092 forsi-

2203 2126 2293 2172 tan
2340 2117 2613 2185 PrOSpero
2645 2118 2923 2189 desumpta
2965 2120 3064 2175 fuit
3096 2139 3110 2174 :
3143 2124 3592 2189 quemadmodum
3627 2128 3786 2196 hujus

2201 2209 2571 2278 episcopatum
2602 2210 2668 2264 ab
2697 2210 2872 2265 altero
2896 2211 2987 2263 illo
3020 2215 3243 2268 mutuati
3275 2225 3422 2272 sunt.
3447 2217 3786 2275 'I‘rithemins

2202 2308 2381 2355 tamen
2416 2301 2741 2370 Prosperum
2792 2314 3160 2355 successorem
3213 2305 3452 2373 assignat
3497 2307 3786 2377 Faventio,

2201 2391 2293 2460 qui
2343 2405 2490 2446 anno
2527 2393 2625 2446 451
2662 2391 2715 2446 in
2754 2391 2985 2445 concilio
3027 2391 3410 2450 Mediolaneusi
3448 2397 3609 2464 sedit,
3645 2409 3790 2452 tam-

2201 2500 2361 2553 quam
2418 2486 2646 2540 antistes
2700 2484 3002 2555 Regiensis.
3044 2485 3274 2541 Medium
3316 2488 3457 2543 inter
3499 2505 3593 2545 eos
3637 2493 3791 2547 locat

2201 2573 2464 2643 Ughellns
2515 2573 2808 2644 Elpidium.
2841 2575 3009 2630 Porro
3062 2575 3179 2630 dies
3234 2575 3366 2631 festa
3429 2579 3484 2634 S.
3529 2581 3790 2652 Prosperi

2201 2665 2379 2732 agitur
2406 2665 2476 2718 25
2505 2665 2670 2732 Junii,
2706 2679 2809 2735 qua
2838 2664 2926 2719 die
2957 2665 3137 2738 magni
3168 2667 3418 2738 Prosperi
3459 2670 3652 2726 festum
3692 2689 3789 2728 ce-

2201 2755 2400 2811 lebrari
2429 2766 2665 2825 putatur.

2276 2846 2352 2901 De
2380 2847 2650 2916 Prospero
2683 2848 2883 2915 pariter
2910 2848 3078 2903 festus
3109 2850 3224 2904 dies
3264 2853 3522 2908 recolitur
3550 2863 3789 2921 quotan-

2205 2935 2289 2992 nis
2318 2937 2406 2990 die
2430 2936 2500 2988 ‘24
2527 2936 2845 2991 Novembris
2875 2938 3013 3006 apud
3037 2938 3334 2996 Canonicos
3356 2944 3628 3013 regulares
3657 2945 3793 3001 Gal-

520 3041 666 3097 cedit
693 3012 843 3108 quod
876 3034 1216 3092 Marcellinus
1243 3046 1384 3085 anno
1415 3029 1522 3084 465
1557 3029 1625 3083 de
1649 3028 1916 3097 Prospero
1957 3038 2096 3082 tam-
2125 3012 2172 3074 C
2205 3030 2394 3084 licana:
2419 3028 2756 3098 potissimum
2801 3031 3254 3099 congregationis,
3280 3041 3334 3086 et
3378 3012 3436 3087 in
3464 3037 3625 3104 regali
3666 3051 3784 3090 coe-

521 3150 682 3205 quam
725 3132 902 3186 adhuc
944 3127 1234 3196 supersnte
1286 3123 1613 3178 mentionem
1645 3119 1825 3174 faciat.
1861 3120 2010 3174 Illum
2040 3120 2096 3174 in

525 3227 576 3282 id
623 3239 792 3294 usque
838 3231 1048 3287 tempus
1085 3217 1290 3271 vixisse
1321 3229 1427 3269 non
1459 3212 1669 3268 inficias
1699 3221 1830 3266 euut
1855 3211 2098 3267 Norisius

522 3317 691 3386 (Hist.
738 3314 919 3383 Pelag.
955 3313 993 3367 ι.
1023 3326 1081 3375 ιι,
1115 3326 1162 3366 c.
1205 3308 1294 3376 Η)
1343 3315 1399 3361 et
1430 3304 1726 3359 Bttcherius
1757 3304 1924 3374 (Cycl.
1972 3320 2096 3374 pag.

525 3408 678 3477 Mt),
706 3406 796 3477 qui
826 3405 988 3459 multa
1020 3401 1240 3469 scripsit
1270 3399 1321 3452 in
1352 3396 1669 3452 Victoriutn.

597 3500 878 3566 Hucusque
912 3493 1040 3549 nihil
1066 3501 1148 3547 est
1183 3507 1212 3543 a
1249 3490 1404 3544 nobis
1441 3487 1806 3551 observatum,
1830 3500 2002 3556 neque
2032 3487 2100 3541 ab

525 3592 638 3647 ullo
677 3601 920 3644 veterum
969 3583 1254 3654 quidquam
1303 3581 1627 3649 accepimus,
1658 3577 1798 3633 unde
1847 3587 2101 3647 appareat

521 3685 853 3748 Prospcrum
892 3677 1056 3733 fuisse
1095 3674 1261 3745 gradu
1292 3688 1354 3728 ac
1387 3671 1580 3727 ordine
1618 3669 1766 3724 laicis
1789 3681 1880 3725 aut
1911 3685 2100 3726 mona-

520 3778 637 3831 cltis
667 3774 1025 3844 superiorem.
1052 3768 1252 3824 Volunt
1292 3775 1466 3820 tamen
1519 3764 1854 3819 recentiores
1902 3778 2098 3834 prope-

523 3869 741 3924 modum
769 3879 956 3921 omnes
987 3877 1108 3918 eum
1140 3860 1304 3914 fuisse
1326 3859 1636 3928 episcopum
1664 3857 1778 3911 sive
1811 3856 2098 3911 Rciensem

521 3963 577 4015 in
609 3959 913 4022 Provincia,
945 3956 1061 4010 sive
1099 3953 1420 4022 Regicnsem
1467 3951 1520 4004 in
1551 3948 1946 4018 Longobardia.
1972 3947 2102 4014 Qui-

521 4051 622 4105 bus
647 4051 689 4104 si
721 4059 962 4116 opponas
995 4059 1026 4097 a
1064 4053 1306 4096 veterum
1338 4039 1487 4093 nullo
1536 4038 1586 4092 ei
1632 4039 1809 4091 datam
1853 4038 2093 4105 episcopi

521 4140 970 4212 appellationem:
984 4142 1252 4205 reponunt
1281 4133 1331 4186 id
1364 4131 1488 4186 inde
1508 4130 1768 4185 accidisse
1791 4130 1933 4198 quod
1957 4139 2103 4184 vete-

522 4234 669 4289 ribus
699 4233 791 4287 ille
831 4227 1041 4284 nonnisi
1087 4241 1154 4280 ex
1201 4225 1354 4278 libris
1401 4224 1513 4277 suis
1557 4231 1682 4275 ante
1727 4223 2099 4289 episcopatum

522 4326 753 4396 scriptis,
773 4324 1017 4391 adeoque
1035 4317 1271 4389 episcopi
1301 4317 1511 4370 titulum
1537 4329 1642 4370 non
1667 4314 2096 4383 praeferentibus,

521 4417 681 4471 fuerit
708 4414 972 4484 cognitus.
1013 4413 1084 4466 At
1126 4409 1370 4477 profecto
1410 4406 1525 4460 hazc
1576 4406 1717 4460 ratio
1771 4404 1967 4458 nullius
2016 4414 2099 4459 est

522 4507 754 4569 roboris,
807 4505 927 4558 sive
977 4500 1250 4557 Gelasium
1298 4507 1533 4568 spectes,
1566 4497 1680 4551 sive
1737 4495 2095 4563 Gennadium,

520 4611 612 4655 aut
643 4597 1004 4668 Fulgentium,
1037 4605 1130 4649 aut
1172 4595 1331 4649 etiam
1361 4592 1765 4648 Cassiodorutn.
1795 4592 1859 4645 Ili
1909 4604 2098 4645 omnes

518 4690 620 4744 viri
647 4687 897 4743 doctrina
936 4686 1198 4754 insignes,
1240 4685 1615 4752 Prosperoque
1657 4692 1816 4736 :etate
1867 4681 2095 4751 proximi

522 4768 772 4852 ignorare
802 4793 909 4832 non
936 4785 1231 4846 potuerunt
1257 4791 1323 4829 an
1358 4775 1438 4829 vir
1465 4775 1594 4828 tanti
1632 4774 1866 4828 nominis
1907 4773 2099 4828 l‘uisset

522 4887 693 4928 necne
720 4869 1027 4940 episcOpus.
1060 4867 1214 4933 Quod
1243 4865 1309 4919 ad
1343 4866 1638 4920 Victorium
1660 4865 1873 4929 attinet,
1906 4867 1950 4917 is
1979 4863 2098 4932 qui-

519 4964 642 5019 dem
666 4978 730 5017 ea
757 4961 824 5015 de
848 4976 909 5015 re
933 4958 1096 5013 silere
1123 4958 1353 5012 fortasse
1379 4957 1672 5022 diceretur,
1695 4956 1838 5027 quod
1867 4955 2098 5024 Prosper

522 5053 741 5110 nonnisi
771 5060 889 5120 post
917 5065 1114 5105 annum
1144 5047 1248 5103 457
1288 5047 1355 5102 ad
1392 5048 1752 5116 episcopalem
1782 5046 2095 5117 dignitatem

519 5154 737 5200 evectus
770 5143 951 5196 fuerit.

592 5235 731 5290 Illud
778 5232 1024 5303 profecto
1069 5230 1214 5284 falsae
1251 5230 1342 5283 isti
1389 5227 1456 5282 de
1503 5227 1756 5293 Prosperi
1785 5227 2099 5296 episcopatu

521 5327 763 5394 opinioni
805 5334 979 5381 ortum
1008 5321 1178 5388 dedit,
1205 5320 1349 5390 quod
1386 5320 1522 5372 alter
1554 5318 1715 5372 fuerit
1738 5318 1978 5386 ejusdem
2004 5333 2103 5371 no-

522 5419 684 5471 minis
725 5417 1012 5485 episcopus
1059 5414 1340 5484 Regiensis
1381 5412 1432 5466 in
1477 5410 1851 5483 Longobardia
1894 5407 1920 5462 ε’
1959 5411 2100 5478 quod

520 5507 734 5578 quidem
759 5508 971 5561 videtur
999 5509 1053 5561 iu
1085 5507 1309 5561 dubium
1339 5502 1578 5557 revocari
1602 5501 1692 5554 vix
1725 5516 1905 5564 posse.
1926 5501 2103 5571 Siqui-

519 5598 643 5654 dem
682 5613 806 5654 eum
850 5597 1132 5665 chieusis
1181 5597 1419 5654 Ecclesia
1460 5604 1750 5664 patronum
1788 5604 2096 5662 veneratur,

2204 3122 2367 3177 nobio
2394 3122 2453 3176 S.
2489 3121 2718 3176 Victoris
2756 3120 3105 3188 Parisiensis,
3133 3125 3222 3192 qui
3261 3124 3379 3178 dies
3419 3128 3793 3183 translationis

2201 3214 2493 3284 essebujus
2516 3223 2607 3268 aut
2626 3215 2848 3269 alterius
2874 3215 3162 3284 Prosperia
3185 3220 3456 3274 nonnullis
3481 3232 3788 3290 reputatur.

2273 3307 2374 3374 Qui
2402 3322 2536 3362 vero
2575 3322 2695 3361 eum
2736 3306 3024 3379 Reiensegn
3049 3309 3358 3378 episcopum
3392 3312 3558 3367 fuisse
3600 3314 3795 3366 volue-

2201 3411 2348 3465 runt,
2383 3400 2447 3454 iis
2476 3400 2549 3454 ita
2579 3398 2852 3454 sentiendi
2882 3399 3056 3455 locum
3103 3403 3330 3470 praebuit
3379 3404 3630 3473 Prosperi
3669 3408 3796 3476 epi-

2202 3492 2352 3560 scopi
2409 3506 2604 3545 nomen
2636 3532 2650 3554 ,
2699 3491 2788 3559 qui
2845 3490 3094 3546 conciliis
3149 3491 3656 3560 Carpentoramensi
3726 3508 3795 3553 et

2205 3581 2527 3637 Vasionensi
2558 3582 2910 3648 subscripsit:
2945 3597 3064 3649 qua:
3105 3583 3322 3652 quidem
3363 3586 3590 3640 concilia
3637 3588 3796 3645 circa

2203 3689 2401 3728 annum
2430 3673 2536 3728 442
2565 3673 2743 3727 habita
2769 3673 2842 3727 illi
2867 3673 3157 3728 ﬁnxerunt.
3186 3673 3320 3730 Cum
3348 3692 3480 3731 vero
3519 3679 3676 3733 hodie
3701 3681 3797 3734 in-

2203 3773 2284 3819 ter
2311 3764 2549 3819 eruditos
2573 3763 2877 3830 conveniat,
2895 3764 2982 3817 illa
3005 3779 3146 3818 anno
3169 3764 3271 3820 59.7
3291 3776 3384 3820 aut
3409 3766 3511 3823 529
3541 3770 3796 3824 celebra-

2205 3868 2281 3922 ta,
2305 3857 2540 3925 Prosper
2566 3857 2658 3910 ille
2702 3857 2792 3925 qui
2826 3857 2891 3910 iis
2922 3857 3267 3927 subscripsit,
3292 3860 3465 3915 altero
3505 3861 3664 3929 longe
3712 3864 3796 3918 sit

2205 3949 2470 4017 posterior
2491 3961 2710 4000 necesse
2733 3957 2833 4000 est.
2863 3948 3088 4001 Accedit
3109 3950 3249 4017 quod
3273 3950 3541 4006 Maximus
3566 3953 3792 4009 Reiensi

2206 4039 2463 4094 Ecclesia:
2497 4047 2729 4106 prmerat
2757 4038 2972 4092 vivente
3015 4039 3189 4095 adhuc
3221 4042 3427 4098 Hilario
3456 4044 3788 4112 Arelatensi,

2205 4130 2307 4184 hoc
2337 4139 2420 4184 est
2451 4140 2577 4184 ante
2606 4144 2802 4183 annum
2831 4129 2957 4194 450,
2992 4129 3158 4185 immo
3184 4143 3310 4188 ante
3340 4150 3540 4189 annum
3572 4138 3675 4192 45'?
3692 4154 3793 4196 aut

2204 4224 2330 4288 455,
2366 4230 2425 4274 ut
2451 4221 2878 4275 demonStratum
2921 4237 2948 4274 a
2993 4222 3148 4277 nobis
3187 4233 3289 4278 est.
3319 4224 3502 4296 Itaque
3545 4233 3788 4296 ροτηιυι-

2208 4322 2320 4366 tum
2363 4312 2517 4366 abest
2544 4312 2672 4379 quin
2722 4311 2974 4380 Prosper,
3018 4314 3105 4382 qui
3133 4329 3275 4367 anno
3302 4329 3449 4370 certe
3477 4318 3584 4372 455
3610 4322 3790 4377 adhuc

2126 4382 2178 4441 D
2205 4403 2441 4468 vivebat,
2474 4401 2637 4456 fuerit
2655 4402 2775 4471 ejus
2799 4402 3074 4468 decessor,
3108 4413 3166 4458 ut
3185 4405 3299 4460 vult
3327 4407 3589 4462 Baronius
3617 4410 3782 4480 (Ann.

2202 4496 2352 4566 466).
2384 4495 2465 4549 Ex
2509 4494 2564 4550 S.
2614 4493 2839 4549 Sidonio
2891 4495 3028 4565 (Lib.
3056 4510 3165 4560 VIII,
3209 4514 3291 4566 ep.
3325 4497 3423 4568 25)
3475 4503 3789 4558 ostenditur

2203 4586 2481 4651 Fausunn,
2513 4585 2604 4654 qui
2644 4595 2833 4639 sancto
2863 4586 3130 4655 Prospero
3157 4600 3435 4657 superstes
3463 4593 3580 4656 fuit,
3614 4594 3790 4649 Maxi-

2203 4690 2292 4728 mo
2321 4675 2670 4729 successisse.
2707 4675 2884 4739 Quare
2917 4674 3034 4728 fieri
3065 4679 3249 4747 nequit
3277 4691 3336 4734 ut
3363 4681 3594 4752 Prosper
3623 4685 3788 4741 fuerit

2202 4767 2487 4836 episcOpus
2528 4764 2794 4820 Iieiensis.

2731 4855 3121 4914 ARTICULUS
3161 4859 3250 4914 XI.

2274 4946 2354 5001 De
2371 4947 2674 5016 quibusdam
2700 4947 2939 5017 operibus
2958 4959 3137 5002 sancto
3163 4949 3423 5021 Prospero
3451 4956 3709 5025 ascriptis.

2275 5041 2418 5094 Nihil
2445 5039 2673 5108 amplius
2699 5039 2981 5094 dicendum
3012 5043 3252 5108 videtur,
3281 5047 3394 5101 sive
3432 5049 3499 5102 de
3528 5052 3674 5104 veris
3703 5052 3784 5106 in-

2205 5131 2569 5197 dubitatisque
2596 5130 2851 5199 Prosperi
2873 5133 3149 5203 oneribus,
3182 5136 3295 5191 sive
3327 5139 3393 5192 de
3419 5139 3537 5194 aliis
3558 5155 3679 5210 qum
3705 5143 3786 5198 illi

2207 5225 2370 5279 tribui
2401 5239 2558 5292 posse
2580 5224 2874 5292 probabilis
2897 5227 3074 5297 aliqua
3093 5231 3228 5283 ratio
3256 5232 3496 5288 suadeat.
3522 5233 3788 5302 Superest

2206 5325 2262 5370 ut
2287 5331 2349 5372 ea
2380 5329 2901 5386 commemorentur,
2929 5336 3049 5389 quae
3078 5326 3325 5389 quamvis
3370 5336 3581 5381 constet
3627 5328 3694 5382 ab
3721 5345 3788 5383 eo

2203 5410 2400 5478 scripta
2448 5423 2554 5463 non
2584 5424 2740 5475 esse,
2787 5413 2888 5466 sub
2936 5415 3054 5481 ejus
3088 5425 3262 5468 tamen
3311 5417 3527 5472 nomine
3573 5420 3786 5488 vulgata

2201 5511 2344 5556 sunt.
2396 5501 2581 5571 Neque
2612 5519 2673 5558 ea
2702 5514 2829 5559 sunt
2871 5503 3158 5574 ignobilia,
3208 5508 3372 5564 immo
3416 5528 3520 5568 non
3560 5529 3785 5585 parvam

2205 5593 2256 5649 in
2290 5594 2525 5651 Ecclesia
2548 5597 2927 5653 auctoritatem
2962 5610 3255 5657 consecuta
3286 5612 3432 5660 sunt.
