4088 6176
278 290 339 344 ιι
1403 288 1559 346 νιτΑ
1597 287 1656 344 S.
1709 283 2047 341 PROSPERI
2088 286 2437 354 AQUITANI.
3459 295 3534 350 l2

335 397 588 454 llortatur
609 396 966 456 Cassiodorus
995 397 1044 471 (1
1055 408 1162 453 nst.
1189 416 1234 454 e.
1270 401 1322 472 l)
1351 410 1404 456 ut
1435 413 1680 457 sanctum
1708 401 1842 457 Pro-
1872 400 1921 459 Α
1950 398 2064 452 Non
2088 401 2257 454 semel
2287 415 2382 454 eas
2413 399 2660 469 deplorat
2699 402 3038 459 calamitates
3086 418 3220 474 quas
3247 414 3403 458 aitate
3435 420 3534 460 sna

265 507 482 557 sperum
508 492 698 546 sedula
743 507 872 545 cura
903 492 1167 561 legamus,
1212 494 1303 563 qui
1348 504 1457 549 tres
1488 495 1658 549 libros
1682 494 1846 548 totius

265 584 601 638 auctoritatis
647 583 845 636 divinae
879 583 930 636 in
972 594 1188 638 centum
1240 585 1628 654 quinquaginta
1675 586 1847 640 tribus

267 675 444 730 titulis
469 675 904 744 comprehendit,
940 675 1005 728 ad
1034 676 1201 729 instar
1227 676 1450 742 piscium
1481 693 1616 746 quos
1663 677 1846 730 Evan-

265 767 436 835 gelica
465 765 597 820 retia
614 766 683 820 de
704 765 864 833 hujus
891 766 1072 820 seaculi
1101 775 1462 836 tempestuosa
1483 767 1848 836 profunditate

269 865 574 911 traxerunt.
605 855 852 910 Dubitari
881 857 1067 925 nequit
1093 858 1221 925 quin
1245 860 1544 929 respexerit
1567 860 1632 914 ad
1661 860 1848 914 librum

270 945 331 1000 de
356 943 797 999 Promissionibus
841 956 888 1000 et
931 945 1370 1003 Prwdictionibns
1404 950 1535 1014 Dei,
1588 950 1748 1006 hodie
1795 952 1847 1004 in

270 1049 445 1108 partes
469 1037 709 1107 quinque
735 1037 1081 1093 distributum
1107 1057 1118 1091 :
1168 1055 1287 1108 qua:
1319 1041 1533 1110 quidem
1555 1040 1752 1096 divisio
1783 1043 1850 1097 ab

269 1132 496 1204 ipsomet
526 1143 747 1187 auctore
778 1134 1016 1188 instituta
1053 1134 1248 1201 fuerat,
1290 1138 1379 1205 qui
1412 1136 1540 1191 dum
1565 1137 1758 1192 alludit
1783 1138 1849 1192 ad

268 1232 478 1278 centum
513 1225 900 1293 quinquaginta
949 1235 1058 1280 tres
1105 1228 1279 1295 pisces
1310 1228 1360 1281 in
1395 1228 1684 1298 Evangelio
1729 1244 1852 1282 nar-

269 1323 434 1381 ratos,
452 1315 625 1369 titulis
649 1317 871 1370 totidem
898 1317 1066 1371 voluit
1088 1318 1340 1372 universa
1362 1317 1562 1373 Christi
1587 1319 1850 1388 promissa

270 1405 438 1460 sacris
459 1404 617 1459 libris
648 1406 966 1475 consignata
993 1409 1339 1478 concludere,
1364 1425 1660 1480 eorumque
1690 1410 1851 1465 fidem

271 1497 558 1553 exhibitam
608 1496 1006 1554 demonstrare.
1056 1500 1321 1566 Quoniam
1381 1517 1509 1556 vero
1560 1502 1676 1556 haec
1729 1517 1850 1572 pro-

272 1590 428 1644 missa
459 1597 516 1643 et
543 1597 668 1642 ante
700 1589 874 1659 legem
902 1632 917 1656 ,
947 1601 1000 1645 et
1027 1591 1130 1646 sub
1161 1591 1285 1662 lege
1332 1591 1479 1657 data,
1525 1593 1628 1647 sub
1681 1595 1852 1662 gratia

271 1682 484 1737 demum
516 1681 733 1751 impleta
759 1691 884 1737 sunt
911 1725 924 1746 ,
959 1684 1085 1740 ideo
1115 1686 1396 1740 nonnullis
1423 1686 1596 1740 visum
1637 1697 1722 1743 est
1749 1686 1852 1743 hoc

1949 491 2002 546 in
2051 491 2280 560 populos
2313 505 2530 560 peccata
2561 494 2912 562 devocarant,
2963 498 3035 551 ita
3083 507 3140 550 ut
3167 499 3428 552 sacrilicia
3466 499 3535 551 ab

1947 582 2151 636 exteris
2195 584 2511 638 conculcata
2557 595 2762 650 essent,
2801 603 3066 656 sacraque
3095 603 3220 644 vasa
3251 589 3305 643 in
3337 589 3532 643 Barba-

1949 687 2130 726 rorum
2161 673 2461 743 principum
2494 685 2814 744 potestatem
2845 679 3214 734 devenissent.
3244 679 3292 734 is
3319 681 3534 747 quidem

1949 763 2224 819 scribebat
2253 766 2613 822 Valentiniani
2643 784 2699 822 ιιι
2743 771 3118 838 temporibus:
3172 772 3266 826 sed
3323 780 3534 826 mortua

1944 853 2080 921 jam,
2112 865 2170 909 ut
2203 856 2438 919 videtur,
2474 857 2731 928 Placidia,
2757 860 3002 929 adeoque
3033 869 3156 929 post
3179 876 3377 914 annum
3405 862 3537 930 450,

1950 956 2077 1001 ante
2121 948 2251 1002 455.
2297 949 2351 1002 Ιιι
2398 951 2584 1005 multis
2633 952 2796 1006 rebus
2845 956 3200 1023 Augustinum
3253 955 3534 1023 sequitur,

1951 1035 2184 1106 ejusque
2212 1040 2524 1094 testimonia
2574 1043 2777 1110 profert
2811 1060 3239 1114 nonnumquam.
3277 1045 3539 1100 Fatentur

1953 1126 2339 1194 Lovanienses,
2373 1145 2602 1200 quorum
2651 1147 2818 1202 opera
2865 1134 3096 1202 Prosper
3136 1136 3277 1204 typis
3308 1151 3539 1189 ext-usus

1955 1219 2154 1288 prodiit
2177 1235 2320 1274 anno
2353 1222 2493 1278 1565
2537 1224 2730 1277 librum
2781 1225 2943 1279 istum
2983 1226 3048 1279 ab
3075 1226 3222 1281 illius
3254 1227 3432 1294 phrasi
3483 1238 3540 1282 et

1952 1312 2096 1381 ston
2119 1327 2180 1366 ac
2199 1313 2512 1369 eruditione
2537 1315 2696 1382 longe
2719 1317 2934 1382 abesse,
2955 1318 3180 1387 ejusque
3201 1327 3406 1372 textum
3428 1334 3533 1373 non

1955 1405 2140 1471 paucis
2172 1406 2223 1459 in
2257 1407 2389 1461 locis
2405 1419 2721 1478 corruptum
2751 1409 2855 1464 sibi
2882 1411 3146 1466 mansisse
3173 1427 3234 1466 ac
3263 1413 3531 1468 tnutilum.

1953 1495 2054 1548 Cui
2073 1496 2205 1551 vitio
2228 1514 2346 1567 nos,
2365 1510 2628 1568 quatenus
2655 1500 2944 1569 licuit,0pe
2965 1517 3066 1556 ms.
3089 1503 3540 1573 Remigiano—Re-

1954 1589 2157 1643 mensis
2187 1599 2239 1644 et
2267 1590 2566 1646 editionum
2597 1601 2845 1647 veterum
2881 1593 3088 1648 mederi
3117 1593 3300 1650 conati
3331 1609 3538 1650 sumus.

2025 1680 2170 1734 Libri
2221 1683 2286 1736 de
2338 1681 2458 1737 Vita
2497 1683 2902 1755 Contemplativa
2948 1687 3051 1742 sub
3099 1691 3321 1744 nomine
3368 1693 3538 1744 sancti

273 1789 401 1844 opus
439 1776 722 1845 appellare
761 1775 976 1830 Librum
1005 1789 1125 1832 ante
1167 1777 1350 1848 legem,
1390 1779 1485 1832 sub
1535 1780 1648 1852 lege
1673 1789 1719 1834 et
1757 1781 1850 1834 sub
1883 1762 1927 1820 Β
1959 1774 2212 1844 Prosperi
2260 1779 2462 1844 passim
2497 1777 2857 1833 lattdahantur
2903 1795 3046 1835 nono
3098 1782 3326 1847 saeculo,
3375 1784 3541 1836 immo

271 1869 452 1940 gratia.
510 1868 678 1938 Hujus
727 1885 796 1924 ex
849 1871 1085 1925 secunda
1135 1883 1287 1940 parte
1330 1872 1506 1926 locum
1538 1888 1707 1927 unum
1753 1874 1852 1928 sub

273 1961 411 2017 beati
463 1958 720 2029 Prosperi
769 1963 988 2016 nomine
1032 1962 1203 2017 refert
1248 1963 1607 2018 Cassiodorus
1635 1963 1728 2034 (In
1756 1964 1850 2019 Ps.

277 2051 370 2122 xi),
393 2052 551 2121 cujus
579 2055 902 2108 auctoritate
932 2056 1206 2110 nescimus
1234 2070 1300 2110 an
1326 2055 1518 2110 adduci
1555 2071 1655 2112 nos
1685 2072 1850 2126 opor-

284 2143 467 2196 teatad
497 2158 634 2212 opus
664 2144 793 2198 illud
821 2145 980 2200 alicui
1023 2145 1314 2216 Prospero,
1345 2148 1592 2216 quisquis
1633 2149 1850 2203 tandem

276 2236 358 2290 ille
375 2233 465 2298 sit,
483 2236 889 2292 ascribendum.
925 2237 1009 2292 Ab
1030 2237 1134 2292 hac
1174 2248 1325 2294 certe
1352 2241 1607 2307 opinione
1635 2242 1854 2309 propius

274 2328 418 2382 abeSt
441 2329 751 2384 Ludovicus
777 2329 953 2396 Dupin
984 2331 1081 2400 (to.
1115 2330 1178 2384 IV
1210 2349 1264 2400 p.
1297 2331 1451 2399 449),
1483 2347 1644 2401 quam
1697 2331 1852 2387 .lose-

274 2419 401 2488 phus
445 2419 750 2475 Antelmius
794 2421 989 2492 (Antei.
1040 2419 1183 2474 Diss.
1214 2423 1268 2475 in
1313 2420 1412 2490 ορ.
1449 2421 1575 2475 Leo.
1603 2439 1655 2491 ρ.
1697 2421 1846 2492 563').

275 2511 372 2565 Res
416 2512 645 2565 minime
675 2511 834 2568 dubia
885 2513 1099 2568 videtur
1151 2515 1585 2570 eminentissimo
1636 2516 1852 2571 Nurisio

273 2603 430 2673 (Hist.
459 2603 581 2664 Pel.
619 2605 658 2662 Ι.
689 2621 749 2671 ιι,
776 2623 824 2660 c.
857 2605 925 2661 14
949 2607 988 2676 ),
1039 2608 1129 2677 qui
1170 2606 1501 2678 Prosperum
1540 2609 1692 2664 illum
1747 2609 1853 2664 Re-

271 2701 502 2768 giensem
536 2701 853 2770 episcopum
881 2702 1153 2769 opinatur.
1191 2701 1326 2756 Illud
1357 2712 1587 2768 certum,
1621 2717 1759 2772 opus
1783 2702 1850 2756 de

271 2803 369 2858 quo
395 2791 576 2860 agitur
605 2806 712 2844 non
742 2805 863 2846 esse
891 2790 1067 2860 Magni
1110 2791 1388 2861 Prosperi,
1438 2793 1593 2862 cujus
1627 2794 1848 2862 elegan-

272 2881 386 2935 tiam
411 2897 512 2937 nec
542 2883 686 2953 stylo
718 2899 816 2937 nec
849 2883 1065 2952 ingenio
1108 2883 1198 2938 ille
1229 2886 1466 2953 scriptor
1516 2885 1848 2954 assequitur.

269 2970 430 3040 Hujus
458 2974 638 3027 oratio
682 2972 919 3039 humilis,
968 2974 1155 3042 jejuna
1195 2982 1251 3029 et
1291 2975 1564 3044 simplex;
1597 2975 1848 3044 Prosperi

270 3063 515 3134 loquendi
548 3078 720 3134 genus
749 3063 1064 3131 abundans,
1118 3065 1270 3120 dives
1319 3067 1545 3132 viribus,
1578 3078 1632 3122 et
1665 3069 1846 3122 nervis

1951 1867 2062 1936 jam
2094 1882 2123 1920 a
2157 1869 2336 1922 medio
2362 1879 2555 1923 octavo
2586 1871 2804 1935 saeculo,
2839 1887 2867 1924 a
2899 1873 3292 1944 Chrodogango
3336 1878 3540 1932 scilicet

1955 1959 2177 2013 Metensi
2203 1962 2483 2028 episcopo.
2507 1960 2708 2015 Verum
2733 1963 2874 2028 quod
2898 1979 2924 2015 a
2956 1979 3184 2018 nervosa
3211 1966 3298 2018 illa
3323 1981 3540 2034 pressa-

1953 2065 2056 2119 que
2086 2050 2341 2120 Prosperi
2371 2053 2677 2122 eloquentia
2707 2055 2860 2108 valde
2900 2055 3170 2125 discrepat
3223 2057 3374 2112 laxus
3423 2061 3539 2128 qui-

1953 2141 2076 2195 dam
2099 2144 2394 2211 etcopiose
2421 2142 2594 2198 fluens
2633 2147 2808 2215 stylus
2832 2161 2938 2216 quo
2983 2147 3104 2202 libri
3137 2149 3211 2203 illi
3246 2151 3538 2220 conscripti

1953 2244 2116 2299 sunt,
2152 2235 2249 2288 ltos
2272 2235 2490 2290 Juliano
2521 2236 2790 2301 Pomerio,
2825 2240 2917 2308 qui
2948 2249 3181 2294 exeunte
3214 2241 3404 2310 quinto
3432 2260 3538 2298 sa:-

1952 2325 2078 2379 culo
2097 2326 2327 2391 vivebat,
2352 2342 2473 2382 esse
2499 2328 2846 2394 tribuendos,
2869 2339 2974 2382 tam
2995 2331 3186 2386 validis
3210 2336 3538 2400 argumentis

1952 2415 2344 2471 demonSIravit
2393 2418 2626 2473 Jacobus
2671 2419 2992 2474 Sirmondus
3046 2421 3198 2490 (Not.
3238 2425 3304 2476 ad
3355 2427 3538 2494 Aquis-

1951 2523 2105 2574 gran.
2138 2506 2378 2575 concil.),
2411 2519 2467 2562 ut
2495 2510 2636 2562 nulla
2668 2510 2914 2579 cuiquam
2963 2510 3122 2565 hodie
3147 2527 3208 2568 ea
3253 2513 3320 2569 de
3353 2531 3413 2570 re
3440 2517 3538 2570 du-

1954 2599 2142 2652 bitatio
2168 2603 2430 2668 supersit.

2023 2688 2370 2743 Contendant
2415 2691 2515 2744 viri
2568 2693 2859 2760 SagaCitate
2911 2696 3110 2763 ingenii
3133 2704 3188 2749 et
3214 2701 3538 2758 eruditionis

1952 2779 2110 2833 laude
2162 2788 2505 2848 praistantes,
2535 2783 2625 2852 qui
2671 2783 2840 2838 libros
2885 2786 2950 2838 de
3004 2785 3277 2844 Vocatione
3310 2791 3538 2850 omnium

1952 2867 2196 2924 Gentium
2225 2871 2512 2941 diligenter
2538 2875 2852 2929 evolverunt
2877 2891 2939 2931 ac
2966 2881 3190 2934 scrutati
3219 2890 3365 2947 sunt,
3393 2883 3446 2934 in
3469 2881 3534 2934 ii

1952 2963 2180 3030 reperiri
2212 2963 2343 3017 nihil
2374 2964 2514 3031 quod
2565 2981 2671 3019 non
2726 2969 2931 3036 optime
2961 2971 3238 3026 cohaereat
3279 2987 3400 3026 cum
3433 2971 3534 3027 do-

1948 3053 2122 3106 etrina
2145 3054 2320 3108 sancti
2353 3054 2630 3125 Prosperi,
2667 3057 2773 3121 cui,
2823 3068 2876 3112 et
2918 3059 3188 3116 llincmari
3213 3061 3446 3132 judicio,
3480 3074 3534 3120 et

268 3129 458 3223 valens,
491 3129 739 3226 locuples
767 3157 1074 3210 sententiis.
1097 3155 1242 3211 Satis
1268 3167 1493 3226 apparet
1520 3173 1645 3212 eum
1679 3158 1839 3214 fuisse

1953 3147 2110 3200 trium
2141 3149 2632 3204 vetustissimorum
2680 3151 2926 3207 codicum
2975 3169 3135 3209 manu
3186 3167 3530 3215 exaratorum

267 3245 608 3302 Africanum:
644 3245 792 3301 unde
837 3247 1035 3300 mirum
1085 3247 1262 3302 videri
1320 3262 1427 3302 non
1479 3247 1643 3303 debet
1698 3248 1842 3318 quod

269 3337 397 3394 inter
423 3339 749 3409 complures
777 3337 1155 3394 haereticorum
1188 3347 1388 3404 sectas,
1421 3339 1727 3394 Donatistas
1751 3356 1844 3410 po-

270 3429 551 3496 tissimum,
587 3430 753 3484 immo
795 3431 1222 3486 Maximianistas
1269 3433 1526 3502 appellet,
1554 3433 1700 3503 quod
1729 3433 1842 3504 Ty-

265 3520 433 3576 cltonii
468 3520 666 3575 famosi
701 3520 999 3576 Donatistae
1029 3521 1363 3588 meminerit,
1393 3522 1538 3591 quod
1567 3538 1654 3578 res
1682 3537 1844 3594 quas-

264 3611 373 3666 dam
403 3627 513 3667 non
547 3611 800 3683 vulgares
840 3613 893 3666 in
925 3611 1106 3669 Africa
1137 3623 1317 3682 gestas
1345 3614 1563 3670 referat.
1589 3614 1710 3685 ipse
1746 3616 1841 3672 ad-

265 3700 356 3757 huc
384 3704 712 3759 adolescens
737 3713 863 3758 tunc
892 3703 1084 3759 aderat
1124 3703 1475 3776 Carthagine,
1506 3721 1629 3761 cum
1661 3709 1837 3763 Aure-

264 3792 354 3847 lius
375 3796 671 3864 episcopus
697 3793 1108 3848 celeberrimum
1135 3793 1389 3851 Caelestis
1423 3797 1547 3852 Dea:
1578 3799 1836 3866 templum

265 3882 308 3935 in
339 3898 392 3937 ea
423 3884 567 3939 urbe
595 3882 811 3938 Christo
845 3885 1138 3950 dedicavit,
1183 3903 1336 3964 anno
1358 3887 1588 3942 fortasse
1614 3890 1749 3954 399;
1784 3900 1840 3944 et

261 3974 373 4029 dum
415 3992 520 4030 una
554 3992 678 4030 cum
711 3977 876 4032 sociis
906 3989 961 4032 et
990 3979 1178 4033 amicis
1203 3979 1284 4049 (ut
1311 3995 1371 4035 se
1409 3979 1832 4036 adolescentium

261 4079 380 4123 mtas
427 4069 721 4140 impatiens
775 4071 1196 4142 circumquaque
1234 4073 1524 4143 vertebat),
1571 4075 1697 4129 dum
1737 4091 1832 4130 cu-

259 4162 378 4216 riosi
406 4165 619 4234 singula
649 4179 878 4233 qumque
910 4179 1009 4233 pro
1053 4165 1426 4234 magnitudine
1465 4165 1830 4236 inSpicerent,

259 4255 442 4307 mirum
475 4255 747 4322 quoddam
762 4268 814 4309 et
848 4254 1166 4309 incredibile
1197 4270 1294 4309 suo
1334 4265 1563 4312 testatur
1589 4260 1830 4325 aspectui

257 4344 542 4414 ingestum,
577 4345 720 4400 hunc
749 4361 942 4415 nempe
983 4346 1193 4400 titulum
1226 4347 1394 4402 aeneis
1427 4349 1832 4417 grandioribus-

254 4450 348 4504 que
405 4437 606 4491 litteris
655 4437 707 4491 in
768 4437 1102 4507 frontispicio
1178 4438 1360 4505 templi
1416 4439 1826 4505 conscriptum:

1948 3241 2289 3304 auctoritate,
2317 3239 2650 3295 tribuuntur.
2681 3241 2845 3297 Multa
2888 3244 3049 3298 etiant
3079 3246 3132 3300 in
3163 3245 3228 3301 iis
3267 3250 3532 3306 habentur

1947 3329 2053 3383 illis
2081 3331 2241 3400 plane
2268 3341 2652 3400 consentanea,
2700 3350 2823 3404 qua:
2845 3351 2873 3389 a
2899 3335 3169 3406 Prospero
3198 3349 3308 3394 tum
3344 3342 3394 3396 in
3425 3358 3531 3398 cte-

1946 3423 2078 3476 teris
2109 3423 2393 3490 Operibus,
2440 3431 2550 3478 tum
2593 3423 2647 3478 in
2679 3427 2922 3482 carmine
2947 3429 3016 3483 de
3056 3428 3280 3499 ingratis
3328 3437 3527 3504 scripta

1943 3521 2089 3567 sunt.
2118 3512 2231 3568 Nec
2264 3523 2530 3585 repugnat
2580 3520 2840 3587 temporis
2886 3521 3044 3576 ratio.
3093 3523 3228 3578 Cum
3257 3527 3401 3581 enim
3429 3543 3530 3584 nec

1941 3606 2172 3660 confecti
2219 3607 2330 3661 sint
2371 3607 2525 3663 initio
2578 3609 2866 3666 turbarum
2920 3627 3058 3681 quas
3105 3614 3529 3688 Semipelagiani

1941 3697 2184 3767 edidere,
2228 3707 2285 3754 et
2324 3709 2502 3755 tamen
2530 3715 2560 3755 a
2587 3699 2802 3756 Gelasio
2834 3702 3149 3775 laudentur,
3203 3708 3352 3763 velut
3391 3725 3528 3779 opus

1940 3789 2221 3860 cujusdam
2270 3791 2528 3846 Ecclesiae
2568 3793 2850 3863 Magistri,
2899 3807 3154 3864 superest
3179 3813 3232 3852 ut
3257 3801 3401 3855 circa
3429 3818 3528 3856 an-

1941 3897 2066 3936 num
2102 3883 2204 3937 440
2227 3882 2357 3936 editi
2383 3883 2600 3936 fuerint.
2636 3884 2833 3939 Verum
2857 3887 3204 3942 artificiosius
3225 3895 3524 3960 composita

1938 3972 2143 4039 oratio,
2181 3983 2236 4027 et
2266 3971 2528 4041 placidius
2555 3973 2836 4045 leniusque
2878 3976 3185 4033 disserendi
3227 3995 3396 4051 genus
3425 3984 3524 4037 nti-

1938 4078 2036 4118 nus
2067 4063 2316 4133 congruit
2339 4079 2460 4118 cum
2493 4064 2556 4118 iis
2588 4081 2707 4134 quae
2729 4067 2870 4134 apud
2901 4068 3224 4136 PrOSperum
3256 4075 3518 4129 invenies.

1937 4151 2140 4221 Itaque,
2165 4163 2222 4208 ut
2249 4168 2343 4208 eos
2370 4156 2681 4210 omittamus
2712 4157 2802 4225 qui
2838 4158 2940 4212 hoc
2962 4176 3096 4228 opus
3115 4160 3175 4217 S.
3207 4162 3518 4231 Ambmsio,

1937 4248 2107 4301 multo
2138 4257 2263 4301 ante
2285 4248 2406 4302 illas
2438 4249 2558 4303 lites
2587 4262 2804 4304 exortas
2827 4252 3100 4321 defuncto,
3133 4257 3301 4325 gratis
3328 4274 3518 4330 perpe-

1935 4357 2159 4412 ramque
2175 4342 2479 4412 aseripsere
2495 4385 2508 4408 ,
2535 4345 2601 4398 ab
2620 4344 2740 4398 aliis
2767 4345 3022 4401 tribuitur
3037 4348 3241 4403 Hilario
3265 4350 3517 4422 Prosperi

1939 4432 2109 4486 nostri
2156 4435 2326 4498 socio,
2371 4433 2441 4487 ab
2464 4432 2584 4488 aliis
2624 4435 2681 4489 S.
2726 4434 2997 4504 Prospero
3048 4439 3520 4500 Aurelianensium

253 4530 520 4584 Aunsuus
571 4528 847 4585 Pourtrsx
905 4505 1206 4585 nsotcavtr.
1281 4531 1427 4585 ldem
1503 4530 1829 4602 Carthagine
1859 4505 1910 4564 D
1936 4526 2214 4596 episcopo,
2241 4526 2385 4580 circa
2407 4542 2606 4581 annum
2631 4527 2756 4582 470.
2782 4527 2914 4582 Sunt
2943 4530 3030 4598 qui
3057 4533 3521 4605 existimentopus

253 4622 403 4675 etiam
439 4623 762 4676 versabatur
783 4622 973 4678 eodem
997 4639 1104 4692 quo
1131 4626 1304 4692 Aspar
1331 4625 1391 4678 V.
1410 4625 1830 4696 l.consul(Vide

251 4715 463 4781 append.
494 4731 552 4783 p.
589 4713 735 4781 193),
766 4713 868 4768 hoc
911 4723 1020 4782 est,
1052 4730 1198 4768 anno
1245 4714 1344 4769 451
1371 4727 1462 4770 aut
1493 4716 1620 4780 452,
1665 4726 1720 4772 et
1746 4721 1826 4774 rei

251 4805 526 4871 cujusdam
556 4805 860 4874 stupendae,
896 4821 1056 4874 quam
1085 4805 1374 4876 diligenter
1404 4819 1639 4874 enarrat,
1673 4812 1826 4865 testis

251 4890 355 4948 fuit.
380 4895 574 4966 Neque
595 4896 814 4950 silentio
845 4896 1088 4966 praeterit
1109 4898 1393 4968 quemdam
1422 4900 1602 4968 specie
1632 4915 1822 4956 mona-

249 4983 422 5051 chum,
453 4987 550 5055 qui
599 5001 720 5041 cum
767 4986 1149 5058 Carthaginem
1198 4989 1527 5056 advenisset,
1573 4993 1822 5061 quaedam

248 5077 388 5144 signa
417 5079 764 5133 curationum
795 5081 1008 5148 operari
1054 5096 1113 5135 se
1134 5081 1395 5148 jactabat,
1426 5081 1667 5137 adhibito
1697 5085 1823 5140 oleo

246 5168 420 5223 nescio
450 5169 610 5237 cujus
641 5172 839 5222 mortui
866 5184 990 5223 osse
1022 5168 1220 5224 infuso.
1256 5173 1323 5225 Αι
1345 5172 1431 5226 ubi
1462 5188 1522 5227 se
1551 5175 1819 5242 proditum

246 5253 568 5330 fallacesque
595 5274 720 5313 suas
747 5270 895 5315 artes
932 5263 1100 5314 sensit
1129 5261 1388 5331 detectas,
1413 5263 1638 5335 aufugit.

309 5349 438 5404 Erat
466 5350 728 5420 praefatus
752 5353 987 5420 scriptor
1018 5353 1069 5406 in
1101 5351 1391 5422 Campania
1436 5371 1557 5410 cum
1598 5366 1818 5413 sanctus

247 5442 484 5504 pontifex
518 5440 630 5496 Leo
655 5441 982 5496 Manichteos
1029 5444 1403 5514 subverteret,
1432 5456 1486 5501 et
1513 5457 1819 5504 contereret

244 5527 585 5601 Pelagianos;
629 5549 820 5604 nempe
848 5550 991 5589 anno
1017 5537 1237 5592 circiter
1265 5537 1374 5593 445
1401 5537 1584 5594 Africa
1609 5541 1818 5597 videtur

245 5623 490 5690 expulsus
514 5622 678 5679 fuisse
706 5640 733 5676 a
769 5623 1046 5692 Vandalis,
1078 5638 1384 5697 expugnata
1418 5629 1651 5686 fortasse
1683 5631 1812 5686 Car-

245 5711 455 5782 thagine
479 5730 621 5769 anno
671 5716 798 5779 ‘59,
830 5718 983 5785 cujus
1026 5718 1100 5771 rei
1133 5720 1362 5789 quodam
1397 5723 1516 5778 loco
1543 5727 1804 5779 meminit.

622 5806 886 5864 PATBOL.
934 5805 1030 5864 ιι.

1932 4635 2054 4674 esse
2083 4620 2311 4688 alicujus
2351 4619 2612 4686 Africani,
2663 4634 2728 4675 ex
2771 4636 2961 4675 eorum
3008 4623 3238 4680 fortasse
3288 4641 3519 4683 numero

1931 4712 2020 4780 qui
2045 4727 2074 4764 a
2098 4708 2393 4766 Genserico
2416 4711 2558 4780 pulsi
2583 4727 2726 4764 anno
2743 4712 2913 4766 MOin
2935 4713 3140 4768 Italiam
3169 4718 3516 4787 appulerant.

2001 4802 2328 4868 Quesnellus
2352 4802 2644 4858 ostendere
2676 4803 2867 4858 nititur
2887 4804 2936 4856 In
2960 4820 2986 4859 s
3009 4805 3174 4861 libros
3199 4823 3321 4863 esse
3341 4811 3518 4868 sancti

1929 4893 2148 4958 Leonis,
2169 4901 2224 4946 et
2250 4893 2300 4947 id
2326 4892 2539 4963 quidem
2561 4894 2687 4965 styli
2718 4895 3071 4952 similitudine
3088 4899 3279 4954 ductus
3293 4905 3514 4964 asserit.

1927 4983 2080 5053 (Leo.
2118 4994 2187 5037 to.
2220 4984 2284 5050 II,
2309 5002 2361 5054 ρ.
2391 4983 2496 5039 558
2519 4994 2566 5038 et
2596 4985 2733 5056 seq.)
2766 4987 2847 5041 Ab
2879 5001 2946 5042 eo
2976 4989 3194 5058 quidem
3223 5002 3348 5046 ante
3380 5009 3514 5062 pon-

1928 5077 2186 5132 tificatum
2213 5077 2414 5141 editos,
2446 5087 2500 5130 at
2540 5094 2645 5132 non
2691 5081 2950 5148 inscripto
2988 5095 3088 5136 suo
3126 5083 3359 5140 nomine.
3392 5086 3512 5153 Quo

1927 5169 2125 5224 factum
2147 5178 2231 5223 est
2263 5176 2322 5222 ut
2360 5183 2484 5224 eum
2536 5169 2756 5224 illorum
2805 5180 3082 5228 auctorem
3111 5188 3232 5229 esse
3263 5173 3510 5233 Gelasius

1924 5263 2042 5332 ipse
2071 5263 2344 5316 nescierit.
2378 5261 2529 5316 llanc
2554 5263 2876 5317 sententiam
2901 5265 3107 5332 prolixa
3139 5264 3509 5332 disputatione

1923 5372 1954 5410 a
1985 5355 2277 5422 Quesnello
2326 5356 2619 5423 prolatam,
2675 5357 2953 5424 prolixiori
2989 5357 3362 5412 lucubratione
3408 5361 3508 5416 int-

1924 5451 2178 5520 pugnavit
2229 5449 2574 5514 Antelmius,
2618 5449 2889 5518 librosque
2933 5449 3001 5501 de
3045 5449 3245 5518 quibus
3293 5454 3508 5522 agimus

1920 5543 2186 5610 Prospero
2214 5542 2493 5596 restitutos
2520 5542 2689 5595 voluit
2735 5541 2935 5608 (Antei.
2968 5542 3110 5603 Diss.
3156 5545 3209 5598 in
3240 5544 3340 5617 0p.
3376 5547 3504 5603 Leo.

1916 5653 1968 5705 p.
2005 5635 2107 5688 ll?)
2152 5644 2199 5686 et
2253 5633 2406 5701 seq.).
2452 5632 2719 5686 Momenta
2761 5633 3030 5702 tttrimqtte
3080 5636 3271 5690 co'lata
3320 5641 3506 5705 paucis

1917 5726 2136 5796 collegit
2159 5725 2459 5779 Ludovicus
2492 5723 2686 5792 Dupin,
2715 5727 3011 5796 statuitque
3042 5729 3175 5783 nihil
3207 5744 3330 5784 esse
3360 5731 3500 5798 quod

3025 5817 3065 5872 2
