4088 6176
415 289 484 343 4³5
843 283 1366 343 SCIKENEMANNI
1407 281 1682 340 NOTITIA
1726 276 2546 336 lllSTORlCO-LITTERARIA
2586 277 2650 333 IN
2694 279 2756 335 S.
2796 278 3238 336 PROSPERUM.
3651 285 3717 336 M

415 401 682 470 Prospero
716 401 1017 456 tribuantur
1046 400 1124 455 illi
1149 398 1274 454 libri
1304 396 1505 470 (Dupin
1529 404 1601 451 to.
1625 395 1715 460 IV,
1745 411 1864 465 pag.
1895 391 2002 446 452
2031 395 2078 454 Α
2105 393 2308 464 analysi
2338 392 2758 462 comprehendit
2789 391 2991 465 (Dupin
3017 403 3086 448 to.
3113 394 3200 459 ιν,
3234 414 3290 464 μ.
3315 394 3412 448 ibi
3432 404 3478 447 et
3507 399 3700 466 seq/7.).

413 501 460 544 et
482 491 634 561 seq.).
671 492 870 546 Eorum
894 493 938 545 si
977 499 1251 561 specletur
1273 489 1446 560 stylus
1469 502 1532 542 ac
1563 502 1741 542 rerum
1775 495 2012 540 tractan-

415 583 605 638 darum
638 584 798 647 ratio,
835 582 1009 637 videri
1057 583 1274 652 quidem
1329 582 1472 635 inter
1503 579 1700 634 Leonis
1732 593 1894 646 Opera
1934 593 2014 630 re-

413 676 664 732 ferendos
690 694 700 729 :
722 676 854 730 nihil
887 674 1073 730 atl‘erri
1103 689 1287 744 posse,
1313 689 1472 744 quam
1498 673 1567 726 ob
1591 687 1702 725 rem
1732 670 1781 724 ei
1804 669 2014 739 abjudi-

413 778 625 824 centur.
669 767 777 823 Sed
811 767 962 822 nullo
991 781 1212 838 quoque
1259 774 1580 835 argumento
1633 773 1784 818 certo
1834 763 2012 817 eidem

413 859 626 913 asseri:
681 859 884 927 quippe
943 873 1079 927 quos
1129 858 1336 925 absque
1387 856 1606 910 nomine
1663 855 1902 908 auctoris
1959 854 2010 907 in

414 949 588 1003 lucem
638 948 906 1016 prodiisse
951 957 1196 1016 constet,
1234 948 1463 1016 ﬁerique
1495 947 1750 1014 perfacile
1779 946 2016 1013 potuerit

413 1051 473 1094 ut
529 1042 684 1096 multi
745 1052 873 1095 tunc
921 1041 1186 1109 temporis
1228 1049 1284 1095 et
1313 1040 1502 1093 “orna!
1531 1047 1586 1092 et
1615 1038 1733 1091 aliis
1783 1038 1838 1090 in
1882 1036 2016 1090 locis

415 1133 642 1198 iuerint,
671 1147 900 1201 quorum
925 1133 1197 1187 scribendi
1227 1133 1364 1186 ratio
1397 1131 1594 1185 Leonis
1617 1130 1815 1200 stylum
1840 1129 2015 1182 refcr-

415 1233 497 1278 ret
526 1237 589 1278 ac
619 1225 912 1279 redoleret.
955 1227 1133 1292 Atque
1174 1223 1278 1278 hoc
1328 1222 1548 1292 quidem
1580 1221 1633 1275 in
1665 1229 1809 1275 statu
1839 1227 1890 1273 et
1914 1218 2014 1272 sita

415 1334 500 1379 est
521 1323 822 1379 etiamnum
849 1333 905 1379 et
943 1324 1036 1378 diu
1065 1337 1383 1377 rcmansura
1429 1322 1641 1377 videtur
1683 1319 2016 1390 percelebris

417 1427 510 1481 illa
533 1438 586 1482 et
617 1425 986 1497 vnlgatissima
1017 1425 1266 1497 quaestio.
1311 1423 1655 1480 Existimavit
1693 1423 2013 1479 eminentis-

418 1529 588 1584 simus
612 1527 860 1582 Norisius
889 1526 1057 1598 (Hist.
1114 1526 1227 1581 Pet.
1257 1527 1295 1582 ι.
1323 1541 1446 1588 tt,c.
1473 1525 1560 1595 M)
1605 1525 1863 1580 librorum
1914 1526 2014 1579 lto-

417 1646 537 1686 rum
565 1630 891 1698 scriptorem
925 1629 979 1683 in
1012 1627 1369 1699 explanandis
1409 1627 1472 1682 iis
1518 1641 1641 1696 quae
1673 1624 1738 1680 ad
1785 1626 2013 1696 gratiam

419 1731 714 1800 pertinent,
753 1745 860 1784 non
893 1729 1054 1784 aliam
1097 1728 1271 1784 solum
1305 1728 1444 1782 viam
1487 1723 1631 1781 inire
1659 1725 1727 1780 ab
1756 1740 1821 1780 ea
1853 1739 2012 1794 quam

420 1829 758 1900 Augustinus
785 1839 838 1885 et
866 1829 1106 1898 Prosper
1137 1837 1385 1893 tenuere,
1415 1827 1510 1882 sed
1539 1834 1597 1882 et
1623 1827 1691 1881 de
1719 1826 1834 1895 ipsa
1861 1839 1921 1879 re
1949 1824 2019 1877 ab

423 1942 655 2002 utroque
711 1932 983 1988 nonnullis
1013 1933 1068 1987 in
1099 1932 1369 2001 capitibus
1409 1929 1702 1986 dissidere.
1753 1930 2019 1998 Reposuit

421 2032 745 2100 Quesnellus
773 2031 921 2104 (Leo.
971 2042 1045 2089 to.
1074 2030 1140 2097 ll,
1185 2050 1241 2103 p.
1269 2031 1367 2087 581
1419 2040 1468 2086 et
1502 2030 1637 2100 seq.)
1687 2029 2012 2098 scriptorem

421 2133 571 2188 illum
605 2135 912 2188 nullatenus
937 2133 1007 2188 ab
1048 2133 1336 2203 Augustini
1379 2132 1618 2200 placitis,
1671 2129 1740 2184 ab
1772 2128 2018 2184 Ecclesia

420 2236 783 2302 eomprobatis
814 2244 870 2292 et
897 2234 1168 2304 adoptatis
1191 2274 1207 2298 ,
1259 2233 1574 2289 recessisse.
1606 2232 1721 2299 Qua
1766 2247 1819 2284 In
1848 2245 1909 2285 re
1949 2230 2018 2284 ab

423 2335 526 2391 boc
585 2349 805 2404 prorsus
853 2344 998 2391 stare
1042 2334 1264 2390 videtur
1314 2332 1624 2389 Ludovicus
1679 2330 1874 2399 Dupin,
1925 2329 2018 2398 qui

423 2441 779 2496 quascumque
819 2427 925 2480 hoc.
971 2440 1137 2499 opere
1181 2426 1534 2481 continentur
1587 2423 1722 2476 satis
1769 2419 2022 2476 uberiore

2183 487 2259 541 Ita
2281 487 2522 542 concinit
2543 486 2718 557 stylus
2744 486 2995 556 epistolae
3021 488 3087 541 ad
3117 488 3536 552 Demetriadem.
3565 498 3707 563 ςιδλιο

2113 579 2376 634 librorum
2407 579 2478 634 de
2505 578 2804 633 Vocatione
2831 577 3110 642 Gentium,
3146 587 3203 633 ut
3235 579 3415 634 eidem
3449 581 3708 634 hactenus

2113 671 2322 725 auctori
2376 679 2665 738 utrumque
2705 685 2840 738 opus
2890 671 3088 724 merito
3118 669 3191 723 sit
3219 672 3541 740 ascriptum,
3594 670 3710 726 sive

2112 777 2234 816 cum
2269 761 2557 816 Ambrosio
2587 760 2792 824 datum,
2827 759 2942 814 sive
2990 775 3110 816 cum
3139 760 3430 830 Prospero.
3460 760 3712 816 Norisius

2112 855 2280 926 (Hist.
2317 855 2430 910 Pet.
2463 855 2502 908 t.
2533 854 2592 923 ιι)
2621 854 2836 924 quidem
2879 853 3162 923 epistolam
3205 854 3271 908 ad
3301 855 3710 910 Demetriadem

2112 961 2303 1002 sancto
2326 948 2597 1015 Prospero
2619 945 2890 1016 adjudicat
2908 963 2922 1011 ;
2942 961 3126 1002 verum
3142 947 3280 1002 alios
3306 947 3713 1017 bujusanctori-

2116 1052 2196 1097 tas
2220 1056 2250 1096 a
2279 1042 2509 1111 pristina
2536 1041 2809 1094 sententia
2843 1039 3068 1095 minime
3098 1039 3329 1108 depulit,
3375 1041 3548 1108 iisque
3580 1041 3712 1096 item

2117 1142 2174 1188 ut
2203 1143 2362 1187 antea
2412 1132 2526 1186 visa
2559 1140 2642 1186 est
2689 1131 2806 1185 haec
2833 1131 3064 1199 epistola
3109 1133 3356 1185 oratione
3415 1132 3605 1186 eadem
3648 1147 3714 1187 ac

2116 1221 2263 1293 stylo
2290 1229 2512 1277 exarata
2539 1235 2603 1275 ac
2634 1220 2760 1276 libri
2788 1219 2859 1274 de
2881 1220 3182 1275 Vocatione
3211 1221 3491 1285 Gentium,
3527 1221 3714 1291 proin-

2116 1314 2295 1384 deque
2335 1313 2509 1368 eidem
2534 1311 2788 1379 scriptori
2823 1312 3133 1366 tribuenda.

2190 1405 2394 1462 Scribit
2423 1403 2758 1459 Trithemius
2812 1401 3035 1474 (Script.
3091 1401 3241 1456 Eccl.
3273 1421 3325 1474 p.
3358 1401 3450 1473 3'7)
3479 1402 3713 1473 Prospe-

2118 1513 2237 1553 rum
2269 1497 2374 1552 alia
2407 1497 2632 1565 insuper
2664 1495 2924 1548 nonnulla
2955 1494 3284 1563 scripsisse:
3319 1494 3515 1548 librum
3549 1508 3713 1549 unum

2119 1589 2488 1657 Epistolarum
2540 1585 2608 1640 ad
2663 1584 2948 1650 diversos;
3003 1586 3200 1639 librum
3251 1600 3415 1638 unum
3465 1584 3532 1638 de
3571 1584 3715 1639 Viris

2118 1680 2466 1745 lllustribus,
2497 1695 2561 1734 ac
2608 1679 2677 1735 de
2704 1678 3026 1748 Captivitate
3071 1676 3259 1731 Roma:
3291 1677 3486 1731 librum
3521 1691 3710 1730 unum.

2047 1765 2092 1823 Β
2122 1772 2231 1826 llos
2259 1786 2392 1826 vero
2425 1771 2600 1825 libros
2638 1785 2668 1824 a
2699 1770 3006 1826 Trithemio
3035 1783 3302 1838 nusquam
3355 1769 3627 1837 inspectos
3647 1779 3716 1822 eo

2124 1863 2430 1919 verisimile
2457 1870 2565 1932 est,
2597 1863 2742 1932 quod
2784 1877 2972 1917 eorum
3008 1861 3159 1915 initia
3201 1876 3307 1914 non
3355 1859 3626 1928 subjiciat,
3658 1867 3717 1912 ut

2117 1967 2475 2012 caeterorum.
2501 1955 2759 2025 Alioquin
2790 1955 3070 2010 recentior
3101 1963 3183 2009 est
3211 1954 3302 2009 ille
3331 1969 3492 2023 quam
3516 1962 3573 2007 ut
3599 1952 3718 2021 ejus

2120 2047 2442 2104 testimonio
2469 2047 2756 2117 quisquam
2800 2047 3028 2102 nitatur.
3072 2046 3238 2102 Addit
3282 2061 3498 2116 quoque
3537 2047 3715 2100 idem:

2128 2157 2149 2192 ‹
2197 2139 2319 2196 Alia
2349 2138 2580 2209 insuper
2607 2138 2866 2193 nonnulla
2915 2137 3204 2205 scripsisse
3255 2137 3483 2202 dicitur;
3531 2134 3624 2190 sed
3653 2135 3718 2188 ad

2123 2244 2320 2286 manus
2349 2238 2572 2285 nostras
2599 2243 2708 2284 non
2739 2237 3031 2284 venerunt.
3069 2246 3089 2279 ›
3144 2228 3220 2283 De
3249 2228 3444 2296 quibus
3491 2225 3722 2296 proinde

2121 2335 2243 2378 cum
2277 2322 2356 2376 illi
2381 2322 2516 2377 nihil
2555 2321 2822 2391 suspicari
2876 2319 3124 2384 licuerit,
3173 2334 3273 2373 nec
3315 2320 3473 2372 nobis
3516 2319 3722 2388 pariter

2125 2415 2424 2487 quidquam
2448 2413 2712 2486 augurari
2742 2422 2827 2469 est
2854 2413 3117 2468 hactenus
3145 2424 3488 2465 concessum.

432 2533 2144 2558 ______________________..

478 2641 958 2727 NOTITIA
1061 2623 2456 2721 HISTORICO-LITTERABIA
2554 2624 2678 2707 IN
2779 2621 2863 2703 S.
2931 2615 3697 2704 PROSPERUM.

1333 2769 1733 2836 (Schmnemanni
1756 2763 1988 2817 Bibliotb.
2015 2761 2146 2812 Hist.
2173 2759 2288 2810 Litt.
2317 2758 2425 2810 Pat.
2448 2757 2560 2810 Lat.
2587 2764 2689 2809 tom
2715 2755 2805 2819 ιι.)

1073 2967 1102 3039 ς
1145 2966 1186 3020 l.
1235 2963 1374 3020 Vita.

502 3066 744 3138 Aquitani
775 3062 992 3118 nomine
1015 3059 1366 3130 distinguitur
1400 3057 1468 3112 ab
1498 3056 1614 3110 aliis
1649 3053 1788 3108 haud
1816 3051 2023 3108 incele-

429 3161 614 3215 bribus
642 3157 880 3227 ejusdem
910 3155 1082 3210 :rtatis
1109 3152 1488 3224 scriptoribus,
1521 3153 1662 3204 inter
1686 3163 1824 3219 quos
1854 3148 2026 3202 notis-

428 3254 601 3308 simus
649 3251 886 3318 Prosper
940 3247 1064 3301 Tiro
1110 3255 1308 3317 poeta,
1359 3243 1513 3312 cujus
1563 3241 1708 3296 Beda
1759 3241 2024 3304 meminit,

428 3345 690 3415 cujusque
719 3355 1018 3410 cognomen
1045 3337 1147 3410 ipsi
1177 3337 1444 3408 Aquitano
1465 3337 1727 3406 attingere
1750 3335 2039 3404 quondam,

431 3453 595 3492 ausus
649 3443 734 3490 est
787 3432 1129 3488 Sirmondns.
1196 3431 1364 3486 Natus
1412 3439 1496 3486 est
1541 3441 1777 3485 exeunte
1827 3430 2030 3484 saeculo

432 3537 626 3601 quarto
669 3536 761 3581 aut
803 3525 977 3594 quinti
1024 3525 1206 3589 initio,
1256 3525 1309 3577 in
1349 3522 1658 3592 Aquitania.
1711 3523 1817 3578 Sed
1842 3537 1943 3592 qua
1975 3522 2027 3576 in

436 3620 570 3674 urbe
585 3629 678 3674 aut
697 3619 822 3673 loco
839 3627 948 3671 tam
971 3616 1166 3686 amplae
1187 3615 1348 3685 hujus
1371 3615 1680 3686 provinciae,
1701 3631 1807 3670 non
1833 3617 2029 3684 liquet;

435 3711 594 3767 sicuti
625 3711 692 3766 de
731 3709 1054 3780 parentibus
1079 3749 1094 3774 ,
1125 3708 1446 3764 educatione
1487 3721 1646 3780 atque
1671 3709 1841 3780 prima
1870 3721 2032 3766 aetate

436 3802 555 3872 ejus
583 3816 738 3872 teque
787 3801 967 3855 omnia
1014 3801 1351 3870 ignorantur.
1411 3803 1662 3858 Attamen
1708 3804 1870 3858 exiis
1912 3818 2033 3874 quas

438 3895 656 3964 reliquit
683 3893 882 3963 ingenii
914 3891 998 3948 sui
1029 3893 1392 3948 monumentis
1418 3893 1550 3948 satis
1579 3902 1724 3963 patet
1744 3909 1867 3950 eum
1893 3895 2032 3950 haud

441 3986 636 4042 leviter
657 3985 974 4040 liberalibus
1002 3984 1194 4039 studiis
1217 3993 1268 4039 et
1295 3986 1507 4040 artibus
1537 3986 1807 4055 ingenuis.
1837 3987 2033 4056 praeci-

443 4091 548 4145 pue
581 4078 805 4145 poeticae
826 4117 839 4137 ,
871 4075 1200 4130 incubuisse.
1245 4075 1530 4143 Aquitania
1551 4119 1564 4138 ,
1607 4079 1873 4132 incertum
1910 4078 2031 4148 qui—

443 4167 543 4222 bus
571 4166 638 4220 de
667 4168 846 4220 causis
897 4167 1081 4220 relicta
1103 4208 1118 4231 ,
1150 4167 1202 4220 in
1235 4166 1520 4220 Provincia
1574 4168 1906 4222 domicilium
1940 4184 2036 4236 po-

446 4259 573 4322 suit,
607 4259 697 4312 ubi
729 4267 877 4312 certe
901 4257 1010 4326 jam
1039 4273 1181 4312 anno
1207 4256 1311 4312 428
1341 4260 1782 4314 commorabatur
1802 4303 1816 4326 ,
1855 4261 2036 4330 ibique

448 4349 881 4403 concertationes
923 4363 1045 4402 suas
1091 4364 1189 4418 pro
1227 4349 1472 4403 doctrina
1516 4351 1804 4421 Augustini
1847 4363 2036 4406 contra

2047 2954 2095 3020 C
2125 2958 2416 3011 sacerdotes
2444 2955 2661 3010 Patrum
2699 2956 2935 3026 οινὶηίοηὶ
2966 2965 3012 3009 et
3047 2954 3292 3008 Ecclesia
3319 2954 3490 3008 sensui
3514 2955 3725 3007 adversa

2127 3057 2326 3116 putent,
2357 3049 2598 3120 pericula
2641 3063 2761 3118 quae
2799 3048 2928 3118 ipsis
2972 3063 3037 3103 ex
3091 3048 3308 3102 illorum
3348 3048 3595 3101 caecitate
3639 3056 3728 3101 aut

2127 3142 2397 3211 pravitate
2444 3141 2734 3196 imminere
2783 3140 3112 3204 videantur,
3165 3149 3218 3193 et
3273 3137 3726 3209 quemadmodum

2127 3234 2195 3290 iis
2238 3235 2398 3290 reniti
2439 3233 2727 3303 coeperint,
2769 3233 3089 3297 declarant;
3146 3231 3379 3301 denique
3419 3239 3475 3283 ut
3519 3245 3729 3284 suarum

2129 3327 2548 3398 disputationum
2578 3326 2824 3397 prasidio
2862 3325 3100 3396 ipsorum
3141 3325 3441 3377 tenuitatem
3483 3322 3726 3377 roborant

2129 3421 2272 3485 velit,
2308 3428 2522 3490 rogant.
2554 3421 2632 3474 Ac
2659 3422 2992 3490 Augustinus
3023 3435 3156 3475 sane
3183 3419 3324 3475 votis
3352 3436 3540 3476 eorum
3571 3420 3728 3474 obse-

2130 3521 2359 3566 cuturus
2405 3511 2470 3565 ad
2523 3525 2620 3566 eos
2676 3511 2874 3566 direxit
2921 3511 3092 3565 libros
3135 3511 3202 3565 de
3249 3511 3732 3566 Prmdestinatione

2133 3612 2441 3660 sanctorum
2474 3613 2528 3660 et
2561 3604 2711 3660 Dono
2741 3603 3183 3673 perseverantiae.
3217 3603 3324 3660 Sed
3352 3620 3475 3658 cum
3505 3614 3733 3675 uterque

2134 3703 2286 3750 tanto
2310 3695 2509 3752 ardore
2540 3697 2789 3766 ﬂagraret
2815 3736 2829 3758 ,
2862 3712 2960 3751 nec
2985 3705 3166 3751 tamen
3199 3697 3495 3752 adversarii
3527 3697 3733 3751 crebris

2135 3789 2592 3859 disputationibus
2622 3804 2685 3845 ac
2715 3789 2931 3855 scriptis
2970 3789 3112 3844 flecti
3147 3799 3400 3855 possent,
3434 3791 3596 3842 ambo
3627 3789 3734 3844 Ro-

2136 3897 2279 3937 mam
2310 3891 2703 3952 perrexerunt,
2735 3896 2938 3950 eosque
2976 3881 3115 3950 apud
3155 3879 3513 3937 Caelestinum
3544 3897 3734 3951 papam

2135 3975 2421 4029 calumnia:
2449 3976 2501 4030 in
2530 3975 2886 4042 Augustinum
2913 3983 2965 4028 et
2989 3975 3264 4029 haereseos
3296 3982 3639 4041 accusarunt,
3667 3975 3736 4028 ab

2137 4079 2311 4134 c0que
2341 4080 2391 4118 a.
2422 4066 2521 4120 451
2556 4066 2914 4120 obtinuerunt
2944 4066 3214 4122 celebrem
3249 4066 3393 4120 illam
3423 4066 3489 4121 ad
3521 4067 3735 4136 episco-

2139 4171 2237 4222 pos
2264 4156 2562 4211 Galliarum
2597 4158 2909 4226 epistolam,
2939 4157 2994 4211 in
3024 4171 3128 4229 qua
3159 4172 3254 4213 eos
3281 4167 3520 4228 gravrter
3549 4173 3736 4228 repre-

2137 4246 2345 4313 hendit,
2380 4247 2543 4319 quod,
2575 4249 2911 4304 auctoritatis
2941 4262 3052 4304 sua:
3083 4258 3191 4304 tam
3222 4264 3410 4319 parum
3441 4265 3731 4320 memores,

2141 4341 2492 4412 presbyteros
2522 4356 2689 4395 novas
2711 4351 2763 4395 et
2793 4341 3220 4410 indisciplinatas
3245 4340 3574 4411 quaestiones
3600 4357 3735 4412 quo-

451 4439 711 4495 Joannem
757 4438 1072 4494 Cassianum
1105 4440 1350 4509 aliosque
1390 4442 1478 4508 qui
1507 4456 1626 4495 eam
1678 4444 2028 4512 respuebant,

2139 4434 2412 4500 quomodo
2438 4434 2680 4502 proferre
2712 4435 2892 4489 sinant
2916 4476 2930 4500 ,
2962 4447 3120 4505 atque
3166 4445 3351 4489 monet
3379 4445 3436 4489 ut
3468 4436 3534 4490 iis
3565 4436 3735 4490 silen-

450 4530 642 4585 Galliae
665 4545 758 4584 seu
790 4530 1086 4584 Ρτονίηοὶςρ
1117 4530 1284 4601 magis
1311 4531 1655 4601 presbyteros
1683 4548 1907 4588 exorsus
1933 4542 2032 4590 est.

455 4619 607 4674 Fovit
634 4619 737 4675 hoc
763 4619 881 4689 ejus
922 4621 972 4673 in
1007 4620 1361 4690 Augustinum
1393 4621 1493 4675 hac
1522 4636 1587 4676 ex
1621 4631 1770 4691 parte
1801 4625 2035 4679 studium

456 4711 690 4764 llilarius
714 4710 928 4779 quidam
951 4754 963 4773 ,
996 4713 1082 4764 cui
1109 4753 1124 4774 ,
1153 4713 1408 4780 quoniam
1441 4714 1506 4766 de
1537 4714 1698 4768 rebus
1728 4714 2042 4770 domesticis

454 4803 570 4872 ejus
593 4801 723 4855 nihil
749 4802 982 4872 amplius
1005 4811 1236 4865 constat,
1261 4804 1327 4856 ab
1357 4803 1455 4858 bac
1481 4806 1593 4872 ipsa
1619 4820 1741 4859 cum
1775 4807 2041 4873 Prospero

458 4891 847 4949 consuetudine
877 4890 1212 4961 Prosperiani
1242 4909 1439 4948 nomen
1473 4894 1697 4949 inditum
1727 4897 1842 4951 fuit.
1874 4897 2043 4952 Dede-

459 4995 542 5041 rat
573 4986 788 5054 quidem
822 4985 1052 5054 Prosper
1078 4985 1187 5053 jam
1222 4995 1377 5040 antea
1411 4988 1476 5041 ad
1504 4988 1860 5058 Augustinum
1893 4991 2042 5046 litte-

463 5095 548 5134 ras
585 5094 680 5149 per
710 5078 994 5133 Leontium
1021 5077 1328 5141 diaconum.
1363 5081 1431 5133 ab
1467 5095 1641 5149 eoque
1671 5085 2044 5152 responsorias

464 5181 767 5241 acceperat.
822 5171 918 5224 llic
957 5181 1136 5224 autem
1165 5210 1179 5232 ,
1218 5170 1306 5238 qui
1349 5170 1464 5238 ipse
1496 5173 1767 5240 quondam
1798 5189 1920 5228 cum
1951 5175 2048 5227 do-

464 5271 614 5318 ctnre
643 5261 976 5333 liipponensi
1009 5271 1256 5315 versatus
1285 5271 1423 5326 erat,
1456 5271 1512 5315 ut
1540 5264 1792 5318 eumdem
1825 5267 2049 5333 propius

464 5359 641 5411 amico
670 5358 980 5411 admoveret
1008 5365 1061 5409 et
1090 5355 1435 5418 conciliaret,
1474 5355 1802 5422 Prosperum
1838 5358 2051 5426 impulit

467 5456 526 5501 ut
551 5447 728 5501 denuo
769 5463 951 5502 secum
994 5447 1202 5501 litteras
1235 5445 1300 5499 ad
1329 5460 1451 5500 eum
1483 5446 1750 5502 scriberet
1773 5490 1787 5511 ,
1821 5449 1872 5501 id
1905 5450 2046 5517 quod

466 5553 610 5592 anno
635 5536 740 5590 L28
776 5552 866 5591 seu
916 5537 1020 5592 4°29
1069 5539 1313 5606 contigit.
1364 5536 1420 5591 In
1454 5537 1518 5593 iis
1552 5539 1710 5606 igitur
1755 5540 2052 5606 Augustino

466 5640 746 5699 esponunl
780 5645 894 5695 qua
921 5631 970 5681 in
1001 5631 1204 5699 scriptis
1232 5632 1342 5700 ejus
1373 5640 1548 5684 contra
1591 5630 1903 5700 Pelagianos
1933 5647 2055 5685 con-

470 5724 590 5779 ditis
629 5721 838 5786 plurimi
886 5723 1028 5782 apud
1080 5722 1371 5778 Massiiiam
1411 5724 1673 5781 constituti
1724 5724 1966 5778 monachi
2009 5736 2056 5779 et

2143 4525 2274 4578 tium
2324 4527 2632 4595 imponant,
2689 4541 2788 4579 nec
2835 4527 3150 4580 memoriam
3202 4526 3527 4595 Augustini,
3576 4542 3734 4593 qucm

2143 4621 2385 4686 impense
2419 4621 2621 4687 laudat,
2656 4619 2816 4689 afﬂigi
2849 4623 3138 4690 patiantur.
3173 4619 3282 4673 llac
3319 4620 3481 4688 igitur
3506 4619 3738 4690 epistola

2145 4713 2265 4767 l'reti
2299 4714 2350 4766 in
2382 4713 2611 4767 Galliam
2643 4720 2987 4766 revertuntur
3009 4755 3022 4776 ,
3062 4721 3320 4780 tantoque
3355 4713 3588 4765 alacrius
3618 4726 3738 4763 sus-

2144 4817 2354 4873 ceptans
2403 4813 2591 4859 contra
2645 4804 3112 4873 Semipelagianos
3168 4817 3384 4856 causam
3441 4802 3739 4858 defendere

2145 4898 2492 4963 studuerunt,
2522 4882 2893 4968 imprimisque
2917 4897 3149 4964 Prosper
3174 4896 3386 4964 scriptis
3409 4895 3738 4949 contendere

2145 4992 2347 5060 cmpit,
2379 5007 2606 5062 quorum
2640 4993 2783 5044 varia
2831 4994 2970 5044 intra
3019 4990 3120 5044 hoc
3168 5000 3379 5056 tempus
3429 4991 3626 5044 emissa
3672 4987 3738 5042 ad

2148 5095 2389 5138 nostram
2447 5083 2760 5137 memoriam
2819 5089 3206 5150 pervenerunt.
3257 5081 3741 5136 Percrehrescmite

2147 5185 2328 5229 autem
2357 5174 2425 5228 de
2455 5174 2697 5227 doctrina
2729 5180 2785 5226 et
2803 5172 2998 5238 pietate
3029 5171 3143 5240 ejus
3174 5170 3336 5236 fama,
3358 5171 3611 5224 evenisse
3640 5187 3737 5223 vo-

2150 5269 2284 5328 lunt,
2313 5277 2368 5320 ut
2399 5285 2424 5316 a
2452 5265 2632 5319 Leone
2671 5265 3057 5319 arcliidiacono
3082 5264 3328 5320 Romano
3361 5265 3499 5318 inter
3524 5263 3739 5318 Aetium

2150 5369 2205 5415 et
2229 5361 2480 5414 Albinum
2506 5361 2558 5413 in
2585 5358 2768 5414 Galliis
2791 5359 3058 5413 amicitias
3083 5359 3483 5426 redintegrante
3509 5360 3560 5412 in
3589 5359 3740 5412 fami-

2153 5452 2437 5506 liaritatem
2480 5452 2836 5521 reciperetur,
2871 5460 2924 5506 et
2952 5467 3071 5504 cum
3121 5452 3165 5502 is
3196 5450 3264 5503 ab
3292 5451 3482 5504 eodem
3527 5452 3740 5521 negotio

2152 5545 2217 5598 ad
2247 5544 2614 5611 occupandam
2655 5545 2836 5599 sedem
2868 5542 3221 5613 apostolicam
3273 5552 3531 5596 evocatus
3575 5552 3740 5602 esset.

2155 5635 2380 5688 Romam
2427 5652 2530 5688 una
2579 5637 2935 5691 adduceretur
2987 5644 3039 5688 et
3085 5643 3369 5688 ornaretur
3398 5651 3618 5688 munere
3647 5649 3739 5686 no-

2158 5727 2276 5783 tarii
2301 5728 2589 5793 pontiﬁcis.
2620 5731 2908 5785 Enimvero
2933 5729 3020 5795 qui
3043 5729 3118 5782 sic
3143 5735 3407 5784 statuunt.
3431 5731 3736 5799 conjectura
