4088 6176
417 299 487 353 45
848 295 1379 356 SCIICENEMANNI
1417 296 1687 355 NOTITIA
1730 294 2553 353 ιιιετοιιιεοοιιττειιΑιιιΑ
2596 297 2662 352 ΙΝ
2701 298 2758 353 5.
2799 296 3235 355 PROSPERUM.
3620 299 3687 356 46

416 410 772 482 ἀειωιειιιυι,
828 416 982 485 cujus
1037 432 1107 473 ne
1149 418 1554 472 fundamentum
1606 416 1821 485 quidem
1870 416 1998 469 satis
2028 419 2077 477 Λ
2106 415 2321 483 partitio
2347 418 2674 470 continetur.
2724 416 2862 469 Vero
2886 426 3063 470 autem
3096 416 3273 470 simile
3300 426 3401 482 est,
3432 432 3553 473 eum
3585 434 3691 474 non

416 504 763 575 exploratum
813 516 917 562 est.
968 507 1100 562 Nam
1133 509 1275 579 quod
1306 509 1505 563 Leonis
1558 510 1799 563 notarius
1842 508 2004 563 fuerit

415 593 690 665 Prosper,
743 599 957 653 nonnisi
1004 600 1269 654 seriarum
1298 599 1621 669 scriptorum
1663 598 1739 671 (a)
1765 607 1821 654 et
1846 599 2004 654 unius

416 700 521 741 ms.
553 687 758 744 codicis
788 687 1135 746 Corbeiensis
1164 690 1429 746 Gennadii
1461 692 1620 746 valde
1658 692 1822 746 dubio
1856 693 2004 746 tesn-

416 778 602 831 monio
631 779 840 845 nititur,
861 781 1004 850 quod
1036 784 1367 837 recentiores
1395 783 1609 849 quidam
1640 783 1760 852 styli
1788 797 1852 837 ac
1881 799 2006 838 sen-

416 868 731 934 tentiarum,
757 885 919 940 quam
942 870 1082 926 inter
1106 871 1385 942 utriusque
1409 873 1612 943 scripta
1633 872 2006 941 deprehende-

412 968 566 1027 runt,
593 958 947 1015 similitudine
970 961 1225 1017 roborare
1250 964 1429 1017 conati
1454 971 1599 1017 sunt.
1628 962 1852 1034 Reliqua
1880 965 2005 1019 vita

413 1050 670 1121 Prosperi
710 1052 917 1107 incerta
960 1064 1106 1109 sunt.
1154 1053 1536 1111 Ecclesiastico
1576 1056 1756 1126 aliquo
1783 1073 2007 1113 munere

416 1141 567 1195 illum
596 1158 703 1197 non
736 1143 977 1199 functum
1002 1159 1125 1200 esse
1144 1188 1159 1213 ,
1187 1160 1317 1211 vero
1344 1147 1682 1201 simillimum
1714 1148 1811 1218 (b).
1854 1149 2007 1217 Igno-

416 1250 602 1291 ramus
632 1236 798 1293 etiam
824 1238 1038 1306 quando
1060 1239 1203 1294 diem
1236 1239 1459 1306 abierit;
1496 1242 1708 1295 tametsi
1740 1256 1806 1297 ex
1834 1240 2007 1297 Chro-

416 1326 544 1382 nico
588 1326 711 1397 ejus
761 1336 978 1384 constat
1025 1344 1147 1384 eum
1202 1344 1346 1384 anno
1397 1331 1503 1385 455
1545 1329 1721 1386 adhuc
1768 1331 1821 1387 in
1868 1330 2009 1386 vivis

416 1417 585 1473 fuisse
608 1458 625 1483 ,
654 1420 855 1489 aliique
896 1420 1067 1475 multo
1096 1420 1299 1475 diutius
1325 1435 1449 1477 eum
1492 1421 1698 1478 vixisse
1741 1431 1798 1478 et
1839 1423 2003 1479 Leoni

417 1512 768 1579 superstitem
800 1510 991 1578 fuisse,
1018 1527 1086 1567 ex
1108 1512 1445 1580 Marcellino,
1468 1513 1535 1568 ad
1564 1529 1617 1567 a.
1653 1513 1779 1580 465,
1810 1529 2008 1585 cogno-

418 1613 573 1657 scere
600 1601 706 1658 sibi
736 1601 1038 1658 videantur.

1010 1692 1038 1765 ε
1079 1694 1144 1749 II.
1192 1695 1418 1767 Scripta.

2109 520 2213 559 uno
2240 506 2401 559 ductu
2424 516 2594 561 totum
2626 506 2944 569 absolvisse,
2970 507 3065 561 sed
3092 506 3255 562 variis
3283 506 3571 564 identidem
3601 512 3697 564 ad-

2106 595 2419 651 ditamentis
2465 597 2760 666 perfecisse
2803 607 2860 653 et
2900 598 3055 668 quasi
3102 598 3298 653 iterato
3337 599 3611 670 edidisse,
3643 612 3697 657 et

2105 695 2232 740 sunt
2254 701 2383 741 sane
2412 686 2503 755 qui
2536 696 2636 741 tres
2665 687 2909 743 diversas
2938 688 3006 743 ab
3042 688 3163 759 ipso
3193 699 3414 747 auctore
3448 691 3695 747 editiones

2107 788 2321 846 paratas
2344 792 2467 834 esse
2489 780 2801 835 existiment
2832 798 2843 832 :
2871 795 3095 849 quarum
3123 784 3340 852 primam
3367 786 3697 841 conclusisse

2108 880 2297 938 putant
2327 870 2634 926 Theodosio
2666 888 2756 926 xtv
2783 882 2838 927 et
2879 874 3118 929 Maximo
3147 891 3291 930 coss.
3324 891 3465 931 anno
3496 878 3695 934 Christi

2106 960 2235 1023 455.
2263 962 2697 1031 quandoquidem
2725 979 2792 1018 eo
2817 979 2961 1018 anno
2990 966 3229 1021 omnium
3263 970 3503 1037 priorum
3531 985 3699 1025 anno-

2109 1066 2226 1104 rum
2257 1053 2495 1121 epochas
2520 1068 2873 1124 summasque
2895 1056 3195 1127 collegerit,
3230 1059 3372 1127 quod
3404 1062 3615 1115 nonnisi
3644 1062 3696 1117 in

2108 1140 2342 1210 Operum
2373 1143 2480 1199 line
2509 1143 2626 1199 ﬁeri
2656 1145 2836 1212 solet,
2875 1146 2979 1203 nisi
3020 1148 3162 1203 forte
3205 1150 3382 1220 aliqua
3412 1152 3698 1220 peculiaris

2108 1248 2267 1288 causa
2296 1234 2529 1302 accidat,
2559 1251 2677 1305 quae
2703 1237 2788 1292 hic
2818 1236 2964 1292 nulla
2996 1253 3119 1294 esse
3143 1240 3388 1308 videtur;
3421 1244 3699 1298 secundum

2109 1337 2337 1381 censent
2382 1328 2450 1382 12
2489 1330 2650 1383 annis
2698 1341 2910 1384 auctam
2950 1341 3005 1385 et
3050 1332 3117 1386 ad
3151 1333 3509 1391 Valentiniani
3544 1354 3592 1392 vt
3638 1353 3699 1395 ac

2109 1418 2268 1473 Nonii
2296 1422 2662 1489 consulatum,
2708 1437 2805 1477 seu
2851 1438 3051 1479 annum
3085 1426 3214 1480 Chr.
3247 1426 3357 1484 445
3385 1430 3698 1498 productam

2108 1509 2275 1565 fuisse
2300 1551 2316 1573 ,
2348 1526 2459 1580 quo
2516 1512 2734 1581 vulgare
2780 1514 2900 1583 ejus
2938 1512 3245 1572 Chronicon
3297 1519 3607 1577 Eusebiano
3647 1533 3703 1578 et

2111 1600 2531 1673 Hieronymiano
2557 1604 2802 1659 subnecti
2828 1607 2996 1673 solet;
3026 1608 3228 1661 tertiam
3249 1609 3482 1678 denique
3507 1611 3701 1667 editio—

2111 1706 2232 1745 nem
2266 1692 2435 1749 fuisse
2476 1694 2664 1749 volunt
2704 1711 2827 1765 quae
2856 1697 2923 1752 ad
2960 1706 3170 1768 captam
3209 1715 3238 1753 a
3271 1699 3569 1759 Genserieo
3599 1704 3702 1761 Ur-

495 1781 710 1854 Scripto
749 1783 1002 1855 Prosperi
1034 1787 1261 1857 genuino
1293 1788 1450 1857 juxta
1490 1793 1683 1847 seriem
1727 1796 2001 1863 temporis,

2114 1781 2255 1851 bem,
2284 1798 2379 1839 seu
2408 1785 2475 1839 ad
2506 1785 2865 1842 Valentiniani
2902 1791 3038 1858 Aug.
3072 1804 3162 1843 vnt
3190 1800 3243 1845 et
3268 1792 3545 1848 Anthemii
3571 1809 3702 1850 con-

421 1890 582 1943 quam
607 1875 901 1931 novissima
923 1878 1083 1932 etiarn
1106 1888 1254 1934 tenet
1280 1881 1595 1937 Parisiensis
1627 1886 1809 1947 editio,
1844 1898 2003 1941 sunt:

492 1968 533 2022 I.
576 1967 818 2038 Epistola
856 1970 923 2024 ad
964 1972 1308 2042 Augustinum
1348 1975 1410 2027 de
1444 1977 1674 2048 reliquiis
1706 1976 2011 2049 Pelagiana:

423 2058 692 2113 Hiereseos
720 2062 775 2114 in
800 2059 995 2124 Gallia,
1020 2074 1150 2127 etc.,
1184 2079 1293 2119 scr.
1321 2081 1369 2119 a.
1399 2066 1506 2122 428
1531 2077 1622 2121 ant
1654 2070 1776 2123 499.

494 2151 559 2204 Il.
602 2150 845 2220 Epistola
874 2153 941 2206 ad
983 2153 1233 2223 Ruﬁnum
1262 2158 1325 2210 de
1364 2157 1543 2213 Gratia
1574 2167 1619 2213 et
1646 2160 1830 2216 Libero
1862 2163 2011 2217 Arbi-

419 2243 544 2309 trio,
570 2257 681 2300 scr.
710 2259 853 2298 anno
876 2244 1003 2311 429,
1038 2247 1158 2300 vivo
1188 2247 1362 2301 adhuc
1394 2249 1709 2319 Augustino.

493 2333 581 2387 Ill.
638 2333 859 2389 Carmen
889 2336 953 2388 de
999 2334 1230 2408 [ngratis
1258 2353 1361 2393 scr.
1396 2342 1537 2394 circa
1565 2358 1763 2397 annum
1790 2344 1895 2400 429
1921 2355 2012 2399 aut

422 2426 553 2480 450.

493 2517 585 2572 IV.
628 2515 1025 2592 Epigrammata
1064 2522 1167 2575 duo
1204 2522 1260 2576 in
1299 2522 1690 2580 obtrectatorem
1739 2527 1799 2583 S.
1833 2528 2010 2599 Augu-

422 2611 568 2679 stini,
595 2624 704 2665 scr.
737 2612 876 2667 forte
901 2613 1043 2668 circa
1073 2629 1123 2668 a.
1153 2614 1277 2670 450.
1304 2648 1310 2652 ~

500 2702 563 2756 V.
600 2696 941 2772 Epitaphium
966 2704 1305 2761 Nestoriana:
1328 2718 1373 2760 et
1401 2708 1704 2780 Pelagiana
1719 2709 2008 2778 Hareseos,

422 2808 537 2848 scr.
591 2804 712 2862 post
756 2796 1060 2852 damnatam
1097 2799 1344 2855 haeresim
1392 2800 1627 2858 Nestorii
1674 2803 1728 2858 in
1779 2807 2012 2860 concilio

426 2886 704 2952 Ephesino
733 2902 786 2944 a.
817 2887 948 2956 451,
980 2890 1280 2961 Augustino
1306 2895 1416 2963 jam
1455 2906 1689 2951 mortuo.

498 2975 583 3030 Vl.
626 2975 735 3032 Pro
760 2978 1048 3050 Augustino
1076 2982 1452 3055 Responsiones
1477 2986 1545 3039 ad
1575 2984 1820 3052 Capitula
1851 2989 2011 3063 Obje-

423 3072 652 3124 ctionum
674 3069 945 3127 Gallorum
966 3076 1417 3142 calumniantium,
1443 3094 1554 3135 scr.
1581 3094 1631 3134 a.
1650 3083 1865 3137 circiter
1883 3082 2009 3139 451.

2106 1873 2341 1930 sulatum
2366 1891 2461 1930 seu
2492 1892 2691 1931 annum
2718 1877 2845 1933 Chr.
2874 1880 3001 1944 455,
3031 1892 3251 1937 extensa
3277 1884 3461 1940 fuerit.
3491 1885 3701 1944 Utrius-

2109 1980 2213 2032 que
2240 1968 2561 2033 posterioris
2582 1969 2894 2025 etiamnunc
2920 1972 3251 2040 exemplaria
3284 1986 3593 2043 supersunt.

2186 2054 2359 2111 Dubias
2388 2060 2712 2113 auctoritatis
2735 2070 2865 2116 sunt
2899 2080 2911 2115 :

2184 2147 2223 2200 I.
2276 2146 2540 2221 Confessio
2560 2191 2573 2215 ,
2607 2168 2723 2220 quin
2755 2153 2919 2221 ipsius
2948 2152 3167 2208 dicitur.

2183 2239 2248 2293 II.
2303 2240 2495 2297 Poema
2521 2241 2768 2315 Conjugis
2798 2245 2868 2298 ad
2912 2244 3159 2301 Uxorem.
3256 2289 3261 2293 .

2184 2334 2272 2388 III.
2302 2332 2518 2389 Carmen
2546 2336 2611 2390 de
2634 2336 2973 2392 Providentia
2993 2340 3195 2408 dicina,
3221 2342 3362 2411 quod
3389 2344 3521 2403 alias
3554 2344 3699 2401 Hila~

2112 2428 2192 2480 rio
2218 2427 2490 2482 tribuitur.

2183 2516 2275 2574 ιν.
2294 2519 2368 2573 De
2396 2519 2677 2575 Vocatione
2696 2523 2924 2577 omnium
2950 2523 3186 2579 Gentium
3202 2525 3321 2582 libri
3340 2529 3468 2596 duo,
3492 2532 3544 2586 in
3568 2547 3698 2590 mss.

2111 2609 2432 2678 quibusdam
2464 2612 2755 2667 Ambrosio
2785 2615 3026 2685 ascripti.
3060 2618 3130 2671 At
3152 2617 3249 2673 viri
3275 2619 3421 2676 docti
3444 2622 3498 2678 in
3526 2623 3699 2681 divero

2112 2715 2202 2757 sas
2247 2701 2316 2756 de
2366 2710 2585 2758 auctore
2639 2704 2889 2760 abierunt
2946 2707 3179 2763 invicem
3233 2714 3549 2769 sententias.
3596 2716 3701 2772 Alii

2113 2796 2281 2865 enim,
2314 2796 2478 2852 veluti
2530 2795 2810 2867 Erasmus,
2861 2798 3169 2867 Euchenio;
3224 2804 3339 2872 alii,
3376 2806 3520 2862 inter
3567 2825 3701 2878 quos

2114 2886 2360 2954 Vossius,
2386 2887 2592 2944 Hilario
2613 2888 2868 2958 Prosperi
2892 2889 3143 2947 familiari
3170 2893 3501 2963 tribuerunt;
3532 2900 3702 2967 Ques~

2114 2978 2294 3034 nellus
2322 2988 2504 3034 autem
2551 2980 2719 3036 Leoni
2755 2982 2825 3035 M.
2857 2982 2978 3037 illos
3021 2983 3357 3053 adjudicavit
3382 3006 3395 3041 :
3425 2990 3510 3044 eui
3538 3007 3599 3048 se
3635 3006 3701 3050 ex

2116 3074 2393 3144 proposito
2446 3075 2704 3144 opposuit
2750 3075 3020 3147 losephus
3063 3081 3393 3149 Antelmius,
3437 3084 3705 3156 l'rospero

498 3160 611 3215 VII.
668 3154 1088 3235 Pro-Augustini
1116 3167 1351 3222 doctrina
1399 3168 1776 3241 Responsiones
1804 3173 1874 3226 ad
1910 3172 2011 3229 Ca-

2118 3166 2421 3223 vindicans.
2473 3168 2675 3237 Scripti
2723 3170 3106 3227 existimantur
3151 3174 3300 3230 circa
3346 3192 3547 3234 annum
3575 3151 3702 3237 440.

424 3252 592 3318 pitula
624 3252 980 3326 Objectionum
1021 3255 1498 3324 Vincentianarum,
1542 3275 1648 3316 scr.
1684 3263 1826 3318 forte
1858 3267 2013 3333 paulo

425 3355 546 3413 post
576 3346 885 3413 superiores
914 3346 1343 3418 Responsiones.

498 3436 631 3492 VIII.
662 3437 770 3492 Pro
798 3440 1086 3513 Augustino
1118 3443 1486 3510 Responsiones
1510 3446 1579 3499 ad
1614 3446 1769 3502 Exeat
1781 3462 1867 3521 pta
1901 3468 2015 3522 qua

421 3528 487 3582 de
507 3528 770 3585 Gensensi
788 3533 992 3587 civitate
1014 3547 1130 3589 sunt
1155 3536 1333 3599 missa,
1364 3552 1472 3591 scr.
1497 3539 1689 3595 eodem
1718 3539 1856 3596 forte
1879 3552 2010 3597 tem-

426 3632 558 3687 pore
582 3636 703 3675 cum
736 3624 1130 3691 superioribus.

496 3710 603 3782 IX.
647 3712 722 3765 De
758 3712 945 3769 Gratia
970 3714 1067 3770 Dei
1107 3729 1153 3771 et
1190 3718 1366 3773 Libero
1397 3721 1622 3777 Arbitrio
1669 3722 1795 3779 liber
1833 3737 2014 3782 contra

424 3800 778 3872 Collatorent,
813 3808 849 3860 i.
883 3823 935 3863 e.
964 3820 1151 3864 contra
1198 3812 1441 3867 Cassiani
1473 3817 1772 3889 presbyteri
1816 3819 2012 3876 librum

423 3896 518 3962 qui
551 3896 706 3951 titulo
747 3897 811 3952 de
847 3898 1170 3956 Protectione
1219 3903 1315 3957 Dei
1361 3917 1711 3975 praanotatur,
1769 3924 1875 3966 scr.
1909 3911 2017 3967 cir-

423 3991 562 4043 citer
589 4004 641 4043 a.
670 3991 797 4047 432.

503 4079 569 4133 Χ.
618 4078 949 4137 Psalmorum
977 4100 1009 4137 a
1038 4099 1069 4141 c
1097 4103 1256 4156 usque
1290 4092 1364 4143 ad
1387 4104 1452 4145 et.
1482 4093 1761 4163 expositio,
1792 4109 1925 4163 scr.,
1959 4109 2017 4151 ut

420 4169 659 4237 videtur,
681 4181 807 4227 ante
829 4189 1030 4229 annum
1057 4177 1183 4232 424.

498 4258 589 4317 XI.
635 4261 1012 4319 Sententiarum
1052 4284 1115 4320 ea:
1146 4268 1399 4338 Operibus
1432 4272 1491 4327 S.
1519 4274 1797 4346 Augustini
1823 4279 2017 4333 deliba-

422 4362 596 4405 tarum
625 4353 753 4409 liber
778 4373 933 4424 unus,
965 4374 1073 4413 scr.
1106 4360 1243 4417 forte
1272 4364 1413 4419 circa
1446 4380 1495 4417 a.
1530 4366 1632 4422 450
1660 4376 1753 4422 aut
1778 4368 1905 4425 451.

499 4447 617 4503 XII.
672 4448 1121 4521 Epigrammatum
1185 4456 1309 4509 liber
1350 4474 1483 4511 unus
1531 4475 1596 4514 ex
1648 4464 1910 4518 sententiis
1949 4464 2007 4520 S.

420 4542 727 4611 Augustini,
754 4558 862 4599 scr.
893 4561 999 4600 non
1032 4546 1195 4618 longe
1222 4560 1346 4605 ante
1376 4559 1589 4622 tempus
1610 4554 1825 4610 concilii
1851 4554 2007 4612 Chal-
2044 4526 2093 4583 υ

423 4632 774 4701 cetlonensis,
789 4636 931 4705 quod
961 4652 1102 4691 anno
1121 4638 1221 4695 451
1241 4648 1620 4711 congregatum
1636 4659 1755 4699 esse
1777 4656 2007 4701 constat.

498 4722 636 4777 XIII.
681 4725 993 4780 Chronicum
1029 4729 1284 4801 integrum
1321 4732 1376 4785 in
1409 4733 1542 4789 duas
1572 4744 1744 4804 partes
1773 4737 2013 4792 distribu-

430 4826 538 4869 tum
562 4838 587 4884 ,η
613 4818 664 4871 in
697 4833 895 4873 annum
927 4820 1036 4875 455
1060 4822 1339 4879 desinens.
1363 4824 1620 4880 Novimus
1652 4844 1716 4883 ex
1768 4829 2009 4898 Victorii,

440 4925 533 4962 seu
565 4910 842 4976 Victorini,
874 4912 1157 4981 Gennadii,
1186 4916 1492 4972 Cassiodori
1524 4930 1575 4973 et
1605 4919 1791 4975 Isidori
1826 4923 2014 4991 Ilispa-

430 5004 597 5058 lensis
644 5006 962 5061 testimoniis
989 5048 1004 5072 ,
1036 5008 1361 5080 Prosperum
1403 5012 1503 5064 hoc
1548 5028 1682 5077 opus
1708 5016 1775 5068 ab
1804 5017 2011 5086 origine

427 5098 612 5151 tnundi
643 5098 711 5152 ad
758 5099 1117 5156 Valentiniani
1152 5117 1208 5157 ιιι
1241 5104 1446 5157 obitum
1476 5115 1529 5158 et
1564 5106 1784 5161 Romam
1810 5126 1837 5160 a
1869 5109 2009 5163 Van-

422 5188 564 5243 dalis
600 5200 813 5259 captam
870 5193 1206 5261 perduxisse,
1240 5195 1311 5249 ita
1340 5207 1397 5250 ut
1422 5198 1709 5253 Eusebium
1744 5212 1793 5253 et
1824 5201 2013 5255 Ilinro-

424 5295 683 5349 nytnum,
735 5292 1005 5352 quatenus
1051 5286 1129 5340 illi
1177 5292 1602 5356 porrigerentnr,
1648 5292 2010 5362 ahbreviaret,

423 5370 633 5439 reliqua
659 5384 861 5438 autem,
894 5375 931 5427 i.
968 5390 1020 5429 e.
1048 5376 1118 5429 ab
1147 5394 1287 5431 anno
1316 5378 1421 5433 579
1447 5380 1512 5432 ad
1541 5396 1590 5433 a.
1622 5381 1747 5447 455,
1781 5382 1846 5437 de
1874 5400 2011 5439 novo

422 5474 770 5531 contexeret;
805 5468 855 5520 in
886 5484 986 5536 qua
1010 5470 1171 5523 studii
1197 5471 1313 5539 ejus
1338 5471 1653 5528 diversitate
1685 5478 1798 5541 ipsa
1828 5477 2010 5545 operis

494 5598 577 5667 (a)
631 5598 867 5655 Vocatur
890 5600 1074 5657 Leonis
1106 5606 1333 5657 notarius
1374 5606 1441 5659 ab
1489 5606 1675 5663 Adone
1713 5624 1840 5666 smc.
1886 5614 2011 5667 noni

424 5670 690 5794 scgiptore
711 5670 1046 5730 inChronico
1075 5675 1302 5745 altisque
1334 5678 1600 5747 sequioris
1625 5683 1799 5735 aetatis
1827 5694 2013 5738 aucto-

425 5753 470 5793 τι
515 5753 595 5793 us.

425 5753 595 5793 "IIIIS.

2117 3257 2226 3316 Sed
2266 3260 2440 3316 multo
2471 3262 2649 3316 serius
2676 3263 2826 3333 (ante
2853 3276 3054 3319 annum
3084 3274 3266 3322 tamen
3295 3269 3434 3342 496)
3459 3273 3706 3330 conditos

2116 3364 2238 3406 esse
2263 3364 2488 3406 censent
2513 3352 2786 3408 Ballerinii
2810 3354 2863 3408 in
2885 3354 3370 3417 Observationibus
3390 3362 3457 3416 ad
3484 3363 3516 3418 9
3537 3365 3706 3432 Quest-

2119 3443 2248 3498 nelli
2279 3443 2496 3499 dissert.
2524 3445 2590 3498 de
2612 3444 2804 3500 horum
2835 3446 3097 3504 librorum
3130 3463 3372 3520 auctore,
3399 3456 3511 3523 ubi,
3536 3460 3706 3515 colla-

2119 3534 2187 3590 tis
2209 3537 2495 3606 utriusque
2515 3538 2870 3606 argumentis,
2897 3544 3139 3596 neutrius
3166 3548 3489 3603 sententiam
3521 3565 3703 3607 veram

2119 3629 2491 3697 pronuntiant,
2524 3641 2577 3683 et
2609 3629 2820 3701 singula
2848 3647 2969 3702 quae
2994 3636 3043 3688 in
3073 3635 3495 3706 disputationem
3524 3647 3706 3701 venire

2119 3733 2363 3791 poterant
2396 3741 2667 3786 momenta
2698 3742 2954 3789 accurate
2983 3743 3039 3790 et
3068 3739 3335 3808 sagaciter
3373 3744 3703 3799 examinant.

2118 3815 2264 3880 Quas
2289 3819 2467 3882 adeat,
2498 3823 2580 3875 cui
2616 3824 2783 3883 lubet.
2818 3825 2870 3879 in
2904 3836 3049 3882 tomo
3091 3828 3132 3881 II
3180 3831 3316 3899 Opp.
3352 3831 3701 3908 Leonis,pag.

2117 3908 2222 3962 662
2250 3925 2403 3980 seqq.

2192 4000 2253 4053 V.
2284 4001 2364 4054 Ad
2396 4019 2594 4057 sacram
2628 4008 2873 4076 virginem
2905 4007 3281 4068 Demetriadem
3330 4016 3569 4085 epistola,
3614 4034 3703 4074 seu

2118 4092 2181 4144 de
2206 4091 2253 4144 11
2260 4094 2512 4148 nmititate
2535 4094 2833 4153 Christiana
2854 4108 3118 4159 tractatus.
3136 4118 3242 4159 scr.
3258 4106 3473 4163 circiter
3501 4124 3700 4166 annum

2118 4183 2244 4236 440.
2274 4184 2410 4239 Olim
2438 4187 2578 4241 inter
2600 4188 2873 4245 Ambrosii
2907 4192 3082 4261 Opera
3112 4196 3327 4266 vulgata
3357 4198 3476 4265 fuit,
3509 4200 3561 4257 in
3591 4206 3708 4272 epi-

2118 4276 2379 4330 stularum
2412 4294 2639 4334 numero
2669 4281 2759 4346 84,
2802 4298 2829 4334 a
2877 4282 3086 4341 Sotello
3135 4289 3368 4357 primum
3424 4309 3527 4349 una
3579 4311 3701 4351 cum

2120 4365 2272 4422 libris
2300 4368 2365 4420 de
2398 4368 2677 4426 Vocatione
2703 4374 2931 4428 omnium
2957 4375 3200 4431 Gentium
3234 4382 3485 4451 Prosperi
3517 4386 3709 4456 Operi-

2119 4459 2218 4513 bus
2267 4460 2500 4530 adjecta,
2554 4478 2658 4519 non
2707 4466 2867 4521 aliam
2922 4469 2991 4523 ob
3039 4484 3254 4525 causam
3288 4490 3447 4543 quam
3474 4478 3547 4545 pb
3577 4479 3704 4550 styli

2118 4554 2404 4620 quamdam
2428 4555 2859 4612 similitudinem.
2886 4560 3178 4618 Enimvero
3205 4580 3468 4635 nusquam
3496 4571 3546 4624 in
3570 4587 3703 4627 mss.

2120 4647 2401 4702 codicibus
2432 4659 2720 4719 utrumque
2749 4654 3066 4722 opusculum
3095 4657 3258 4712 simul
3288 4660 3551 4726 inveniri,
3588 4672 3700 4719 tum

2117 4740 2388 4795 Ambrosii
2424 4743 2691 4797 editorum
2734 4749 3015 4815 exemplo,
3061 4758 3170 4803 tum
3205 4767 3271 4806 ex
3304 4750 3372 4809 iis
3418 4769 3554 4823 quos
3600 4756 3704 4825 ipsi

2118 4834 2500 4901 inspexerunt,
2535 4847 2801 4891 testantur
2832 4838 3129 4896 Ballerinii.
3163 4841 3375 4898 Primus
3408 4848 3544 4900 hanc
3574 4864 3702 4903 sen-

2117 4926 2335 4978 tentiain
2369 4931 2684 4996 impugmre
2727 4932 2891 4998 cmpit
2936 4944 2989 4986 et
3021 4943 3271 4990 evertere
3297 4936 3503 4992 studuit
3533 4939 3705 5005 Ques-

2117 5015 2597 5086 nellus,l.eonique
2620 5020 2949 5077 vindicatum
2976 5024 3073 5079 ivit
3101 5026 3153 5080 in
3180 5027 3617 5086 Dissertationcl
3633 5032 3703 5088 de

2118 5117 2337 5165 auctore
2366 5110 2523 5180 hujus
2553 5113 2739 5168 libelli.
2769 5115 2939 5182 Quem
2967 5128 3155 5172 contra
3186 5119 3485 5176 insurrexit
3512 5125 3702 5177 Anlt'l"

2119 5202 2263 5254 mius
2289 5203 2341 5256 itt
2375 5203 2591 5258 laudato
2623 5205 2768 5261 libro
2799 5224 2894 5277 pro
2926 5210 3193 5279 Prospero
3226 5229 3489 5283 pugnans.
3525 5216 3700 5273 Balle-

2120 5294 2247 5347 rinii
2291 5297 2431 5349 inter
2463 5307 2751 5367 utrumque
2780 5300 2987 5357 lancem
3023 5312 3289 5369 tenentes,
3319 5316 3513 5361 neutro
3543 5308 3702 5365 incli-

2120 5400 2250 5441 nare
2284 5388 2703 5457 intellexerunt,
2753 5393 2998 5461 adeoque
3028 5392 3238 5449 incerto
3284 5399 3492 5453 auctori
3541 5402 3707 5456 relin~

2118 5480 2383 5547 quendam
2434 5494 2787 5539 censuerunt.
2815 5486 2895 5539 Cf.
2929 5500 3116 5539 eorum
3146 5485 3307 5543 Ohss.
3340 5489 3405 5544 ad
3436 5491 3470 5546 4
3504 5492 3705 5559 Quesn.

2196 5616 2269 5685 (b)
2312 5618 2507 5690 Errare
2536 5620 2667 5674 satis
2695 5624 2965 5677 communi
2997 5625 3241 5682 codicum
3268 5644 3402 5685 mss.
3435 5641 3487 5686 et
3511 5634 3705 5690 editio-

2122 5703 2249 5740 num
2264 5689 2979 5821 antiquiorum,cujusorigo
3001 5700 3237 5752 nondum
3258 5712 3421 5770 patet,
3437 5689 3708 5778 episcopus

2124 5757 2386 5821 Regiensis
2415 5760 2620 5821 (oppidi
2665 5761 2792 5815 Riez
2815 5765 2868 5817 in
2957 5769 3217 5821 rovincisl
3250 5774 3438 5821 audire
3467 5775 3627 5821 solet.

2124 5757 2386 5824 Regiensis
2415 5760 2620 5828 (oppidi
2665 5757 2792 5815 Riez
2815 5765 2868 5817 in
2910 5757 3217 5836 Provincis)
3250 5757 3438 5827 audire
3465 5757 3627 5828 'solet:
