4098 6180
429 298 499 355 Π
844 297 1368 355 SCHOENEMANNI
1407 296 1683 354 NOTITM
1729 298 2546 357 lllSTORlCO-LITTERARIA
2590 297 2653 352 IN
2697 297 2754 354 S.
2818 296 3256 356 PROSPERUM.
3631 298 3700 354 18

430 411 569 469 Diss.
604 423 643 467 t.
676 411 714 466 ll
746 431 794 481 rt.
829 412 932 467 745
960 428 1113 482 seqq.
1139 412 1409 466 Antelmio
1443 420 1621 466 tamen
1654 411 2016 481 astipulantur
2043 415 2092 472 A
2122 412 2301 480 itaque
2332 410 2422 479 qui
2452 382 2984 479 suppositum'hocce
3008 410 3315 464 Cbronicon
3338 408 3701 478 Prosperiano

430 504 669 560 editores
703 504 975 559 novissimi
1007 505 1239 573 Operum
1283 503 1553 573 Prosperi.

501 594 594 649 Vl.
645 596 1036 651 Prteteritorum
1099 596 1233 648 sedis
1268 595 1589 665 apostolica:
1654 595 2007 666 episcoporum

432 689 770 742 Aurtoritates
793 684 1057 741 deliratio
1080 685 1177 739 Dei
1194 695 1241 740 et
1264 686 1443 740 Libero
1466 688 1743 741 voluntatis
1765 686 2005 751 Arbitrio,

430 796 549 847 quae
580 779 744 847 vulgo
789 777 977 847 subjici
1010 778 1185 833 solent
1225 779 1465 847 epistola:
1495 776 1775 833 leestini
1828 780 2008 847 ponti-

431 872 549 925 ﬁcis
596 871 661 924 ad
707 870 993 939 episcopos
1023 870 1229 925 Gallos.
1260 868 1510 924 Colleetae
1560 878 1815 935 putantur
1858 869 2006 924 circa

430 978 629 1017 annum
664 964 785 1017 451.
819 962 1030 1015 Primus
1060 976 1151 1015 eas
1184 962 1466 1032 Dienysins
1500 960 1737 1031 Exiguus
1773 961 2011 1030 vulgavit

430 1063 483 1109 et
512 1054 755 1123 epistolae
781 1051 1064 1107 Ctelestini
1088 1052 1337 1120 subjecit.
1373 1051 1523 1105 Illum
1555 1062 1732 1106 autem
1778 1067 1845 1105 ex
1873 1050 2010 1105 scri-

432 1145 533 1198 niis
577 1143 833 1197 Romanis
858 1157 950 1197 eas
990 1143 1285 1211 sumpsisse
1314 1143 1610 1196 llormisda:
1642 1156 1793 1211 papas
1824 1142 2011 1211 impri-

428 1241 532 1291 mis
564 1237 875 1293 testimonio
917 1236 1289 1290 demonstrant
1336 1235 1633 1291 Ballerinii.
1674 1234 1783 1289 Nec
1831 1245 2008 1289 tamen

428 1324 706 1385 leestini
736 1328 907 1397 ipsius
950 1335 1097 1389 sunt,
1143 1327 1595 1395 quemadmodum
1643 1342 1741 1381 nec
1788 1327 2007 1393 Leonis,

431 1430 490 1476 ut
518 1420 675 1476 iidem
716 1420 997 1475 evicerunt
1038 1420 1091 1474 in
1120 1418 1600 1474 Observationibus
1642 1418 1707 1473 ad
1740 1418 2006 1472 laudatam

428 1509 705 1577 Quesnelli
732 1508 1168 1563 dissertationem
1200 1517 1235 1561 t.
1264 1507 1307 1561 ll
1337 1524 1387 1576 p.
1420 1507 1521 1562 719
1545 1522 1697 1577 seqq.
1729 1508 2004 1573 Antelmii,

428 1602 517 1672 qui
561 1603 825 1669 Prospero
854 1601 1081 1664 asserit,
1128 1600 1448 1654 sententiam
1498 1612 1712 1655 secutus
1740 1610 1795 1656 et
1842 1603 2012 1670 magis

429 1694 589 1747 etiam
620 1692 944 1747 conﬁrmare
969 1691 1175 1745 studuit
1198 1691 1397 1761 Pagius
1419 1691 1484 1747 ad
1504 1707 1555 1745 a.
1580 1692 1705 1759 431,
1740 1709 1889 1749 num.
1916 1693 2007 1748 49.

2115 502 2318 558 nomini
2347 509 2634 572 putarent,
2667 511 2726 556 ut
2754 501 2880 555 inde
2926 509 3039 555 tum
3070 502 3205 571 ipse,
3238 511 3349 556 tum
3372 500 3699 569 Augustinus

2114 596 2167 647 in
2194 603 2562 660 contemptum
2607 603 2662 647 et
2701 593 2956 648 invidiam
2986 593 3405 649 adducerentur.
3436 593 3544 651 Scd
3571 609 3698 664 pro-

2120 685 2348 739 bibilior
2372 693 2455 740 est
2483 684 2774 749 sententia,
2804 700 2964 754 quam
2998 683 3305 741 Antelmius
3342 700 3555 755 quoque
3582 695 3697 741 tue-

2123 785 2229 841 tur,
2274 776 2479 844 absque
2525 775 2713 830 fraude
2742 791 2771 829 a
2803 775 3073 845 Prespero
3119 776 3351 844 quodam
3400 777 3485 831 vel
3531 776 3693 831 etiam

2120 868 2261 921 alius
2290 866 2529 921 nominis
2552 876 2772 921 auctore
2798 868 3177 936 compositum,
3208 878 3259 920 et
3288 866 3409 936 quia
3435 869 3486 922 in
3512 884 3696 924 exem-

2120 959 2356 1028 plaribus
2406 958 2625 1013 nomine
2672 970 2907 1023 careret,
2956 958 3231 1028 Prosperi,
3265 974 3422 1028 quem
3454 960 3695 1029 ejusdem

2117 1050 2295 1105 aetatis
2318 1050 2623 1105 Cbronicon
2653 1049 2937 1119 scripsisse
2961 1052 3135 1118 palam
3169 1051 3470 1115 constabat,
3500 1066 3696 1107 nomen

2120 1144 2170 1198 ei
2218 1143 2443 1197 inditum
2495 1143 2690 1208 fuisse;
2742 1143 2827 1198 vel
2861 1143 3093 1213 denique
3120 1145 3409 1212 genuinmn
3449 1143 3697 1212 Prosperi

2119 1239 2431 1294 Cbronicon
2482 1254 2510 1293 a
2552 1238 2987 1308 Semipelagiano
3033 1238 3264 1307 quodam
3321 1238 3374 1292 in
3428 1237 3696 1307 privatum

2117 1344 2272 1383 usum
2305 1330 2383 1384 sic
2413 1330 2795 1399 interpolatum
2826 1338 2880 1383 et
2905 1329 3227 1383 diminutum
3254 1343 3396 1395 esse,
3438 1329 3700 1399 quemad-

2118 1421 2335 1475 modum
2368 1437 2509 1476 nunc
2535 1428 2832 1490 comparet.

2188 1513 2294 1568 Sed
2344 1514 2598 1584 quoniam
2638 1512 2895 1568 Antelmii
2943 1511 3101 1567 toties
3132 1512 3183 1565 in
3218 1511 3299 1567 his
3330 1512 3531 1567 mentio
3559 1511 3697 1567 facta

2115 1616 2221 1672 est,
2251 1607 2352 1660 alia
2384 1606 2605 1676 illSllpCl’
2631 1605 2750 1675 ejus
2792 1603 2973 1673 opinio
3014 1619 3119 1657 non
3147 1603 3485 1673 praetermitti
3514 1602 3697 1669 debet,

2116 1710 2236 1766 qua:
2266 1710 2452 1751 onmes
2482 1696 2704 1750 omnino
2732 1694 2927 1748 Leonis
2958 1708 3109 1762 papae
3142 1694 3541 1748 lucubrationes
3567 1693 3697 1748 Pro-

429 1787 572 1841 ldem
594 1786 944 1840 Constantius
976 1783 1101 1840 fecit
1121 1784 1210 1855 (in
1243 1784 1615 1840 admonitione
1641 1785 1710 1839 ad
1739 1786 2009 1840 laudatam
2044 1784 2087 1842 Β
2116 1802 2276 1856 Spero
2306 1795 2581 1857 tamquam
2617 1786 2825 1840 notario
2851 1784 3048 1840 Leonis
3074 1784 3424 1853 adjudicavit,
3458 1798 3700 1853 magnas.

428 1877 704 1934 leestini
753 1874 1423 1946 epistolam),lnsuperque
1464 1876 1807 1931 occasionem
1854 1875 2014 1945 hujus

430 1968 818 2023 lucubrationis
864 1966 1191 2037 investigare
1220 1978 1447 2021 conatus
1486 1977 1587 2021 est.
1635 1970 1810 2037 Atque
1840 1967 2014 2023 Balle-

427 2062 553 2116 rinii
601 2062 762 2116 etiam
814 2060 938 2115 huic
978 2060 1263 2115 sententiae
1311 2060 1580 2114 calculum
1627 2060 1865 2129 adjicere
1905 2077 2012 2115 non

428 2153 777 2219 dubitarunt,
828 2153 897 2207 ita
933 2160 1110 2207 tamen
1142 2161 1202 2206 ut
1232 2151 1284 2205 in
1319 2149 1591 2205 nonnullis
1629 2166 1657 2205 a
1695 2150 2013 2208 Constantio

427 2244 770 2300 dissiderent.
821 2242 904 2299 Cf.
951 2244 1109 2298 Obss.
1143 2242 1198 2298 in
1228 2242 1366 2297 Diss.
1398 2246 1431 2298 3
1458 2242 1660 2309 Quesn.
1695 2252 1731 2296 t.
1780 2242 1821 2296 ll
1869 2244 2007 2313 Opp.

429 2336 644 2399 Leonis,
660 2352 781 2406 pag.
815 2338 920 2394 7l9
951 2353 1103 2407 seqq.

498 2428 731 2483 Omnino
746 2436 757 2441 "
775 2444 877 2481 non
926 2428 993 2482 ad
1024 2444 1139 2482 enm
1165 2430 1459 2495 pertinent:
1490 2430 1629 2483 Libri
1661 2440 1759 2483 tres
1790 2429 1853 2482 de
1888 2428 2009 2482 Vita

429 2520 854 2589 Contemplativa,
907 2522 997 2592 qui
1045 2522 1226 2577 verius
1270 2523 1467 2578 Juliani
1516 2523 1746 2578 Pomerii
1794 2525 2010 2579 nomine

428 2612 819 2681 insigniuntur;
870 2612 933 2666 de
991 2612 1423 2668 Promissionibus
1476 2626 1524 2669 et
1578 2614 2011 2670 Prwdictionibus

428 2702 545 2767 Dei,
596 2704 787 2758 incerti
832 2704 1088 2767 auctoris,
1135 2711 1193 2759 et
1240 2703 1527 2758 Chronicon
1577 2707 1817 2769 alterttm,
1864 2709 2007 2774 quod

433 2794 585 2862 vulgo
628 2792 1120 2848 Pseudochronicon
1164 2796 1248 2850 vel
1296 2797 1459 2851 etiam
1508 2796 1719 2852 Tironis
1764 2797 2010 2868 Prosperi

425 2883 718 2939 Cbronicon
744 2884 962 2940 dicitur.
995 2884 1214 2939 Orditur
1243 2902 1270 2937 a
1303 2900 1476 2941 morte
1505 2887 1747 2942 Valentis
1778 2889 2010 2959 impera-

425 2976 581 3041 toris,
605 2986 658 3030 et
680 2974 747 3029 ad
770 2985 984 3044 captam
1002 2976 1335 3032 aGenserico
1358 2978 1560 3033 Urbem
1587 2978 1845 3048 procedit.
1871 2979 2005 3034 Cum

425 3067 676 3137 superius
706 3066 939 3122 indicato
967 3083 1074 3121 non
1123 3083 1287 3137 pauca
1332 3069 1546 3140 quidem
1577 3072 1886 3127 communia
1916 3075 2006 3126 ba-

427 3159 541 3223 bet,
580 3158 677 3213 sed
707 3161 864 3228 longe
895 3158 1047 3226 plura
1080 3160 1147 3211 ab
1170 3160 1359 3214 eodem
1388 3161 1623 3227 diversa,
1653 3172 1707 3217 et
1733 3162 2006 3234 praecipue
2035 3147 2080 3210 Ο

426 3254 553 3316 hoc,
578 3250 722 3320 quod
749 3264 854 3304 non
884 3266 980 3318 per
1009 3251 1281 3316 consules,
1317 3252 1411 3307 sed
1437 3252 1586 3321 juxta
1622 3254 2005 3323 imperatorum

424 3343 622 3398 seriem
644 3340 909 3411 digestum
935 3340 1024 3396 sit.
1054 3343 1313 3407 Pithteus,
1343 3344 1433 3413 qui
1454 3346 1683 3415 primum
1709 3346 1837 3401 illud
1861 3350 2009 3401 evul-

425 3435 594 3505 gavit,
625 3434 801 3503 ipsum
849 3448 1035 3489 verum
1069 3435 1319 3505 Prosperi
1349 3437 1658 3491 Cbronicon
1690 3453 1831 3504 esse,
1866 3440 2011 3508 ejus-

422 3541 531 3597 que
559 3524 695 3580 adeo
722 3526 995 3595 ingenium
1024 3525 1231 3581 referre
1257 3528 1552 3592 contendit,
1596 3536 1655 3582 ut
1684 3545 1788 3583 non
1823 3530 2013 3585 imme-

428 3621 534 3673 rito
576 3618 680 3674 sibi
722 3618 970 3674 videatur
1019 3620 1323 3675 membrum
1372 3635 1493 3675 esse
1536 3622 1815 3690 amplioris
1867 3625 2007 3691 ejus,

425 3711 568 3779 quod
601 3711 771 3781 ipsius
814 3711 1035 3767 nomine
1083 3713 1152 3766 ab
1183 3713 1315 3769 orbe
1363 3713 1579 3769 condito
1624 3714 1690 3769 ad
1729 3724 1940 3786 captam
1981 3732 2009 3769 a

430 3803 686 3859 Vandalis
716 3804 912 3861 Urbem
937 3803 1250 3860 Gennadius
1275 3806 1471 3876 legisse
1500 3815 1751 3873 testatur;
1777 3817 1830 3862 et
1852 3808 2013 3863 mire—

429 3908 514 3951 tur
541 3896 701 3965 adeo,
733 3897 875 3951 unde
923 3895 1123 3951 factum
1167 3899 1239 3951 sit
1278 3907 1333 3952 ut
1373 3898 1522 3953 aliud
1566 3896 1870 3953 Cbronicon
1915 3914 2013 3969 per

429 3988 677 4044 consules
705 3988 973 4059 digestum
1006 3990 1059 4042 in
1108 3990 1360 4045 omnibus
1392 3990 1796 4061 Hieronymiani
1839 3992 2006 4047 Chro-

430 4079 534 4131 nici
552 4079 881 4134 editionibus
900 4078 1149 4148 Prosperi
1170 4080 1387 4135 nomine
1403 4080 1777 4151 subjungatur.
1800 4083 2013 4138 Pithon

431 4170 679 4225 assentiri
724 4171 870 4225 visus
899 4178 984 4225 est
1011 4170 1285 4225 Labbeus.
1316 4170 1422 4226 Sed
1454 4170 1751 4227 Bucherius
1776 4184 1829 4228 et
1858 4188 2011 4243 saga-

430 4262 605 4317 ciores
652 4277 773 4317 cum
804 4276 871 4318 eo
896 4262 997 4316 viri
1039 4262 1363 4328 docuerunt,
1394 4262 1677 4319 confusum
1707 4273 1761 4319 et
1796 4274 2014 4335 pertur-

430 4356 612 4410 batum
651 4354 811 4424 hujus
836 4352 1091 4410 Chronici
1119 4354 1389 4421 ordinem,
1424 4354 1703 4412 innumera
1737 4358 1929 4414 menda
1960 4360 2010 4412 in

430 4457 635 4504 rectam
660 4447 1028 4518 chronologize
1051 4448 1339 4514 rationem,
1370 4447 1697 4503 levissimam
1720 4459 1774 4505 et
1802 4458 2011 4505 tantum

2114 1894 2220 1948 que
2250 1880 2300 1933 ei
2330 1894 2452 1934 cum
2484 1877 2778 1946 Quesnello
2801 1877 2923 1931 lites
2954 1876 3230 1930 excitavit.
3263 1875 3548 1943 Proposuit
3576 1890 3694 1929 eam

2115 1972 2167 2025 in
2192 1972 2380 2026 eodem
2408 1986 2568 2040 quem
2595 1979 2755 2025 antea
2781 1967 3326 2025 commemoravimus
3349 1965 3695 2034 libro,cujus,

2113 2079 2235 2117 cum
2267 2064 2548 2117 rarissime
2570 2061 2680 2132 jam
2710 2059 2947 2116 occurrit
2974 2060 3029 2115 in
3056 2057 3424 2123 bibliothecis,
3450 2058 3699 2111 notitiam

2114 2156 2217 2211 hoc
2246 2156 2367 2211 loco
2398 2154 2767 2224 appendamus
2792 2170 2805 2205 :

2184 2247 2263 2301 De
2306 2248 2434 2301 veris
2483 2245 2734 2313 Oper-ibus
2782 2243 2888 2299 SS.
2939 2241 3153 2295 Patrum
3204 2238 3385 2294 Leonis
3431 2238 3613 2310 Magni
3650 2245 3702 2289 et

2114 2340 2365 2411 Prosperi
2394 2340 2635 2408 Aquitani
2666 2337 3057 2390 Dissertationes
3079 2332 3298 2397 Critiae,
3333 2333 3515 2400 quibus
3538 2328 3693 2396 Capi-

2112 2432 2219 2483 tula
2262 2431 2323 2483 de
2355 2431 2522 2500 gratia
2572 2427 2686 2493 Dei,
2732 2425 3025 2497 Epistolam
3055 2423 3123 2475 ad
3170 2421 3568 2486 Demetriadem,
3601 2438 3694 2474 nec

2112 2538 2213 2575 non
2244 2523 2370 2575 duos
2399 2521 2462 2574 de
2493 2519 2772 2573 l’ocatione
2813 2518 3038 2570 omnium
3066 2514 3306 2569 Gentium
3349 2512 3508 2565 libros
3536 2511 3696 2564 Leoni

2112 2630 2275 2683 nuper
2294 2614 2544 2681 ascriplos
2563 2609 2827 2681 abjudicat
2846 2617 2893 2661 et
2917 2605 3179 2675 Prospero
3200 2604 3513 2673 postliminio
3541 2602 3692 2656 resti-

2117 2707 2213 2759 tuit
2240 2702 2502 2773 Iosephus
2530 2700 2841 2755 Antelmius.
2864 2698 3132 2752 Accessere
3159 2711 3274 2749 cum
3302 2694 3466 2764 ipsius
3488 2694 3696 2763 judicio

2110 2798 2175 2851 de
2206 2796 2393 2850 celebri
2424 2794 2607 2848 Leonis
2638 2795 2705 2846 ad
2737 2790 3072 2853 Flavianum,
3117 2796 3164 2842 et
3207 2788 3325 2840 aliis
3353 2786 3419 2838 ad
3449 2786 3697 2849 diversos,

2114 2888 2374 2959 Prospero
2396 2887 2603 2940 dictatis
2624 2886 2679 2939 in
2706 2899 2862 2937 causa
2892 2879 3141 2951 Eutychis
3164 2879 3460 2946 cretei-isque
3488 2876 3699 2944 Episto-

2112 2980 2197 3047 lis,
2227 2989 2333 3034 etc.
2370 2976 2589 3031 Parisiis
2619 2975 2765 3045 apud
2796 2971 3073 3027 Dezallier.
3106 2968 3265 3033 i689,
3298 2966 3382 3019 4ο.

2183 3072 2386 3126 Auctor
2432 3077 2554 3123 ortu
2601 3062 3013 3135 Forojuliensis,
3063 3069 3221 3115 natus
3269 3074 3322 3113 a.
3371 3057 3529 3127 l6i8,
3576 3066 3697 3126 post

2110 3163 2354 3219 confecta
2385 3160 2561 3216 studia
2592 3162 2645 3213 in
2693 3158 2825 3213 urbe
2875 3156 3049 3226 patria
3093 3150 3409 3215 canonicos,
3442 3150 3508 3204 ab
3555 3164 3697 3203 anno

2110 3264 2287 3311 autem
2318 3253 2458 3309 1684
2483 3250 2724 3321 episcopi
2762 3248 3063 3303 Pamiensis
3092 3246 3142 3301 J.
3177 3244 3235 3297 Β.
3262 3243 3330 3297 de
3359 3241 3696 3298 Verthamou

2112 3361 2340 3417 magnus
2368 3344 2598 3401 vicarius
2626 3352 2681 3397 et
2709 3340 2959 3396 ofﬁcialis
2982 3338 3055 3409 (-j-
3090 3336 3272 3403 H397),
3302 3334 3577 3402 Quesnelli
3610 3348 3698 3386 as-

2110 3438 2442 3496 sertionibus
2467 3436 2683 3491 obviam
2707 3434 2903 3495 iturus,
2931 3445 3024 3499 per
3054 3439 3162 3482 tres
3189 3428 3393 3495 priores
3423 3426 3698 3479 Dissertao

2112 3534 2311 3597 tiones,
2345 3530 2445 3584 tria
2477 3527 2639 3583 modo
2669 3523 2885 3579 laudata
2912 3521 3176 3589 Opuscula
3223 3519 3491 3587 Prospero
3520 3515 3695 3570 vindi-

2113 3640 2237 3681 care
2259 3631 2504 3688 conatus,
2534 3628 2724 3689 quarta
2746 3615 2945 3672 Leonis
2971 3613 3143 3683 Magni
3168 3614 3302 3666 duas
3326 3618 3514 3665 contra
3538 3608 3696 3663 Pela-

2113 3718 2304 3787 gianos
2360 3714 2622 3783 epistolas
2679 3707 3029 3780 aggreditur,
3076 3719 3302 3774 quarum
3351 3703 3576 3778 alteram
3630 3698 3697 3752 nd

2112 3806 2429 3863 Januarium
2485 3800 2809 3870 Quesnellus
2870 3796 3234 3852 authenticam
3294 3792 3692 3853 declaraverat,

2114 3901 2338 3955 alteram
2363 3897 2429 3953 ad
2455 3897 2752 3966 Septimum
2781 3888 3211 3961 supposititiam;
3239 3884 3541 3939 Antelmius
3567 3896 3699 3936 vero

2116 3992 2473 4063 posteriorem
2503 4001 2712 4049 veram,
2762 3983 2996 4053 priorem
3045 3979 3111 4033 ad
3159 3976 3474 4033 Januarium
3522 3972 3699 4029 ﬁctam

2113 4099 2238 4139 esse
2266 4079 2565 4137 contendit.
2614 4077 3005 4132 Dissertatione
3042 4070 3228 4140 quinta
3278 4065 3616 4123 Gennadium
3647 4074 3703 4117 et

2113 4176 2252 4229 alios
2282 4173 2554 4239 antiquos,
2599 4169 2686 4237 qui
2730 4165 3014 4236 epistolam
3052 4160 3250 4216 Leonis
3280 4158 3346 4212 ad
3385 4156 3699 4210 Flavianum

2114 4270 2167 4324 in
2213 4281 2377 4323 causa
2427 4262 2687 4334 Eutycliis
2716 4258 2895 4331 (apud
2941 4255 3197 4311 Ballerin.
3223 4251 3325 4323 28)
3354 4265 3384 4303 a
3428 4249 3701 4316 Prospero

2116 4374 2391 4431 tamquam
2420 4358 2537 4427 ejus
2567 4352 2783 4411 notario
2828 4351 3085 4406 dictatam
3135 4345 3409 4409 scribunt,
3439 4341 3702 4395 adversus

2117 4454 2502 4511 Bellarminum
2528 4448 2912 4515 Labbeumque
2940 4441 3200 4506 vindicat,
3228 4447 3281 4493 et
3307 4451 3414 4491 non
3442 4434 3617 4490 solum
3646 4434 3699 4485 in

432 4539 744 4595 nonnullam
776 4538 845 4594 de
875 4539 1179 4608 Pelagianis
1209 4539 1562 4603 mentionem,
1593 4539 1826 4610 denique
1871 4546 2013 4611 quod
2041 4521 2095 4581 D
2122 4554 2245 4612 hac,
2275 4545 2367 4600 sed
2414 4553 2469 4597 et
2511 4542 2565 4596 in
2610 4540 2731 4593 aliis
2774 4535 2967 4591 Leonis
3009 4530 3252 4601 epistolis
3283 4525 3426 4581 haud
3474 4525 3700 4579 obseura

432 4633 485 4687 id
529 4648 690 4685 unum
720 4630 788 4686 de
818 4631 1122 4701 Augustino
1152 4631 1204 4685 in
1237 4645 1302 4685 eo
1332 4631 1679 4697 observetur,
1725 4633 1867 4702 quod
1902 4634 2018 4703 plu-

433 4742 568 4783 rima
600 4726 753 4781 libris
796 4727 1096 4781 innumeris
1139 4727 1481 4795 disseruerit,
1513 4736 1569 4781 et
1602 4728 2018 4783 Prtedestlnato-

434 4836 551 4874 rum
612 4818 860 4881 haeresis,
916 4816 1185 4886 Prospero
1239 4826 1392 4873 certo
1442 4818 1646 4873 certius
1697 4818 1904 4889 ignota,
1950 4836 2015 4874 ex

432 4913 733 4977 Augustino
796 4910 1113 4981 (Augustini
1174 4910 1320 4964 libris
1366 4910 1643 4965 intrudere
1697 4925 1859 4965 ausus
1922 4910 2021 4965 fuit

432 5006 699 5074 Pithoeus)
746 5013 862 5058 orta
913 5004 1174 5058 dicatur:
1224 5003 1337 5057 haec
1384 5003 1594 5072 singula
1648 5004 1866 5057 totidem
1896 5018 2019 5058 esse

433 5108 745 5167 argumenta
798 5112 917 5166 quae
960 5096 1232 5165 Prospero
1280 5096 1557 5165 indignum
1605 5103 1659 5149 et
1704 5094 1771 5149 ab
1802 5095 2020 5164 ingenio

433 5194 552 5261 ejus
607 5191 841 5247 alienum
900 5190 1192 5248 evincant;
1247 5188 1702 5257 quemadmodum
1748 5189 2017 5243 luculenta

434 5285 698 5349 narratio,
742 5292 795 5337 et
838 5279 994 5346 ordo,
1040 5280 1310 5348 przecipue
1350 5289 1527 5333 autem
1559 5279 1789 5349 diligens
1834 5295 2015 5334 rerum

436 5375 495 5430 S.
516 5375 793 5445 Augusti-ni
816 5384 871 5428 et
900 5373 1175 5428 haereseos
1206 5371 1506 5441 Pelagianae
1533 5372 1805 5436 tractatio,
1827 5379 1881 5425 et
1910 5382 2017 5426 tam

437 5466 721 5537 Augustini
747 5482 905 5535 quam
950 5466 1144 5521 Leonis
1173 5465 1384 5520 nonnisi
1428 5479 1550 5519 cum
1596 5479 1803 5519 summa
1856 5478 2018 5519 vene-

441 5558 653 5612 ratione
674 5557 1119 5610 commemoratio
1142 5555 1195 5609 in
1224 5556 1395 5610 altero
1415 5554 1537 5626 (pro
1556 5555 1789 5625 genuino
1815 5554 2017 5624 habito)

440 5646 760 5715 discipulum
814 5645 1091 5715 Augustini
1147 5655 1203 5702 et
1255 5646 1518 5703 doctrina:
1572 5648 1688 5717 ejus
1738 5647 1804 5701 de
1850 5646 2017 5716 gratia

441 5739 776 5793 defensorem
802 5738 1047 5792 omnibus
1070 5740 1470 5805 agnoscendum
1491 5739 1754 5806 prmbcat.
1779 5738 2019 5794 Fuerunt

2119 4639 2242 4710 styli
2274 4631 2619 4704 Prosperiani
2643 4626 2866 4697 vestigia
2903 4619 3289 4710 deprehendit.
3309 4617 3419 4710 l‘iec
3446 4615 3701 4686 pauciora

2120 4707 2187 4784 ini
2207 4723 2565 4785 Sermonibus
2593 4719 2752 4787 hujus
2778 4711 3142 4771 similitudinis
3183 4707 3379 4764 indicia
3408 4716 3703 4775 agnoscere

2121 4820 2225 4876 sibi
2252 4818 2420 4882 visus,
2445 4815 2497 4869 in
2525 4808 2915 4867 Dissertatione
2943 4811 3097 4859 sexta
3120 4798 3266 4856 varia
3296 4797 3495 4867 promit
3518 4807 3703 4849 exem-

2122 4912 2231 4980 pla,
2264 4906 2529 4976 imprimis
2560 4917 2628 4958 ex
2658 4911 2911 4956 sermone
2941 4896 2974 4949 Δ
3004 4893 3129 4965 (ed.
3162 4887 3404 4980 Quesn.)
3437 4888 3491 4941 in
3524 4883 3700 4980 Eatali

2124 4975 2323 5058 Leonis
2348 4975 2407 5053 et
2434 5012 2497 5052 cx
2529 4990 2871 5049 sermonibus
2894 4987 2963 5042 de
2992 4982 3249 5040 Collectis
3286 4988 3343 5037 et
3367 4978 3605 5048 Jejun‘io.
3644 4975 3701 5029 ln

2123 5106 2313 5149 causas
2338 5097 2517 5143 autem
2550 5084 2711 5152 hujus
2752 5082 2827 5135 rei
2860 5076 3157 5147 inquirens,
3189 5070 3457 5141 potiorem
3497 5066 3704 5137 judieat

2126 5198 2327 5241 morem
2359 5189 2530 5235 a-tatis
2562 5178 2737 5238 istius,
2782 5185 2890 5242 quo
2938 5181 3220 5223 sermones
3244 5164 3313 5217 ab
3338 5162 3458 5215 aliis
3484 5158 3701 5228 episco-

2126 5276 2207 5346 pis
2226 5270 2531 5329 recitandos
2556 5269 2865 5335 frequenter
2888 5257 3069 5328 expeti
3091 5251 3489 5346 consueverint,
3518 5248 3562 5301 si
3585 5247 3705 5316 qui.

2124 5339 2246 5423 dem
2295 5359 2609 5419 Gennadius
2676 5361 2903 5409 testatur
2953 5348 3263 5407 Salvianum
3328 5339 3705 5413 presbyterum

2128 5458 2326 5515 multas
2358 5469 2452 5523 pro
2480 5447 2746 5518 episcopis
2774 5443 3025 5500 homilias
3056 5435 3447 5507 composuisse,
3473 5430 3706 5523 indeque

2128 5547 2750 5620 magistriepiscoporum
2778 5537 3013 5597 laudem,
3045 5545 3173 5593 non,
3220 5537 3274 5580 ut
3306 5526 3468 5595 vulgo
3498 5522 3707 5622 volunt,

2128 5618 2247 5712 quia
2271 5639 2550 5695 Salonium
2575 5645 2627 5687 et
2652 5631 2921 5684 Veranum
2949 5623 3236 5693 episcopos
3263 5618 3318 5673 in
3346 5618 3708 5713 adolescentia

2130 5737 2415 5794 docuerat,
2472 5735 2798 5796 reportasse.
2850 5721 2983 5775 llinc
3041 5717 3277 5788 colligit,
3342 5721 3490 5767 tanto
3543 5720 3711 5775 magis
