4088 6176
428 262 501 318 ta
886 237 1404 316 SCJKENEMANNI
1445 257 1721 313 norma
1762 255 2002 312 lilS'fOil

2107 254 2585 311 )-LI'I‘TERARIA
2626 255 2689 309 IN
2728 254 2784 311 S.
2818 253 3255 311 PROSPERUM.
3634 258 3705 314 ω

428 373 631 430 Leonis
668 374 863 430 summi
887 373 1180 445 pontificis,
1213 387 1493 429 sermones
1519 373 1788 441 expetitos
1834 370 2018 438 fuisse,
2050 376 2096 430 Α
2130 368 2290 431 1551.
2315 385 2342 423 a
2366 370 2566 440 quibus
2595 368 2739 425 haud
2771 370 2935 440 longo
2960 369 3137 440 spatio
3158 368 3442 440 dirempta:
3464 384 3705 425 emerse-

423 468 514 521 cui
542 467 801 522 interdum
827 468 1029 537 aliquos
1050 468 1299 521 orationis
1330 473 1542 521 ornatus
1567 466 1859 521 contulerit
1880 463 2018 519 Pro-
2119 470 2250 517 runt
2269 462 2501 531 epistola
2526 462 2594 517 ad
2624 461 2877 517 Ruﬁnum
2902 470 2959 517 et
2977 461 3387 531 Responsiones
3408 460 3475 517 ad
3505 461 3707 517 Excer-

422 573 569 625 ερον,
600 557 679 611 uir
722 558 803 611 sui
848 558 943 611 levi
991 557 1315 612 doctissimus
1363 566 1410 611 et
1459 559 1881 629 facundissimus,
1928 559 2021 628 qui
2119 564 2206 622 pla
2238 553 2895 619 Genuensium,Venetiis
2924 554 3064 623 apud
3096 554 3358 610 Bernard.
3384 553 3703 624 Stagninum

424 649 829 716 occupatissima
858 651 1095 719 pontiﬁci
1119 668 1151 704 a
1171 650 1399 705 consiliis
1427 667 1487 704 ac
1507 651 1738 720 epistolis
1768 659 1858 705 aut
1884 667 2015 721 prae-

418 744 609 811 cipuus
663 740 848 809 fuerit,
904 752 995 796 aut
1045 743 1245 797 unicus.
1300 743 1358 797 lu
1414 743 1766 813 sequentibus
1809 744 2015 814 reliqua

420 832 605 901 Opera
632 831 905 902 PrOSpero
933 834 1163 903 ascripta
1196 843 1501 905 percenset,
1536 850 1731 905 nempe
1772 836 1823 889 in
1851 836 2019 906 septi—

422 939 512 978 rna
541 925 929 981 dissertatione
959 926 1106 995 Opus
1135 926 1204 981 de
1235 926 1691 983 Promissionibus
1731 937 1786 984 et
1814 928 2018 983 Przedi-

421 1015 723 1081 ctionibus,
752 1015 896 1086 quod
929 1032 959 1071 a
996 1017 1320 1073 Cassiodoro
1359 1017 1497 1075 falso
1524 1020 1794 1091 Prospero
1824 1021 2011 1091 tribui,

420 1116 481 1163 et
528 1116 806 1163 auctorem
859 1122 928 1163 ex
974 1108 1154 1163 Africa
1209 1110 1493 1166 oriundum
1544 1111 1747 1168 habere
1791 1116 2010 1181 statuit;

420 1201 595 1256 libros
625 1199 694 1256 de
722 1201 844 1257 Vita
869 1200 1326 1272 Contemplativa,
1351 1218 1486 1273 quos
1514 1202 1730 1260 Juliano
1762 1205 2014 1261 Pomerio

419 1292 697 1363 assignat,
740 1301 900 1362 atque
930 1292 996 1347 de
1023 1307 1090 1347 eo
1124 1304 1377 1349 accurate
1422 1295 1559 1365 agit;
1602 1295 2011 1352 Coniessionem

419 1384 637 1440 Tironis
666 1384 946 1455 Prosperi.
978 1400 1008 1439 a
1039 1385 1333 1441 Sirmondo
1359 1386 1580 1455 editam,
1610 1402 1770 1457 quam
1802 1387 1887 1442 vix
1916 1389 2011 1442 uli-

418 1475 550 1546 quid
580 1476 841 1532 exhibere
878 1487 1070 1533 censet
1121 1476 1373 1547 Prosperi
1420 1479 1560 1549 stylo
1596 1486 1651 1533 et
1694 1478 1849 1534 famae
1880 1481 2012 1534 satis

418 1575 871 1623 consentaneum.
936 1567 1193 1624 Octavam
1264 1568 1701 1625 dissertationem
1756 1570 2011 1641 Prosperi

417 1655 698 1712 Chronico
739 1657 1025 1726 impendit,
1053 1658 1239 1729 idque,
1268 1668 1425 1729 prout
1450 1660 1611 1729 vulgo
1646 1669 1844 1726 exstat,
1879 1660 2010 1715 Pro—

2122 645 2279 711 1558,
2315 646 2618 701 iu-8°.Mox
2645 647 2812 701 etiam
2845 649 2897 700 in
2921 646 3231 717 Gryphiana
3262 646 3508 715 Lugduni
3531 646 3702 702 1539:

2120 736 2527 805 Responsiones
2555 737 2622 792 ad
2652 739 2903 806 Capitula
2942 737 3219 794 Gallorum
3256 747 3312 794 et
3354 737 3705 807 Objectiones

2121 827 2506 883 Vincentianas
2538 844 2639 883 una
2668 844 2790 883 cum
2818 829 3160 884 Carminibus
3181 828 3250 883 de
3270 828 3624 883 Providentia
3655 836 3707 882 et

2117 919 2185 972 de
2210 918 2440 989 lugratis
2474 919 2568 992 (c).
2619 919 2840 975 Scilicet
2877 921 2946 975 ab
2986 920 3087 975 hac
3123 919 3434 975 Sebastiani
3474 920 3709 992 Grypbis

2114 1024 2280 1081 opera
2326 1012 2501 1067 altera
2554 1012 2745 1082 incipit
2789 1012 3092 1069 editionum
3143 1013 3395 1082 Prosperi
3441 1020 3601 1068 mtas.
3650 1014 3699 1068 Is

2115 1104 2258 1159 enim
2293 1104 2500 1173 primus
2529 1104 2809 1175 inscripsit
2858 1103 3054 1175 Opera,
3096 1113 3152 1160 et
3182 1104 3459 1159 collatione
3481 1111 3699 1158 vetusto-

2114 1210 2229 1247 rum
2255 1193 2490 1247 codicum
2516 1196 2868 1267 recoguouisse
2894 1196 3176 1265 professus
3204 1204 3305 1253 est.
3336 1194 3586 1264 Repetite
3616 1205 3701 1251 est

2114 1283 2355 1338 Coloniae
2384 1299 2435 1337 a.
2470 1284 2628 1350 1540,
2670 1294 2725 1340 et
2753 1285 2937 1340 addita
2968 1285 3195 1356 epistola
3235 1285 3303 1341 ad
3337 1287 3698 1356 Augustinum

2116 1376 2499 1446 nonnullisque
2521 1377 2586 1431 ad
2620 1376 2949 1449 Pr05perum
2975 1393 3082 1433 non
3110 1379 3504 1447 pertinentibus
3526 1379 3701 1449 Opus-

2113 1468 2250 1523 culis
2286 1469 2484 1525 ibidem
2511 1471 2673 1536 1565,
2707 1486 2802 1540 per
2822 1471 3085 1527 Joannem
3105 1472 3393 1528 Sotellum.
3414 1472 3697 1539 Eamdem,

2112 1561 2205 1614 sed
2239 1562 2289 1614 in
2317 1562 2597 1616 nonnullis
2629 1573 3031 1634 perpurgatam,
3065 1564 3216 1619 dedit
3250 1565 3488 1621 Joannes
3512 1565 3699 1621 Oliva-

2114 1654 2224 1708 rius
2268 1654 2431 1709 Duaci
2480 1656 2639 1721 1577,
2673 1655 2829 1724 cujus
2876 1657 2947 1712 ab
2988 1655 3091 1711 hoc
3136 1667 3377 1727 tempore
3426 1659 3695 1725 recensio,

416 1761 583 1817 spero
626 1746 890 1803 adversus
921 1747 1250 1805 Garnerium
1284 1749 1492 1817 prolixe
1540 1750 1800 1816 vindicat,
1852 1760 2011 1820 prout
2043 1744 2086 1803 B
2117 1747 2217 1800 nisi
2252 1746 2393 1802 forte
2435 1746 2679 1813 TiteOph.
2727 1748 3057 1820 Raynaudus
3089 1750 3141 1804 in
3174 1749 3264 1804 ed.
3294 1749 3529 1806 Paris.a.
3567 1750 3693 1805 1671

414 1856 549 1896 vero
571 1854 602 1895 a
624 1841 835 1897 Pithoeo
861 1841 1064 1896 editum
1102 1851 1209 1907 est,
1233 1842 1615 1912 interpolatum
1646 1844 2010 1915 infartumque

414 1932 633 2002 probat.
656 1932 804 1987 Nona
827 1931 1138 1987 dissertatio
1161 1933 1415 2003 Prosperi
1439 1934 1692 1989 Carmina
1713 1935 2007 2001 examinat,

415 2029 492 2082 ita
520 2036 575 2079 ut
627 2024 758 2080 illud
810 2024 878 2080 de
921 2024 1266 2080 Providentia
1317 2025 1720 2095 suppositilium
1770 2027 2007 2096 judicet;

416 2116 868 2172 Anacreonticum
915 2115 982 2170 ad
1014 2115 1249 2171 Uxorem
1280 2116 1501 2172 dubium
1531 2118 1827 2187 relinquat;
1878 2118 2008 2188 Epi-

416 2211 661 2279 taphium
686 2211 955 2264 bmreseos
978 2208 1279 2278 Pelagiana:
1303 2216 1358 2264 et
1378 2210 1716 2265 Nestorianaa
1740 2210 2010 2281 PrOSpero

413 2298 685 2369 Aquitano
712 2288 902 2355 contra
948 2297 1267 2354 Garneriutn
1296 2310 1535 2365 asserat;
1567 2300 1797 2356 Carmen
1829 2302 1896 2355 de
1924 2302 2010 2356 ln-

410 2394 581 2462 gratis
626 2409 753 2450 cum
788 2395 1282 2465 Epigrammatibus
1328 2396 1395 2451 97
1443 2407 1497 2453 et
1540 2396 1663 2452 aliis
1713 2397 1923 2454 duobus
1955 2399 2006 2453 in

409 2486 695 2553 Augustini
718 2486 1141 2542 obtrectatorem
1168 2489 1400 2559 genuina
1426 2490 1660 2545 maxime
1685 2490 2005 2558 arbitretur,

408 2576 673 2646 illumque
703 2578 1119 2635 obtrectatorem
1154 2596 1260 2636 non
1286 2580 1449 2635 alium
1473 2598 1632 2651 quam
1663 2582 2005 2639 Vincentium

407 2668 746 2726 Lirinensem
799 2674 1116 2742 existimet,
1177 2675 1266 2745 qui
1319 2674 1373 2729 in
1425 2673 1854 2733 Commonitorio
1907 2694 2007 2735 suo

408 2764 701 2834 Augustini
731 2765 895 2819 etiam
923 2765 1226 2820 doctrinam
1259 2768 1626 2839 perstringere
1649 2768 2002 2826 affectaverit.

406 2855 559 2911 Inter
586 2855 704 2910 haec
733 2865 911 2911 autem
943 2873 1137 2912 novum
1162 2857 1323 2928 hujus
1352 2858 1622 2915 Vincentii
1644 2862 1790 2930 Opus
1812 2861 1998 2917 Secre-

408 2960 584 3002 torum
610 2948 974 3005 Lirinensium
1010 2951 1259 3020 producit
1287 2952 1612 3018 Antelmius,
1637 2953 1694 3008 in
1725 2970 1832 3023 quo
1862 2954 2008 3009 ordi-

406 3042 588 3098 nando
611 3051 668 3098 et
691 3043 1017 3098 illustrando
1043 3052 1212 3098 totum
1241 3058 1297 3099 se
1325 3060 1447 3101 esse
1469 3045 1832 3114 signiﬁcabat,
1862 3047 2005 3116 ejus-

2114 1836 2314 1906 aliqnid
2362 1840 2693 1904 mutaverit,
2746 1839 2813 1893 ad
2856 1854 3059 1894 annum
3103 1856 3276 1909 usque
3312 1842 3442 1895 1711
3479 1855 3697 1909 semper

2114 1927 2304 1998 viguit.
2358 1927 2470 1983 [loc
2518 1937 2697 1983 autem
2746 1944 2892 1984 anno
2942 1930 3143 1999 prodiit
3195 1929 3416 1984 Parisiis
3468 1930 3698 1986 in-folio

2112 2020 2302 2087 editio,
2332 2020 2377 2075 si
2408 2036 2517 2076 non
2546 2020 2802 2078 omnibus
2830 2024 3073 2079 numeris
3103 2023 3351 2078 absoluta
3370 2065 3385 2088 ,
3428 2034 3577 2078 certe
3606 2040 3697 2081 co-

2111 2114 2295 2168 dieum
2336 2128 2469 2169 mss.
2507 2123 2769 2183 apparatu
2806 2115 3140 2185 editorisque
3183 2114 3442 2186 (Joannis
3474 2117 3522 2170 le
3552 2115 3697 2170 Brun

2111 2206 2179 2260 de
2206 2205 2430 2262 Marette
2458 2222 2487 2260 e
2518 2222 2774 2276 congreg.
2804 2207 2860 2262 S.
2890 2206 3094 2279 Mauri)
3133 2208 3313 2263 studio
3341 2218 3505 2279 atque
3534 2209 3711 2264 etiam.

2110 2298 2447 2363 eruditione,
2485 2299 2639 2366 longe
2679 2313 2845 2367 super
2887 2300 3189 2355 anteriores
3221 2300 3519 2355 excellens.
3566 2300 3701 2355 Pro-

2109 2390 2319 2443 curavit
2365 2405 2481 2444 eam
2528 2391 2587 2443 D.
2621 2390 2928 2460 Maugeant,
2972 2391 3213 2460 ejusdem
3263 2392 3700 2462 congregationis

2109 2482 2324 2549 socius;
2359 2482 2501 2537 unde
2548 2482 2801 2555 fortassis.
2822 2483 3077 2553 colligas,
3112 2483 3420 2537 Lebruuum
3454 2484 3697 2539 nondum

2109 2574 2293 2626 omnia
2326 2572 2652 2641 perfecisse,
2680 2574 2803 2628 dum
2837 2574 2985 2643 Opus
3026 2589 3056 2629 e
3086 2575 3339 2627 manibus
3374 2576 3445 2629 illi
3474 2587 3701 2631 excute-

2108 2675 2279 2719 retur.
2330 2664 2509 2719 Facile
2549 2675 2729 2718 autem
2767 2681 2885 2734 qu:e
2928 2664 3127 2720 desunt
3160 2666 3395 2734 diligens
3442 2676 3497 2720 et
3534 2680 3705 2734 sagax,

2112 2757 2354 2813 historia:
2385 2767 2686 2827 temporum
2729 2757 2948 2813 illorum
2976 2758 3174 2823 lector,
3206 2761 3290 2814 vel
3322 2774 3354 2813 a
3385 2759 3706 2815 Balleriniis

2111 2865 2207 2917 per
2226 2850 2324 2902 ista
2347 2849 2465 2903 loca
2477 2848 2904 2915 circumductus,
2928 2849 3344 2905 animadvertet.
3362 2850 3546 2921 Neque
3566 2866 3698 2907 vero

2109 2953 2230 3010 post
2279 2940 2508 3010 hujusce
2569 2941 2823 2995 editionis
2868 2941 3442 2997 commemorationem
3478 2942 3698 2998 silentio

2110 3034 2452 3103 prieterm‘ifti
2486 3034 2687 3088 debent
2719 3050 2840 3103 qua:
2874 3049 2924 3089 a.
2966 3034 3104 3090 1752
3134 3034 3372 3091 Joannes
3396 3034 3697 3091 Salinasius

405 3148 511 3204 que
539 3141 596 3188 et
615 3137 853 3188 omnium
881 3134 1135 3203 Prosperi
1163 3134 1419 3189 editionis
1447 3136 1807 3203 promissione
1829 3144 1999 3190 totum
2028 3126 2071 3184 (ἶ
2105 3138 2157 3179 et
2185 3142 2236 3180 a.
2270 3126 2408 3180 1758
2453 3126 2512 3180 ι’.
2544 3126 2596 3181 J-
2644 3127 2957 3196 ιτυςεῖηίυε»
3011 3126 3197 3181 Romae
3237 3135 3463 3196 υιετίιιιθ
3502 3127 3572 3182 ad
3604 3141 3694 3183 01⁵·

404 3226 659 3281 volumen
684 3226 887 3281 claudit
911 3224 1012 3298 (a).
1035 3226 1303 3281 Czeterum
1329 3227 1601 3283 Antelmio
1624 3242 1746 3287 mox
1774 3242 1999 3298 respon-

405 3335 523 3373 sum
551 3328 636 3374 est
664 3335 691 3372 a
716 3318 1014 3385 Quesnello
1035 3318 1261 3388 epistola
1289 3320 1492 3375 Gallice
1513 3320 1712 3389 scripta
1739 3321 1790 3374 in
1822 3320 2001 3391 Ephe-

406 3411 707 3467 meridibus
756 3410 1155 3465 Parisiensibus
1201 3410 1288 3465 die
1337 3411 1369 3465 8
1398 3420 1453 3466 et
1485 3410 1551 3465 15
1580 3409 1804 3481 Augusti
1839 3410 1993 3467 1689.

405 3502 498 3558 Cui
546 3518 653 3557 non
698 3514 1020 3558 cunetanter
1065 3502 1280 3573 quidem
1331 3504 1641 3558 Antelmius
1688 3504 1821 3558 duas
1869 3505 2001 3557 alias

412 3593 672 3663 epistolas
700 3594 769 3649 ad
801 3594 1345 3649 abbatem...duabus
1372 3596 1616 3664 epistola:
1638 3597 1698 3652 P.
1716 3598 2001 3664 Quesnelli

410 3688 656 3757 partibus
694 3689 1070 3757 responsorias
1098 3688 1323 3743 Parisiis
1357 3704 1409 3742 a.
1442 3688 1610 3755 1690,
1641 3688 1818 3758 iit-4°,
1842 3705 2001 3760 repo-

406 3781 514 3834 suit
542 3797 558 3837 :
588 3780 686 3835 sed
717 3780 1043 3847 Quesnellus
1074 3780 1141 3834 iis
1174 3796 1279 3834 non
1328 3782 1498 3850 magis
1530 3797 1689 3850 quam
1722 3778 1998 3838 Disserta-

406 3870 648 3927 tionibus
694 3870 813 3941 ejus
860 3884 919 3925 se
957 3870 1206 3925 convinci
1240 3885 1453 3941 passus,
1501 3887 1602 3927 nec
1632 3881 1998 3928 transversum

406 3979 640 4034 unguem
673 3979 703 4018 a
742 3963 972 4033 pristina
1002 3964 1269 4019 sententia
1302 3965 1353 4018 in
1385 3964 1626 4021 editione
1650 3964 1999 4036 Lugdunensi

404 4073 460 4113 a.
488 4058 651 4124 1700,
682 4058 931 4113 recessit.

961 4150 988 4222 ς
1023 4149 1110 4205 lll.
1149 4149 1441 4206 Editiones.

480 4242 724 4298 Primum
773 4242 922 4311 Opus
954 4242 1092 4311 quod
1135 4242 1279 4296 inter
1319 4251 1517 4298 caetera
1563 4242 1815 4313 Prosperi
1856 4243 1997 4313 typis

404 4336 656 4390 mandari
708 4336 917 4404 cmpit',
973 4336 1120 4390 fuere
1176 4335 1577 4404 Epigrammata
1617 4338 1714 4405 (ὸ),
1764 4350 1994 4405 quorum

408 4430 582 4498 prima
602 4428 774 4483 editio
789 4429 1037 4497 apparuit
1055 4428 1347 4499 Moguntize
1364 4444 1415 4482 a.
1438 4429 1600 4495 N94,
1622 4428 1786 4496 in-L‘,
1800 4439 1853 4485 et
1878 4429 1996 4484 sine

2106 3218 2280 3272 nanda
2305 3218 2556 3288 Prosperi
2590 3218 2766 3287 Opera
2797 3220 3169 3275 contulerunt.

2182 3316 2253 3370 De
2296 3316 2570 3371 Chronico
2617 3317 2907 3385 separatim
2962 3330 3189 3371 monere
3246 3327 3528 3370 necessum
3585 3323 3690 3379 est,

2105 3417 2217 3463 tres
2239 3407 2482 3463 diversas
2512 3409 2730 3477 genuini
2756 3416 2971 3463 exstare
2997 3407 3264 3463 editiones
3281 3449 3296 3474 ,
3320 3422 3549 3477 quarum
3585 3407 3695 3477 pri-

2106 3518 2221 3567 ma,
2268 3501 2510 3572 vulgaris
2557 3501 2739 3567 dicta,
2808 3501 3115 3556 Eusebiano
3165 3512 3217 3555 et
3267 3498 3694 3571 [lieronymiano

2103 3591 2377 3647 Chronico
2403 3592 2554 3661 jungi
2584 3592 2725 3648 solet
2758 3602 2811 3646 et
2853 3593 2924 3646 ab
2959 3608 3102 3646 anno
3124 3593 3249 3659 379,
3275 3606 3382 3660 quo
3423 3590 3686 3659 Hierony-

2107 3700 2226 3740 mus
2264 3685 2448 3751 desiit,
2493 3684 2560 3740 ad
2609 3699 2807 3739 annum
2852 3685 2961 3739 445
3003 3684 3373 3754 protenditur,
3407 3698 3436 3737 a
3469 3683 3689 3738 Canisio

2105 3777 2267 3831 etiam
2295 3793 2402 3831 non
2429 3791 2619 3846 parum
2649 3791 2677 3828 a
2708 3776 2923 3846 vulgato
2951 3786 3095 3831 textu
3127 3776 3339 3831 diversa
3370 3774 3582 3845 prodita
3608 3783 3692 3829 est

2103 3885 2171 3923 ex
2202 3884 2306 3922 ins.
2352 3871 2700 3938 Augustano;
2751 3867 2920 3921 altera
2972 3867 3137 3934 priori
3182 3866 3369 3921 decem
3415 3866 3573 3920 annis
3596 3881 3691 3919 au-

2103 3960 2242 4015 ctior
2270 3975 2298 4013 a
2334 3958 2636 4014 Duchesnio
2675 3958 2904 4022 primum
2936 3957 3080 4012 inter
3109 3957 3411 4012 lliStoricos
3444 3957 3687 4011 Francia:

2101 4062 2406 4109 comteneos
2438 4052 2645 4121 vulgata
2671 4061 2782 4114 est;
2818 4052 3051 4115 tertiam,
3075 4048 3384 4105 Chronicou
3410 4050 3678 4119 integrum

2101 4146 2169 4199 ab
2199 4146 2408 4211 origine
2439 4143 2621 4200 mttndi
2650 4144 2715 4197 ad
2748 4158 2948 4196 annum
2990 4141 3095 4197 455
3130 4142 3502 4211 complexam,
3536 4139 3677 4195 Lab-

2102 4240 2234 4294 bens
2268 4239 2317 4291 iu
2346 4237 2685 4291 Bibliotheca
2718 4250 2853 4289 nova
2886 4249 3019 4290 mss.
3049 4250 3099 4290 a.
3134 4233 3269 4290 1657
3298 4234 3561 4291 exhibuit.
3619 4231 3679 4287 In

2100 4331 2349 4385 omnibus
2388 4339 2564 4384 autem
2609 4343 2729 4398 pars
2779 4328 3046 4396 posterior
3071 4328 3139 4381 ab
3171 4342 3311 4382 anno
3355 4327 3458 4381 379
3492 4325 3559 4380 ad
3587 4340 3686 4379 an-

2102 4440 2227 4477 nnm
2266 4421 2369 4476 445
2404 4430 2496 4475 aut
2533 4420 2640 4476 455
2672 4420 2866 4475 mirum
2901 4420 2954 4474 in
2991 4419 3208 4474 modum
3238 4418 3439 4483 variat,
3472 4418 3528 4472 in
3555 4418 3679 4473 aliis

402 4520 532 4574 anni
563 4530 712 4588 nota,
754 4518 997 4585 Taurini,
1031 4519 1220 4575 eadem
1252 4519 1451 4584 forma,
1484 4536 1587 4575 nec
1617 4536 1726 4575 non
1758 4519 1993 4576 Venetiis
2022 4502 2071 4561 Ῐ)
2100 4518 2305 4570 auctior
2339 4531 2496 4585 quam
2546 4514 2598 4567 in
2647 4514 2784 4578 aliis,
2832 4524 2887 4567 et
2929 4512 3089 4567 modo
3118 4512 3337 4566 dilutior
3364 4527 3426 4565 ac
3461 4512 3644 4581 jejuna
3671 4556 3684 4577 ,

403 4611 548 4680 apud
580 4611 778 4665 Aldum
812 4625 862 4663 a.
900 4611 1059 4666 1501.
1130 4611 1263 4667 Huic
1301 4610 1545 4680 proxima
1590 4611 1804 4666 fuerunt
1854 4610 1993 4666 liber

2100 4611 2261 4665 modo
2292 4618 2539 4664 accurata
2561 4648 2575 4673 ,
2609 4607 2909 4675 cujusmoili
2946 4606 3358 4674 depravationes
3394 4612 3485 4657 aut
3516 4602 3688 4671 negli-

406 4714 597 4758 contra
632 4702 961 4757 Collatorem
984 4743 1001 4769 ,
1033 4703 1321 4773 Moguntiae
1361 4720 1412 4757 a.
1446 4703 1605 4769 1524,
1642 4703 1875 4759 emissus
1932 4719 1995 4759 ac
2091 4703 2289 4769 gentia:
2318 4700 2657 4753 librariorum
2680 4738 2693 4763 ,
2739 4705 2831 4749 aut
2859 4705 3007 4751 certo
3036 4696 3403 4751 studiosorum
3452 4694 3689 4750 consilio

406 4795 672 4861 repetitus
734 4792 785 4845 in
812 4792 1071 4846 Antidoto
1097 4792 1351 4848 Sicltardi
1383 4794 1506 4847 Bas.
1546 4792 1704 4857 1528,
1739 4802 1792 4846 et
1826 4791 1993 4848 editio

407 4885 809 4942 Sententiarum
837 4900 903 4939 ex
924 4884 1223 4956 Augustino
1248 4896 1647 4954 excerptarum,
1671 4884 1910 4940 Colonia:
1933 4900 1985 4940 a.

478 5039 556 5106 (a)
588 5037 835 5106 Bepetita
894 5044 977 5090 est
1031 5035 1147 5106 hinc
1202 5036 1386 5090 notitia
1433 5053 1498 5091 ex
1545 5036 1614 5090 Μ.
1660 5036 1987 5091 Bibliotheca

403 5107 556 5161 Eccl.
586 5105 780 5161 Colon.
814 5118 851 5159 t.
884 5107 902 5160 l
932 5124 983 5171 ρ.
1012 5105 1136 5171 187,
1171 5107 1326 5175 cujus
1354 5117 1604 5162 auctores
1644 5121 1761 5160 eam
1802 5123 1861 5162 se
1890 5108 1989 5162 de-

400 5178 539 5247 bere
564 5176 875 5247 signiﬁcant
907 5177 1055 5229 Actis
1087 5178 1361 5231 Eruditor.
1394 5179 1539 5247 Lips.
1573 5178 1851 5245 Supplein.
1896 5188 1936 5233 t.
1974 5179 1991 5232 Ι

402 5264 461 5312 p.
484 5246 609 5312 431;
644 5262 819 5315 neque
848 5258 1028 5299 tamen
1055 5262 1151 5315 per
1174 5249 1355 5301 omnia
1387 5246 1827 5304 iis’adliatsimus.
1859 5249 1990 5302 Nam

400 5333 524 5383 qua:
555 5317 622 5371 de
652 5317 903 5387 Antelmii
945 5320 1210 5387 sententia
1244 5334 1406 5386 super
1437 5319 1681 5387 epistolis
1709 5319 1774 5371 ad
1806 5318 1988 5386 Septi-

403 5403 553 5440 mum
585 5396 641 5441 et
671 5386 981 5440 Januarium
1030 5386 1293 5451 referunt,
1344 5405 1449 5443 non
1495 5389 1826 5443 concordant
1870 5403 1990 5443 cum

405 5458 826 5511 Balleriniorum
875 5456 1118 5523 ejusdem
1153 5459 1439 5529 sententiae
1486 5460 1856 5526 expositione,
1899 5460 1990 5529 qui

404 5538 610 5591 tamen,
639 5542 761 5582 cum
793 5535 1079 5596 utrumque
1119 5537 1173 5582 et
1200 5528 1551 5595 Quesnellum
1581 5536 1637 5583 ct
1661 5528 1990 5584 Antelmitim

404 5599 727 5653 refellerunt
773 5605 832 5651 et
877 5609 1157 5665 utramque
1202 5600 1481 5667 epistolam
1535 5601 1821 5667 genuinam
1871 5614 1995 5654 esse

404 5668 875 5731 demonstrarunt,
907 5668 1143 5735 potiores
1171 5668 1271 5723 hac
1294 5670 1347 5723 in
1383 5686 1443 5723 re
1473 5678 1727 5724 auctores
1760 5669 1994 5723 habendi

362 5782 365 5783 ν
407 5747 559 5794 sunt.
586 5737 675 5793 Cf.
703 5737 1111 5795 Balleriniorum
1136 5740 1576 5803 Admonitionem
1599 5740 1651 5796 in
1680 5740 1813 5797 duas
1844 5742 1994 5807 prio-

2092 4792 2406 4847 tribnendas
2436 4806 2555 4845 esse
2579 4798 2744 4860 patet.
2776 4789 2980 4843 Praeter
3017 4788 3132 4842 hanc
3171 4785 3681 4842 Pseudochronicon

2093 4902 2122 4939 a
2158 4886 2313 4939 Petro
2356 4882 2563 4937 Pitltmo
2590 4898 2619 4936 e
2642 4896 2770 4936 mss.
2799 4880 2956 4935 codd.
2988 4881 3187 4934 editum
3218 4891 3299 4935 est
3327 4894 3354 4931 a
3384 4877 3547 4945 1588,
3578 4877 3683 4931 ite-

2100 5053 2186 5091 res
2231 5038 2427 5091 Leonis
2474 5037 2729 5102 epistolas
2760 5037 2849 5090 t.l
2902 5038 3038 5105 Opp.
3101 5037 3296 5090 Leonis
3343 5051 3497 5105 pagg.
3553 5035 3688 5091 567-

2101 5109 2227 5165 590.
2262 5110 2348 5160 ubi
2385 5108 2591 5177 prolixa
2627 5108 2694 5160 de
2744 5108 3003 5161 ambabus
3034 5120 3083 5161 et
3126 5109 3186 5162 l8
3216 5110 3511 5177 disputatio
3560 5108 3686 5162 sub-

2104 5180 2361 5232 iungitur.

2125 5197 2361 5232 llil"lllll'.

2096 5197 2115 5248 Ἰ
2174 5218 2265 5319 (ἲ)
2299 5248 2906 5319 Editoresl’arisienses
2927 5248 3211 5319 ordiuntur
3232 5250 3438 5319 seriem
3457 5246 3687 5319 impres-

2102 5317 2284 5371 sornin
2324 5318 2573 5388 Prosperi
2604 5335 2632 5374 a
2667 5320 2805 5375 libro
2831 5328 3013 5373 contra
3044 5318 3365 5372 Collatorem
3398 5317 3685 5386 Moguntite

2101 5406 2151 5442 a.
2191 5388 2326 5443 1514
2356 5404 2578 5443 excuso.

2175 5460 2246 5531 (c)
2288 5460 2631 5531 IpseAtatnen
2675 5460 2949 5531 Gryphius
2981 5457 3393 5531 nonisignificat
3443 5459 3687 5531 Respon-

2101 5528 2283 5584 siones
2310 5530 2377 5584 ad
2406 5528 2650 5599 Capitula
2683 5528 2959 5599 Gallorum
2983 5542 3035 5584 et
3060 5529 3409 5598 Objectiones
3446 5529 3681 5583 Vincen-

2104 5602 2274 5654 tinuas
2304 5616 2332 5654 a
2363 5616 2425 5655 se
2448 5598 2678 5670 primum
2710 5598 2935 5668 proferri
2960 5641 2975 5664 ,
3020 5600 3232 5654 tametsi
3262 5601 3363 5653 hoc
3392 5601 3595 5653 diserte
3615 5600 3686 5654 de

2088 5673 2223 5723 .alii's
2247 5671 2459 5725 duobus
2486 5672 2772 5737 Optrcnlis
2798 5670 3051 5724 afﬁrmet.
3085 5670 3217 5725 Vide
3240 5671 3397 5739 igitur
3424 5685 3563 5723 anne
3582 5672 3684 5725 ali-

2103 5757 2207 5807 qua
2240 5742 2403 5797 editio
2433 5745 2783 5807 praecesserit
2820 5740 3161 5808 pauci:simis
3192 5741 3441 5796 fortassis
3471 5740 3610 5795 visa.
