4088 6176
350 282 420 336 53
771 277 1298 336 SCIKENEMANM
1337 277 1614 334 NOTITIA
1656 277 1959 336 HlSTURIC

2064 279 2478 340 LITTERARIA
2519 285 2585 340 IN
2641 284 2701 341 S.
2744 285 3182 344 PROSPERUM.
3568 292 3638 349 δι

351 392 621 462 Opuscula
654 393 722 449 de
749 394 932 450 Gratia
973 401 1027 448 et
1074 391 1274 447 Libero
1309 390 1553 447 Arbitrio
1589 389 1647 446 S.
1693 390 1945 460 Prosperi
1972 392 2019 448 Α
2049 393 2343 461 gustinum,
2374 395 2441 450 de
2467 397 2712 465 reliquiis
2738 397 3043 469 Pelagianae
3065 401 3361 473 haereseos,
3386 404 3451 460 ad
3479 405 3639 462 tidem

355 487 610 556 Aquitani
636 487 880 555 episcopi
911 485 1223 554 Regiensis,
1261 485 1360 538 viri
1385 484 1802 553 religiosissimi,
1835 483 1947 540 divi

352 575 637 646 Augustini
650 576 898 644 discipuli
911 585 961 630 et
979 577 1031 629 in
1045 575 1241 629 divinis
1259 573 1556 638 Scripturis
1572 574 1945 629 eruditissimi.

420 670 783 725 Continentur
806 671 857 723 in
891 669 992 722 hoc
1020 669 1321 730 volumine,
1353 668 1404 721 ιο
1439 668 1682 735 Epistola
1713 668 1770 722 S.
1807 667 1946 720 Pro-

351 765 496 834 speri
531 764 598 818 ad
631 764 917 826 Ruﬁnum;
947 760 1005 814 2°
1035 761 1115 816 Ad
1145 770 1403 830 excerpta
1433 760 1783 814 Januensium
1815 758 1948 830 (Ge-

352 856 699 926 nuensinm);
728 857 786 912 '5"
815 857 976 911 Liber
1004 854 1063 911 S.
1091 855 1342 924 Prosperi
1375 863 1566 910 contra
1593 853 1946 920 Cassianum;

353 951 410 1006 ι’
440 951 683 1018 Epistola
707 950 914 1004 Aurelii
941 948 1406 1018 Carthaginiensis
1431 948 1703 1015 episcopi;
1737 947 1798 1002 5°
1830 945 1951 1001 Cm-

354 1043 536 1096 lestini
567 1042 802 1110 epistola
840 1041 904 1094 ad
955 1041 1239 1109 episcopos
1271 1039 1462 1093 Gallia).
1503 1049 1558 1092 et
1596 1039 1952 1095 auctoritates

354 1136 499 1190 sedis
525 1135 863 1204 apostolicae,
893 1143 1030 1197 etc.;
1065 1133 1126 1187 6°
1155 1133 1562 1202 Epigrammata
1595 1133 1654 1187 S.
1692 1134 1950 1201 Prosperi

355 1237 407 1283 et
432 1226 668 1281 Carmen
700 1227 764 1279 ad
795 1224 1054 1281 Uxorem.
1086 1225 1170 1278 Ex
1203 1226 1399 1293 quibus
1430 1241 1576 1278 num.
1611 1225 1632 1277 1
1666 1235 1718 1279 et
1743 1225 1778 1278 2
1809 1238 1950 1278 nunc

355 1323 590 1392 primum
623 1321 877 1375 eduntur.
909 1318 1066 1372 Prasf.
1098 1318 1186 1372 ed.
1211 1319 1416 1372 noviss.
1451 1317 1624 1372 Paris.

429 1411 590 1467 1559.
625 1410 894 1481 Lugduni,
924 1411 1067 1477 apud
1114 1409 1475 1462 Sebastianum
1509 1407 1834 1478 Gryphium;
1863 1407 1948 1460 in-

359 1512 451 1563 τοι.
507 1507 569 1561 D.
621 1504 905 1574 Prosperi,
955 1505 1291 1573 Aquitanici,
1333 1504 1573 1574 episcopi
1627 1503 1946 1572 Regiensis,

355 1616 556 1668 opera,
623 1599 690 1653 ad
753 1606 1089 1653 vetustorum
1147 1598 1537 1667 exemplarium
1601 1597 1947 1654 collationem

356 1691 646 1746 emendata
675 1698 728 1744 et
755 1688 1053 1760 recognita.
1085 1686 1204 1743 Cat.
1235 1689 1372 1742 Bibl.
1401 1689 1535 1758 Reg.
1570 1688 1741 1742 Paris.

2051 487 2246 540 vetusti
2270 488 2598 557 exemplaris
2627 492 2914 556 restitutte,
2944 508 3066 547 cum
3099 495 3320 550 Honorii
3366 499 3640 568 Augusto-

2051 576 2311 632 dunensis
2341 579 2470 634 dial.
2489 581 2556 634 de
2579 581 3060 639 Prasdestinatione
3082 595 3133 639 et
3161 585 3357 642 Libero
3380 588 3642 644 Arbitrio.

2051 665 2167 720 Cat.
2208 669 2342 722 Bibl.
2377 671 2582 725 Bunav.
2613 675 2757 741 LIII,
2787 689 2839 742 p.
2865 673 2992 730 208.

2126 759 2284 816 1556.
2316 760 2564 829 Basilum,
2597 781 2658 818 ex
2682 765 2884 834 ofﬁcina
2911 766 3077 822 Henr.
3096 766 3274 835 Petri;
3305 771 3486 840 in-fol.
3515 773 3642 828 Pto-

2051 853 2195 920 spcri
2225 853 2530 922 Aquitanici
2563 858 2823 912 adversus
2853 859 3271 917 Colluctatorem
3302 864 3422 934 (sic)
3453 865 3522 920 de
3555 865 3642 919 Li-

2052 945 2183 999 bero
2212 947 2454 1002 Arbitrio
2487 951 2535 1003 in
2564 951 2725 1004 Joan.
2757 951 2978 1008 Heroldi
3015 955 3482 1026 Ilteresiologia,p.
3511 957 3640 1014 664-

2051 1035 2176 1091 675.
2237 1038 2417 1092 Edidit
2467 1055 2535 1094 ex
2572 1043 2794 1111 antiquo
2837 1045 3022 1099 codice
3052 1046 3416 1112 Laurissensi,
3449 1055 3498 1102 in
3531 1065 3640 1120 quo

2054 1137 2230 1182 tamen
2264 1130 2470 1199 aliquot
2498 1134 2548 1184 in
2583 1132 2690 1187 line
2722 1134 2842 1188 libri
2872 1151 3062 1189 versus
3085 1137 3328 1192 deerant.

2130 1221 2283 1276 I565.
2315 1222 2574 1290 Coloniar,
2606 1229 2751 1294 apud
2781 1226 3006 1282 hwredes
3039 1230 3260 1284 Arnoldi
3287 1230 3635 1297 Birckmanni,

2051 1313 2103 1365 in
2130 1314 2313 1383 pingui
2337 1312 2582 1380 Gallina;
2611 1315 2752 1369 ἱη-ιιο
2785 1321 2909 1390 maj.
2945 1319 3003 1372 D.
3031 1321 3285 1389 Prosperi
3307 1324 3636 1394 Aquitanici,

2051 1407 2288 1473 episcOpi
2351 1407 2664 1478 Regiensis,
2719 1409 2895 1478 Opera
2969 1423 3222 1468 accorata
3299 1423 3635 1470 vetustorum

2051 1500 2439 1568 exemplarium
2471 1501 2770 1556 collatione
2804 1519 2898 1570 per
2928 1503 3074 1559 viros
3095 1506 3342 1560 eruditos
3370 1522 3398 1560 a
3431 1509 3641 1562 mendis

2055 1607 2191 1661 pene
2242 1593 2542 1648 innuzueris
2578 1604 2892 1664 repurgata.
2932 1594 2989 1650 In
3040 1596 3147 1652 line
3175 1615 3186 1650 :
3218 1596 3457 1662 Lovanii,
3505 1601 3639 1670 typis

2050 1684 2271 1739 Joannis
2309 1684 2559 1758 Bognrdi.
2591 1686 2704 1754 Qua
2748 1688 2852 1742 loci
2894 1697 2950 1742 et
3003 1690 3320 1760 typographi
3366 1700 3512 1753 nota,
3545 1692 3640 1746 sed

423 1783 781 1838 Sebastianus
811 1781 1083 1851 Gryphius
1125 1781 1416 1849 epistolam
1465 1779 1851 1835 dedicatoriam
1881 1778 1948 1832 ad
1986 1773 2028 1831 Β
2057 1778 2279 1845 practixo
2317 1791 2458 1832 anno
2493 1777 2650 1842 1566,
2683 1779 2823 1835 hanc
2859 1781 3028 1848 ipsam
3072 1782 3214 1837 baud
3253 1784 3418 1840 dubie
3447 1785 3641 1840 editio-

355 1876 618 1932 Senatum
677 1876 1048 1945 populumque
1119 1873 1449 1944 Regiensem
1515 1872 1826 1940 auspicatur
1885 1870 1953 1925 ab

355 1969 731 2030 excusatione,
776 1967 940 2037 quod,
989 1982 1148 2037 quem
1199 1977 1326 2021 ante
1378 1981 1552 2020 annos
1605 1965 1726 2034 plus
1773 1964 1954 2017 minus

356 2072 588 2128 quatuor
617 2060 854 2128 ipsorum
883 2068 1071 2129 rogatu
1101 2058 1432 2126 suscepisset
1462 2057 1704 2111 laborem
1763 2069 1955 2109 omnes

362 2153 613 2220 Pr05peri
646 2152 886 2220 episcOpi
935 2151 1206 2221 quondam
1255 2153 1496 2221 ipsorum
1546 2149 1952 2205 lucubrationes

359 2243 501 2313 typis
532 2243 876 2306 excribentli,
928 2242 1070 2295 haud
1107 2242 1254 2309 prius
1299 2241 1553 2296 emittere
1594 2241 1869 2310 pomerit:
1903 2238 1954 2294 id

359 2332 503 2402 quod
553 2333 981 2402 exemplaribus,
1032 2335 1224 2402 partim
1259 2348 1368 2387 non
1409 2341 1660 2387 accurate
1690 2332 1824 2386 satis
1865 2331 1958 2386 dc-

362 2423 606 2487 scriptis,
656 2423 849 2492 partim
885 2423 1208 2478 dcsitleratis
1248 2423 1520 2479 nonnullis
1549 2422 1834 2493 Opusculis
1859 2424 1960 2477 im-

363 2512 625 2582 perfectis
677 2514 885 2568 tribuit.
936 2533 955 2566 ‹
1015 2514 1378 2584 Quapropter,
1424 2515 1635 2586 inquit,
1693 2523 1752 2571 ut
1800 2515 1958 2571 vobis

362 2607 706 2676 gratificarer
759 2617 918 2676 atque
967 2607 1331 2661 studiosorum
1392 2607 1694 2663 commodis
1729 2607 1959 2663 inservi-

364 2713 508 2761 rem,
544 2699 840 2752 editionem
873 2697 1093 2752 minime
1125 2697 1564 2768 praecipitandam
1593 2701 1774 2769 putavi
1802 2717 1816 2754 :
1859 2699 1956 2755 sed

365 2791 601 2858 primum
656 2790 1003 2844 vehementer
1055 2791 1386 2854 conandum,
1437 2801 1494 2845 ut
1552 2806 1707 2860 opus,
1769 2793 1814 2846 si
1851 2807 1958 2863 quo

367 2893 526 2952 pacto
559 2885 673 2937 ﬁeri
706 2895 904 2953 posset.
939 2884 1084 2953 prius
1108 2885 1339 2952 pristino
1371 2885 1536 2940 nitori
1567 2881 1959 2956 Germauaaque

366 2974 662 3044 integritati
712 2977 1108 3030 restitueretur.
1164 2977 1400 3031 Proinde
1444 2977 1548 3032 huc
1603 2978 1733 3032 illuc
1777 2979 1959 3034 missis

367 3065 588 3134 litteris,
618 3068 893 3138 negotium
932 3067 1053 3122 dedi
1085 3067 1273 3124 amicis
1301 3077 1356 3123 et
1382 3068 1546 3124 Gallis
1573 3077 1627 3124 et
1647 3067 1953 3137 Germanis,

2055 1884 2176 1923 nem
2214 1869 2437 1924 indicat.
2466 1869 2588 1925 Cat.
2624 1871 2761 1926 Bibl.
2795 1871 2932 1940 Reg.
2966 1873 3135 1927 Paris.

2126 1961 2447 2030 Superioris
2481 1963 2738 2018 editionis
2765 1974 3019 2020 contenta
3044 1966 3196 2034 juxta
3245 1967 3532 2022 elenchum
3587 1970 3638 2024 in

2054 2069 2246 2109 aversa
2279 2054 2465 2126 pagina
2493 2055 2635 2110 tituli
2663 2055 2822 2124 hujus
2852 2055 3110 2111 editionis
3140 2057 3446 2127 subjectum
3475 2060 3558 2114 sic
3585 2075 3644 2114 se

2057 2144 2329 2200 habebant
2364 2164 2376 2198 :
2404 2146 2548 2214 Opus
2569 2146 2636 2201 de
2665 2145 3098 2202 Prmlictionibus
3123 2158 3171 2203 et
3208 2149 3642 2205 Promissionibus

2060 2238 2174 2304 Dei,
2205 2253 2310 2307 quo
2340 2239 2526 2293 nescio
2553 2239 2776 2307 quando
2815 2247 2872 2294 et
2901 2256 2996 2308 per
3016 2256 3177 2310 quem
3209 2257 3472 2296 numerus
3503 2243 3646 2312 Ope-

2058 2345 2174 2382 rum
2221 2329 2473 2398 l‘rosperi
2502 2341 2692 2384 auctus
2722 2329 2920 2396 fuerit;
2953 2331 3021 2385 de
3050 2330 3165 2385 Vita
3195 2329 3644 2403 Comtemplativa

2059 2421 2183 2474 libri
2211 2435 2302 2485 Ill;
2346 2421 2409 2474 ad
2442 2420 2692 2475 Ruﬁnum
2722 2422 2976 2490 epistola,
3013 2423 3422 2492 Responsiones
3448 2425 3514 2478 ad
3546 2426 3649 2479 Ca-

2061 2513 2226 2580 pitula
2260 2512 2563 2577 Gallorum,
2590 2513 2656 2568 ad
2687 2512 3039 2583 Objectiones
3067 2514 3472 2579 Vincentianas,
3503 2525 3558 2570 et
3579 2517 3650 2571 ad

2058 2615 2314 2671 excerpta
2343 2603 2711 2658 Geuuensium
2735 2645 2748 2664 .
2781 2615 2967 2659 contra
2998 2603 3319 2660 Cassianum
3351 2606 3421 2662 de
3459 2606 3648 2662 Prote-

2060 2697 2239 2749 ctione
2256 2693 2347 2748 Dei
2363 2695 2502 2750 liber
2519 2710 2534 2748 ι
2552 2711 2564 2760 ;
2583 2695 2984 2750 Sententiarum
3005 2713 3070 2751 ex
3084 2699 3352 2767 Operibus
3366 2701 3647 2770 Augustini

2059 2794 2437 2854 excerptarum
2471 2786 2767 2852 libert;ex
2814 2788 3006 2844 iisdem
3044 2791 3332 2845 sententiis
3361 2790 3651 2860 Epigram~

2061 2888 2250 2932 malum
2296 2878 2435 2933 liber
2473 2895 2522 2942 t;
2569 2879 2638 2933 de
2670 2879 3014 2936 Providentia
3055 2881 3235 2936 divina
3279 2883 3649 2952 Opusculttm;

2062 2971 2130 3022 de
2166 2969 2394 3037 lttgratis
2425 2969 2522 3024 lib.
2571 2985 2617 3035 t;
2649 2971 3086 3027 Commentarios
3132 2973 3184 3027 iu
3220 2976 3458 3042 psalmos
3502 2991 3648 3031 O-GL.

2066 3065 2213 3118 Inter
2238 3064 2584 3120 accessiones
2609 3065 2770 3133 hujus
2789 3066 3044 3120 editionis-
3076 3079 3457 3134 numerantur,
3491 3073 3551 3124 l0
3585 3075 3653 3124 de

367 3159 674 3230 prmsertim
706 3159 1087 3214 bumaniorum
1114 3161 1413 3216 litterarum
1439 3162 1875 3228 studiosioribus,
1902 3174 1959 3219 ttt

2070 3154 2368 3211 Vocatione
2393 3157 2633 3209 omnium
2665 3156 2922 3212 Gentium
2958 3159 3081 3213 libri
3109 3174 3144 3213 ll
3167 3174 3182 3224 ;
3207 3159 3273 3212 2°
3307 3161 3538 3229 epistola
3586 3163 3655 3216 ad

369 3252 633 3320 quidquid
675 3252 830 3322 hujus
870 3254 1107 3308 auctoris
1155 3253 1295 3322 apud
1337 3269 1432 3309 eos
1478 3255 1530 3309 in
1582 3253 1820 3324 antiquis
1873 3257 1964 3310 Bi-

367 3342 664 3398 bliothecis
709 3344 918 3400 lateret.
957 3353 1061 3397 tam
1095 3345 1354 3409 lacerum,
1402 3359 1558 3414 quam
1595 3344 1864 3416 integrum
1893 3347 1963 3402 ad

375 3453 461 3491 me
496 3438 953 3492 transmitterem.
989 3439 1031 3492 A
1063 3438 1257 3506 quibus
1287 3438 1425 3492 inter
1463 3437 1566 3491 alia
1596 3439 1964 3494 vetustissima

371 3530 700 3598 exemplaria
749 3530 910 3585 allata
962 3542 1086 3583 sunt
1129 3530 1289 3585 simul
1339 3545 1459 3600 qua:
1514 3530 1966 3586 desiderabantur

371 3621 642 3689 Opuscula
679 3638 690 3673 :
724 3635 916 3690 nempe
941 3621 1048 3675 duo
1072 3635 1230 3674 versu
1260 3621 1504 3686 heroico,
1529 3621 1596 3676 de
1622 3622 1964 3676 PrOvidentia

378 3712 470 3766 Dei
499 3725 686 3779 unum,
712 3711 938 3766 alterum
967 3715 1086 3786 Περὶ
1111 3709 1439 3787 ’Δχαριστῶν
1463 3729 1474 3763 :
1496 3723 1757 3780 prmterea
1789 3711 1967 3782 Expo-

373 3801 497 3858 sitio
531 3802 582 3855 in
621 3809 932 3871 postremos
974 3818 1135 3856 unum
1169 3811 1222 3858 et
1263 3802 1651 3873 quinquaginta
1695 3806 1965 3872 psalmos;

372 3895 580 3958 omnia,
615 3902 673 3948 ut
702 3897 917 3962 opinor,
953 3909 984 3948 a
1033 3905 1231 3950 nostra:
1275 3895 1609 3964 tempestatis
1659 3896 1968 3953 hominibus

372 4003 481 4042 non
512 3988 651 4042 visa.
687 3987 781 4042 His
814 3989 978 4060 igitur
1003 3989 1255 4043 omnibus
1294 3991 1450 4045 simul
1484 3991 1624 4045 inter
1653 4007 1710 4045 se
1739 3993 1970 4062 diligen-

375 4079 590 4134 tissime
615 4078 832 4134 collatis
861 4079 1012 4134 εσεοὶ
1051 4081 1265 4136 tandem
1296 4091 1355 4136 ut
1388 4082 1473 4137 hic
1503 4093 1682 4138 vester
1709 4083 1962 4154 Prosper,

373 4171 458 4224 vir
480 4179 588 4224 tam
635 4183 853 4225 sanctus
880 4186 1038 4241 quam
1080 4172 1352 4238 eruditus,
1382 4183 1459 4228 tot
1487 4183 1632 4229 retro
1672 4176 1886 4231 sarculis
1914 4176 1968 4232 in

373 4262 620 4317 tenebris
649 4261 1001 4330 delitescens,
1031 4264 1192 4318 situm
1221 4267 1533 4337 cariemque
1561 4279 1772 4336 passus,
1826 4278 1969 4325 totus

374 4352 605 4416 nitidus,
640 4367 825 4422 purus,
860 4354 1176 4425 integerque
1206 4354 1258 4410 in
1291 4356 1462 4412 lucem
1492 4361 1683 4413 exiret.
1724 4377 1743 4411 ι
1782 4359 1971 4414 Hacte-

375 4458 480 4496 nus
512 4443 676 4497 verba
708 4442 958 4514 Gryphii,
990 4462 1107 4516 quae
1148 4461 1214 4502 ex
1246 4448 1455 4503 laudata
1497 4450 1725 4518 epistola
1769 4451 1969 4518 produ-

2065 3263 2273 3302 sacram
2291 3248 2554 3317 virginem
2579 3249 3006 3317 Demetriadem;
3033 3252 3096 3306 5ο
3122 3253 3349 3322 epistola
3374 3255 3438 3308 ad
3461 3255 3523 3310 D.
3543 3258 3655 3309 Au-

2067 3339 2451 3409 gttstinttm;4°
2476 3340 2752 3396 C(BleSIini
2785 3356 2882 3411 pro
2912 3341 3184 3413 Prospero
3215 3354 3270 3399 et
3300 3345 3508 3401 Hilario
3535 3347 3655 3416 epi-

2065 3433 2205 3487 stola
2258 3433 2550 3503 (quatenus
2595 3432 2687 3487 illa
2739 3433 2947 3488 scilicet
2991 3435 3044 3488 in
3091 3435 3399 3506 Gryphiana
3455 3439 3652 3492 omissa

2068 3522 2293 3595 luerat);
2327 3522 2383 3576 5°
2407 3521 2654 3580 Canones
2688 3524 2915 3580 alterius
2947 3527 3166 3581 concilii
3197 3527 3539 3582 Arausicani.
3577 3529 3654 3583 Ex

2071 3617 2176 3679 bis,
2208 3616 2414 3670 num.3
2438 3617 2596 3684 plane
2627 3630 2768 3671 nova
2801 3616 2901 3670 luit
2925 3618 3240 3686 acquisitio.
3274 3619 3433 3673 Num.
3482 3619 3507 3673 1
3542 3630 3596 3675 et
3622 3621 3659 3674 2

2069 3705 2358 3761 Ambrosio
2404 3707 2672 3762 hactenus
2721 3708 2908 3762 tributi
2955 3718 3008 3763 et
3058 3724 3179 3764 cum
3226 3712 3343 3777 ejus
3391 3712 3660 3780 Operibus

2069 3797 2271 3866 vulgati
2318 3797 2556 3853 fuerant.
2585 3797 2737 3852 Nunc
2769 3799 2978 3867 priores
3030 3815 3138 3854 non
3187 3811 3393 3857 tantum
3431 3805 3502 3858 ob
3532 3805 3658 3873 styli

2069 3898 2122 3942 et
2146 3889 2360 3958 phrasis
2381 3889 2813 3955 similitudinem,
2841 3890 2936 3945 sed
2959 3892 3122 3946 etiam
3154 3908 3220 3947 ex
3247 3893 3499 3948 codicum
3524 3910 3656 3950 mss.

2071 3982 2207 4049 lide,
2239 3983 2507 4051 posterior
2536 3984 2733 4047 etiam,
2767 3983 2960 4053 partim
2989 3985 3060 4039 ob
3090 3987 3315 4056 stylum,
3350 3987 3546 4055 partim
3589 3990 3662 4044 ob

2071 4080 2472 4142 argumentum,
2511 4073 2778 4144 Prospero
2810 4076 3182 4132 vindicantur.
3214 4078 3466 4133 Alllrmat
3512 4079 3660 4134 enim

2076 4165 2234 4235 hujus
2262 4165 2522 4220 editionis
2559 4177 2782 4221 curator
2805 4165 3044 4223 Joannes
3091 4167 3329 4225 Soteaux
3373 4170 3662 4242 (Sotellus)

2075 4259 2446 4313 Montiniensis
2474 4258 2526 4312 in
2560 4257 2883 4328 praefatione
2914 4260 2981 4313 ad
3016 4261 3274 4315 lectorem
3306 4265 3456 4332 (qua:
3481 4280 3510 4317 a
3541 4263 3663 4317 Vlla

2075 4356 2326 4424 Prosperi
2357 4354 2590 4424 incipit),
2642 4354 3071 4424 deprehendisse
3101 4371 3160 4411 se
3198 4357 3365 4412 libros
3394 4357 3462 4412 de
3497 4357 3663 4413 Voca-

2070 4451 2223 4504 tione
2248 4448 2487 4504 omnium
2517 4447 2767 4519 Gentium
2799 4449 2854 4502 in
2883 4448 3278 4518 antiquissimis
3309 4463 3434 4504 mss.
3463 4450 3664 4506 Biblio-

373 4543 574 4589 cuntnr
595 4536 648 4590 in
673 4536 991 4605 praefatione
1014 4539 1324 4594 novissima:
1345 4517 1600 4596 editionis
1625 4517 1963 4598 Parisiensis.
1995 4517 2047 4576 ί)
2074 4540 2245 4594 theca:
2273 4517 2602 4608 regularium
2646 4539 2704 4593 S.
2749 4539 2967 4594 Martini
3008 4517 3240 4595 Lovanii
3265 4583 3279 4607 ,
3311 4540 3665 4596 Bibliotheca:

375 4627 600 4683 Addunt
629 4637 806 4684 tamen
840 4629 1085 4700 ejusdem
1118 4642 1390 4698 auctores,
1423 4635 1510 4704 qui
1545 4649 1731 4703 parum
1762 4637 1970 4706 perSpi-

376 4736 474 4775 cua
500 4721 551 4774 in
580 4720 667 4774 his
694 4730 917 4776 utuntur
944 4724 1210 4790 oratione,
1241 4725 1539 4780 accessisse
1561 4726 1628 4781 de
1652 4742 1813 4792 novo,
1831 4742 1970 4796 pran-

376 4822 462 4868 ter
481 4822 822 4878 enumerata,
854 4812 1259 4882 Responsiones
1287 4814 1352 4868 ad
1375 4813 1620 4885 Capitula
1663 4817 1964 4884 Gallorum,

374 4911 434 4957 et
469 4903 533 4958 ad
565 4903 813 4973 Capitula
853 4902 1234 4973 ObjeCtionum
1279 4905 1774 4962 Vincentianarum.
1813 4910 1970 4965 0mi-

373 4997 656 5050 sitautem
692 4993 1022 5050 Cbronicum
1072 4998 1363 5067 integrum,
1415 4999 1558 5068 quod
1611 5001 1753 5054 inter
1798 5001 1968 5058 Euse-

372 5089 532 5141 biana
549 5089 887 5156 aliorumque
903 5086 1170 5143 Chronica
1192 5103 1450 5143 excusum
1472 5100 1634 5155 esset,
1654 5101 1706 5146 et
1728 5095 1868 5162 quod
1898 5096 1968 5150 ob

372 5181 596 5235 nimiam
626 5180 1030 5250 corruptionem
1057 5181 1244 5237 lectori
1269 5182 1483 5238 fastidio
1511 5185 1624 5240 fore
1669 5186 1963 5243 videretur.

449 5275 607 5330 1550.
641 5273 870 5328 Colonia
893 5275 1170 5328 excutiebat
1198 5273 1340 5328 Hera
1376 5275 1647 5345 Al0pecins
1669 5293 1686 5339 ;
1710 5278 1872 5333 iri-8°.
1898 5279 1958 5334 D.

369 5365 652 5432 Prosperi,
703 5365 1006 5435 Aquitanici
1039 5406 1054 5430 ,
1105 5366 1348 5435 episcopi
1391 5366 1714 5437 Regiensis,
1763 5370 1960 5440 Opera,

366 5457 666 5512 collatione
701 5467 1033 5512 vetustorum
1062 5459 1454 5528 exemplarium
1496 5462 1789 5529 recognita.
1837 5464 1958 5520 Cat.

365 5551 515 5608 Bibl.
551 5553 682 5622 Reg.
715 5551 887 5606 Paris.
918 5552 1240 5622 Grypltiante
1262 5551 1532 5620 repetitio.

441 5645 605 5701 1552.
648 5644 894 5710 Colonia,
932 5645 1077 5713 apud
1105 5642 1282 5698 Lamb.
1317 5644 1587 5715 Sylvium;
1616 5645 1778 5702 ὅθι-8⁸.
1829 5647 1958 5703 Pro-

365 5740 512 5802 aperi
541 5749 597 5794 et
646 5737 838 5794 Hilarii
880 5736 1213 5793 Arelatensis
1243 5735 1489 5805 epistolae
1519 5738 1639 5794 duce
1670 5739 1734 5794 ad
1766 5739 1824 5796 Β.
1854 5743 1957 5796 Au-

2072 4633 2303 4688 abbatite
2325 4631 2751 4688 Cambronensis
2781 4640 2835 4687 et
2873 4632 3232 4688 Bonelliensis
3261 4633 3493 4688 abbatiae
3521 4635 3664 4704 apud

2073 4723 2420 4790 Namurcum,
2454 4722 2703 4792 Prosperi
2736 4721 2954 4777 nomine
2993 4724 3303 4793 inscriptos.
3349 4724 3426 4779 De
3451 4725 3664 4781 czeteris

2069 4817 2150 4873 sic
2171 4825 2356 4872 monet
2386 4816 2562 4871 editor
2587 4833 2598 4868 :
2629 4833 2648 4866 ς
2671 4815 2861 4870 Libros
2887 4817 2955 4871 de
2969 4816 3418 4873 Prtedictionibus
3447 4829 3500 4873 et
3526 4819 3662 4873 Pro.

2074 4908 2422 4964 missionibus
2476 4907 2572 4963 Dei
2603 4923 2710 4962 non
2765 4909 3081 4978 ignoramus
3130 4910 3378 4979 plurimis
3426 4912 3482 4965 in
3526 4911 3664 4966 locis

2075 4999 2389 5065 mendosos,
2444 5008 2500 5053 et
2553 5003 2643 5068 (ut
2690 5004 2954 5070 apparet)
3000 5001 3218 5056 mutilos
3249 5017 3397 5068 esse,
3450 5003 3663 5058 tametsi

2076 5091 2215 5146 baud
2245 5091 2317 5146 ita
2361 5100 2521 5159 atque
2553 5106 2673 5146 cum
2705 5107 2799 5147 eos
2840 5094 2892 5147 in
2938 5109 3129 5148 manus
3168 5095 3424 5164 legendos
3453 5097 3664 5166 accipe-

2074 5199 2277 5240 remus.
2309 5184 2412 5239 Sed
2455 5199 2578 5239 cum
2610 5185 2765 5240 nobis
2808 5185 3137 5255 exemplaria
3179 5189 3506 5242 correctiora
3552 5204 3660 5242 non

2073 5286 2445 5345 suppetereut,
2468 5275 2746 5332 noluimus
2786 5276 3077 5347 quidquam
3108 5294 3171 5333 ex
3205 5279 3519 5347 conjectura
3562 5281 3662 5333 im-

2074 5383 2304 5427 mutare.
2335 5371 2389 5426 Si
2434 5372 2520 5425 cui
2557 5369 2628 5425 ob
2652 5371 2921 5426 minorem
2965 5371 3324 5426 eruditionem
3373 5372 3662 5427 videantur

2069 5478 2096 5514 a
2126 5462 2252 5516 divo
2297 5462 2565 5530 Prospero
2595 5462 2777 5517 adhuc
2813 5463 3052 5531 juniorc,
3077 5462 3297 5532 jamque
3328 5464 3561 5532 primum
3608 5467 3660 5520 in

2067 5556 2236 5609 sacris
2267 5554 2463 5608 litteris
2494 5568 2616 5609 sese
2652 5562 2942 5608 exercente
2971 5553 3188 5623 scripti,
3232 5554 3473 5610 obstabit
3515 5557 3660 5624 quod

2067 5646 2345 5716 trigesimo
2376 5655 2568 5700 octavo
2609 5647 2785 5715 capite
2821 5646 3076 5701 secundas
3121 5649 3288 5717 partis
3325 5657 3512 5704 auctor
3545 5649 3662 5716 ipse

2068 5741 2137 5795 ita
2173 5741 2410 5810 loquitur
2439 5739 2589 5795 velut
2614 5739 2731 5810 jam
2785 5754 2957 5795 annos
2995 5740 3296 5809 iuventutis
3337 5755 3658 5802 excesserit.
