4088 6176
499 188 567 244 56
961 186 1485 244 SCHCENEMANNI
1524 188 1798 244 NOTITIA
1839 183 2652 244 HISTORICOLITTERARIA
2692 185 2755 241 IN
2781 186 2839 243 S.
2871 186 3302 246 PROSPERUM.

500 300 563 359 Ut
590 313 738 359 certe
770 304 1024 371 Brosperi
1059 318 1166 358 non
1198 303 1502 368 videantur,
1541 317 1648 357 non
1691 316 1758 357 eo
1783 311 1987 355 tantum
2023 300 2080 354 lit
2105 301 2158 360 Α

499 393 795 462 probabile,
828 393 966 462 quod
999 392 1314 448 Gennadius
1341 403 1396 447 et
1424 391 1757 446 Trithemius
1785 405 2075 446 recensen-

502 495 580 539 tes
610 500 731 554 qua:
759 483 943 538 abillo
974 486 1175 552 scripta
1205 487 1338 550 sint,
1374 482 1538 552 hujus
1564 481 1755 552 Operis
1801 497 1906 536 non
1955 494 2071 535 me-

494 575 724 643 minere,
750 573 844 629 sed
874 573 1040 629 etiam
1068 589 1135 629 ex
1166 575 1376 644 phrasis
1397 588 1461 628 ac
1487 574 1610 644 styli
1653 573 1882 626 maxima
1915 571 2075 625 dissi-

493 669 828 732 militudine,
873 667 1123 738 quodque
1171 665 1471 734 smpissime
1503 674 1615 719 toto
1661 665 1838 731 Opere
1882 673 2074 717 auctor

493 763 642 817 hisce
671 761 958 815 sententiis
985 769 1042 813 ut
1085 758 1187 814 sibi
1218 756 1654 811 familiarissimis
1684 765 1898 809 utatur:
1953 753 2073 808 Non

493 866 693 912 tantum
721 856 838 916 sibi,
869 863 1117 924 quantum
1157 853 1310 906 etiam
1340 851 1465 916 suis,
1499 861 1631 915 etc.,
1659 859 1790 913 etc.,
1819 865 1921 902 non
1951 857 2070 901 tan-

493 959 599 1003 tum
628 947 890 1020 prateriti,
911 956 1160 1015 quantum
1187 943 1341 997 etiam
1368 942 1629 1008 presentis
1647 986 1661 1008 ,
1685 949 1817 1003 etc.,
1849 954 1987 1009 quas
2016 942 2068 993 in

492 1041 623 1108 ipsis
651 1041 710 1092 υ.
740 1037 989 1104 Prosperi
1021 1037 1172 1090 libris
1201 1049 1306 1088 non
1332 1033 1570 1104 reperies
1598 1048 1850 1102 usquam.
1873 1032 2070 1085 Faten-

487 1131 614 1185 dum
647 1139 824 1185 tamen
866 1139 949 1184 est
973 1127 1044 1181 ab
1090 1127 1311 1180 homine
1349 1125 1676 1196 scriptorum
1716 1139 1779 1179 ac
1804 1123 2066 1179 librorum

487 1221 594 1275 divi
627 1218 903 1289 Augustini
950 1215 1353 1272 studiosissimo
1392 1216 1623 1286 scriptos
1665 1229 1806 1268 esse.
1839 1215 1969 1267 Nam
2015 1223 2069 1268 et

488 1314 604 1380 ipsa
637 1310 920 1379 Augustini
943 1309 1107 1362 verba
1131 1323 1234 1361 non
1265 1306 1430 1360 semel
1461 1309 1590 1362 citat
1619 1322 1634 1362 :
1666 1321 1786 1374 qua:
1811 1320 1917 1373 quo
1947 1306 2067 1359 loco

487 1403 627 1470 apud
669 1401 818 1454 illum
849 1399 1165 1464 habeantur,
1201 1397 1253 1450 in
1288 1397 1528 1465 margine
1551 1396 1949 1451 annotavimus.
1980 1395 2068 1449 Li-

490 1493 569 1546 bri
598 1500 787 1546 contra
817 1490 1149 1544 Coliatorem
1175 1487 1288 1558 (qui
1317 1501 1370 1542 et
1389 1486 1596 1541 mendis
1623 1486 1864 1540 scatebat
1901 1495 1955 1540 et
1976 1502 2066 1538 or-

486 1585 626 1638 dinis
666 1584 822 1651 plane
860 1591 975 1636 erat
1020 1581 1344 1650 perturbati,
1377 1581 1628 1649 quoniam
1668 1580 1718 1632 in
1763 1594 1828 1632 eo
1858 1577 2058 1646 passim

3702 187 3780 244 ιο

2779 315 2994 355 δεουιο
3032 316 3162 357 XVII.

2251 389 2407 448 1691.
2437 389 2772 463 Ingolstadii,
2801 408 2866 446 ea:
2888 393 3084 462 oﬁicina
3105 391 3400 459 Ederiana;
3429 392 3595 447 iit-1°.
3630 392 3775 449 Pro-

2174 481 2318 550 speri
2353 485 2491 553 Aqu.
2522 483 2826 538 Chronicon
2856 484 3119 554 integrum
3141 526 3156 551 ,
3191 486 3242 539 in
3273 485 3408 539 duas
3438 491 3620 554 partes
3654 486 3762 540 tri-

2175 575 2380 641 butum,
2433 577 2560 631 item
2603 593 2725 647 pars
2768 578 3033 647 posterior
3079 580 3134 647 (a
3186 579 3415 649 vulgatis
3462 579 3769 634 admodum

2175 668 2467 737 recedens)
2507 684 2576 722 ex
2606 685 2709 724 ms.
2741 669 3090 738 Augusrano;
3130 670 3183 724 in
3213 670 3376 725 Henr.
3408 668 3610 724 Canisii
3658 669 3770 723 Le-

2172 759 2439 814 ctionibus
2456 760 2707 829 antiquis,
2729 769 2765 814 t.
2788 760 2824 814 l.
2837 760 2967 816 Vide
2983 761 3072 815 ed.
3099 761 3502 830 Basnagianam,
3520 775 3572 814 a.
3597 759 3766 814 1725.

2244 853 2402 908 1604.
2445 853 2745 926 Burdigalae
2764 897 2779 921 ,
2803 856 2946 924 apud
2979 857 3243 911 Simonem
3271 856 3603 928 Millangium
3625 897 3640 922 ,
3675 858 3768 911 in-

2172 944 2317 1014 folio.
2364 945 2613 1010 PrOSperi
2661 951 2796 1016 Aqu.
2845 945 3151 1002 Chronicon
3192 963 3222 1002 a
3266 960 3440 1002 morte
3489 948 3763 1014 Valentis,

2171 1045 2301 1100 etc.,
2337 1036 2388 1088 in
2420 1036 2641 1090 Arualdi
2672 1036 2892 1092 Pontaci
2925 1034 3209 1092 Chronicis
3248 1040 3408 1091 trium
3460 1037 3766 1092 illustrium

2169 1137 2449 1184 auctorum
2505 1128 2746 1196 Eusebii,
2800 1129 3109 1200 Hieronymi
3159 1138 3214 1185 et
3263 1129 3538 1199 PrOSperi,
3593 1145 3763 1201 pagg.

2173 1219 2429 1276 198—210.
2463 1219 2614 1274 Notae
2646 1230 2863 1274 exstant
2891 1235 3043 1291 pagg.
3077 1223 3340 1278 760-790.
3667 1261 3670 1263 -

2241 1307 2401 1363 1606.
2441 1308 2610 1380 Lugd.
2660 1310 2775 1364 Bal.
2827 1327 2938 1365 exc.
2998 1311 3178 1366 Thom.
3231 1311 3459 1368 Bassou.
3503 1312 3760 1378 sttmptib.

2169 1399 2499 1464 Commelin.;
2539 1399 2762 1468 in-folio.
2803 1401 3001 1456 Eadem
3047 1416 3172 1470 pars
3199 1399 3488 1469 Chronici,
3536 1403 3587 1455 in
3634 1402 3758 1459 Jos.

2169 1491 2424 1558 Sc.iligeri
2467 1490 2741 1545 Thesauro
2783 1491 3101 1560 Temp.,pp.
3143 1491 3401 1557 188—197,
3453 1501 3506 1546 et
3535 1493 3664 1547 ibid.
3701 1494 3760 1548 in

2166 1584 2293 1635 edit.
2325 1583 2809 1636 Attisteludamcusi
2832 1583 2968 1651 apud
2995 1583 3152 1639 Joan.
3180 1583 3432 1639 Jattsson.
3472 1583 3633 1638 1638.

484 1675 646 1728 verba
675 1674 924 1738 Prospcri
946 1672 1206 1740 impressa
1235 1681 1388 1725 erant
1417 1681 1684 1739 tamquam
1715 1668 1955 1722 Cassiani
1981 1684 2066 1722 es-
2101 1659 2142 1714 Β
2242 1671 2400 1727 1609.
2427 1672 2652 1726 Colonia:
2671 1671 2974 1743 Agrippina:
2995 1674 3274 1728 excutiebat
3301 1671 3566 1727 Arnoldus
3591 1673 3759 1726 Kent-

482 1764 641 1835 sent)
681 1764 1064 1834 castigationes
1101 1761 1528 1816 subministravit
1569 1761 1808 1815 eruditus
1851 1772 1905 1814 et
1945 1759 2061 1813 exi-

483 1859 622 1910 mius
651 1855 753 1922 vir,
785 1869 951 1909 sacrze
981 1854 1266 1922 theologia:
1295 1853 1492 1922 Regius
1517 1851 1737 1907 Lovanii
1762 1851 2059 1920 professor,

479 1948 548 2002 Μ.
596 1949 830 2003 Joannes
885 1945 1099 2002 Hessels
1149 1961 1179 1998 a
1225 1945 1495 2008 Lovauio,
1535 1945 1674 1998 sicut
1713 1952 1767 1997 et
1813 1958 2058 2013 magnam

481 2050 683 2108 partem
713 2054 898 2093 eorum
931 2052 1049 2106 qua:
1090 2047 1265 2092 tecum
1298 2036 1401 2090 huc
1432 2051 1603 2104 usque
1646 2035 1808 2090 locuti
1848 2051 2056 2103 sumus,

480 2130 651 2184 lector
675 2128 1000 2183 Christiane.
1029 2145 1048 2178 ι
1079 2127 1134 2180 lu
1165 2126 1351 2180 eadem
1383 2128 1698 2195 pra-latione
1731 2136 1994 2179 remotum
2027 2141 2056 2180 a

476 2235 535 2276 se
564 2221 696 2274 dicit
723 2220 952 2276 Carmen
981 2219 1048 2273 de
1073 2217 1438 2286 Providentia,
1466 2219 1588 2288 quia
1621 2218 1923 2287 Pelagianae
1951 2218 2052 2272 do-

475 2314 662 2366 ctrina:
689 2311 786 2375 sit;
817 2320 1052 2364 attamen
1079 2310 1131 2363 in
1177 2310 1294 2379 ipso
1339 2310 1614 2364 volumine
1644 2311 1834 2364 eodem
1864 2309 2055 2365 ordine

474 2408 796 2475 impressum
829 2413 1008 2459 exstat
1049 2420 1156 2472 quo
1202 2419 1230 2456 a
1258 2403 1586 2473 praecedenti
1635 2403 1872 2458 editione
1899 2404 2053 2458 exhi-

470 2499 638 2552 bitum
671 2498 747 2570 (a)
783 2497 980 2552 fuerat.
1015 2499 1377 2552 Accesscrunt
1415 2496 1646 2566 denique
1675 2495 1801 2551 huic
1829 2496 2052 2551 editioni

471 2591 673 2645 indices
699 2589 1105 2659 locupletissimi
1137 2605 1318 2642 rerum
1348 2599 1400 2642 et
1433 2588 1862 2657 Scripturarum,
1898 2588 1953 2642 in
1981 2589 2050 2642 ti-

468 2683 580 2738 tulo
610 2684 772 2737 etiam
801 2683 988 2737 notati.
1014 2682 1293 2752 lnscrip~it
1317 2681 1700 2737 eam'Sotellus
1721 2683 1917 2736 Carolo
1947 2699 2046 2736 van

465 2777 563 2832 der
591 2775 795 2830 Lindeu
837 2775 1147 2828 monasterii
1178 2773 1459 2828 Parcensis
1488 2774 1605 2826 ord.
1641 2774 2044 2828 Praemonstrat.

466 2867 602 2935 apud
631 2865 920 2920 Levanium
953 2864 1154 2925 abbati,
1189 2864 1414 2933 epistola
1444 2864 1564 2917 data
1595 2863 1815 2918 Lovanii
1849 2879 1914 2918 ex
1949 2864 2048 2917 mi-

466 2959 584 3014 uori
614 2956 842 3026 collegio
872 2955 1267 3024 Theologoruzn
1308 2957 1369 3009 15
1395 2953 1648 3008 kalendas
1688 2955 1851 3009 Maias
1886 2953 2043 3009 1575.

2165 1764 2337 1833 pensis
2373 1765 2660 1833 sumptibus
2687 1763 2907 1819 Joannis
2938 1763 3124 1819 Crithii
3144 1782 3161 1830 ,'
3199 1765 3368 1820 iit-8°.
3400 1767 3462 1821 D.
3497 1766 3758 1836 Prospcri

2167 1856 2562 1925 Aquitanici....
2593 1856 2770 1928 Opera
2797 1866 3044 1912 accurata
3089 1859 3484 1928 exemplarium
3510 1871 3757 1916 vetusto-

2166 1963 2279 2000 rum
2309 1947 2598 2002 collatione
2633 1963 2659 2000 a
2689 1948 2900 2003 mendis
2931 1965 3066 2017 pene
3099 1951 3396 2006 innumeris
3434 1961 3752 2023 repurgata.

2163 2039 2432 2108 Repetitio
2461 2040 2713 2094 editionis
2733 2040 2888 2095 Joan.
2917 2041 3160 2096 Olivarii.

2233 2131 2390 2186 1609.
2415 2130 2659 2196 Parisiis,
2680 2148 2742 2184 ex
2763 2131 2855 2198 o/f.
2887 2132 3180 2186 Niveliiana
3211 2135 3353 2202 apud
3380 2132 3592 2188 Sebast.
3616 2134 3751 2190 Cra-

2161 2226 2360 2294 ntoisy;
2389 2223 2547 2278 in-4°.
2579 2223 2886 2280 Chronicon
2921 2226 3173 2295 Prosperi
3199 2226 3412 2280 Tironis
3440 2227 3750 2296 Aquitania

2161 2325 2334 2369 morte
2366 2315 2606 2368 Valentis
2642 2316 2772 2384 imp.
2807 2314 2874 2368 ad
2902 2324 3112 2383 captant
3140 2331 3169 2369 a
3200 2316 3491 2370 Censerico
3521 2315 3746 2371 Urbem.

2158 2405 2309 2460 Νυηο
2339 2406 2568 2474 primum
2603 2407 2654 2460 in
2689 2406 2866 2461 lucem
2907 2407 3134 2474 editum,
3166 2407 3321 2477 longe
3364 2407 3509 2462 aliud
3551 2407 3620 2462 ab
3675 2422 3745 2463 eo

2158 2496 2302 2565 quod
2337 2496 2595 2554 hactenus
2625 2498 2684 2550 Β.
2717 2497 3030 2566 Hieronymi
3072 2497 3340 2553 Chronico
3389 2500 3736 2568 subiunctum

2157 2589 2404 2643 est.ltem
2431 2589 2812 2657 Fragmentum
2842 2606 2907 2644 ex
2932 2589 3202 2645 Chronico
3236 2591 3467 2646 Victoris
3495 2592 3736 2662 episcopi

2157 2679 2690 2742 TunnensisAfricze,
2714 2681 2854 2750 quod
2886 2683 3108 2751 subjecit
3137 2680 3408 2736 Chronico
3440 2682 3736 2751 Prospcri;

2156 2772 2206 2824 in
2239 2770 2384 2825 Petri
2426 2771 2617 2825 Pithcni
2661 2771 2921 2838 Operibus
2958 2788 3110 2842 pagg.
3141 2772 3364 2828 399—42.
3399 2773 3472 2827 De
3500 2773 3738 2830 editione

2155 2865 2321 2934 prima
2352 2880 2399 2917 a.
2438 2864 2596 2929 1588,
2628 2865 2862 2919 nondum
2911 2866 3040 2918 mihi
3071 2865 3205 2919 certi
3229 2865 3428 2934 aliquid
3457 2874 3698 2920 constat.

2225 2955 2383 3010 1611.
2421 2956 2614 3022 Romm,
2643 2971 2702 3008 ea:
2739 2965 2941 3026 typoyr.
2989 2971 3203 3008 camera:
3247 2955 3632 3023 apostolica...
3667 2956 3730 3010 D.

542 3050 699 3104 1577.
757 3047 942 3111 Duaci,
1001 3063 1065 3100 ea:
1113 3045 1205 3112 οΙῙ.
1238 3045 1461 3099 Joannis
1514 3045 1778 3116 Bogardi,
1839 3056 2040 3116 typogr.
2071 3028 2117 3091 (ἶ
2152 3045 2497 3115 Prosperi....
2529 3047 2703 3113 Opera
2734 3047 2823 3115 (ex
2859 3047 2985 3100 edit.
3015 3045 3168 3100 Joan.
3196 3046 3458 3117 Olivarii).
3493 3048 3731 3101 Bencdd.

458 3141 646 3213 jurati,
677 3139 767 3195 sub
800 3138 981 3192 Bibliis
1007 3139 1208 3202 aureis;
1241 3138 1406 3192 in-S".
1443 3138 1556 3190 Divi
1588 3138 1840 3205 Prosperi
1874 3137 2043 3207 Aqui-

463 3232 652 3298 tanici,
708 3231 944 3300 episcopi
994 3229 1307 3299 Regieusis,
1357 3227 1565 3297 Opera,
1595 3237 1845 3283 accurata
1893 3238 2045 3283 vetu-

460 3333 665 3378 storum
697 3322 1085 3390 exemplarium
1115 3320 1404 3376 collatione
1429 3336 1459 3374 a
1483 3319 1692 3375 mendis
1720 3335 1858 3390 pene
1889 3320 2043 3374 innu-

462 3415 624 3469 meris
653 3422 960 3482 repurgata.

530 3505 837 3574 Superioris
864 3503 1116 3558 editionis
1153 3503 1447 3558 substantia
1486 3518 1590 3558 non
1616 3513 1769 3557 aucta
1797 3515 1896 3558 εει.
1932 3503 2036 3558 Sed

457 3613 578 3668 qua:
601 3599 652 3652 in
680 3597 868 3652 eadem
899 3611 1004 3650 nou
1036 3597 1168 3650 satis
1201 3605 1495 3665 expurgata
1528 3597 1757 3651 fuissent
1786 3596 2040 3662 Prosperi

455 3692 678 3761 scripta,
727 3705 869 3744 nunc
917 3688 1190 3752 nitidiora,
1223 3699 1278 3743 et
1318 3703 1421 3742 non
1471 3688 1677 3742 modica
1726 3690 2040 3744 accessione

456 3799 580 3840 cum
611 3784 882 3837 variarum
916 3781 1202 3836 lectionum
1225 3822 1239 3846 ,
1273 3791 1380 3834 tum
1417 3782 1648 3850 plurium
1680 3782 1994 3838 lacunarum
2019 3822 2034 3845 ,

457 3874 797 3942 maximeque
824 3875 984 3928 unius
1012 3887 1267 3941 perquam
1299 3873 1522 3940 insignis
1553 3874 1928 3943 supplemento
1961 3873 2039 3925 Io-

455 3965 753 4030 cupletiora
773 3979 839 4034 se
869 3964 998 4018 dare
1030 3962 1305 4030 professus
1333 3973 1416 4016 est
1443 3963 1677 4018 Joannes
1707 3964 1892 4018 nescio
1918 3965 2036 4032 quis

458 4054 732 4109 Olivarins
780 4053 857 4123 (b)
901 4054 954 4108 in
997 4053 1221 4121 epistola
1262 4053 1329 4106 ad
1370 4052 1631 4107 Joannem
1675 4053 2034 4108 Sacraeeuum

457 4148 691 4215 priorem
731 4145 1086 4199 Vedastinum
1114 4143 1354 4199 Atrebati
1387 4142 1518 4215 (dat.
1551 4143 1720 4196 Duaci
1758 4144 1884 4197 idib.
1920 4143 2035 4198 No-

452 4237 615 4292 vcmb.
650 4235 832 4307 1576).
869 4254 887 4287 ι
927 4234 1341 4290 Emendationes
1386 4234 1594 4305 (enim)
1629 4235 1919 4303 plurimas,
1955 4239 2035 4289 in-

449 4329 586 4400 quit,
621 4329 745 4384 item
776 4327 952 4382 varias
982 4327 1240 4382 lectiones
1271 4328 1464 4395 partim
1489 4327 1856 4394 suppeditavit
1880 4329 2034 4382 nobis

2147 3157 2212 3196 cx
2235 3141 2352 3197 Cat.
2372 3141 2510 3194 Bibl.
2535 3139 3271 3208 Cordesianze(Paris.1645,
3293 3139 3532 3210 iit-4°),p.
3561 3140 3654 3194 73.

2223 3235 2382 3289 1619.
2421 3233 2780 3286 Parisiis......
2817 3234 2982 3287 iri-8°.
3033 3231 3244 3285 Tironis
3283 3231 3531 3302 Prosperi
3561 3232 3731 3299 Aqui-

2151 3326 2260 3380 tani
2289 3324 2571 3380 Confessio
2604 3339 2743 3377 nunc
2791 3324 3020 3392 primum
3066 3323 3206 3377 edita
3238 3336 3307 3377 ex
3338 3322 3526 3377 codice
3583 3323 3729 3377 Vati-

2145 3433 2281 3474 cano
2313 3434 2407 3488 per
2435 3415 2543 3472 Jac.
2586 3416 2975 3481 Sirmondum;
3017 3430 3136 3469 cum
3171 3415 3392 3484 Eugenii
3426 3431 3513 3483 ep.
3547 3415 3726 3470 Tolet.

2144 3508 2448 3575 Opusculis,
2473 3508 2670 3576 quibus
2698 3507 2971 3562 Dracontii
3002 3507 3340 3575 aliorumque
3369 3515 3476 3560 vet.
3516 3507 3722 3560 Eccles.

2143 3600 2243 3655 SS.
2285 3599 2528 3668 quaedam
2567 3597 2865 3668 (poemata)
2911 3597 3121 3666 adjecta
3165 3604 3311 3653 sunt.
3355 3597 3560 3659 Recns:i
3601 3606 3728 3652 sont

2143 3693 2260 3747 lucc
2286 3691 2463 3745 omnia
2496 3690 2550 3744 in
2578 3688 2845 3759 Operibus
2874 3688 2988 3744 Jac.
3023 3686 3327 3754 Sirmondi,
3354 3687 3526 3742 Paris.
3561 3686 3724 3755 1696,

2143 3795 2181 3843 t.
2213 3784 2276 3852 ll,
2306 3799 2461 3854 pagg.
2493 3783 2620 3846 915,
2652 3783 2779 3837 911.

2214 3877 2369 3931 1622.
2417 3875 2796 3940 Helmwstadii,
2831 3875 2964 3944 typis
3016 3874 3276 3929 liceredum
3319 3871 3498 3926 Jacobi
3537 3872 3724 3937 Lucii;

2139 3965 2313 4020 iit-8°.
2342 3965 2397 4019 S.
2443 3964 2695 4032 Prosperi
2732 3964 3025 4020 Sententiae
3063 3981 3128 4019 ex
3171 3965 3231 4018 Β.
3277 3964 3557 4031 Augustini
3607 3977 3724 4015 mo-

2139 4055 2412 4109 numentis
2440 4056 2708 4117 collectae,
2741 4055 2882 4110 unde
2911 4064 2964 4109 et
3001 4070 3028 4108 a
3077 4055 3395 4124 quibusdam
3428 4055 3721 4109 Sententiae

2141 4147 2424 4216 Augustini
2471 4147 2838 4216 appellantur;
2877 4148 2928 4200 in
2971 4147 3198 4216 gratiam
3249 4147 3462 4215 pictatis
3493 4153 3549 4198 et
3577 4144 3720 4199 veri-

2138 4239 2263 4293 tatis
2307 4241 2601 4296 amautium
2645 4238 2873 4294 seorsim
2917 4239 3106 4302 cditte;
3144 4253 3266 4292 cum
3298 4237 3474 4291 indice
3531 4235 3720 4302 alpha-

2137 4329 2312 4387 betico
2342 4329 2748 4399 copiosissimo,
2787 4330 2842 4384 in
2871 4344 3029 4398 quem
3060 4343 3199 4397 pene
3226 4341 3414 4381 omnes
3438 4324 3712 4380 sententia

452 4422 589 4477 liber
630 4430 718 4475 tua
760 4421 1019 4491 singulari
1061 4419 1324 4474 industria
1355 4420 1584 4473 collatus
1627 4434 1748 4473 cum
1796 4420 2028 4488 antiquis
2061 4401 2112 4461 D
2138 4421 2324 4476 relatae
2352 4429 2495 4475 sunt.

449 4516 756 4576 codicibus,
813 4516 1003 4584 partim
1056 4513 1480 4568 vetustissimum
1533 4513 1784 4566 volumen
1839 4513 2030 4566 biblio-

449 4609 619 4663 thecze
664 4607 1115 4669 Cambronensis,
1160 4605 1300 4673 quod
1349 4604 1581 4658 habebat
1620 4619 1780 4656 manu
1822 4603 2029 4658 descri-

447 4714 599 4770 ptos,
633 4701 700 4754 de
734 4701 847 4755 Vita
881 4698 1308 4765 Contemplativa
1355 4697 1521 4750 libros
1554 4708 1693 4759 tres,
1738 4695 1806 4749 de
1851 4695 2024 4750 Vora-

447 4797 591 4848 tione
620 4793 869 4849 Gentium
896 4791 1029 4845 duos
1053 4801 1106 4844 et
1137 4805 1297 4843 unum
1333 4789 1814 4857 Epigrammatum.
1842 4788 2024 4857 Itaque

444 4902 505 4939 ex
557 4901 622 4939 eo
666 4885 730 4939 iis
777 4885 827 4937 iu
885 4883 1034 4937 libris
1071 4882 1236 4935 multa
1273 4890 1398 4935 sunt
1436 4881 1574 4936 facta
1615 4880 1866 4944 meliora,
1897 4896 2015 4948 qua:

441 4978 702 5038 deerant,
745 4973 1023 5042 suppleta,
1072 4980 1325 5026 annotata
1362 4971 1624 5040 plurima;
1659 4986 1724 5024 ne
1753 4971 2020 5025 acerrimo

441 5068 656 5138 quidem
701 5066 905 5135 judicio
955 5073 1069 5130 tuo,
1103 5063 1188 5118 cui
1242 5063 1475 5117 libenter
1513 5062 1598 5115 illa
1629 5062 2017 5128 submittimus,

440 5157 814 5225 improbanda.
862 5175 881 5208 ι
924 5155 1189 5210 thterum
1237 5163 1380 5207 totus
1423 5153 1720 5221 superioris
1765 5152 2019 5207 editionis

439 5249 594 5315 ordo,
631 5250 833 5302 iudices
865 5249 989 5303 item
1019 5255 1179 5315 atque
1201 5245 1335 5299 adeo
1362 5244 1582 5299 Joannis
1612 5243 1801 5298 Sotelli
1833 5245 2020 5314 praefa-

439 5341 518 5393 tio
547 5342 612 5394 ad
645 5341 902 5395 lectorem
935 5340 1023 5395 hic
1053 5349 1263 5394 servata
1292 5346 1435 5392 sunt.

508 5475 581 5542 (η)
618 5475 767 5543 Fugit
794 5475 896 5530 hoc
921 5476 1155 5530 editores
1188 5475 1534 5538 Parisienses,
1562 5473 1701 5541 quod
1738 5473 1908 5543 ipsum
1940 5474 2005 5528 li-

438 5547 592 5604 lurum
630 5547 892 5611 inspicere
923 5547 1360 5612 supersederunt.

509 5618 584 5677 ibi
611 5615 676 5674 In
708 5615 888 5672 litteris
928 5625 1124 5669 tantum
1152 5617 1536 5674 humanioribus
1561 5626 1812 5670 versatum
1853 5625 2003 5685 afque

2210 4510 2365 4564 1656.
2398 4510 2614 4565 Lutetia:
2641 4509 2989 4576 Parisiorum,
3028 4518 3222 4577 sumpt.
3253 4507 3373 4563 Seb.
3409 4507 3714 4578 Crantoisy;

2132 4602 2346 4672 in-fol°.
2403 4602 2653 4669 Prosperi
2698 4602 2836 4672 Aqu.
2869 4602 3317 4655 Chronicon......
3365 4614 3431 4654 ex
3478 4599 3564 4652 ed.
3615 4599 3712 4652 viri

2133 4696 2203 4748 cl.
2241 4695 2386 4749 Petri
2437 4695 2661 4750 Pithoei:
2708 4695 2758 4748 in
2795 4694 3076 4748 Duchesne
3116 4693 3435 4759 Scriptorih.
3472 4691 3712 4746 Francia:

2131 4785 2455 4850 Comtaneis,
2490 4795 2635 4839 tomo
2686 4785 2726 4849 l,
2756 4800 2907 4854 pagg.
2943 4785 3200 4839 196-201.
3240 4784 3371 4838 item
3402 4783 3710 4838 Chronicon

2129 4879 2197 4932 ab
2224 4879 2358 4933 orbe
2387 4877 2624 4946 coiidito,
2671 4893 2796 4943 pars
2844 4879 3128 4947 posterior,
3182 4877 3399 4931 Eusebii
3440 4888 3492 4931 et
3524 4876 3714 4931 Hiero-

2127 4971 2270 5040 nymi
2301 4969 2583 5025 Chronicis
2624 4969 2841 5039 adiungi
2886 4969 3065 5034 solita,
3102 4968 3269 5023 multo
3300 4984 3458 5038 quam
3508 4967 3561 5022 in
3595 4968 3712 5021 vul-

2123 5067 2263 5135 gatis
2286 5064 2682 5132 exemplaribus
2722 5063 3065 5117 emendatior
3100 5071 3154 5117 et
3198 5063 3407 5116 auctior
3457 5077 3519 5116 ex
3568 5077 3706 5116 mss.

2123 5156 2282 5210 codd.
2339 5155 2453 5209 Jac.
2526 5154 2800 5209 Sirmondi
2864 5164 2919 5209 ct
2967 5153 3112 5209 Petri
3166 5154 3364 5210 Franc.
3418 5153 3707 5222 Chiflletii,

2126 5262 2280 5317 pagg.
2311 5244 2569 5305 201-209.

2199 5338 2352 5392 1657.
2370 5337 2610 5400 Parisiis,
2627 5338 2767 5406 apud
2791 5338 2911 5394 Seb.
2932 5349 2976 5393 et
2994 5337 3155 5393 Gabr.
3173 5338 3472 5408 Cramoisy;
3489 5333 3700 5401 in-fol0.

2116 5491 2146 5525 α
2175 5490 2324 5527 sacro
2354 5473 2643 5543 theologica
2669 5476 2839 5528 studio
2869 5476 3022 5543 plane
3063 5476 3291 5529 alienum
3339 5490 3400 5530 se
3426 5473 3557 5529 dicit
3601 5485 3699 5540 per

2112 5545 2452 5598 occasionem
2504 5547 2904 5612 excusationis,
2946 5547 3089 5615 quod
3132 5547 3388 5616 scriptori
3443 5544 3700 5604 ecclesia-

2113 5618 2246 5671 stico
2269 5630 2462 5672 manus
2487 5616 2813 5672 admoverit.
