4088 6176
365 276 433 332 57
800 266 1322 327 εοιιοΕΝΕιιΑΝΝι
1361 267 1635 326 NOTITIA
1679 264 1967 322 HISTORIt

2070 263 2489 324 LITTERARIA
2531 269 2597 326 IN
2637 271 2691 325 S.
2739 270 3173 330 PROSPERUM.
3565 275 3638 331 58

370 395 476 448 Viri
508 389 796 447 clarissimi
825 388 1042 442 Tironis
1071 386 1322 455 Prosperi
1356 385 1609 453 Aquitani
1641 384 1947 438 Chronicon
1979 380 2028 439 A
2056 379 2238 452 Neque
2263 384 2404 439 enim
2433 385 2764 442 Benedictini
2788 389 2961 443 solum
3003 390 3057 444 in
3091 389 3322 444 Ilistoria
3351 389 3640 446 Litteraria

366 488 632 555 integrum
671 482 740 536 ab
769 481 977 535 Adamo
1002 478 1069 532 ad
1112 477 1335 531 Romam
1365 487 1574 544 captam
1605 491 1632 528 a
1655 475 1949 529 Genserico

366 576 565 634 Wand.
611 588 771 643 rege,
823 587 876 626 tn
927 569 1061 625 duas
1112 577 1295 638 partes
1345 567 1716 622 distributum.
1771 564 1950 619 Prima

365 684 517 741 pars,
549 667 617 721 ab
647 673 767 718 ortu
797 677 978 717 rerum
1007 661 1071 714 ad
1104 668 1336 714 mortem
1363 658 1601 713 Valentis
1627 673 1750 711 cum
1779 671 1951 710 anno-

367 760 571 814 talione
599 755 906 818 consulum,
936 768 1074 805 nunc
1101 752 1320 820 primum
1367 750 1505 802 edita
1538 765 1602 802 ea:
1630 749 1783 802 variis
1811 748 1953 801 codi-

367 852 510 905 cibus
540 851 738 902 calamo
761 845 1007 899 exaratis.
1045 843 1173 897 Pars
1202 841 1383 904 altera.
1416 842 1486 896 ab
1514 857 1565 895 a.
1598 842 1702 896 579
1731 841 1797 895 ad
1822 839 1951 907 455,

367 941 574 994 auctior
600 948 754 1007 atque
783 934 1094 989 emendatior
1131 935 1186 986 in
1219 933 1450 1002 pluribus
1486 950 1638 1002 quant
1669 948 1780 998 qua:
1807 942 1957 986 antea

369 1032 582 1101 vulgata
611 1039 705 1083 est.
737 1025 996 1096 Ejusdem
1020 1024 1310 1079 alteriusve
1343 1023 1593 1092 Prosperi
1625 1022 1953 1089 Chronicon,

369 1123 539 1178 editio
567 1119 849 1174 Pithceana
877 1116 1158 1171 emendata
1201 1115 1386 1170 multis
1428 1116 1481 1169 in
1511 1117 1664 1179 locis.
1694 1130 1756 1170 ex
1787 1115 1956 1168 colla-

372 1214 523 1267 tione
558 1209 805 1264 codicum
836 1222 963 1261 mss.
994 1206 1181 1260 Omnia
1211 1207 1264 1260 in
1295 1205 1430 1260 Bibl.
1463 1221 1596 1260 nova
1623 1221 1753 1261 mss.
1790 1206 1955 1261 libro-

370 1319 491 1359 rum
521 1301 758 1370 Philippi
793 1299 989 1353 Labbei
1024 1307 1170 1351 tomo
1197 1296 1236 1362 l,
1262 1312 1415 1367 pagg.
1440 1297 1634 1352 16-60.

446 1396 608 1452 1671.
641 1393 879 1456 Parisiis,
920 1393 1202 1461 sumptibus
1245 1391 1391 1445 Petri
1423 1391 1700 1463 Variquet;
1752 1394 1954 1465 in-fo[°,

375 1489 441 1543 D.
467 1487 717 1555 Prosperi
751 1484 987 1552 episcopi
1020 1482 1343 1551 Rhegiensis
1366 1482 1566 1552 Opera,
1593 1501 1711 1554 qua:
1740 1487 1956 1555 quidem

372 1578 542 1633 editio
565 1574 859 1630 innumeris
884 1587 1053 1642 prope
1075 1572 1270 1641 quibus
1294 1573 1660 1641 praecedentes
1682 1577 1960 1631 scatebant

374 1667 592 1725 mendis
641 1666 743 1719 fuit
786 1674 1138 1734 perpurgata;
1173 1673 1522 1718 accesserunt
1550 1665 1774 1734 Heptadi
1813 1667 1959 1721 Prm-

2053 472 2238 527 Galliaa
2266 474 2381 543 ejus
2421 476 2811 541 meminerunt,
2856 478 2952 532 sed
2984 478 3088 548 ipsi
3134 479 3372 535 editores
3415 478 3643 534 Parisini

2054 561 2107 616 in
2137 564 2547 633 praemonitione
2564 567 2628 620 ad
2654 567 2821 622 hocce
2840 568 3070 623 Carmen
3093 569 3313 623 disertis
3333 570 3511 624 verbis
3532 568 3642 624 Lo-

2054 654 2196 709 vanii
2227 670 2345 709 eam
2379 657 2646 725 prodiisse
2690 658 2959 724 iudicant;
2988 660 3114 728 quin
3149 660 3262 730 ipse
3301 659 3542 714 Clericus
3587 659 3644 714 in

2059 747 2209 816 praef.
2236 749 2302 801 ad
2326 750 2678 818 appendicem
2703 749 3146 818 Augustiuianam
3166 759 3393 806 testatur
3415 751 3642 806 Lovanii

2056 841 2229 894 editas
2259 839 2424 896 fuisse
2457 842 2622 896 hasce
2647 842 2899 913 Steyartii
2934 853 3106 898 notas.

2131 933 2288 989 i705.
2338 934 2658 1005 Antuerpiaz,
2691 935 2834 1002 apud
2875 933 3085 989 Petrum
3132 934 3386 1002 Mortier;
3430 933 3642 1004 in-[ol°.

2057 1025 2237 1079 Sancti
2266 1024 2516 1094 Prosperi
2554 1028 2857 1096 Aquitanici
2884 1027 3118 1082 Carmen
3150 1031 3267 1100 Περὶ
3292 1030 3646 1103 ’Δχαρίστων,

2061 1115 2162 1170 hoc
2183 1124 2285 1180 est,
2306 1115 2373 1171 de
2400 1116 2648 1186 Ingratis,
2668 1128 2957 1173 accurante
2985 1127 3040 1173 et
3060 1120 3366 1174 illustrante
3395 1118 3649 1182 theologo

2061 1207 2405 1273 Lovaniensi,
2435 1208 2489 1261 in
2518 1209 2816 1278 appendice
2840 1209 3225 1279 Augustiniana
3251 1225 3347 1264 seu
3370 1218 3519 1264 tomo
3553 1208 3648 1263 XII

2060 1296 2294 1366 Operum
2326 1299 2606 1367 Augustini
2655 1310 2874 1354 curante
2917 1299 3071 1354 Joan.
3114 1299 3345 1367 Clerico,
3374 1316 3465 1370 pp.
3500 1299 3649 1355 1—39.

2131 1389 2272 1442 Ante
2301 1388 2504 1452 omnia,
2536 1388 2708 1457 inquit
2741 1388 2978 1444 Clericus
3019 1391 3070 1445 in
3113 1391 3426 1459 prmiatione
3451 1391 3517 1444 ad
3549 1391 3652 1444 hoc

2062 1477 2344 1544 volumen,
2374 1487 2498 1533 ante
2541 1479 2720 1533 omnia
2764 1481 2936 1536 oculis
2987 1495 3048 1537 se
3092 1481 3310 1551 subjicit
3363 1481 3650 1551 legendum

2062 1568 2260 1622 Poema
2290 1569 2346 1624 8.
2380 1568 2629 1638 Prosperi
2662 1571 2728 1624 de
2754 1571 3004 1640 Ingratis,
3034 1572 3088 1627 in
3124 1587 3230 1642 quo
3256 1573 3556 1628 doctrinam
3588 1573 3648 1629 8.

2062 1660 2369 1728 Augustini,
2419 1661 2618 1731 Pelagii
2663 1674 2716 1717 et
2753 1666 3057 1733 prmsertim
3098 1665 3653 1737 Semipelagianorum

372 1762 552 1815 solum
581 1773 608 1811 a
633 1756 934 1825 Theophtlo
982 1755 1276 1824 Raynaudo
1319 1755 1479 1809 editte
1515 1765 1570 1810 et
1602 1756 1822 1824 posthac
1863 1773 1960 1811 sai-
1993 1748 2037 1804 Β
2068 1752 2308 1807 versibus
2336 1755 2550 1823 quidem
2581 1770 2685 1808 non
2729 1756 2968 1823 eptimis.
3002 1758 3096 1811 sed
3123 1758 3399 1813 intellectu
3433 1759 3654 1813 minime

375 1855 522 1924 pius,
557 1851 612 1904 h.
645 1851 682 1903 l.
714 1858 768 1904 et
793 1864 843 1901 a.
875 1863 1002 1901 vero
1027 1848 1208 1900 ultima
1233 1847 1350 1901 vice
1381 1861 1608 1901 recusas.

450 1941 612 1997 1677.
644 1938 909 2008 Lugduni,
942 1937 1082 2006 apud
1112 1937 1455 2002 Anissonios;
1503 1937 1708 2007 iri-[010.
1735 1937 1965 2006 Prospe-

375 2034 521 2089 ri....
554 2029 825 2099 Opuscula
867 2028 1076 2081 diversa
1109 2026 1284 2080 soluta
1339 2026 1590 2081 oratione
1625 2037 1679 2081 et
1725 2027 1964 2082 carmine

378 2125 603 2190 scripta,
645 2137 712 2176 ex
752 2119 1120 2188 recognitione
1157 2116 1380 2171 Joannis
1421 2116 1677 2183 Olivarii;
1722 2117 1962 2186 ejusdem

378 2216 494 2270 sive
520 2211 776 2281 Prosperi
805 2210 1024 2265 Tironis
1047 2209 1379 2274 Chronicon,
1424 2224 1488 2263 ex
1532 2209 1770 2264 editione
1798 2210 1963 2267 I‘Ienr.

379 2304 582 2360 Canisii
638 2316 741 2358 nec
788 2317 894 2355 non
947 2300 1255 2354 Chronicon
1298 2300 1667 2364 Pitbtnanum;
1715 2301 1767 2354 in
1825 2301 1961 2355 Bibl.

383 2396 523 2451 Max.
562 2393 669 2448 PP.
699 2403 845 2446 tomo
873 2389 1012 2456 VIII,
1048 2405 1199 2460 pagg.
1236 2389 1422 2445 1-205.

454 2485 613 2540 1690.
652 2483 892 2548 Parisiis,
925 2481 1066 2550 apud
1097 2481 1288 2535 Franc.
1319 2482 1564 2553 Muguet;
1594 2483 1648 2535 in
1679 2483 1802 2552 [οιο.
1830 2483 1965 2538 Pro-

379 2580 522 2646 speri
551 2577 801 2640 Aquitani
823 2589 918 2644 pro
941 2574 1256 2642 Augustino,
1273 2584 1458 2628 contra
1479 2575 1690 2644 iniquos
1708 2575 1966 2629 doctrinae

382 2673 529 2726 illius
561 2666 628 2720 de
671 2666 843 2735 gratia
872 2676 925 2720 et
961 2666 1433 2734 praadestinatione
1488 2666 1914 2735 reprehensores
1949 2710 1963 2733 ,

381 2758 735 2825 Apologetica
775 2756 1063 2826 opuscula;
1119 2771 1218 2810 nec
1256 2771 1363 2810 non
1423 2756 1668 2824 ejusdem
1712 2757 1966 2826 Prosperi

383 2849 526 2904 liber
576 2848 978 2904 Sententiarum
1026 2863 1094 2902 ex
1143 2848 1460 2917 Augustino;
1516 2848 1568 2902 in
1598 2865 1653 2903 tu
1688 2860 1843 2919 parte
1873 2866 1968 2920 ap-

385 2942 627 3011 pendicis
671 2943 736 2994 ad
779 2951 817 2995 t.
865 2939 914 2994 Χ
958 2940 1191 3009 Operum
1241 2943 1298 2994 S.
1347 2943 1627 3010 Augustini
1655 2944 1968 2997 curantibus

385 3034 667 3087 monachis
695 3049 726 3088 e
752 3049 1005 3104 congreg.
1058 3034 1116 3086 S.
1169 3033 1332 3087 Mauri
1371 3035 1434 3089 ad
1463 3036 1518 3090 8.
1551 3035 1879 3091 Germanum
1912 3038 1964 3092 in

384 3124 593 3190 Pratis;
625 3126 676 3177 in
702 3124 787 3178 ed.
819 3125 1079 3192 Autuerp.
1110 3140 1160 3192 p.
1189 3124 1441 3179 110-170.

457 3217 998 3287 Comprehenduntur
1052 3233 1153 3270 una
1202 3233 1217 3271 :
1272 3217 1327 3271 1⁸
1358 3219 1576 3286 epistola
1625 3219 1693 3272 ad
1720 3218 1969 3289 Ruﬁnum

385 3310 668 3379 recognita
697 3310 763 3362 ad
790 3309 1218 3377 antiquissimum
1241 3309 1517 3377 exemplar
1537 3304 1825 3365 Remensis
1870 3313 1967 3366 ab-

387 3401 549 3456 batize
571 3400 629 3454 S.
655 3398 882 3468 Remigii
907 3415 921 3463 ;
949 3399 1012 3452 2°
1041 3399 1166 3453 liber
1195 3409 1375 3452 contra
1407 3400 1718 3454 Collatorem
1741 3403 1970 3473 ca5tiga-

388 3508 475 3549 tus
513 3512 580 3550 ex
619 3494 988 3550 vetustissimo
1019 3495 1203 3549 codice
1244 3493 1555 3550 Corbeicnsi
1593 3506 1649 3550 et
1673 3497 1966 3550 secundum

387 3586 620 3654 Optimas
647 3586 947 3654 editiones,
977 3586 1128 3640 velut
1161 3586 1548 3655 Moguntioam,
1580 3587 1970 3643 Lovaniensem

387 3690 444 3733 et
474 3681 948 3747 Antuerpiensetn.

463 3769 624 3824 1699.
656 3769 804 3841 Traj.
833 3769 904 3822 ad
933 3768 1102 3823 Rhcn.
1131 3781 1180 3823 et
1209 3767 1378 3840 Lugd.
1410 3766 1528 3822 Bat.
1585 3767 1726 3838 apud
1779 3769 1970 3823 Franc.

389 3861 639 3916 IIalmam
691 3871 747 3916 et
792 3861 1011 3915 Petrum
1038 3875 1137 3913 van
1179 3860 1275 3914 der
1314 3863 1426 3926 Aa;
1475 3859 1678 3928 ἔνι-[σι’.
1723 3858 1972 3926 Prosperi

388 3957 532 4023 Aqu.
564 3952 869 4008 Chronicon
904 3953 1174 4022 integrum
1214 3952 1364 4021 juxta
1390 3952 1726 4006 Labbeanam
1776 3951 1973 4004 editio-

388 4061 515 4101 nem
568 4061 881 4115 expressum
925 4063 938 4100 :
993 4046 1043 4098 in
1096 4045 1254 4098 .loan.
1294 4044 1424 4100 Geo.
1463 4045 1661 4099 Graevii
1693 4044 1973 4100 Thesauro

388 4139 614 4210 Antiqq.
647 4138 803 4192 Rom.
842 4147 882 4192 t.
917 4137 1010 4201 XI,
1038 4153 1088 4207 p.
1123 4137 1229 4192 369
1257 4152 1405 4206 seqq.

973 4246 1190 4285 SECULO
1223 4246 1258 4286 Χ
1270 4246 1376 4285 VIII.

466 4326 626 4381 1705.
669 4324 907 4388 Lovanii,
949 4325 1086 4394 apud
1119 4322 1392 4395 zEgidium
1423 4322 1688 4393 Denique;
1711 4324 1879 4379 iri-8°.
1911 4323 1971 4377 D.

387 4416 645 4485 Prosperi
673 4414 972 4481 Aquitanici
1004 4414 1120 4467 Peri
1148 4414 1500 4477 Achariston;
1531 4413 1632 4467 hoc
1658 4423 1760 4479 est,
1792 4414 1858 4467 dc
1890 4413 1975 4466 In-

387 4512 558 4580 gratis
581 4509 839 4573 Carmen,
880 4517 1187 4562 accuratum
1229 4519 1283 4561 et
1323 4509 1463 4561 notis
1510 4508 1868 4562 iniscellaneis
1915 4510 1978 4561 ilo
2008 4475 2053 4533 υ

389 4605 675 4657 lustratum
707 4617 737 4655 a
763 4602 988 4656 Μαι·ιίηο
1013 4600 1283 4670 Steyartio
1315 4601 1609 4671 (Stcyaert)
1662 4602 1714 4654 in
1747 4612 1891 4656 tomo
1913 4601 1978 4655 Ill

389 4693 790 4762 Opusculorum
820 4707 912 4745 seu
944 4690 1394 4745 Lucubrationum
1428 4691 1700 4762 Steyartif.

470 4785 544 4839 De
594 4791 839 4848 auctore,
903 4782 1124 4836 doctore
1159 4782 1427 4850 quondam
1471 4783 1753 4851 theologia
1811 4783 1978 4836 Lova-

395 4877 590 4936 nicasi.
625 4876 714 4946 qui
742 4890 985 4944 magnam
1017 4875 1246 4927 nominis
1285 4875 1652 4929 celebritatem
1685 4875 1821 4943 apud
1850 4890 1976 4930 suos

393 4967 946 5041 obtinuithadeundus
969 4966 1124 5021 Joan.
1156 4967 1474 5020 Franciscus
1495 4967 1740 5035 Foppeus
1765 4968 1813 5021 in
1839 4969 1973 5023 Bibl.

393 5061 615 5130 Belgica
642 5075 691 5129 p.
718 5059 844 5123 861,
870 5052 962 5111 ubi
987 5068 1040 5112 et
1081 5058 1285 5127 efﬁgies
1320 5057 1435 5126 ejus
1474 5060 1742 5113 cernitur:
1777 5071 1859 5113 est
1883 5075 1974 5113 au-

393 5160 502 5207 tem
543 5152 631 5206 hic
669 5154 722 5205 in
773 5150 1022 5219 Prosperi
1077 5150 1319 5204 libellum
1369 5150 1785 5205 commentarius
1831 5152 1976 5220 Opus

393 5246 762 5316 posthumum.
796 5243 976 5311 Neque
1005 5243 1146 5297 enim
1175 5243 1423 5309 seorsim,
1455 5242 1549 5297 sed
1574 5241 1626 5296 in
1652 5242 1816 5297 haece
1838 5247 1977 5312 Ope-

394 5350 512 5389 rum
543 5333 658 5403 ejus
686 5333 924 5389 editione
974 5334 1116 5399 (quae
1163 5333 1223 5385 Vl
1272 5333 1431 5386 tomis
1471 5333 1705 5400 constat)
1743 5333 1972 5401 primum

395 5426 615 5492 prodiit.
642 5425 790 5478 Nota:
815 5439 942 5476 vero
963 5437 1151 5476 omnes
1175 5423 1431 5476 traductas
1457 5431 1583 5475 sunt
1612 5422 1664 5475 in
1688 5422 1975 5476 editionem

395 5516 777 5571 Parisiensem.
814 5514 972 5566 Errat
1017 5511 1176 5579 igitur
1217 5512 1371 5565 Joan.
1423 5513 1543 5565 Alb.
1598 5512 1904 5579 Fabricius,
1935 5515 1979 5566 si

394 5606 685 5661 editionem
719 5603 1106 5658 Lovaniensem
1135 5601 1486 5672 Steyartianze
1518 5604 1903 5658 lucubrationis
1927 5621 1980 5657 re

396 5714 514 5751 ocra
561 5694 949 5751 Amstelodami
993 5708 1101 5748 non
1144 5693 1367 5749 Lovauii
1409 5695 1675 5764 prodiisse
1725 5697 1974 5752 altirniat.

2065 1843 2373 1899 dtt‘ticilibus
2406 1846 2644 1913 exponit.
2680 1847 2782 1898 Eos
2825 1857 3004 1901 tamen
3035 1848 3278 1902 eruditus
3305 1849 3654 1904 I.ovaniensis

2068 1934 2352 2003 theologus
2389 1945 2473 1989 sat
2502 1936 2789 2004 diligenter
2831 1937 3196 1992 illustraverat
3221 1939 3364 1993 notis
3403 1955 3534 2008 quas
3565 1940 3653 1994 hic

2067 2027 2241 2082 vides.
2275 2027 2364 2081 Eae
2387 2037 2548 2090 notas,
2583 2028 2684 2081 viri
2706 2028 2854 2084 docti
2882 2045 3040 2083 manu
3072 2029 3371 2084 emendatae
3391 2041 3653 2086 etauctc.

2067 2134 2096 2173 a
2131 2119 2283 2174 nobis
2312 2120 2470 2174 edita:
2500 2130 2622 2175 sunt
2662 2123 2847 2190 quales
2885 2123 3214 2178 transmissm
3259 2122 3492 2188 fuerant,
3535 2125 3650 2179 sine

2068 2212 2172 2266 ulla
2223 2212 2497 2267 additione
2545 2221 2641 2268 aut
2689 2215 3048 2270 detractione.
3101 2216 3267 2269 Erant
3311 2216 3459 2284 prius
3497 2215 3656 2272 editas

2067 2303 2312 2368 Lovanii,
2366 2318 2669 2374 nomenque
2715 2305 3070 2374 praeferebant
3112 2307 3325 2360 Martini
3373 2307 3653 2378 Steyartii,

2068 2397 2156 2465 qui
2186 2395 2464 2466 theologus
2514 2397 2614 2451 fuit
2659 2398 2776 2465 ejus
2820 2397 3147 2463 Academiae,
3196 2414 3300 2452 non
3348 2400 3419 2452 ita
3452 2400 3655 2468 pridem

2070 2496 2335 2554 mortuus,
2363 2495 2414 2540 et
2443 2487 2532 2555 qui
2561 2487 2759 2542 dicitur
2785 2489 3012 2557 primum
3045 2487 3208 2544 fuisse
3237 2491 3288 2542 in
3325 2505 3510 2544 eorum
3531 2505 3655 2559 par-

2072 2579 2210 2632 tibus
2235 2579 2325 2647 qui
2367 2577 2809 2648 Augustinianam
2851 2580 3149 2634 doctrinam
3196 2590 3433 2644 tuentur,
3461 2579 3658 2636 deinde

2072 2669 2121 2720 in
2149 2675 2326 2736 partes
2353 2666 2650 2720 contrarias
2682 2669 2977 2732 transiisse,
3024 2668 3164 2737 quod
3215 2669 3347 2723 satis
3396 2667 3562 2738 liquet
3589 2685 3658 2725 ex

2072 2760 2234 2812 variis
2270 2757 2468 2812 libellis
2513 2757 2754 2824 Gallicis,
2796 2759 2990 2828 quibus
3032 2774 3154 2813 eum
3204 2760 3531 2829 oppugnavit
3575 2760 3658 2814 vir

2070 2849 2460 2904 disertissimus
2517 2851 2766 2902 Antonius
2797 2850 3062 2903 Arnaldus
3083 2850 3271 2904 doctor
3302 2849 3652 2917 Sorhonicus,

2070 2940 2576 3011 Augustinianarum
2612 2941 2842 3009 partium
2877 2942 2926 2995 in
2959 2940 3130 2996 Gallia
3175 2941 3334 2996 facile
3378 2943 3656 3012 princeps.

2072 3032 2274 3087 Nomen
2296 3042 2470 3085 tamen
2485 3031 2731 3101 Steyartii
2755 3031 2923 3086 deleri
2943 3033 3331 3102 volueruutqui
3346 3032 3659 3102 opusculum

1995 3115 2040 3175 C
2073 3121 2174 3176 hoc
2202 3121 2269 3176 ad
2317 3121 2660 3189 bibliopolam
2686 3122 3017 3191 (:ippendicis
3057 3122 3213 3192 hujus
3239 3124 3659 3192 redemptorem)

2073 3214 2515 3279 transmiserunt;
2543 3214 2683 3283 quod
2725 3229 2824 3268 nos
2853 3214 3194 3269 dissimulare
3228 3229 3332 3268 non
3365 3216 3658 3284 potuimus.

2147 3306 2305 3360 1711.
2356 3307 2596 3369 Parisiis,
2628 3315 2818 3375 sumpt.
2847 3304 2992 3360 Guil.
3028 3307 3257 3378 Desprez
3281 3317 3328 3361 et
3349 3307 3509 3362 Jaan.
3533 3307 3662 3362 Des-

2073 3406 2295 3463 sssartz;
2347 3399 2559 3468 iu-fol0.
2593 3396 2774 3452 Sancti
2831 3397 3085 3467 Prosperi
3141 3400 3417 3467 Aquitani,
3461 3399 3519 3454 S.
3549 3400 3661 3452 Au-

2072 3489 2268 3558 gustini
2295 3488 2566 3557 discipuli,
2584 3488 2642 3542 8.
2665 3487 2857 3542 Leonis
2886 3502 3036 3558 papae
3058 3489 3214 3557 primi
3239 3488 3455 3551 notarii,
3483 3486 3660 3556 Opera

2074 3582 2273 3646 omnia,
2305 3582 2369 3633 ad
2401 3579 2796 3648 manuscriptos
2817 3579 3055 3644 codices,
3091 3594 3190 3634 nec
3218 3595 3325 3634 non
3357 3580 3423 3633 ad
3467 3578 3660 3634 editio-

2075 3687 2170 3728 nes
2193 3671 2530 3740 antiquiores
2561 3679 2617 3724 et
2651 3670 3024 3740 castigatiores
3044 3670 3352 3737 emendata,
3378 3685 3522 3725 nunc
3549 3669 3662 3740 pri-

2075 3781 2219 3819 mum
2277 3763 2575 3820 secundum
2622 3763 2864 3816 ordinem
2914 3772 3214 3829 temporum
3263 3763 3561 3832 disposita,
3605 3769 3663 3818 et

2074 3858 2339 3913 Chronico
2379 3857 2586 3924 integro
2630 3854 2871 3922 ejusdem
2892 3895 2906 3918 ,
2938 3854 3006 3907 ab
3039 3863 3164 3907 ortu
3190 3869 3368 3909 rerum
3395 3869 3564 3924 usque
3589 3853 3659 3908 ad

2075 3951 2279 4004 obitum
2326 3945 2682 4003 Valentiniani
2733 3961 2790 4000 ιιι
2831 3955 2888 4000 et
2939 3946 3163 3999 Romam
3196 3962 3226 4001 a
3277 3945 3531 4000 Vandalis
3568 3961 3661 4000 ca-

2077 4051 2218 4111 ptam
2252 4038 2576 4108 pertinente.
2602 4037 2942 4106 locupletata.
2961 4037 3164 4104 Quibus
3193 4037 3487 4107 praetigitur
3508 4036 3656 4104 ejus-

2077 4133 2199 4184 dem
2227 4129 2283 4184 S.
2320 4128 2569 4197 Prosperi
2602 4127 2851 4197 Aquitani
2886 4128 3025 4192 Vita,
3059 4143 3124 4181 ex
3160 4129 3422 4198 Operibus
3460 4128 3659 4198 ipsius,

2077 4233 2129 4278 et
2168 4222 2500 4290 Scriptorum
2552 4220 3038 4274 ecclesiasticarum
3079 4220 3229 4275 libris
3268 4219 3609 4274 concinnata.

2151 4313 2400 4368 Editores
2429 4311 2666 4366 Joannes
2690 4309 2764 4364 Le
2804 4310 2946 4364 Brun
2973 4310 3040 4365 de
3072 4311 3301 4366 Marette
3331 4319 3386 4366 et
3412 4312 3474 4365 D.
3512 4311 3664 4366 Man-

2079 4405 2253 4477 geltus
2284 4401 2609 4474 (Mangeaut)
2634 4402 2777 4455 hunc
2807 4403 2963 4454 linem
2999 4402 3098 4454 sibi
3144 4403 3196 4455 in
3224 4401 3533 4456 adornanda
3561 4403 3663 4457 hac

2081 4498 2317 4553 editione
2349 4497 2513 4550 fuisse
2551 4495 2899 4564 proﬁtentur,
2929 4505 2985 4548 ut
3014 4503 3269 4564 quantum
3304 4495 3418 4548 ﬁeri
3453 4495 3662 4563 potuis-

2079 4601 2182 4657 set,
2214 4590 2566 4659 amplissima,
2591 4587 2999 4657 castigatissima
3030 4597 3082 4642 et
3111 4589 3314 4656 optimo
3345 4586 3534 4642 ordine
3555 4587 3664 4642 dis-

2083 4684 2254 4746 posita
2282 4681 2518 4750 prodiret
2546 4696 2560 4734 ε
2589 4689 2642 4735 et
2670 4689 2726 4734 ut
2772 4680 2933 4733 etiam
2952 4679 3123 4733 exilla
3142 4679 3339 4749 aliquid
3362 4678 3660 4762 adjumettti

2081 4777 2371 4831 lectoribus
2404 4773 2910 4828 subministraretur
2935 4771 3002 4826 ad
3024 4772 3223 4827 erroris
3249 4773 3663 4843 Semipelagiani

2083 4866 2360 4921 historiam
2389 4865 2597 4933 plenius
2633 4862 3088 4931 cognoscendam.
3121 4863 3459 4932 Quapropter
3488 4863 3663 4933 primo

2086 4959 2137 5012 in
2163 4975 2279 5012 cam
2300 4957 2634 5010 contulerunt
2665 4955 2923 5024 quidquid
2951 4956 3299 5023 genuinorum
3326 4954 3382 5010 8.
3416 4954 3662 5022 Prosperi

2083 5049 2315 5116 Operum
2350 5047 2611 5099 hactenus
2645 5045 2696 5097 in
2732 5046 2903 5098 lucem
2955 5044 3248 5114 prodierat,
3301 5059 3406 5098 non
3445 5043 3664 5100 omissis

2083 5138 2431 5193 Confessioue
2461 5151 2620 5206 quam
2653 5137 2879 5205 primum
2905 5137 3190 5205 evulgavit,
3211 5144 3265 5189 et
3292 5134 3557 5190 Chronico
3583 5135 3663 5188 in-

2083 5239 2256 5298 tegro,
2291 5228 2430 5298 quod
2476 5243 2664 5281 omnes
2715 5227 3020 5296 superiores
3064 5226 3300 5280 editores
3328 5234 3659 5294 spreverant.

2082 5321 2426 5390 Castigarunt
2454 5318 2649 5372 deinde
2681 5317 2919 5387 singulos
2947 5317 3105 5386 hujus
3131 5315 3381 5371 editionis
3408 5316 3573 5370 libros
3594 5317 3656 5370 ad

2083 5414 2240 5468 ﬁdem
2275 5413 2566 5468 editionum
2596 5411 2959 5480 probatiorum
3002 5418 3054 5463 et
3103 5417 3179 5462 tot
3218 5421 3346 5462 mss.
3388 5415 3519 5476 quot
3567 5423 3663 5475 per

2083 5509 2321 5562 COI:CCSSI
2341 5505 2600 5574 temporis
2621 5504 2890 5573 angustias
2905 5500 3142 5570 reperire
3161 5499 3474 5556 etconferre
3491 5499 3662 5557 licuit.

2085 5604 2210 5657 Erat
2249 5602 2391 5656 enim
2432 5601 2482 5653 in
2525 5598 2715 5651 litteris
2759 5595 2920 5662 regiis
2958 5595 3101 5650 datis
3132 5594 3185 5649 d.
3228 5593 3296 5649 M
3346 5591 3662 5648 Decembris

2091 5694 2248 5763 “09,
2290 5709 2408 5765 qua:
2438 5691 2594 5758 hujus
2620 5689 2954 5756 aliorumque
2986 5687 3248 5744 librorum
3279 5683 3666 5757 imprimendo—
