4098 6180
384 260 453 321 59
494 191 497 194 ν
835 241 1365 311 δοιιαιΝειιΑΝΝι
1401 232 1681 296 NOTITIA
1721 219 2028 286 HISTORK

2132 213 2543 274 LITTERARIA
2584 210 2653 268 IN
2689 211 2749 268 8.
2790 206 3234 266 PROSPERUM.
3598 206 3671 265 60

388 393 508 435 rum
534 383 591 433 et
617 370 1044 432 recudendorum
1074 357 1415 433 privilegium
1460 346 1769 419 bibliopol‘s
1794 338 1975 398 indul-
1997 338 2048 400 Α
2075 317 3671 435 “Tussmnﬂ:Risi-9182338";thﬂpo‘nntLEax,

390 478 595 527 serant.
622 465 933 521 mandatum
968 454 1318 522 utaProsperi
1365 448 1544 516 Opera
1573 447 1715 499 intra
1744 441 1975 495 duorum

392 575 654 617 annorum
685 558 915 625 spatium
962 550 1393 606 absolverentur.
1430 540 1496 595 Et
1542 555 1605 593 ne
1644 538 1777 592 inter
1804 534 1979 588 uarias

393 669 507 721 quae
534 654 589 706 in
618 648 762 705 libris
792 650 1115 699 occurrerent
1145 638 1249 693 loci
1278 634 1511 705 ejusdem
1530 629 1773 685 lectiones
1796 637 1983 679 temere

393 746 632 817 setegisse
652 750 701 797 et
731 739 1016 793 doctiorum
1056 733 1235 801 palato
1273 725 1616 802 prwjudicare
1645 720 1868 775 voluisse
1892 734 1981 770 ar-

399 812 698 912 guerentur,
732 836 786 888 in
814 835 1107 901 marginem
1144 822 1455 880 inferiorem
1488 818 1752 887 cujusque
1778 812 1985 882 pagina:

400 907 507 987 illa:
537 944 670 999 quas
698 927 1052 996 neglexerunt
1082 924 1299 989 reiecta:
1342 924 1488 972 sunt.
1537 912 1650 967 Nec
1688 923 1817 963 vero
1847 907 1985 961 intra

401 1025 501 1079 hos
534 1023 733 1076 limites
761 1019 927 1074 crisin
959 1030 1109 1070 suam
1139 1009 1406 1067 contineri
1433 1006 1743 1067 voluerunt,
1778 1000 1873 1055 sed
1904 1013 1991 1053 se-

401 1115 533 1169 dulo
559 1114 722 1169 etiam
752 1110 1067 1165 laborarunt
1097 1113 1155 1159 ut
1181 1103 1361 1173 spuria
1390 1110 1445 1157 et
1479 1100 1642 1155 dubia
1677 1113 1707 1151 a
1752 1094 1895 1152 veris
1937 1102 1993 1149 et

404 1205 634 1276 genuina
654 1212 760 1257 tam
787 1200 918 1255 sede
943 1214 1008 1253 ac
1022 1198 1334 1253 charactere
1356 1208 1514 1263 quam
1537 1187 1995 1246 admonitionibus

408 1296 752 1368 praaambulis
791 1294 1208 1363 distinguerent.
1250 1288 1521 1358 simulque
1546 1284 1882 1341 eruditorum
1909 1282 1993 1336 vi-

407 1405 591 1445 rorum
614 1389 681 1443 de
702 1402 1029 1458 unoquoque
1050 1386 1345 1440 sententias
1370 1382 1643 1436 ail‘errent.
1662 1378 1807 1435 Ordo
1833 1378 2000 1432 libro-

410 1497 529 1538 rum
562 1481 704 1536 idem
732 1490 817 1535 est
854 1494 960 1549 quo
995 1493 1155 1548 supra
1189 1477 1385 1546 scripta
1416 1475 1626 1546 singula
1655 1474 1998 1529 enumeravi-

413 1592 555 1641 mus,
584 1578 654 1630 ita
684 1586 863 1629 tamen
894 1583 955 1628 ut
974 1572 1120 1626 varia
1150 1572 1515 1639 aliorutn‘quaa
1536 1569 1723 1624 eadem
1746 1570 1998 1633 attinent,

413 1668 613 1724 inserta
649 1667 778 1729 sint,
810 1666 1045 1735 itemque
1086 1664 1249 1719 dttbia
1288 1679 1409 1719 cum
1440 1662 1604 1718 certis
1650 1676 1713 1716 ac
1755 1659 2003 1732 genuinis

415 1775 520 1815 una
548 1760 687 1814 serie
717 1757 1101 1821 exbibeantur,
1128 1756 1195 1811 ad
1222 1771 1423 1826 easque
1449 1754 1608 1809 simul
1652 1755 1811 1808 index
1843 1754 2002 1808 uber-

417 1853 588 1905 rimus
620 1864 796 1905 rerum
825 1858 881 1904 et
909 1849 1191 1903 nominum
1230 1857 1286 1904 et
1319 1846 1710 1902 sententiarum
1740 1860 2007 1900 memora-

418 1942 605 1996 biliunt
636 1950 863 2010 spectet,
898 1956 1037 2011 pone
1080 1941 1225 1995 hunc
1251 1940 1469 1995 demum
1514 1938 1787 2008 appendix
1816 1940 1886 1993 sit
1914 1954 2009 1991 an-

421 2050 579 2091 nexa.
609 2034 873 2090 Videlicet
909 2037 1113 2090 inserta
1141 2045 1268 2088 sunt
1294 2043 1414 2104 post
1441 2034 1689 2103 Prosperi
1724 2033 2009 2103 epistolam

422 2129 490 2182 ad
517 2128 917 2199 Augustinum:
952 2127 1137 2182 Hilarii
1179 2126 1402 2197 epistola
1448 2127 1516 2180 ad
1559 2126 1832 2193 eumdem,
1883 2128 2010 2181 item

424 2220 709 2288 Augustini
737 2219 806 2273 de
846 2219 1335 2273 Prtedestinatione
1361 2217 1458 2274 SS.
1492 2230 1544 2272 et
1590 2218 1659 2273 de
1701 2219 1847 2272 Dono
1894 2233 2015 2287 per-

425 2308 747 2364 severantia:
779 2310 903 2364 libri
953 2326 1023 2373 tt;
1081 2320 1199 2376 rost
1228 2308 1631 2379 Responsiones
1658 2310 1722 2363 ad
1755 2309 2015 2379 Excerpt-a

427 2402 796 2458 Genuensium
827 2420 840 2456 :
869 2400 1147 2457 leestini
1205 2402 1475 2471 pontiﬁcis
1525 2418 1620 2470 pro
1668 2402 1935 2472 Prospero
1966 2411 2021 2457 et

433 2493 643 2549 Hilario
673 2494 903 2562 epistola
938 2511 1040 2550 una
1068 2510 1189 2549 cum
1214 2495 1357 2549 sedis
1381 2496 1692 2563 apostolica:
1733 2497 2016 2565 episcopo-

433 2600 551 2639 rum
583 2586 998 2641 auctoritatibus
1053 2587 1121 2642 de
1164 2585 1347 2642 Gratia
1396 2596 1452 2639 et
1504 2586 1728 2641 Joannis
1780 2584 2023 2641 Cassiani

426 2678 655 2733 collatio
680 2681 776 2743 13;
807 2688 927 2748 post
956 2679 1282 2735 Chronicum
1307 2680 1573 2747 integrum
1610 2696 1623 2731 :
1652 2678 1954 2733 Concilium
1985 2694 2025 2733 ιι

435 2773 849 2841 Arausicanum,
872 2788 993 2842 qua:
1024 2772 1228 2841 reliqua
1257 2771 1434 2827 dubiae
1462 2771 1582 2825 ﬁdei
1605 2772 1806 2841 scripta
1835 2772 2026 2826 eodem

434 2864 629 2920 ordine
655 2879 763 2935 quo
793 2879 953 2934 supra
986 2865 1259 2935 proposita
1309 2874 1432 2917 sunt
1484 2864 1777 2932 excipiunt.
1832 2862 1889 2917 In
1935 2877 2032 2932 ap-

436 2957 669 3027 pendice
713 2958 1094 3026 continentur,
1130 2958 1303 3027 printa
1337 2964 1506 3026 parte,
1539 2956 1738 3012 Juliani
1794 2956 2029 3011 Pomerii

2151 422 2354 477 Horum
2425 415 2808 488 opusculorum
2854 411 3022 467 editio
3069 410 3136 465 ad
3186 410 3330 467 idem
3382 413 3672 468 consilium

2079 518 2289 583 spectat
2324 523 2447 565 cum
2483 505 2644 563 editis
2676 504 2745 559 ab
2773 503 2890 573 ipso
2918 501 3186 571 superiori
3236 516 3377 557 anno
3408 501 3676 558 Vincentii

2081 602 2381 660 Lirinensis
2435 608 2492 655 et
2533 596 2722 652 Hilarii
2774 592 3110 650 Arelatensis
3162 592 3631 651 lucubrationibus
3665 635 3681 660 ,

2085 709 2279 764 nempe
2309 689 2618 747 triumviros
2659 687 2822 741 hosce
2865 700 2896 738 a
2943 684 3465 755 Semipelagianismi
3520 685 3683 755 obje-

2085 787 2265 842 ctione
2293 782 2578 839 liberandi.
2609 779 2952 848 Quapropter
2978 776 3260 832 additurus
3302 786 3419 834 erat
3462 779 3683 834 tertium

2089 879 2343 933 volumen
2392 884 2446 928 et
2483 874 2536 927 in
2590 869 2841 940 peculiari
2881 868 3263 923 dissertatione
3311 879 3634 926 ostensurus
3672 913 3687 935 .

2091 969 2433 1026 Vincentium
2456 1008 2471 1032 ,
2502 965 2764 1021 H.larium
2792 973 2848 1017 et
2896 962 3227 1017 Honoratum
3258 976 3317 1018 re
3345 979 3472 1018 vera
3504 964 3574 1018 ab
3602 979 3687 1017 or-

2094 1062 2347 1118 thodoxis
2378 1058 2690 1114 doctoribus
2714 1070 2821 1110 non
2868 1055 3189 1120 dissentire,
3218 1069 3319 1108 una
3349 1069 3472 1110 cum
3497 1055 3686 1111 obser-

2095 1152 2400 1208 vationibus
2437 1163 2572 1220 quas
2627 1146 2867 1202 studiose
2940 1144 3235 1214 collegerat
3300 1146 3371 1200 de
3419 1146 3690 1204 Lirinensi

2096 1242 2365 1297 coenobio.
2399 1239 2505 1295 Sed
2545 1252 2692 1292 mors
2721 1238 2911 1291 doctas
2940 1235 3059 1304 ejus
3105 1236 3490 1291 meditationes
3524 1236 3690 1292 inter-

2099 1335 2309 1405 cepisse
2329 1332 2566 1387 videtur.
2591 1330 2648 1384 In
2674 1329 2777 1384 hoc
2799 1328 3073 1383 volumine
3094 1329 3295 1397 scripta
3328 1330 3530 1399 aliquot
3550 1345 3691 1399 prte-

2100 1428 2273 1495 cipute
2304 1421 2657 1494 dignationis,
2685 1436 2753 1474 ex
2779 1420 2980 1489 quibus
3009 1419 3077 1474 de
3104 1419 3534 1474 orthodosorum
3565 1435 3694 1474 sen-

2106 1516 2271 1572 tentia
2294 1515 2361 1569 de
2380 1514 2557 1583 gratia
2583 1511 2679 1566 Dei
2704 1510 2963 1580 judicium
2988 1509 3117 1565 ferri
3152 1510 3352 1580 p0ssit,
3382 1513 3695 1579 pi0posuit,

2104 1608 2359 1663 videlicet
2382 1605 2635 1674 Prosperi
2655 1614 2709 1658 et
2733 1601 2924 1657 liilarii
2945 1600 3205 1670 epistolas
3226 1601 3293 1655 ad
3320 1602 3695 1671 Augustinum,

2034 1721 2082 1781 B
2108 1716 2174 1752 ex
2192 1696 2485 1752 Parisiensi
2506 1693 2769 1755 editione,
2801 1692 2997 1747 additis
3020 1692 3338 1761 quibusdam
3363 1693 3702 1747 variantibus

2111 1791 2435 1848 lectionibus
2462 1803 2495 1845 e
2521 1787 2804 1844 codicibus
2834 1785 3107 1840 nonnullis
3140 1784 3414 1839 Vaticanis
3455 1785 3704 1853 deprom-

2112 1884 2251 1953 ptis;
2284 1896 2450 1950 porro
2479 1893 2703 1935 carmen
2749 1876 2819 1932 de
2862 1874 3097 1945 Ingratis
3136 1890 3202 1929 ex
3254 1874 3442 1929 eadem
3471 1874 3706 1929 editione

2112 1992 2235 2031 cum
2266 1973 2483 2029 delectu
2513 1981 2765 2026 notarum
2795 1965 3079 2038 Steyartii,
3109 1980 3232 2035 quae
3256 1965 3453 2019 ibidem
3481 1966 3707 2031 adjecue

2114 2066 2547 2137 conspiciuntur,
2578 2071 2635 2117 et
2661 2062 2853 2116 ultimo
2890 2061 3011 2115 loco
3053 2059 3315 2114 Honorati
3347 2058 3526 2114 Vitam
3562 2059 3708 2112 Hila-

2117 2159 2183 2213 rii
2206 2200 2222 2225 ,
2258 2156 2327 2212 de
2354 2172 2455 2226 qua
2484 2155 2595 2209 alio
2625 2154 2746 2209 loco
2775 2151 3011 2207 dicetur.
3062 2150 3139 2204 Ex
3183 2150 3372 2206 eadem
3420 2149 3711 2204 Parisiensi

2120 2249 2365 2307 editione
2394 2246 2481 2301 hic
2512 2247 2742 2315 repetita
2769 2251 2897 2297 sunt
2924 2241 3255 2297 Testimonia
3287 2250 3531 2296 veterum
3564 2242 3632 2295 de
3655 2240 3714 2297 8.

2120 2341 2421 2410 Prospero,
2446 2338 2576 2393 item
2607 2336 2731 2392 Vita
2760 2336 2879 2405 ejus
2916 2350 2982 2390 ex
3013 2333 3278 2403 Operibus
3310 2332 3482 2402 ipsius
3513 2342 3568 2386 et
3593 2331 3718 2386 aliis

2121 2430 2483 2503 scriptoribus
2526 2428 2911 2484 ecclesiasticis
2949 2426 3269 2481 concinnata
3305 2440 3425 2479 cum
3454 2426 3715 2479 observa-

2127 2525 2371 2581 tionibus
2409 2521 2661 2577 Salinasii
2705 2530 2761 2573 et
2790 2518 3013 2590 synopsi
3047 2516 3432 2586 chronologiea
3482 2514 3721 2584 Operum

2126 2626 2181 2672 et
2223 2624 2505 2684 gestorum
2576 2613 2710 2682 ejus.
2765 2609 3192 2685 Suppeditarunt
3240 2607 3382 2663 hanc
3426 2606 3719 2661 editionem

2129 2708 2317 2778 Suppl.
2350 2707 2416 2761 ad
2440 2703 2505 2759 N.
2535 2705 2667 2758 Acta
2692 2702 2855 2756 Erunt.
2891 2699 3038 2768 Lips.
3071 2708 3111 2753 t.
3144 2697 3212 2762 II,
3239 2713 3290 2764 p.
3322 2696 3387 2750 I7
3419 2696 3494 2766 (a.
3542 2694 3722 2766 1751).

2203 2795 2364 2855 HLO.
2404 2794 2655 2857 Veronae;
2694 2790 2902 2860 iit-fol“.
2946 2788 3201 2857 Prosperi
3233 2788 3447 2857 Aqu....
3472 2785 3724 2842 Chronici

2130 2904 2256 2960 pars
2283 2888 2572 2958 posterior,
2609 2900 2731 2938 cum
2780 2881 2999 2937 Eusebii
3045 2890 3100 2936 et
3150 2879 3463 2951 Hieronymi
3490 2876 3727 2933 Chroni-

2132 2980 2246 3045 cis;
2301 2980 2354 3034 in
2394 2977 2481 3033 ed.
2520 2977 2763 3045 Operum
2805 2971 3431 3047 HieronymiDominici
3477 2968 3729 3027 Vallarsii

442 3049 511 3105 de
530 3049 1275 3150 ἔνίιτι-ροιιιθιιιριερνιι’1ξῦιὶ
1408 3089 1424 3115 ,
1467 3048 1535 3103 de
1572 3047 2030 3150 Prqmissionilltls
2056 3086 2103 3150 ο
2137 3081 2286 3126 ιοιιιο
2317 3069 2426 3124 VIII
2460 3082 2615 3138 pagg.
2664 3064 2921 3131 823-56,
2964 3063 3222 3122 editionis
3272 3061 3490 3119 Venetae
3518 3070 3557 3117 t.
3590 3060 3728 3127 VIII.

444 3151 499 3199 et
530 3142 979 3197 Praedictionibus
1009 3142 1102 3197 Dei
1132 3142 1290 3208 liber,
1319 3140 1630 3196 Chronicon
1662 3140 1915 3209 Prosperi
1943 3139 2033 3195 Ti-

445 3236 624 3300 ronis;
658 3234 708 3289 in
738 3234 971 3290 secunda
1002 3244 1173 3304 parte,
1208 3240 1355 3287 varia
1382 3233 1581 3304 scripta
1606 3241 1660 3287 et
1686 3242 2034 3288 monumenta

448 3341 679 3397 quorum
707 3326 865 3382 lectio
891 3325 1161 3396 Operibus
1205 3325 1375 3381 sancti
1405 3325 1655 3395 Prosperi
1703 3340 1765 3379 ac
1795 3325 2037 3381 historiae

450 3418 905 3489 Semipelagianae
952 3418 1128 3473 lucem
1176 3417 1441 3485 afferunt,
1474 3432 1537 3472 ac
1573 3418 1715 3472 inter
1742 3417 1830 3472 illa
1866 3417 2040 3487 primo

452 3512 574 3566 loco
604 3511 663 3567 8.
695 3510 979 3580 Augustini
1029 3511 1098 3567 de
1139 3511 1496 3582 Correptione
1537 3520 1591 3567 et
1626 3510 1809 3567 Gratia
1839 3514 1906 3567 ad
1939 3512 2043 3567 Va-

454 3603 720 3657 lentinum
751 3602 944 3657 librum
988 3617 1025 3656 ι.
1056 3603 1325 3658 Czeterum
1357 3602 1509 3657 libris
1535 3605 1624 3672 qui
1653 3605 1706 3657 in
1744 3604 1914 3673 prima
1942 3618 2041 3673 ap-

455 3692 701 3765 pendicis
732 3702 884 3763 parte
914 3693 1237 3749 exhibentur
1267 3711 1371 3749 non
1401 3695 1577 3749 minor
1610 3710 1738 3749 cura
1781 3704 1866 3749 est
1893 3695 2039 3750 adhic

463 3787 569 3839 hita
597 3785 665 3841 ab
697 3786 999 3841 editoribus
1027 3801 1187 3856 quam
1222 3786 1444 3856 reliquis
1497 3788 1747 3859 Prosperi
1797 3786 2041 3856 Scriptis,

459 3876 617 3930 sicuti
662 3877 714 3930 in
765 3884 931 3931 totatn
978 3876 1330 3948 appendicem
1366 3879 1650 3947 peculiaris
1693 3879 1851 3934 index
1906 3879 2045 3933 haud

462 3970 673 4039 vulgari
726 3986 854 4026 cura
894 3985 1149 4026 exaratus
1196 3973 1444 4027 accessit.
1484 3972 1768 4042 Singulare
1819 3952 2053 4041 denique

463 4060 622 4129 hujus
659 4061 913 4117 editionis
959 4072 1336 4117 ornamentum
1377 4070 1461 4117 est
1507 4063 1620 4116 Vita
1682 4063 1934 4132 Prosperi
1985 4078 2054 4118 ex

463 4150 729 4220 Operibus
750 4154 920 4224 ipsius
942 4162 996 4208 et
1018 4153 1353 4223 Scriptorum
1379 4154 1872 4209 ecclesiasticarum
1906 4156 2056 4209 libris

465 4247 808 4312 concinnata,
836 4262 957 4317 qua:
990 4249 1050 4301 ll
1079 4247 1326 4301 articulis
1344 4256 1557 4303 constat
1577 4257 1632 4303 et
1661 4249 1906 4319 proxime
1938 4258 2059 4316 post.

468 4334 841 4407 prafationem
870 4347 951 4393 est
983 4339 1248 4407 subjecta.

542 4429 701 4486 1725.
732 4429 1056 4499 Αηιιιενρὶω,
1095 4431 1237 4503 apud
1273 4430 1615 4504 Rudolphum
1642 4441 1691 4486 et
1737 4430 2060 4486 Gerltardum

474 4522 793 4589 Westem’os;
819 4523 1032 4595 ἱη-[οιο.
1061 4524 1277 4579 Tironis
1327 4522 1586 4595 Prosperi
1612 4524 1864 4596 Aquitani
1889 4524 2062 4579 Chro-

472 4616 630 4670 nicon
661 4616 929 4687 integrum
960 4617 1013 4671 in
1043 4617 1177 4671 duas
1200 4625 1378 4686 partes
1402 4616 1679 4674 tributum.
1707 4616 1840 4671 Pars
1864 4617 2060 4686 prima,

469 4710 613 4766 edita
643 4727 707 4765 ex
739 4712 906 4767 variis
925 4712 1206 4768 codicibus
1226 4713 1436 4769 calamo
1458 4713 1722 4779 exaratis;
1744 4727 1871 4783 pars
1896 4710 2065 4765 altera

474 4817 545 4858 ex
578 4802 813 4859 Cattisio.
856 4804 1051 4859 Eadem
1101 4818 1169 4860 ex
1220 4820 1321 4861 ins.
1376 4807 1688 4876 Augustanu
1729 4801 2068 4875 (monasterii

476 4894 577 4963 SS.
606 4894 753 4949 Al‘rze
774 4904 828 4951 et
850 4894 1121 4968 Udalrici)
1145 4912 1159 4960 ;
1193 4897 1320 4951 item
1349 4896 1655 4951 Chronicoit
1685 4893 2066 4950 Pithteanum:

475 4988 654 5043 omnia
694 5004 761 5043 ex
798 4990 1116 5044 recensione
1141 5000 1341 5043 etcum
1376 4990 1517 5043 notis
1556 4988 1745 5044 Jacobi
1773 4985 2065 5057 Basnagii;

479 5080 533 5131 in
560 5078 837 5134 Thesauro
860 5079 1330 5135 Monumentorum
1356 5080 1847 5135 ecclesiasticorum
1880 5087 1935 5133 et
1955 5077 2067 5131 his-

480 5171 774 5227 toricorum
826 5188 921 5229 seu
963 5174 1175 5229 Henrici
1215 5172 1414 5229 Canisii
1441 5173 1785 5229 Lectionibus
1817 5170 2066 5242 Antiquis

481 5262 549 5316 ad
598 5265 919 5320 surculorum
972 5266 1215 5322 ordinem
1245 5265 1488 5335 digestis.
1518 5266 1580 5319 T.
1615 5266 1654 5329 Ι,
1684 5280 1772 5334 pp.
1805 5263 2067 5320 252-518.

554 5355 713 5429 1752.
751 5356 953 5427 Romae,
1004 5374 1069 5413 ea:
1111 5358 1458 5429 typographia
1488 5358 1699 5413 Antonii
1740 5358 1804 5410 de
1832 5354 2069 5420 Rubet's;

482 5428 654 5502 iit-83.
678 5449 997 5505 Sanctorum
1020 5428 1273 5521 Prosperi
1300 5449 1555 5520 Aquitani
1585 5460 1639 5505 et
1661 5449 1915 5504 Honorati
1936 5447 2074 5502 Mas-

486 5541 722 5598 siliensis
769 5543 941 5614 Opera
992 5545 1267 5615 (aliquot),
1320 5543 1462 5599 notis
1501 5542 2075 5611 observationibusque

489 5634 753 5694 illustrata
786 5653 816 5691 a
861 5639 922 5693 D.
957 5638 1164 5695 Joanne
1210 5640 1446 5705 Salinas,
1505 5637 1875 5707 Neapolitano,
1906 5650 2068 5693 cano-

489 5734 621 5794 nico
653 5734 880 5802 regulari
911 5731 1298 5798 Lateranensi,
1333 5746 1396 5788 ac
1438 5729 1495 5790 8.
1536 5730 1704 5788 thcol.
1763 5729 1966 5786 lectore
2006 5735 2072 5789 ad

2135 3177 2191 3233 p.
2215 3177 2255 3227 ι,
2281 3176 2441 3231 pagg.
2470 3156 2698 3215 821-56.
2804 3212 2805 3215 η

2210 3252 2643 3318 1744.νεηειὶἱε;
2662 3248 2895 3318 iri-folio.
2923 3247 2982 3304 8.
3007 3246 3355 3316 Prosperi....
3378 3244 3579 3314 Opera.
3606 3243 3726 3299 Non

2141 3346 2399 3401 recordor
2420 3343 2655 3412 amplius
2676 3340 2769 3396 ubi
2793 3339 2952 3404 hanc;
2974 3338 3268 3394 editionem
3316 3345 3557 3392 notatam
3586 3336 3736 3391 inve-

2146 3438 2346 3492 nerim.
2378 3434 2531 3490 Haud
2570 3431 2735 3488 dubie
2760 3440 2845 3485 est
2872 3444 3065 3486 recusa
3095 3428 3441 3484 Parisiensis.

2215 3525 2377 3581 I758.
2412 3523 2615 3599 Romae,
2635 3522 2775 3593 apud
2827 3522 3011 3591 fratres
3060 3517 3437 3582 Palearinios;
3479 3517 3645 3572 iri-8'.
3678 3516 3736 3573 8.

2146 3615 2405 3686 Prosperi
2444 3614 2699 3681 Aquitani
2751 3612 2810 3669 S.
2840 3611 3040 3668 Leonis
3082 3611 3155 3666 Μ.
3208 3610 3405 3665 notarii
3450 3609 3520 3665 de
3546 3608 3738 3666 Gratia

2148 3706 2245 3763 Dei
2266 3717 2321 3763 et
2349 3705 2548 3761 Libero
2597 3703 2837 3760 Arbitrio
2865 3701 3103 3757 hominis
3149 3711 3204 3757 et
3256 3700 3744 3756 Praedestiuatione

2152 3806 2468 3853 sanctorum
2496 3795 2671 3867 Opera
2694 3794 2895 3850 omnia.
2915 3794 3221 3849 Eeiitionem
3243 3791 3739 3849 emendatissimam

2151 3899 2206 3945 et
2226 3890 2390 3944 variis
2421 3887 2746 3944 lectionibus
2777 3885 3013 3955 undique
3040 3884 3592 3953 collectis,pr:ecipne
3617 3895 3749 3935 vero

2151 3997 2216 4039 ex
2244 3981 2402 4037 codd.
2436 3995 2567 4036 mss.
2597 3978 2872 4034 Vaticanis
2900 3978 3218 4033 adornatam
3246 3975 3467 4033 curavit
3498 3976 3559 4031 P.
3594 3974 3655 4030 Ρ.
3682 3974 3745 4029 F.

2228 4072 2561 4128 Nitidissima
2603 4071 2720 4126 hac
2745 4070 2999 4139 Prosperi
3028 4069 3408 4139 opusculorum
3429 4067 3599 4123 editio
3621 4081 3749 4136 par-

2162 4176 2269 4221 tem
2322 4164 2533 4219 tertiam
2579 4162 2706 4218 facit
2742 4163 2978 4232 Operum
3010 4160 3349 4217 Selectorum
3393 4158 3490 4215 SS.
3524 4158 3751 4213 Patrum

2160 4259 2227 4313 de
2256 4256 2436 4313 Gratia
2463 4256 2561 4312 Dei
2597 4264 2654 4311 et
2683 4254 3163 4310 Prsedestinatione
3202 4260 3532 4309 sanctorum.
3560 4250 3749 4306 Editor

2164 4349 2266 4404 fuit
2292 4346 2485 4403 Petrus
2515 4347 2836 4401 Franciscus
2872 4344 3185 4415 Fogginius.
3207 4342 3531 4413 Complexus
3570 4353 3651 4398 est
3695 4343 3755 4399 in

2168 4439 2275 4495 hoc
2300 4438 2572 4494 volumine
2593 4436 2852 4507 epistolas
2886 4435 2953 4491 ad
2998 4435 3055 4490 S.
3085 4433 3445 4504 Augustinum
3495 4440 3551 4487 et
3607 4432 3753 4491 Ruti-

2166 4547 2316 4587 num.
2345 4530 2748 4600 Responsiones
2774 4526 2841 4581 ad
2866 4526 3113 4596 Capitula
3141 4525 3439 4591 Gallorum,
3471 4523 3756 4594 Objectio-

2168 4639 2269 4680 nes
2294 4622 2679 4679 Vincentianas
2725 4626 2783 4676 et
2812 4620 3076 4689 Excerpta
3116 4617 3506 4684 Genuensium,
3530 4615 3756 4671 Librum

2168 4728 2359 4774 contra
2388 4716 2736 4779 Collatorem,
2767 4727 2987 4768 carmen
3015 4711 3080 4767 de
3108 4710 3356 4781 Ingratis,
3380 4709 3753 4781 Epigramma-

2171 4820 2285 4864 tum
2316 4806 2544 4862 triadem
2572 4805 2835 4859 adversus
2866 4801 3231 4858 Massilienses
3275 4812 3333 4858 et
3376 4801 3756 4871 Epigramma-

2172 4910 2284 4954 tum
2311 4914 2379 4953 ex
2405 4894 2691 4952 sententiis
2716 4891 3004 4965 Augustini
3033 4892 3394 4962 spicilegium,
3425 4893 3604 4947 omnia
3630 4889 3753 4943 dili-

2173 5003 2365 5063 genter
2391 5005 2456 5044 ex
2499 4988 2753 5055 editione:
2781 4984 3073 5041 Parisiensi
3121 4997 3410 5052 expressa,
3453 4982 3769 5049 additisque

2179 5102 2291 5143 non
2346 5085 2521 5140 solum
2551 5084 2712 5137 variis
2756 5079 3083 5137 lectionibus
3124 5080 3178 5133 in
3206 5078 3419 5146 eadem,
3462 5075 3560 5131 sed
3609 5075 3767 5130 novis

2173 5180 2335 5236 etiam
2358 5191 2455 5231 sua
2484 5176 2657 5245 ipsius
2673 5188 2835 5243 opera
2862 5187 2927 5227 ex
2958 5170 3233 5227 Vaticanis
3281 5166 3559 5224 codicibus
3588 5164 3762 5221 colle-

2173 5273 2299 5337 etis;
2326 5276 2588 5339 praeterea
2610 5280 2829 5320 carmen
2855 5263 2929 5319 de
2957 5262 3210 5334 Ingratis,
3240 5261 3393 5331 cujus
3416 5272 3549 5314 mss.
3577 5272 3763 5313 exem-

2172 5361 2345 5433 plaria
2400 5358 2542 5413 nulla
2591 5356 2835 5427 reperire
2884 5355 2934 5411 ei
2964 5353 3211 5423 contigit,
3254 5368 3354 5409 nec
3383 5365 3490 5404 non
3523 5349 3623 5404 tria
3654 5346 3770 5415 epi-

2181 5459 2480 5523 grammata
2508 5464 2629 5519 quae
2653 5448 2730 5504 illi
2761 5446 2985 5518 adjungi
3005 5446 3215 5515 solent,
3238 5445 3514 5514 perpetuis
3545 5440 3769 5497 scholiis

2178 5560 2242 5603 ex
2290 5541 2673 5612 prolixioribus
2717 5540 2934 5596 Martini
2984 5536 3236 5607 Stcyartii
3286 5546 3342 5593 et
3391 5533 3771 5589 Parisiensium

2180 5606 2445 5695 editorum
2470 5634 2747 5690 instruxit.
2780 5628 3067 5698 Inscripsit
3086 5606 3355 5683 Clementi
3381 5625 3521 5681 XIII.
3770 5606 3783 5619 ’

2256 5728 2414 5785 1759.
2449 5726 2773 5783 Romam...
2825 5721 3001 5778 iri-12.
3051 5719 3107 5777 8.
3142 5716 3397 5790 Prosperi
3430 5730 3651 5775 carmen
3703 5712 3776 5772 de
