4088 6176
353 226 426 286 Gl
881 230 1407 290 SCHGENEMANNI
1444 233 1722 291 NOTl'l‘IA
1758 231 2567 307 HISTORICO—LITTERARIA
2608 240 2675 298 ΙΝ
2714 241 3157 304 PROSPERUM.

3568 247 3645 310 62

353 336 585 431 Ingratis
629 347 683 431 et
707 336 1110 431 Epigrammata
1139 342 1360 398 selecta.
1394 342 1485 399 Sic
1515 344 1710 413 legitur
1744 343 1797 398 in
1824 344 1945 399 Cat.
1975 350 2023 409 Α
2054 346 2223 414 nium,
2257 364 2357 407 nec
2380 365 2485 405 non
2514 351 2977 425 Semipelagianos
2996 355 3364 415 Massilienses
3390 369 3642 431 spectan-

352 428 499 486 Bibl.
533 429 748 486 comitis
793 430 967 487 Caroli
993 447 1023 486 a
1064 432 1303 488 Firtnian
1349 442 1388 488 t.
1436 434 1479 501 I,
1506 449 1562 505 p.
1586 434 1677 501 55,
1704 451 1757 489 n.
1781 434 1941 492 3027.

1007 521 1290 575 Versiones.

425 612 635 670 Praeter
656 629 850 685 poema
895 614 964 671 de
990 615 1238 686 Ingratis,
1271 631 1440 688 pauca
1471 617 1727 689 Prosperi
1756 617 1808 673 in
1858 634 1942 673 re-

343 708 623 761 centioi-cs
658 706 865 777 linguas
892 722 1153 763 conversa
1175 718 1408 765 exstant.

420 797 666 853 Galliae.
696 830 769 840 —
798 799 957 853 1647.
988 798 1144 854 Paris
1184 800 1308 854 cites
1349 802 1401 854 la
1424 816 1579 856 venue
1608 800 1805 855 Martia
1830 801 1941 856 Du-

342 892 508 958 rand;
530 890 690 945 iri-4°.
720 891 919 947 Poéme
948 892 1014 948 de
1052 891 1109 947 8.
1134 892 1365 962 Prosper
1392 903 1581 948 contre
1608 894 1683 948 les
1704 893 1934 963 Ingrats,

342 983 419 1037 ait
449 985 501 1037 la
531 982 781 1039 doctrine
800 985 1107 1054 catholique
1130 984 1200 1040 de
1228 986 1275 1040 la
1321 986 1485 1056 grace
1511 997 1594 1041 est
1651 986 1936 1057 expliquée

341 1084 400 1127 et
423 1084 690 1129 soutenue
735 1084 927 1130 contre
962 1074 1042 1130 les
1086 1075 1396 1146 Pélagiens;
1426 1078 1627 1131 traduit
1678 1092 1745 1133 en
1790 1077 1936 1132 fran-

341 1165 481 1233 eais,
511 1180 579 1222 en
606 1179 728 1221 vers
750 1176 807 1221 et
834 1182 899 1221 en
944 1182 1121 1236 prose,
1150 1182 1281 1222 avec
1311 1169 1389 1222 les
1428 1182 1548 1223 vers
1576 1168 1677 1223 mis
1728 1168 1758 1223 ὸ
1788 1169 1931 1234 cdté,

340 1271 445 1325 par
463 1256 805 1313 Louis-Isaac
850 1258 901 1313 Ie
952 1258 1147 1314 Maitre
1194 1258 1265 1313 de
1304 1258 1445 1314 Saci.
1501 1260 1698 1314 Eadem
1754 1260 1931 1315 Versio

339 1363 534 1405 recusa
556 1362 638 1405 est
665 1351 884 1405 Parisiis
911 1351 1052 1420 apud
1080 1350 1222 1410 Guil.
1252 1352 1486 1420 Despcm
1526 1363 1579 1408 et
1609 1351 1764 1406 .Ioan.
1802 1354 1927 1408 Des-

337 1450 548 1496 cssnrts
578 1457 629 1495 a.
674 1440 833 1508 1717,
864 1441 1058 1508 ἰηο12;
1086 1442 1265 1498 addita
1297 1443 1522 1513 epistola
1568 1444 1634 1497 ad
1674 1444 1925 1499 Ruﬁnum

2053 440 2196 496 tibus
2230 444 2619 512 quaestionibus
2668 450 2884 505 nomine
2926 459 3219 521 apparatus
3260 451 3329 506 ad
3382 452 3639 520 disquisi-

2050 531 2246 585 tionem
2274 533 2523 606 insignita
2558 537 2685 591 sint.
2734 538 2882 595 Scite
2936 548 3125 596 auctor
3158 540 3348 599 Viator
3373 558 3404 598 a
3434 543 3637 603 Cocca-

2045 620 2129 675 leo
2160 622 2402 694 (Viatore
2429 625 2497 681 da
2524 628 2841 701 Coccaglio)
2873 630 3180 700 Capucinus
3224 648 3533 691 sermonem
3564 637 3634 692 ad

2044 720 2314 767 amatores
2356 714 2617 771 doctrinm
2648 718 2901 787 Prosperi
2958 722 3175 788 direxit,
3208 722 3445 793 alioquin
3470 741 3633 781 nemo

2043 799 2196 857 facile
2239 804 2440 860 dixerit
2467 807 2553 862 cui
2584 808 2701 865 haec
2728 811 2928 879 scripta
2961 812 3090 865 sint.
3137 812 3479 883 Nuncupavit
3533 834 3630 872 au-

2042 903 2148 948 tem
2179 898 2429 953 volumen
2458 916 2612 954 suum
2645 903 2905 957 cardinali
2937 903 3217 959 Dominico
3238 905 3551 965 Passioneo.

2111 986 2271 1042 1760.
2300 986 2367 1041 In
2393 988 2623 1058 Brescia,
2651 993 2795 1047 dalle
2830 1006 3030 1066 stampe
3056 997 3112 1051 di
3150 996 3353 1053 Giamb.
3381 999 3586 1055 Bossim'
3601 1018 3627 1071 ;

2036 1075 2197 1130 ξη-ιο.
2226 1077 2301 1132 Lo
2330 1080 2533 1149 Spirito
2565 1082 2919 1139 lilosolico....
2953 1088 3352 1158 tlieologico....
3386 1092 3624 1149 ascetico

2035 1166 2088 1221 di
2118 1184 2210 1222 san
2235 1169 2501 1239 Prostpero
2534 1173 2872 1243 d’Aqnitania
2898 1176 2982 1231 ne’
3002 1179 3119 1231 suoi
3143 1178 3497 1249 Epigrammi.

2106 1258 2248 1313 Idem
2276 1272 2465 1317 auctor
2489 1274 2573 1319 est
2605 1264 2789 1319 Viator
2816 1266 2882 1320 de
2903 1266 3196 1336 Coccaleo,
3232 1270 3482 1342 idemque
3509 1273 3622 1343 spi-

2034 1346 2169 1403 ritus
2198 1351 2251 1405 in
2280 1350 2717 1425 Commentariis,
2748 1356 2842 1411 sed
2892 1358 3148 1413 volumen
3203 1362 3455 1429 spissius.
3485 1364 3616 1420 Sin-

2029 1439 2168 1507 gulis
2225 1442 2712 1513 Epigratnmatibus
2767 1446 2979 1502 Latinis
3038 1448 3385 1519 subiungitur
3436 1458 3617 1510 versio

335 1544 396 1587 ct
427 1533 676 1602 Epitome
708 1535 871 1589 totius
891 1534 1151 1590 doctrinae
1178 1535 1550 1605 Prosperianaa
1580 1536 1646 1592 de
1672 1538 1842 1606 gratia
1873 1552 1900 1593 e

2028 1529 2243 1599 Italica,
2276 1549 2434 1602 quain
2466 1536 2834 1605 prolixissima
2879 1539 3129 1609 excipere
3175 1542 3338 1607 solet,
3386 1558 3491 1598 non
3547 1546 3616 1603 de

335 1627 514 1683 libero
536 1628 761 1684 arbitrio
787 1644 853 1684 ex
884 1628 1149 1699 Operibus
1176 1629 1367 1698 ipsius.
2027 1630 2144 1677 arte
2174 1624 2437 1693 poematis
2476 1629 2833 1689 sententizeve
2880 1631 3222 1698 tractatione,
3254 1633 3349 1688 sed
3387 1651 3456 1689 ex
3492 1651 3615 1706 pro-

408 1720 573 1777 1649,
603 1719 778 1787 Ρατίε,
811 1721 935 1775 clm
954 1721 1087 1775 ,ιεαη
1113 1720 1367 1789 Ηεηαυιι;
1394 1721 1565 1777 ἰη-8υ,
1591 1721 1644 1777 δ,
1668 1721 1917 1792 Prosper,
1954 1760 1999 1820 Β
2028 1716 2146 1783 prio
2182 1719 2416 1773 auctoris
2437 1719 2654 1789 ingenio
2685 1736 2849 1790 super
2892 1721 3035 1777 idem
3066 1724 3209 1793 quod
3246 1734 3404 1793 poeta
3437 1728 3615 1797 attigit

330 1812 401 1866 de
424 1814 475 1866 la
506 1812 759 1867 Vocation
781 1814 878 1868 des
902 1812 1130 1879 Genuls,
1157 1813 1229 1868 ob
1253 1816 1302 1868 la
1336 1813 1581 1869 doctrine
1610 1813 1920 1885 catholique
1954 1812 1997 1820 ’⁷
2026 1820 2423 1875 πευῐηεηίυιηι
2447 1812 2597 1880 quasi
2624 1812 2676 1866 ίη
2712 1814 2896 1867 datum
2947 1823 3150 1869 textum
3200 1822 3611 1875 commentatio.

328 1903 400 1955 de
430 1904 478 1957 ι..
511 1903 702 1959 libené
727 1914 781 1959 ei
812 1904 880 1959 de
908 1905 955 1958 la
1004 1904 1163 1974 graec
1191 1901 1548 1960 esidéclarée
1597 1916 1786 1961 conire
1839 1907 1919 1962 [es
2026 1897 2302 1954 Dedicavit
2356 1917 2492 1971 Opus
2531 1903 2728 1959 Carolo
2760 1904 3005 1960 Victorio
3049 1907 3293 1963 Amadeo
3349 1912 3610 1966 cartlinali

326 2010 549 2050 crreurs
586 1996 683 2051 des
713 1995 1055 2066 bérétiques;
1083 1996 1279 2051 traduit
1303 2011 1370 2052 en
1399 1996 1635 2062 lrancais
1662 2011 1799 2051 avec
1823 1997 1919 2052 des

326 2087 642 2157 réﬂexions,
677 2105 774 2159 par
803 2090 856 2145 Ie
886 2089 944 2144 P.
975 2090 1210 2144 Antoine
1238 2088 1453 2146 Girard.

401 2180 627 2236 Italiae.
658 2211 730 2222 —
762 2180 923 2237 I586.
951 2179 1017 2235 In
1047 2180 1237 2245 Roma;
1268 2179 1429 2237 in-8°.
1487 2179 1755 2236 Sentenze
1777 2180 1827 2235 di
1852 2179 1913 2237 S.

326 2272 594 2342 Prospero
622 2288 784 2341 sopra
824 2274 872 2328 Ie
893 2273 1296 2328 Promissionie
1337 2272 1642 2327 Predizioni
1691 2273 1745 2328 di
1794 2275 1910 2341 Dio,

322 2363 559 2418 tradotte
598 2365 666 2419 da
695 2364 876 2420 Giulio
927 2363 1125 2427 Folco;
1160 2363 1212 2418 in
1245 2362 1423 2417 Επειιί
1470 2362 1704 2418 mirabili
1754 2364 1821 2418 de
1864 2364 1909 2418 la

322 2454 604 2511 Limosina
658 2470 689 2510 e
720 2456 990 2512 Sentenze
1019 2455 1194 2523 degne
1238 2454 1292 2507 di
1349 2456 1605 2521 memoria
1657 2465 1911 2524 apparte—

321 2548 474 2601 nenti
503 2547 569 2602 ad
591 2560 707 2603 esse
729 2587 746 2614 ,
780 2547 1012 2603 raecolte
1042 2562 1140 2617 per
1166 2561 1330 2615 opera
1383 2546 1433 2599 di
1487 2545 1667 2602 Giulio
1717 2546 1904 2603 Folco.

317 2640 584 2709 Argelati,
608 2640 646 2695 l.
671 2654 795 2696 mox
826 2639 1115 2695 laudando.

390 2732 556 2787 I75I.
582 2730 647 2786 In
669 2731 912 2799 Venetia,
933 2747 1023 2801 per
1041 2729 1195 2786 Cario
1218 2728 1439 2795 Pecora;
1468 2728 1629 2783 in-e'.
1657 2730 1693 2785 Il
1719 2744 1907 2800 poema

313 2822 369 2874 ili
401 2821 463 2876 S.
487 2821 756 2892 Prospero
785 2822 1053 2893 Aquitano
1080 2820 1217 2889 dcgl’
1244 2820 1463 2890 Ingrati,
1497 2836 1529 2870 «ι
1555 2820 1633 2875 sia
1665 2835 1824 2888 sopra
1858 2822 1905 2875 la

311 2914 535 2970 Gratia.
568 2915 915 2971 Traduzione
954 2916 1009 2970 in
1038 2925 1218 2970 Ottava
1248 2916 1380 2969 ritna
1414 2914 1535 2969 dell'
1564 2915 1721 2970 abate
1742 2915 1906 2971 Gian-

312 3008 597 3062 Irancesco
627 3006 918 3079 Giorgetti,
947 3007 1198 3063 dedicato
1227 3022 1255 3061 a
1283 3006 1601 3076 monsignor
1629 3006 1904 3064 illustriss.

2022 1988 2164 2045 delle
2185 1990 2383 2055 Lanze,
2418 1994 2825 2065 archiepiscopo
2873 1994 3093 2051 Nicosio
3119 2006 3175 2052 et
3202 1999 3315 2068 regi
3347 1998 3610 2056 Sardinia:

2020 2095 2050 2135 a
2079 2081 2530 2138 confeSsionibus.

2096 2172 2253 2229 1764.
2278 2173 2345 2228 In
2377 2175 2599 2245 Verona,
2635 2194 2723 2241 per
2767 2179 3013 2250 Agostino
3035 2178 3328 2249 Carattoni;
3357 2183 3515 2238 iit-4°.
3546 2185 3606 2239 Di

2019 2278 2115 2318 san
2151 2265 2421 2335 Prospero
2450 2269 2720 2336 Aquitano
2748 2271 2931 2324 n0taio
2954 2271 3007 2325 di
3038 2286 3134 2326 san
3187 2272 3372 2329 Leone
3413 2291 3609 2345 magno

2018 2353 2053 2408 il
2083 2370 2271 2424 poema
2304 2356 2438 2427 degl‘
2468 2357 2664 2428 Ingrati
2712 2374 2912 2414 ovvero
2968 2362 3385 2433 Semipelagiani
3426 2378 3608 2420 recato

2016 2448 2073 2504 in
2094 2450 2237 2504 versi
2285 2450 2492 2505 ltaliani
2521 2452 2695 2506 scinlti
2738 2452 2822 2506 dal
2871 2457 3232 2510 reverendiss.
3272 2456 3443 2512 Padre
3497 2458 3605 2514 don

2016 2540 2321 2597 Francesco
2382 2543 2549 2599 Maria
2605 2545 2756 2600 Ilicci
2810 2545 3056 2602 Romano
3120 2549 3277 2604 abate
3342 2550 3609 2606 Bcuedet-

2014 2636 2222 2690 tino....
2250 2635 2527 2691 Casinese.

2085 2729 2125 2781 E
2155 2728 2374 2798 regione
2420 2727 2690 2784 versionis
2721 2729 2919 2785 Italica:
2969 2732 3246 2801 appositus
3292 2741 3378 2788 est
3422 2741 3600 2790 textus

2010 2818 2257 2885 Latinus,
2300 2819 2603 2891 additisque
2648 2830 2773 2875 sunt
2802 2821 3181 2879 annotationes
3232 2834 3286 2879 et
3336 2825 3596 2882 lectiones

2010 2912 2302 2966 variantes.
2332 2911 2437 2968 Sed
2470 2912 2585 2967 hasc
2614 2912 2793 2968 omnia
2823 2929 2888 2968 ex
2942 2913 3188 2969 Parisina
3234 2915 3472 2972 editione
3497 2917 3595 2971 de-

2008 3014 2192 3073 cerpta
2222 3013 2366 3058 sunt.
2396 3004 2737 3073 Nuncupavit
2759 3006 2936 3062 editor
2972 3008 3279 3063 versionem
3319 3022 3468 3063 suam
3493 3009 3590 3065 Ni-

311 3115 344 3151 e
374 3099 736 3158 reverendiss.
777 3101 965 3154 Aluise
1010 3099 1250 3163 Foscari,
1285 3099 1550 3168 putriarca
1580 3098 1633 3153 di
1665 3098 1896 3154 Venezia
1925 3098 1969 3159 C
2003 3094 2155 3147 colao
2190 3096 2423 3160 Antonio
2453 3096 2759 3153 Justiniano
2779 3097 3036 3169 episcopo
3062 3098 3309 3154 Veronae.

309 3206 343 3244 c
372 3191 605 3259 primate
651 3190 787 3246 della
841 3191 1129 3258 Dalmazia,
1158 3202 1286 3254 etc.,
1318 3206 1419 3245 con
1469 3204 1573 3245 una
1632 3190 1871 3245 Disserta

310 3298 342 3335 ι
369 3297 474 3337 one
502 3297 661 3352 supra
686 3283 737 3337 Ia
767 3283 911 3349 Vita,
944 3300 973 3338 e
996 3282 1203 3352 I’Opere
1247 3283 1299 3337 di
1328 3283 1385 3337 8.
1416 3282 1683 3351 Prospero
1729 3283 1897 3352 Aqui-

310 3382 466 3439 tane,
486 3388 627 3429 econ
641 3376 993 3430 annotazione
1016 3375 1339 3444 Iilologiclte,
1363 3375 1639 3439 istoriclte,
1653 3374 1894 3431 criticbe.

378 3464 604 3519 Accedit
645 3475 821 3520 textus
850 3464 1091 3520 Latinus.
1138 3466 1361 3521 Novelle
1391 3465 1534 3520 Lett.
1573 3466 1625 3520 di
1660 3466 1886 3523 Firenze

308 3570 362 3609 a.
392 3555 555 3621 1751,
576 3555 647 3609 24
676 3556 979 3626 Sptembr.,
998 3556 1195 3626 p.6l0;
1228 3567 1281 3612 et
1306 3556 1443 3612 Nov.
1470 3557 1614 3611 Lett.
1636 3558 1691 3612 di
1714 3558 1882 3613 Vene-

307 3649 390 3699 eia
424 3661 574 3699 num.
603 3645 696 3710 41,
726 3662 783 3718 p.
816 3646 951 3714 345;
982 3656 1034 3703 et
1060 3648 1147 3715 qui
1175 3663 1243 3703 ex
1270 3647 1338 3702 iis
1376 3647 1555 3704 hausit
1580 3648 1818 3720 Argelati
1840 3648 1895 3704 in

306 3736 449 3792 Bibl.
475 3736 618 3808 dein
650 3738 949 3808 Volgarizz.
978 3747 1015 3795 t.
1047 3738 1133 3807 III,
1168 3755 1221 3809 p.
1250 3741 1374 3796 505.

381 3827 547 3884 1755.
582 3829 647 3881 In
693 3828 933 3898 Venezia,
986 3846 1161 3900 presso
1191 3828 1401 3884 Simone
1432 3829 1624 3897 Ocrhi;
1674 3830 1840 3885 in.8°.
1876 3830 1895 3886 I

306 3919 463 3975 inille
493 3919 649 3975 Versi
679 3919 860 3975 Latini
888 3918 942 3975 di
968 3920 1026 3976 8.
1061 3920 1328 3989 PrOSpero
1357 3920 1409 3976 di
1455 3920 1743 3990 Aquitania
1768 3935 1896 3975 con-

303 4023 391 4069 tro
420 4013 437 4067 i
464 4012 901 4083 Semipelagiani,
943 4013 1159 4067 tradotti
1204 4014 1255 4066 in
1283 4014 1422 4067 versi
1475 4013 1681 4067 ltaliani
1709 4012 1798 4067 dal
1829 4012 1887 4067 P.

300 4106 449 4163 Carl‘
474 4108 736 4177 Agostino
764 4107 986 4161 Ansaldi
1010 4106 1095 4162 de’
1113 4106 1456 4176 predicatori,
1491 4104 1570 4161 I'ra
1600 4107 1673 4176 gli
1693 4105 1891 4161 Arcadi

302 4200 452 4256 della
477 4199 706 4256 Colonia
734 4199 788 4254 di
818 4199 1069 4268 Trebbia,
1098 4198 1418 4253 Clomoneo.

370 4292 450 4346 Et
479 4292 567 4346 hic
590 4292 858 4361 interpres
888 4300 1086 4346 textum
1128 4289 1379 4344 Latinum
1406 4298 1461 4345 et
1487 4290 1702 4346 notulas
1732 4290 1784 4346 in
1811 4290 1893 4345 in-

301 4385 489 4441 teriori
519 4386 766 4455 margine
790 4385 1054 4453 apposuit.
1082 4384 1337 4452 Argelati,
1369 4384 1407 4437 l.
1437 4384 1477 4438 l.

2078 3185 2237 3241 I764.
2273 3184 2486 3241 Codices
2528 3204 2594 3242 ea:
2634 3189 2815 3259 quibus
2861 3187 3103 3260 Prosperi
3127 3190 3323 3261 scripta
3345 3200 3435 3245 aut
3478 3192 3590 3263 ρνὶο

2002 3293 2142 3329 mum
2162 3280 2303 3331 edita
2319 3288 2408 3332 aut
2433 3279 2669 3349 deinceps
2693 3280 2984 3333 emaculata
3003 3290 3143 3337 sunt.

2075 3369 2115 3424 Ι.
2156 3369 2351 3425 Codex
2395 3385 2499 3426 ms.
2552 3371 3020 3426 Benedictinorum
3068 3370 3266 3427 montis
3308 3372 3366 3427 8.
3408 3372 3594 3431 Jacobi

2002 3462 2311 3532 Moguntiac,
2336 3463 2479 3518 unde
2499 3462 2666 3518 editio
2691 3463 3113 3533 Illoguntinensis
3132 3479 3186 3519 a.
3215 3464 3354 3519 1524
3372 3465 3591 3535 prodiit.

2073 3553 2138 3609 ll.
2171 3552 2300 3621 Quae
2329 3552 2568 3608 Sotellus
2600 3569 2664 3608 ex
2695 3568 2825 3608 mss.
2856 3554 3253 3624 exemplaribus
3278 3555 3438 3624 petiit
3463 3555 3592 3611 sub-

2001 3643 2161 3711 sidia,
2192 3658 2359 3714 pauca
2391 3645 2606 3699 luerunt
2633 3654 2689 3698 et
2710 3658 2875 3714 supra
2904 3653 3029 3698 sunt
3054 3661 3082 3700 a
3113 3645 3269 3699 nobis
3294 3645 3554 3700 indicata.

2071 3736 2155 3792 Ill.
2186 3738 2423 3794 Joannes
2452 3737 2723 3792 Olivarius
2750 3753 2914 3793 unum
2948 3739 3319 3793 tantummodo
3346 3738 3587 3793 codicem

1999 3829 2457 3885 CambrOnensem
2505 3838 2921 3895 commemorat,
2969 3844 3035 3883 ex
3084 3844 3192 3898 quo
3243 3830 3472 3897 plurima
3523 3831 3593 3885 ab

1999 3920 2117 3992 ipso
2162 3921 2213 3973 in
2249 3928 2399 3975 textu
2448 3919 2702 3989 Pt'osperi
2741 3919 3003 3988 castigata
3046 3918 3268 3973 fuerint.
3299 3918 3407 3975 Sed
3440 3920 3484 3974 is
3521 3934 3589 3975 ex

1996 4011 2250 4082 genuinis
2276 4010 2539 4080 Prosperi
2582 4010 2807 4081 scriptis
2855 4024 2962 4064 non
3011 4010 3112 4065 nisi
3161 4010 3586 4081 Epigrammata,

1996 4105 2063 4159 de
2094 4105 2309 4159 creteris
2335 4104 2506 4159 libros
2533 4104 2603 4159 de
2627 4104 2751 4160 Vita
2776 4104 3208 4173 Contemplativa
3237 4111 3293 4159 et
3316 4102 3385 4158 de
3416 4102 3587 4158 Voca-

1996 4196 2142 4250 tione
2171 4195 2412 4249 omnium
2444 4194 2699 4252 Gentium
2730 4194 3065 4250 continebat.

2069 4286 2155 4340 IV.
2190 4285 2691 4352 Benedictinorum,
2716 4286 2983 4341 editorum
3024 4285 3259 4355 Operum
3296 4282 3357 4341 S.
3407 4286 3587 4355 Augu-

1994 4378 2144 4433 stini.

372 4475 625 4534 1756.112
646 4475 876 4543 Brescia,
901 4493 1073 4545 presso
1097 4475 1418 4529 Giammaria
1449 4475 1727 4541 Rizzardi;
1745 4474 1889 4530 ὅγε-ι’
1922 4477 1968 4536 D
2069 4471 2121 4523 I.
2148 4467 2333 4525 Codex
2366 4468 2736 4535 Corbeiensis,
2760 4482 2829 4524 ex
2858 4481 2965 4538 quo
2996 4465 3359 4522 emendarunt
3388 4464 3585 4521 librum

301 4577 434 4645 maj.
460 4572 686 4627 Ricerca
715 4572 1052 4627 Sistematica
1079 4572 1161 4624 sul
1196 4579 1359 4632 testo,
1389 4583 1421 4623 e
1459 4568 1596 4622 sulla
1627 4579 1806 4622 mente
1832 4568 1885 4622 di

299 4664 359 4719 8.
387 4663 661 4732 Prospero
700 4660 1038 4730 d’Aquitania
1068 4659 1159 4715 neI
1201 4672 1300 4713 suo
1345 4672 1533 4727 poema
1576 4667 1760 4713 contra
1818 4657 1891 4727 gli

299 4755 522 4825 Ingrati.

375 4849 582 4903 Praeter
609 4862 825 4901 carmen
855 4845 922 4899 de
954 4844 1183 4913 Ingratis
1205 4844 1386 4898 insunt
1414 4843 1574 4897 etiam
1608 4840 1890 4911 Epigram-

300 4949 447 4995 mata
484 4938 591 4993 duo
631 4936 884 5006 Prosperi
935 4936 989 4989 in
1033 4936 1450 4990 obtrectatorem
1506 4933 1790 5001 Augustini
1825 4941 1881 4988 et

301 5030 650 5100 Epitaphium
701 5027 1032 5082 Nestoriana:
1084 5035 1138 5080 et
1191 5025 1499 5095 Pelagiana:
1565 5024 1878 5090 bmreseon,

296 5121 478 5176 omnia
500 5118 691 5174 Latine
722 5116 873 5187 iuxta
915 5125 1114 5171 textum
1142 5115 1396 5171 editionis
1444 5115 1697 5170 Parisince
1762 5130 1885 5170 cum

299 5212 515 5269 Latinis
539 5209 928 5281 marginalibus
954 5218 1007 5263 et
1050 5209 1104 5263 in
1149 5210 1375 5263 adversa
1414 5207 1604 5277 pagina
1637 5208 1888 5261 versione

294 5306 501 5370 Italica,
534 5318 656 5357 cum
681 5301 871 5356 iisdem
904 5298 1288 5369 marginalibus
1336 5298 1618 5353 conversis
1660 5307 1712 5353 et
1738 5295 1883 5351 notis

292 5396 486 5453 eodem
520 5394 773 5449 idiomate
801 5392 1017 5462 scriptis
1070 5391 1295 5457 criticis,
1327 5389 1598 5445 historicis
1629 5400 1683 5444 et
1730 5389 1885 5444 theo-

295 5488 508 5559 Iogicis.
535 5485 631 5542 liis
649 5486 891 5553 subjecta
924 5494 1007 5539 est
1051 5484 1315 5554 promissa
1352 5483 1403 5537 in
1461 5483 1617 5536 titulo
1670 5481 1881 5553 disqui-

291 5583 443 5648 sitio,
470 5594 595 5650 qua:
625 5587 826 5650 praeter
856 5577 1305 5632 introductionem
1347 5584 1402 5630 et
1451 5574 1877 5641 conclusionem,

291 5673 364 5732 70
414 5671 858 5729 annotationibus
899 5684 996 5723 seu
1025 5669 1285 5738 capitibus
1327 5675 1577 5731 constat,
1631 5666 1767 5721 adeo
1822 5677 1878 5723 ut

294 5770 412 5836 ipsa
442 5764 685 5821 carmina
715 5774 836 5814 cum
886 5759 1046 5811 variis
1078 5759 1141 5813 ait
1195 5769 1406 5814 nontam
1457 5757 1680 5829 ejusque
1726 5759 1872 5831 inge-

1993 4573 2180 4617 cnntra
2203 4560 2555 4616 Collatorem.
2584 4562 2728 4615 Ante
2766 4573 2939 4615 annos
2987 4558 3101 4613 fere
3149 4567 3453 4627 nongentos
3481 4572 3581 4612 ex-

1994 4662 2197 4707 aratns.
2248 4652 2353 4707 Pro
2393 4652 2552 4707 titulo
2593 4662 2710 4708 erat
2743 4668 2757 4705 ε
2798 4650 2951 4705 Liber
2994 4650 3160 4705 sancti
3200 4647 3447 4719 Prosperi
3487 4666 3582 4719 pro

1993 4744 2432 4799 Prwdicatoribus
2460 4745 2641 4815 gratia:
2686 4743 2822 4811 Dei,
2871 4751 3055 4796 contra
3106 4739 3293 4795 librum
3344 4740 3581 4795 Cassiani

1993 4837 2281 4909 presbyteri
2316 4836 2404 4904 qui
2435 4844 2751 4903 praenotatur
2780 4834 2842 4887 de
2884 4833 3217 4887 Protectione
3247 4832 3365 4889 Dei.

2062 4927 2119 4980 2.
2154 4926 2525 4996 Remigianus,
2551 4925 2620 4980 de
2647 4941 2754 4993 quo
2781 4925 2882 4981 sub
2910 4940 3060 4979 num.
3091 4923 3150 4978 4.

2061 5018 2113 5074 5.
2143 5019 2488 5074 Colbertinus
2540 5018 2662 5073 libri
2711 5019 3117 5073 Sententiarum
3167 5031 3232 5071 ex
3279 5014 3578 5086 Augustino

1991 5110 2367 5175 delibatarum,
2394 5118 2619 5166 notatus
2642 5125 2793 5165 num.
2823 5110 2952 5175 505,
2985 5125 3084 5165 nec
3109 5108 3396 5163 admodum
3425 5116 3578 5162 vetus

1989 5203 2461 5273 complectebatur
2511 5216 2619 5257 non
2665 5202 2850 5272 plures
2898 5216 3062 5271 quam
3102 5207 3437 5270 septuaginta
3479 5214 3574 5254 sex

1991 5297 2312 5363 sententias,
2340 5310 2536 5363 nempe
2578 5293 2880 5350 octodecim
2916 5292 3138 5360 primas,
3171 5299 3225 5345 et
3251 5291 3453 5344 omissa
3482 5290 3580 5345 de-

1991 5388 2131 5442 cima
2176 5402 2341 5453 nona,
2368 5386 2705 5450 vigesimum,
2751 5383 3063 5455 vigesimam
3093 5380 3318 5451 primam
3356 5391 3409 5435 et
3439 5381 3578 5437 alias

1990 5494 2058 5536 ex
2098 5479 2541 5549 sabsequentiutn
2586 5476 2727 5533 serie
2755 5475 3007 5531 selectas.
3032 5473 3092 5528 In
3121 5471 3283 5529 editis
3318 5480 3574 5529 trecentas

1990 5582 2044 5628 et
2066 5573 2355 5642 nonaginta
2380 5578 2614 5625 exstant.

2058 5665 2124 5720 V.
2180 5662 2576 5721 Parisiensibus
2628 5668 2806 5716 autem
2861 5656 3164 5715 editoribus
3207 5664 3405 5729 pra‘sto
3451 5655 3568 5712 fue-

1988 5772 2047 5810 I‘ll
2057 5766 2111 5810 ιιι
2148 5774 2159 5807 ζ
