4088 6176
477 231 544 286 ϐῚ
1711 228 1767 283 S.
1809 223 2108 283 PROSPEF

2213 222 2517 293 lQUlTANI
3675 219 3763 299 ss

479 347 599 399 dant
626 343 868 415 praisidia
896 352 1202 415 tragerunt;
1229 341 1326 415 alii
1350 351 1553 405 autem,
1584 356 1801 415 quorum
1831 348 2023 415 mentes
2044 355 2189 395 error
2228 349 2347 415 ante
2385 346 2753 415 occupaverat,
2800 338 3021 415 caliging
3060 336 3267 415 propria
3306 338 3576 405 impediti,
3623 340 3756 415 nihil

481 406 763 469 aliud'illic
792 415 891 469 nisi
914 410 1210 479 olfensionis
1235 412 1406 465 adhuc
1429 421 1475 466 et
1502 412 1813 465 ardentioris
1838 412 1892 464 in
1919 411 2182 465 veritatem
2207 412 2311 464 odii
2339 410 2602 464 materiam
2628 406 2943 479 invenerunt.
2977 406 3287 477 OpiniOnem
3312 423 3463 461 suam
3489 412 3757 464 uetustatis

479 486 686 540 nomine
712 477 1039 554 defendentes
1059 524 1074 548 ,
1107 482 1571 554 prcedestinationis
1598 482 1784 552 dogma
1813 491 1931 534 nota
1962 482 2202 534 novitatis
2232 480 2521 554 inurebant.
2569 478 2743 554 Locos
2773 477 2933 533 Pauli
2978 478 3078 554 huc
3115 480 3424 554 pertinentes
3463 480 3699 534 dicebant
3729 497 3761 554 ᾳ

482 557 683 611 nemine
708 547 946 624 umquam
973 554 1047 607 sic
1063 547 1356 607 intellectas
1380 569 1398 607 :
1425 569 1640 624 cumque
1665 547 1969 624 regerentur
1989 552 2346 624 quonamgipsi
2375 551 2528 624 modo
2554 549 2743 621 exponi
2791 564 2880 624 eos
2921 547 3144 624 uellent,
3178 547 3383 602 nullum
3409 565 3478 624 re
3514 551 3762 624 vera_qui

486 628 707 695 placeret
727 665 742 690 ,
770 618 978 679 sensum
1003 624 1100 677 sibi
1116 639 1391 695 occurrere
1419 618 1747 695 fatebantur}
1777 621 1866 675 sed
1894 622 1957 695 de
1978 618 2068 695 his
2085 622 2244 695 taceri
2268 618 2506 686 iubebant
2531 618 2750 695 quorum
2774 618 3102 695 altitudinem
3128 628 3300 672 uultus
3326 620 3597 695 attigisset.
3628 618 3763 676 seu-

487 690 671 752 tentias
703 695 978 765 Augustini
1006 708 1072 748 ex
1102 693 1357 765 Operibus
1380 690 1496 746 ante
1527 692 1867 765 Pelagianam
1889 690 2212 765 hteresimab
2241 708 2302 744 eo
2330 691 2624 765 compositis
2664 690 3048 765 producebant,
3081 698 3344 765 tamquam
3382 706 3488 765 sua:
3528 692 3765 765 ipsorum

489 766 721 835 Opinioni
752 759 905 835 plane
931 773 1288 835 congruentes.
1324 763 1464 827 Quin
1494 764 1646 816 etiam
1660 759 1789 833 qua:
1816 762 2046 835 idemgemg
2066 761 2281 835 adversa
2311 772 2454 835 parte
2480 762 2575 813 sibi
2603 761 2846 835 opposuit
2870 761 2924 835 in
2952 761 3080 835 libro
3109 761 3171 835 de
3199 759 3603 835 Correptioneet
3633 760 3767 835 Gra-

482 830 557 889 tia
577 877 591 901 ,
624 839 730 889 hac
753 830 932 887 omnia
959 830 1052 905 pro
1083 850 1136 887 se
1166 834 1247 887 isti
1274 851 1460 903 magna
1489 830 1810 905 contentione
1837 832 2172 901 replicabant.
2199 832 2270 905 dt
2300 832 2582 905 plurimum
2612 830 2743 905 ipsis
2765 830 3071 905 displicebat
3108 832 3410 905 institutum!
3430 832 3621 885 ibidem
3651 832 3765 905 dis-

483 900 676 959 crimen
703 907 836 959 inter
859 900 1080 976 gratiam
1128 919 1242 976 qua:
1267 900 1474 976 Adamo
1490 905 1617 976 data
1646 904 1814 973 fuerat
1831 900 1928 976 ,__et
1966 916 2079 976 quae
2119 902 2265 976 nobis
2305 917 2456 976 nunc
2482 902 2655 976 datur.
2704 900 3438 976 Deniquepraedestinationis
3477 904 3765 976 euemplum

483 975 724 1030 nolebant
753 971 884 1029 sumi
914 990 977 1027 ex
1004 973 1232 1045 parvulis
1254 1017 1269 1043 ,
1302 973 1367 1028 de
1391 975 1570 1045 quibus
1597 971 1777 1043 nempe
1805 972 1911 1024 alia
1938 973 2079 1042 prius
2106 972 2286 1041 fuisset
2312 972 2488 1042 opinio
2518 973 2683 1041 ipsius
2708 987 2906 1041 quoque
2933 971 3209 1040 Augustini
3236 973 3289 1025 in
3320 971 3464 1027 libris
3488 974 3552 1027 de
3577 971 3765 1028 Libero

485 1046 729 1099 Arbitrio.

561 1115 691 1169 Cum
720 1123 888 1168 autem
918 1112 1128 1169 illorum
1157 1114 1340 1184 quibus
1370 1115 1581 1185 spiritus
1613 1112 1911 1183 Pelagiana:
1938 1112 2212 1185 impietatis
2238 1113 2309 1167 sic
2334 1112 2578 1166 illudebat
2609 1113 2912 1185 auctoritate
2941 1121 3291 1185 premerentur
3320 1114 3547 1168 veritatis
3588 1116 3769 1184 defen-

489 1202 652 1245 sores,
674 1185 927 1256 compulsi
956 1195 1073 1256 sunt
1095 1204 1127 1241 a
1151 1182 1327 1240 sancto
1354 1182 1580 1239 antistite
1609 1198 1814 1255 poscere
1844 1193 1897 1236 ut
1924 1200 2079 1256 suam
2097 1183 2208 1256 ipse
2232 1185 2591 1256 auctoritatem
2616 1184 2721 1237 illis
2747 1182 3011 1256 objicer'et.
3039 1182 3153 1235 Hoc
3178 1184 3241 1256 de
3265 1199 3320 1237 re
3344 1186 3476 1256 duas
3506 1187 3574 1237 ad
3597 1182 3771 1254 ipsum

491 1256 739 1326 epistolas
767 1253 969 1326 scripsit
1000 1255 1238 1309 Hilarius
1260 1299 1274 1321 ,
1306 1271 1523 1320 quarum
1549 1253 1716 1326 priore
1734 1296 1747 1315 ,
1776 1253 2104 1326 qquercidit
2125 1293 2140 1317 ,
2173 1254 2725 1326 fortasse_referebatu_r
2752 1254 3045 1326 odiosajlla
3066 1253 3410 1326 praedicandi;
3434 1257 3769 1326 praedestina-

494 1328 646 1379 tionis
675 1321 901 1393 formula
921 1365 937 1391 ,
966 1342 1122 1391 quam
1148 1342 1210 1381 eo;
1234 1321 1557 1379 adversariis
1572 1321 1838 1394 objectauit
1866 1324 1960 1396 sibi
1990 1321 2304 1396 Augustinus
2336 1321 2487 1395 (Lib.
2516 1340 2553 1396 ιι
2581 1326 2645 1377 de
2671 1321 2847 1377 Prwd.
2879 1324 2986 1379 SS.
3017 1340 3062 1377 c.
3093 1324 3191 1381 ‘22.
3221 1339 3275 1377 n.
3306 1321 3442 1396 57).
3479 1324 3770 1379 Posteriore

494 1411 610 1449 vero
650 1395 887 1466 Hilarius
926 1405 1193 1466 postquam
1221 1396 1284 1466 de
1307 1396 1718 1449 adversariorum
1743 1395 1962 1466 querelis
1990 1394 2121 1464 egit,
2153 1394 2418 1463 Quidquid
2442 1437 2457 1461 ,
2485 1395 2559 1448 ait
2578 1435 2592 1457 ,
2628 1409 2723 1463 pro
2752 1408 2813 1448 ea
2844 1397 3013 1466 gratia
3038 1436 3050 1457 .
3083 1408 3241 1466 quam
3275 1396 3326 1447 in
3360 1394 3410 1449 te
3442 1396 3619 1463 pusilli
3648 1410 3771 1450 cum

493 1466 702 1534 magnis
732 1463 1008 1526 miramur,
1042 1463 1277 1520 volueris
1305 1474 1398 1519 aut
1427 1466 1688 1529 valueris,
1725 1463 2029 1535 gratissime
2057 1465 2382 1533 accipiemus
2401 1502 2418 1525 ,
2451 1475 2721 1535 tamquam
2750 1479 2780 1517 a
2813 1464 2966 1519 nobis
2993 1465 3309 1518 charissima
3340 1474 3394 1535 et
3433 1467 3771 1520 reverendis-

494 1532 629 1589 sim'a
661 1535 981 1591 auctoritate
1009 1536 1306 1591 decretum.
1332 1536 1406 1588 Ac
1433 1535 1690 1604 signiﬁcat
1715 1532 1769 1588 s'e
1795 1532 2105 1605 Prosperum
2125 1532 2325 1605 quoque
2347 1532 2610 1605 impulisse
2635 1536 2702 1588 ad
2729 1535 3051 1605 scribendum
3077 1535 3311 1602 proprias
3340 1534 3395 1587 in
3418 1535 3648 1590 eamdem
3669 1552 3773 1589 rem

496 1605 688 1659 litteras
711 1645 727 1671 ,
759 1621 886 1673 quas
912 1605 956 1658 ei
986 1621 1101 1659 cum
1126 1606 1232 1659 suis
1259 1603 1577 1674 conjunctim
1607 1605 1806 1675 dirigit.
1842 1603 1905 1657 Et
1931 1603 2053 1675 illi:
2092 1603 2210 1658 sunt
2240 1603 2377 1673 quas
2422 1603 2505 1663 hic
2544 1606 2837 1659 exhibemus
2884 1604 3125 1672 Prosperi
3164 1606 3382 1670 litteris,
3423 1622 3646 1675 quarum
3682 1607 3775 1661 ille

498 1675 707 1729 exordio
740 1683 953 1729 testatur
983 1691 1037 1728 se
1060 1685 1241 1729 sancto
1269 1676 1503 1739 doctori,
1532 1691 1636 1729 non
1665 1674 2063 1745 soloisalutandi
2091 1691 2205 1729 eum
2228 1717 2245 1737 ,
2274 1683 2327 1727 nt
2354 1676 2407 1728 in
2436 1676 2609 1744 priore
2638 1676 2655 1745 (
2682 1692 2783 1728 non
2814 1678 3017 1745 exstat)
3044 1677 3268 1744 quadam
3295 1674 3511 1742 epistula
3542 1676 3729 1745 fecerat
3758 1717 3773 1741 ,

497 1745 669 1798 studio
690 1785 708 1811 ,
736 1745 829 1816 sed
854 1746 1009 1799 etiam
1038 1747 1159 1816 ﬁdei
1187 1763 1288 1812 qua
1318 1746 1548 1799 Ecclesia
1578 1748 1697 1816 vivit
1728 1743 1917 1811 affectu
1941 1745 2179 1816 scribere.
2225 1743 2539 1816 Excubante
2587 1743 2727 1816 enim
2752 1786 2765 1807 ,
2812 1743 3015 1816 inquit,
3065 1760 3164 1812 pro
3206 1746 3473 1800 universis
3519 1743 3775 1801 membris

497 1817 742 1883 corporis
772 1814 973 1870 Christi
1004 1815 1411 1885 vigilantissima
1440 1815 1700 1870 industria
1732 1825 1819 1869 tua
1843 1855 1856 1874 .
1889 1824 1945 1868 et
1969 1814 2226 1869 adversus
2258 1815 2629 1870 haereticarum
2656 1814 3020 1871 doctrinarum
3051 1817 3275 1871 insidias
3305 1817 3547 1871 veritatis
3575 1819 3777 1873 virtute

498 1892 773 1955 pugnante
798 1925 814 1950 ,
846 1886 992 1939 nullo
1020 1885 1182 1941 modo
1216 1888 1346 1940 mihi
1377 1888 1670 1941 verendum
1701 1886 1915 1956 putavi,
1946 1900 2013 1940 ne
2044 1901 2307 1940 onerosus
2338 1887 2431 1940 tibi
2462 1895 2554 1941 aut.
2582 1896 2920 1955 importunus
2948 1901 3124 1942 essem
3159 1889 3212 1940 in
3246 1901 3312 1940 eo
3340 1887 3485 1956 quod
3515 1887 3581 1941 ad
3623 1890 3773 1941 mul-

500 1966 676 2010 torum
706 1955 932 2011 salutem
957 1999 971 2025 ,
1005 1970 1067 2010 ac
1096 1956 1322 2025 perinde
1351 1957 1416 2010 ad
1447 1958 1700 2025 pietatem
1732 1964 1877 2010 tuam
1900 1996 1916 2019 ,
1950 1958 2224 2023 pertinet;
2257 1970 2377 2010 cum
2410 1958 2589 2024 potius
2618 1972 2770 2011 reum
2802 1956 3039 2011 futurum
3071 1971 3193 2011 esse
3239 1972 3325 2012 me
3360 1955 3648 2012 crederem
3678 1999 3693 2022 ,
3727 1959 3775 2011 si

502 2039 563 2099 ea
589 2025 902 2099 _qu:e_valde
935 2026 1235 2094 perniciosa
1269 2041 1391 2081 esse
1416 2028 1662 2099 intelligo
1684 2072 1699 2093 ,
1731 2028 1799 2081 ad
1830 2041 2125 2099 suout,"
2157 2042 2437 2081 annoso:
2466 2043 2605 2082 FIDEI
2637 2043 2745 2099 non
2787 2028 3063 2099 referrem.
3112 2025 3181 2079 Et
3212 2039 3324 2097 post
3355 2030 3639 2099 expositam
3664 2044 3780 2099 qua

498 2096 552 2149 in
581 2095 689 2149 illis
721 2094 1021 2171 Pelagianae
1049 2099 1319 2171 pravitatis
1347 2098 1579 2167 reliquiis
1600 2094 1771 2151 inerat
1797 2114 1903 2171 non
1931 2097 2238 2171 mediocrem
2267 2099 2611 2171 virulentiam,
2641 2098 2846 2171 subjicit
2888 2114 2907 2151 :
2936 2094 3229 2171 Speremus
3259 2112 3362 2152 non
3395 2094 3569 2171 solum
3598 2094 3780 2171 tenui-

501 2174 669 2238 tatem
702 2166 940 2238 nostram
971 2166 1398 2238 disputationum
1432 2176 1643 2238 tuarum
1679 2167 1930 2238 praesidio
1957 2168 2317 2221 roborandam
2343 2208 2357 2231 ,
2391 2169 2485 2222 sed
2516 2170 2678 2222 etiam
2709 2166 2854 2238 ipsos
2883 2166 3020 2238 quos
3050 2169 3259 2224 meritis
3289 2179 3450 2238 atque
3481 2168 3780 2224 honoribus

503 2236 678 2307 claros
707 2238 881 2305 caligo
911 2236 1064 2289 istius
1092 2237 1365 2307 opinionis
1394 2237 1649 2291 obscurat
1675 2235 1689 2299 ζ
1720 2235 2195 2291 ᾱθῐενεθιίεεὶιιιιιιιι
2228 2238 2408 2292 lumen
2438 2238 2627 2305 gratiae
2656 2235 2989 2307 accepturos.

573 2302 704 2358 Hinc
733 2302 887 2381 porro
917 2307 1082 2381 sancti
1109 2302 1355 2381 Prosper}
1379 2308 1596 2381 epistola
1625 2309 1818 2381 scripta
1844 2308 1941 2381 fuit
1991 2324 2129 2381 anno
2153 2308 2267 2381 4287
2287 2318 2375 2361 aut
2419 2302 2524 2363 [29
2544 2352 2559 2375 ,
2601 2326 2691 2379 per
2733 2302 2798 2363 id‘
2831 2322 3028 2379 tempus
3070 2326 3173 2381 quo
3218 2310 3506 2365 Arelatensi
3534 2308 3780 2381 Ecclesia:

502 2384 719 2443 priterat
750 2375 1019 2451 Hilarius,
1051 2375 1287 2451 catmum.
1317 2377 1372 2432 9.
1408 2376 1510 2451 Hic
1535 2394 1652 2431 vero
1680 2375 2037 2451 suberinensi
2068 2380 2313 2432 monacho
2342 2391 2537 2451 creatus
2584 2375 2680 2451 [uit
2708 2375 3021 2435 Arelatensis
3061 2375 3332 2451 episcopus
3372 2391 3485 2451 post
3532 2376 3777 2451 Honora-

501 2456 609 2533 t’u'm
629 2485 644 2508 ,
670 2462 807 2528 anno
830 2446 938 2528 42.8
959 2457 1047 2533 au‘t
1074 2446 1180 2502 429
1204 2450 1411 2533 ineunte
1439 2447 1711 2533 denatum.‘
1738 2448 1942 2533 Quippe
1974 2448 2553 2533 Honoratusnsuﬂectus
2581 2446 2821 2533 Patroclo
2843 2491 2856 2516 ,
2874 2452 2974 2533 qui
3010 2446 3149 2533 anno
3303 2493 3318 2514 ,
3345 2446 3502 2533 iuxta
3533 2450 3780 2533 Prosperi

501 2512 813 2638 Chrqnicum
834 2558 849 2582 ,
878 2520 1171 2641 interfecta:
1200 2528 1308 2586 est,
1336 2517 1650 2573 Cathedram
1677 2512 2026 2573 Arelatensem
2049 2560 2063 2585 ,
2093 2529 2216 2574 teste
2260 2512 2530 2576 Honorato
2570 2512 2975 2576 Massiliensi'in
3030 2520 3147 2575 Vita
3193 2512 3388 2577 Hilarii
3431 2512 3744 2576 Arelatensis
3764 2561 3780 2587 ,

501 2603 593 2641 Der
649 2603 874 2641 tenntum
902 2603 1141 2641 occupatu
1170 2629 1184 2641 .

500 2603 593 2656 per
616 2603 874 2641 biennium
902 2603 1184 2657 occupauit.

528 2709 3780 2750 Μ

1472 2791 1618 2906 S.
1712 2791 2831 2905 PROSPEBI

1936 2980 2359 3043 AQUITANI

820 3121 851 3161 ³
908 3102 1791 3235 EPISTULA
1877 3102 2129 3231 AD
2217 3102 3461 3253 AUGUSTINUM,

508 3318 600 3376 De
622 3316 907 3398 reliquiis
930 3315 1283 3398 Pelagiana
1310 3314 1603 3398 haereseos
1636 3313 1705 3374 in
1732 3310 1947 3398 Gallia
1981 3309 2534 3398 subolescentibus,
2564 3312 2753 3398 deque
2779 3312 3142 3398 huiusmodi
3167 3316 3481 3398 hominum
3514 3319 3784 3398 querelis

588 3390 883 3456 adversus
908 3390 1483 3474 pradestinationis
1510 3401 1564 3452 et
1591 3392 1809 3471 gratia;-
1835 3390 2208 3457 doctrinam.
2242 3391 2582 3469 Augustini
2605 3390 2946 3469 opusculis,
2969 3398 3317 3473 prazsertim
3342 3395 3502 3459 libro
3522 3390 3598 3459 de
3623 3397 3785 3460 Cor-

588 3476 870 3553 reptione
906 3481 961 3535 et
992 3473 1239 3539 Gratia.
1270 3473 1668 3551 explicatam.

512 3600 739 3655 Domino
768 3598 1077 3653 beatissimo
1128 3611 1296 3665 papae,
1347 3594 1692 3649 ineﬂabiliter
1722 3593 1977 3668 mirabili,
2014 3592 2353 3652 in-Aliensi
2404 3592 2536 3649 urbe
2587 3594 2914 3657 consistunt,
2956 3595 3007 3649 in
3070 3597 3374 3652 sanctitatis
3419 3605 3522 3652 tuae
3570 3598 3789 3668 scriptis

585 3669 1019 3757 (Erillipal‘ahllitl‘er
1035 3668 1368 3733 honorando,
1392 3666 1835 3736 praestantissimo
1852 3672 2099 3734 patrono,
2206 3701 2323 3753 qua,
2352 3686 2609 3741 adversus
2633 3687 2950 3757 pelagianos
2981 3686 3267 3743 hmeiicos
3302 3687 3622 3756 condidisti,
3656 3666 3791 3745 con-

588 3741 891 3796 AUGUSTI”
930 3738 1197 3794 Pnosnn'
2208 3778 2429 3833 trarium
2481 3788 2672 3847 putant
2724 3738 2940 3834 PZtrum
2997 3781 3233 3848 Opinioni
3286 3790 3340 3836 et
3389 3738 3801 3838 ecclesiastico-

591 3875 702 3945 1|.
727 3872 944 3942 ignotus
970 3871 1185 3942 quidem
1206 3871 1302 3925 tibi
1329 3870 1590 3934 facie,sed
1611 3870 1719 3939 jam
1738 3869 2100 3940 aliquatenus,

519 3969 562 4019 si
606 3963 995 4031 reminiscaris,
1021 3965 1201 4017 animo
1231 3977 1293 4016 ac
1322 3977 1575 4018 sermone
1606 3972 1946 4034 compertus;
1981 3979 2102 4017 nam

518 4071 614 4124 per
678 4066 920 4108 sanctum
970 4053 1193 4108 fratrem
1256 4068 1433 4107 meum
1481 4052 1766 4108 Leontium
1814 4054 2101 4109 diaconum

520 4144 641 4198 misi
668 4142 694 4181 δ
722 4143 981 4213 epistolas
1016 4152 1070 4196 ct
1108 4143 1323 4209 recepi;
1359 4158 1500 4198 nunc
1530 4158 1741 4213 quoque
1788 4144 2105 4199 beatitudini

527 4245 633 4289 tua:
662 4234 900 4290 scribere
928 4233 1122 4301 audeo,
1156 4250 1262 4287 non
1292 4234 1462 4289 solum
1490 4235 1848 4305 salutationis,
1869 4248 1923 4290 ut
1957 4249 2104 4304 tunc,

523 4326 737 4392 studio;
772 4328 867 4381 sed
898 4328 1062 4382 etiam
1110 4327 1234 4382 ﬁdei
1280 4344 1381 4397 qua
1418 4326 1660 4383 Ecclesia
1708 4331 1837 4383 vivit
1886 4329 2104 4384 allectu.

530 4418 845 4473 Excubante
892 4417 1039 4472 enim
1094 4434 1192 4488 pro
1245 4420 1513 4474 universis
1559 4421 1816 4475 membris
1867 4421 2110 4489 corporis

527 4508 726 4563 Christi
780 4508 1194 4578 vigilantissima
1242 4509 1508 4564 industria
1555 4520 1685 4575 tua,
1738 4519 1793 4566 et
1847 4512 2109 4566 adversus

530 4598 904 4653 haereticorum
960 4599 1326 4655 doctrinarum
1365 4599 1588 4654 insidias
1629 4601 1870 4654 veritatis
1910 4600 2111 4655 virtute

530 4700 827 4760 pugnante,
854 4692 1006 4746 nullo
1032 4694 1193 4747 modo
1216 4693 1344 4746 mihi
1368 4692 1663 4748 verendum
1677 4695 1858 4761 putavi
1888 4708 1953 4747 ne
1975 4709 2110 4747 one-

531 4797 689 4837 rosus
718 4783 810 4839 tibi
838 4792 929 4837 aut
955 4783 1299 4853 importunus
1328 4798 1504 4839 essem
1528 4786 1578 4838 in
1608 4800 1674 4839 eo
1699 4787 1840 4853 quod
1874 4786 1937 4839 ad
1972 4787 2110 4839 mul-

532 4881 709 4930 torum
739 4876 998 4940 salutem,
1031 4889 1098 4929 ac
1142 4874 1366 4943 perinde
1407 4876 1473 4930 ad
1508 4877 1759 4944 pietatem
1795 4888 1960 4945 tuam,
1996 4893 2116 4947 per-

2206 3870 2388 3924 sensui
2418 3869 2675 3939 quidquid
2706 3868 2759 3924 in
2796 3869 2877 3924 eis
2918 3869 2985 3923 de
3030 3870 3315 3925 vocatione
3356 3870 3656 3926 electorum
3700 3885 3792 3927 se-

2206 3961 2437 4015 cundum
2467 3961 2561 4015 Dei
2588 3961 2921 4030 propositum
2951 3961 3260 4031 diSputasti.
3286 3962 3354 4016 Et
3380 3976 3505 4017 cum
3530 3961 3791 4032 aliquam.

2207 4054 2297 4107 diu
2323 4052 2629 4107 tarditatem
2664 4067 2813 4107 suam
2841 4055 2893 4130 2
2932 4052 3154 4121 culpare
3175 4052 3465 4108 maluerint
3501 4068 3660 4122 quam
3683 4068 3792 4108 non

2208 4144 2482 4199 intellecta
2514 4146 2938 4214 reprehendere,
2967 4145 3299 4216 quidamque
3329 4160 3516 4200 eorum
3560 4144 3789 4200 lucidio-

2209 4251 2321 4290 rem
2352 4250 2517 4305 super
2561 4236 2664 4290 hoc
2714 4243 2877 4305 atque
2922 4236 3255 4303 apertiorem
3302 4235 3654 4293 beatitudinis
3685 4243 3793 4288 tu'e

2210 4329 2600 4395 expositionem
2630 4327 2905 4381 voluerint
2936 4326 3212 4394 postulare
3245 4342 3260 4380 :
3292 4326 3492 4392 evenit,
3520 4341 3588 4380 ex
3610 4326 3793 4394 dispo-

2210 4423 2408 4475 sitione
2455 4419 2840 4474 misericordia:
2889 4420 3002 4486 Dei,
3040 4427 3097 4472 ut
3125 4434 3246 4472 cum
3292 4416 3318 4457 ά
3354 4418 3614 4484 quosdam
3648 4419 3790 4473 intra

2212 4510 2449 4565 Africam
2480 4512 2673 4566 similia
2706 4512 3022 4575 movissent,
3062 4519 3084 4546 ε
3119 4511 3313 4564 librum
3336 4509 3403 4564 de
3429 4508 3791 4575 Correptione

2211 4612 2265 4657 et
2315 4603 2519 4667 Gratia,
2574 4603 2791 4671 plenum
2842 4602 3039 4656 divina:
3102 4602 3459 4667 auctoritatis,
3497 4601 3793 4653 emitteres.

2212 4692 2330 4759 Quo
2372 4693 2423 4746 in
2469 4694 2711 4746 notitiam
2768 4700 3011 4746 nostram
3065 4691 3340 4762 insperata
3387 4690 3792 4761 opportunitate

2214 4781 2412 4849 delato,
2446 4782 2750 4852 putavimus
2794 4796 2983 4836 omnes
3013 4783 3264 4851 querelas
3294 4780 3661 4836 resistentium
3704 4794 3796 4835 so~

2216 4872 2440 4944 piendas
2474 4914 2489 4939 ,
2537 4874 2657 4942 quia
2730 4873 2999 4927 universis
3064 4872 3455 4943 quaestionibus
3483 4871 3554 4926 de
3600 4870 3797 4941 quibus

533 4967 666 5018 tinet
696 4984 708 5019 :
740 4981 862 5020 cum
887 4967 1067 5035 potius
1098 4980 1249 5021 reum
1283 4966 1522 5021 futurum
1553 4982 1673 5022 esse
1697 4983 1781 5021 me
1805 4969 2111 5035 crederem,
2148 4958 2194 5018 B
2220 4966 2545 5021 consulendo
2575 4974 2693 5020 erat
2741 4966 3002 5019 sanctitas
3034 4975 3117 5019 tua
3152 4975 3258 5019 tam
3292 4964 3448 5034 plene
3494 4964 3605 5018 illic
3633 4966 3798 5017 abso-

534 5056 581 5111 si
609 5072 671 5111 ea
699 5073 818 5127 quin
846 5057 1001 5114 valde
1033 5059 1335 5127 perniciosa
1372 5073 1493 5114 esse
1532 5058 1772 5130 intelligo
1813 5061 1882 5115 ad
1912 5062 2113 5133 specia-

533 5148 634 5202 lem
655 5156 929 5217 patronum
955 5149 1082 5219 ﬁdei
1112 5164 1217 5204 non
1247 5149 1530 5204 referrent.

604 5241 659 5295 2.
695 5241 845 5297 Multi
894 5257 1021 5313 ergo
1073 5257 1351 5297 servorum
1381 5252 1403 5281 ο
1442 5241 1642 5298 Christi
1682 5243 1773 5312 qui
1820 5241 1874 5296 in
1922 5243 2114 5297 Massi-

613 5382 642 5447 μ
666 5378 875 5447 Scripta
917 5390 999 5434 est
1024 5392 1168 5433 anno
1192 5379 1297 5434 428
1325 5388 1415 5434 aut
1440 5378 1565 5432 4‘29.

605 5444 635 5484 δ
664 5444 900 5516 Quatuor
922 5465 1078 5514 mss.,
1110 5449 1399 5518 epistolam.
1434 5450 1554 5503 llaec
1583 5463 1689 5503 non
1720 5457 1915 5503 exstat.

611 5526 636 5554 ⁸
665 5518 936 5588 Servorum
979 5519 1189 5585 Christi,
1224 5520 1276 5576 id
1303 5530 1404 5587 est,
1433 5519 1845 5581 mooachorum,
1879 5533 2109 5588 quorum

539 5586 997 5643 nontinatissimus
1036 5589 1271 5647 Joatntes
1292 5590 1577 5647 Cassianus
1602 5586 1961 5644 Collationum
1994 5589 2110 5643 edi-

2222 5059 2438 5127 lnteque
2490 5073 2807 5127 responsum
2857 5068 2970 5125 est,
3001 5058 3151 5127 quasi
3199 5058 3299 5112 hoc
3350 5057 3659 5127 specialiter
3689 5066 3800 5110 stu~

2222 5150 2406 5205 dueris
2457 5162 2514 5203 ut
2540 5165 2660 5219 qua:
2689 5150 2827 5219 apud
2858 5165 2957 5206 nos
2986 5160 3143 5205 erant
3178 5150 3390 5205 turbata
3418 5164 3796 5220 componeres.

2223 5242 2512 5298 Recensito
2538 5252 2720 5297 autem
2756 5244 2858 5297 hoc
2902 5243 3252 5299 beatitudinis
3301 5250 3409 5297 tuae
3454 5242 3611 5306 libro,
3661 5243 3799 5296 sicut

2221 5379 2522 5502 tor,fipsius
2548 5378 2804 5450 Prosperi
2848 5390 3033 5436 contra
3078 5381 3402 5436 Collatorem
3434 5380 3575 5435 libro
3602 5390 3792 5450 postea

2221 5466 2319 5502 con
2349 5459 2549 5502 utatus.

2219 5459 2549 5504 confutatus.

2290 5520 2315 5557 ἀ
2348 5520 2403 5575 Id
2434 5531 2539 5589 est,
2571 5524 2952 5578 Adrumetinos
2977 5523 3290 5578 monachos.

2295 5603 2316 5631 ο
2350 5594 2585 5650 Habetur
2612 5595 2746 5649 intra
2771 5596 3017 5664 Append.
3053 5604 3188 5666 part.
3222 5608 3282 5662 ιι⁹
3308 5607 3425 5663 pag.
3452 5592 3581 5646 ﬁt.
