4088 6176
306 287 378 340 69
1461 277 1794 337 EPISTOLA
1841 277 1934 332 AD
1975 275 2448 333 AUGI'STINUM.
3525 270 3593 332 ιο

304 398 398 468 qui
435 406 680 454 sanctam
734 407 896 467 atque
943 395 1296 465 apostolicam
1341 389 1603 447 doctrinae
1660 400 1766 443 tuae
1805 402 1899 441 au-
1929 394 1975 451 Α
2007 386 2337 442 testimoniis
2368 386 2670 441 divinarum
2721 384 3132 454 Scripturarum
3174 385 3431 440 instrutta
3464 402 3590 456 pto-

302 491 616 547 ctoritatem
647 499 806 545 antea
830 489 1217 558 sequebantur,
1250 484 1702 554 intelligentiores
1727 481 1899 534 multo

303 583 800 652 instructioresque
827 591 954 636 sunt
980 579 1134 644 facti;
1160 580 1230 632 ita
1261 578 1350 647 qui
1379 574 1750 646 persuasionis
1781 585 1893 625 sua:

302 675 743 745 impediebantur
794 674 1058 735 obscuro,
1110 671 1414 724 aversiores
1468 682 1627 736 quam
1683 664 1896 718 fuerant

301 775 677 819 recesserunt.
707 765 950 830 Quorum
982 773 1088 816 tam
1113 764 1338 830 abrupta
1369 758 1638 814 dissensio
1663 758 1892 827 primum

301 865 530 926 promer
563 859 712 925 ipsos
756 855 1041 909 metuenda
1073 865 1174 919 est,
1222 868 1287 905 ne
1327 860 1435 906 tam
1466 849 1626 904 claris
1679 856 1896 915 tamque

298 948 535 1017 egregiis
585 949 638 1001 in
685 948 928 1000 omnium
959 947 1218 1000 virtutum
1273 941 1453 996 studio
1498 941 1628 993 viris
1675 938 1896 1007 spiritus

299 1038 612 1106 Pelagianae
635 1038 929 1106 impietatis
961 1036 1147 1090 illudat
1175 1053 1186 1086 :
1224 1043 1250 1072 ⁸
1281 1033 1476 1088 deinde
1501 1046 1568 1085 ne
1591 1030 1892 1099 simplicio-

299 1144 388 1184 res
418 1129 644 1198 quique,
674 1129 814 1192 apud
857 1143 990 1197 quos
1037 1127 1232 1180 borum
1266 1139 1457 1194 magna
1501 1131 1587 1176 est
1615 1121 1681 1175 de
1713 1120 1892 1189 probi-

297 1221 423 1272 tatis
453 1218 916 1285 contemplatione
953 1217 1005 1286 3
1049 1215 1376 1280 reverentia,
1413 1212 1515 1266 hoc
1562 1211 1889 1264 tutissimum

293 1310 397 1364 sibi
427 1309 726 1374 :estiment,
757 1309 898 1376 quod
931 1309 1156 1361 audiunt
1186 1321 1282 1361 eos
1323 1319 1552 1375 quorum
1595 1303 1894 1358 auctorita—

295 1411 406 1454 tem
440 1401 560 1453 sine
589 1399 795 1465 judicio
823 1409 1126 1467 sequuntur
1149 1410 1421 1452 a~sererc.

363 1491 420 1543 5.
449 1489 579 1543 11ωο
611 1490 760 1543 enim
808 1491 1051 1559 ipsorum
1083 1488 1328 1543 deﬁnitio
1352 1503 1415 1542 ac
1461 1487 1732 1557 professio
1757 1497 1840 1540 est
1874 1503 1885 1537 :

292 1584 526 1638 Omnem
553 1582 775 1652 quidem
809 1583 1082 1637 hominem
1105 1580 1274 1636 Adam
1300 1588 1558 1650 peccante
1595 1594 1884 1648 peccasse;

291 1687 346 1729 et
374 1676 651 1731 neminem
695 1691 792 1745 per
813 1690 975 1745 opera
1001 1688 1124 1738 sua,
1154 1673 1248 1729 sed
1278 1689 1375 1743 per
1407 1673 1497 1726 Dei
1527 1673 1756 1742 gratiam
1801 1687 1885 1726 re-

2005 479 2250 542 ferimus,
2282 492 2370 544 ac,
2404 476 2702 530 secundum
2741 475 2968 529 formam
2994 475 3419 544 disputationum
3474 485 3592 531 tua-

2001 584 2144 633 rum,
2176 567 2201 605 ἀ
2231 568 2432 637 aliquid
2467 568 2630 622 etiam
2662 567 2760 636 ipsi
2793 581 2904 636 quo
2950 567 3345 622 concludantur
3396 569 3592 622 astrui-

2002 675 2152 724 mus;
2185 660 2606 714 obSIinalioncm
2649 673 2802 714 suam
2859 668 3127 713 vetustate
3174 659 3493 721 defendunt.
3535 669 3591 715 et

2001 768 2060 806 ea
2098 767 2215 821 quae
2237 753 2304 806 de
2338 752 2579 820 Epistola
2613 751 2843 820 apostoli
2875 752 3025 805 Pauli
3057 752 3314 806 Romanis
3346 755 3590 808 scriben-

2000 843 2066 896 tis
2106 843 2168 896 ad
2213 845 2704 898 manifestationem
2738 842 2934 895 divinte
2971 844 3158 911 gratiae
3208 844 3590 910 praevenientis

1999 937 2297 990 electorum
2360 937 2552 990 merita
2615 937 2985 1005 proferuntur,
3039 951 3067 989 a
3125 938 3277 990 nullo
3330 949 3588 1007 umquam

1998 1028 2489 1082 ecclesias'icorum
2523 1029 2594 1081 ita
2626 1043 2749 1081 esse
2784 1028 3052 1080 intellecta
3085 1036 3142 1080 ut
3173 1044 3313 1082 nunc
3345 1031 3585 1083 sentiun-

1999 1131 2084 1175 tur
2113 1123 2168 1194 [ι
2194 1123 2483 1176 affirmant.
2513 1123 2757 1190 Cumque
2780 1135 2834 1174 ut
2867 1121 2967 1190 ipsi
2993 1137 3054 1175 ea
3091 1131 3364 1189 exponant
3395 1137 3589 1176 secun-

1997 1215 2123 1268 dum
2159 1231 2388 1284 quorum
2423 1214 2593 1268 velint
2619 1229 2779 1268 sensa
2805 1202 3168 1281 deposcimus,
3203 1215 3335 1268 nihil
3361 1231 3420 1269 se
3453 1230 3582 1284 pro-

1996 1305 2220 1361 ﬁtentur
2269 1307 2546 1361 invenis~e
2593 1305 2736 1372 quod
2790 1306 3024 1374 placeat,
3077 1313 3132 1358 et
3171 1306 3240 1360 de
3291 1305 3373 1358 his
3419 1305 3586 1360 taceri

1993 1398 2219 1465 exigunt
2273 1412 2500 1467 quorum
2555 1395 2892 1451 altitudinem
2951 1396 3134 1450 nullus
3183 1397 3458 1464 attigerit.
3505 1397 3587 1451 Eo

1994 1496 2269 1554 postremo
2310 1487 2612 1556 pervicacia
2655 1496 2762 1539 tota
2814 1485 3115 1551 descendit,
3174 1495 3234 1540 ut
3273 1487 3436 1542 ﬁdem
3487 1502 3586 1542 no-

1993 1584 2160 1631 stram
2189 1578 2532 1632 acditicationi
2568 1577 2906 1632 audientium
2933 1579 3265 1632 contrariam
3299 1594 3421 1634 esse
3451 1579 3586 1634 deﬂ-

1995 1669 2173 1736 niant;
2202 1685 2264 1726 ac
2307 1671 2386 1726 sic
2421 1671 2582 1727 etiam
2625 1672 2670 1726 si
2713 1687 2839 1726 vera
2881 1675 2971 1736 sit,
3027 1688 3132 1726 non
3183 1673 3532 1740 promendam
3569 1691 3582 1727 :

291 1767 651 1837 generatione
671 1766 1182 1830 salvari;uuiversis
1207 1773 1387 1818 tamen
1419 1763 1734 1817 lmminibus
1761 1778 1886 1832 pro-
1925 1761 2116 1830 Bquia
2175 1773 2227 1817 et
2280 1765 2589 1831 perniciose
2638 1780 2744 1816 non
2808 1763 3116 1831 recipienda
3176 1764 3480 1832 tradantur,
3529 1774 3584 1820 et

292 1859 638 1927 pitiationem
667 1873 786 1926 quae
807 1865 892 1912 est
919 1857 972 1910 in
1005 1864 1348 1910 sacramento
1370 1855 1652 1923 sanguinis
1678 1855 1882 1908 Christi

288 1951 410 2005 sine
437 1949 758 2017 exceptione
802 1962 924 2003 esse
969 1948 1338 2016 pr0positam;
1373 1957 1432 2000 ut
1464 1947 1787 2015 quicumque
1815 1946 1883 1998 ad

293 2042 461 2094 fidem
498 2049 556 2093 et
607 2041 671 2093 ad
716 2040 1040 2108 baptismum
1093 2039 1350 2092 accedere
1408 2038 1704 2098 voluerint,
1753 2038 1885 2090 salvi

289 2148 415 2188 esse
446 2132 674 2200 possint.
704 2132 808 2199 Qui
839 2142 1018 2187 autem
1049 2131 1312 2186 credituri
1341 2141 1487 2196 sunt,
1521 2130 1682 2199 quive
1721 2132 1772 2183 in
1819 2145 1879 2183 ea

290 2227 418 2290 fide,
449 2242 572 2293 quae
623 2226 885 2291 deinceps
933 2240 1030 2294 per
1076 2224 1170 2277 Dei
1222 2224 1450 2292 gratiam
1506 2223 1576 2276 sit
1625 2223 1881 2290 jnvanda,

294 2316 542 2369 mansuri
572 2326 723 2379 sunt,
752 2314 1035 2385 prmscisse
1065 2326 1194 2368 ante
1215 2315 1398 2368 mundi
1439 2315 1885 2368 constitutionem

297 2407 494 2471 Deum,
526 2415 582 2461 et
610 2423 704 2462 eos
732 2407 1154 2476 predestinasse
1199 2407 1249 2459 in
1286 2421 1508 2474 regnum
1540 2419 1719 2469 suum,
1751 2421 1886 2475 quos

293 2500 464 2564 gratis
496 2507 743 2562 vocatos,
776 2498 969 2568 dignos
1000 2497 1210 2551 futuros
1236 2497 1524 2561 electione,
1577 2505 1629 2550 et
1673 2495 1741 2548 de
1786 2495 1887 2550 hac

295 2589 404 2641 vita
435 2588 580 2643 bono
622 2588 730 2643 fine
757 2601 1083 2643 excessuros
1123 2601 1246 2641 esse
1277 2587 1610 2657 praeviderit.
1650 2586 1887 2655 Ideoque

291 2696 514 2735 omnem
555 2683 831 2736 hominem
861 2681 926 2735 ad
969 2680 1305 2736 credendum
1339 2690 1392 2736 et
1435 2679 1501 2733 ad
1553 2681 1884 2750 sperandum

291 2771 496 2826 divinis
532 2771 961 2827 institutionibus
1013 2771 1320 2837 admoneri,
1369 2778 1428 2826 ut
1473 2771 1542 2826 de
1572 2771 1890 2842 apprehen-’

289 2864 471 2918 denda
501 2867 608 2918 vita
649 2873 853 2920 aeterna
900 2880 1058 2919 nemo
1104 2865 1379 2934 desperet,
1413 2880 1536 2919 cum
1569 2866 1886 2920 voluntariae

289 2955 571 3009 devotioni
604 2958 972 3010 remuneratio
996 2955 1066 3009 sit
1099 2967 1302 3024 parata.
1341 2956 1452 3010 Hoc
1476 2967 1655 3010 autem
1688 2971 1886 3026 propo-

289 3051 456 3102 situm
487 3049 788 3102 vocationis
816 3047 937 3113 Dei,
961 3063 1070 3116 quo
1111 3047 1194 3101 vel
1231 3057 1357 3101 ante
1408 3047 1591 3102 mundi
1643 3047 1878 3117 initium,

1992 1855 2141 1907 nullo
2167 1856 2405 1922 periculo
2430 1871 2550 1925 quae
2580 1855 2808 1925 intelligi
2854 1865 3129 1922 nequeant
3175 1858 3577 1910 conticeautur.

2061 1947 2116 2001 ι.
2141 1948 2370 2012 Quidam
2415 1964 2545 2003 vero
2579 1948 2772 2001 horum
2831 1949 2883 2001 in
2943 1959 3148 2001 tantum
3199 1949 3584 2018 {Pelagianis

1989 2041 2201 2094 semitis
2231 2055 2335 2094 non
2365 2040 2662 2106 declinant,
2708 2049 2764 2092 ut
2791 2055 2912 2094 cum
2961 2040 3025 2093 ad
3069 2041 3432 2094 conﬁtendam
3459 2056 3581 2095 eam

1989 2130 2192 2186 Christi
2222 2133 2448 2201 graliant
2477 2149 2597 2202 qua:
2624 2135 2803 2186 omnia
2827 2134 3326 2200 prmveniatmerita
3353 2134 3584 2193 humana

1989 2236 2272 2290 cogantur,
2297 2239 2362 2276 ue
2386 2223 2428 2276 si
2457 2223 2665 2277 meritis
2693 2223 2955 2287 redditur,
2977 2225 3173 2278 frustra
3206 2227 3378 2295 gratia
3410 2227 3583 2282 nomi-

1991 2321 2178 2376 netur;
2206 2313 2272 2366 ad
2291 2314 2660 2368 conditionem
2685 2315 2822 2369 hanc
2849 2314 3016 2370 velint
3038 2317 3460 2388 uniuscujusque
3487 2320 3582 2371 hos

1987 2405 2148 2457 minis
2173 2405 2462 2473 pertinere,
2497 2405 2545 2459 in
2592 2420 2692 2474 qua
2730 2421 2854 2460 eum
2899 2406 3028 2460 nihil
3057 2408 3203 2475 prius
3254 2417 3579 2474 merentem,

1987 2495 2110 2560 quia
2169 2509 2268 2550 nec
2317 2496 2672 2561 existentem,
2708 2497 2861 2551 llberi
2911 2498 3122 2552 arbitrii
3164 2510 3215 2552 et
3262 2499 3582 2555 rationalem

1984 2589 2155 2654 gratia
2179 2585 2452 2640 Creatoris
2485 2587 2752 2652 instituat,
2794 2596 2850 2642 ut
2899 2603 2996 2657 per
3025 2587 3414 2643 discretionem
3451 2591 3580 2644 boni

1985 2688 2048 2728 ac
2106 2675 2251 2740 mali,
2288 2686 2343 2730 et
2371 2675 2437 2730 ad
2473 2677 2836 2746 cognitionem
2863 2677 2982 2741 Dei,
3021 2689 3077 2731 et
3105 2681 3169 2730 ad
3207 2679 3577 2734 obedientiam

1990 2767 2368 2821 mandatorum
2401 2769 2519 2836 ejus
2559 2769 2726 2839 possit
2753 2783 2905 2824 suam
2937 2768 3172 2838 dirigere
3213 2771 3573 2837 voluntatem,

1989 2871 2154 2929 atque
2178 2861 2244 2914 ad
2274 2860 2412 2916 hanc
2455 2863 2680 2932 gratiam
2731 2878 2837 2932 qua
2879 2863 2932 2916 in
2987 2861 3207 2918 Christo
3238 2865 3575 2919 renascimur

1984 2953 2296 3022 pervenire,
2350 2968 2449 3023 per
2491 2953 2788 3009 naturalem
2827 2954 3040 3008 scilicet
3086 2954 3426 3021 facultatem,
3487 2972 3578 3023 pe-

1987 3043 2172 3107 tcndo,
2208 3044 2524 3112 quaerendo,
2557 3043 2864 3113 pulsando:
2900 3055 2955 3098 ut
3003 3044 3126 3099 ideo
3154 3045 3408 3114 accipiat,
3455 3044 3582 3100 ideo

288 3140 374 3193 vel
407 3140 460 3192 in
505 3140 619 3208 ipsa
647 3139 966 3194 conditione
992 3140 1208 3209 generis
1238 3139 1482 3204 humani,
1507 3139 1880 3209 eligendorum
1910 3132 1955 3192 C
1989 3135 2267 3197 inveniat,
2326 3137 2449 3190 ideo
2507 3136 2761 3202 introeat,
2825 3140 2950 3206 quia
3000 3138 3143 3193 bono
3189 3150 3395 3193 natura:
3442 3140 3580 3194 bene

287 3243 338 3286 et
364 3232 786 3300 rejiciendorum
829 3233 1034 3286 dicitur
1077 3233 1215 3285 facta
1243 3231 1528 3298 discretio,
1559 3243 1638 3299 ut,
1689 3249 1884 3288 secun-

286 3323 412 3376 dum
447 3324 591 3393 quod
642 3325 843 3392 placuit
879 3323 1146 3388 Creatori,
1180 3323 1271 3377 alii
1319 3340 1444 3378 vasa
1495 3325 1738 3391 honoris,
1789 3325 1882 3382 alii

285 3428 411 3467 vasa
439 3415 787 3468 contumelia:
817 3415 926 3468 sint
948 3415 1137 3480 creati,
1170 3424 1224 3469 et
1265 3415 1430 3483 lapsis
1461 3430 1648 3469 curam
1694 3431 1877 3471 resur-

282 3505 444 3571 gendi
489 3506 763 3570 adimere,
813 3516 866 3561 et
906 3508 1110 3561 sanctis
1157 3509 1496 3561 occasionem
1543 3510 1747 3576 teporis
1797 3511 1882 3562 af-

287 3599 427 3650 ferre
461 3615 477 3652 :
509 3613 575 3651 eo
605 3598 750 3668 quod
795 3600 846 3652 in
889 3611 1116 3667 utraque
1161 3609 1316 3667 parte
1361 3599 1670 3669 superfluus
1725 3602 1879 3655 labor

282 3689 373 3750 sit,
404 3689 447 3742 si
478 3703 654 3758 neque
703 3690 934 3756 reiectus
982 3691 1092 3743 ulla
1133 3690 1394 3744 industria
1437 3691 1605 3759 possit
1638 3692 1862 3757 intrare,

282 3795 459 3848 neque
488 3781 696 3835 electus
726 3782 831 3835 ulla
855 3782 1173 3851 negligentia
1207 3781 1382 3851 possit
1404 3783 1678 3838 excidere.
1715 3784 1865 3850 Quo-

288 3888 399 3942 quo
429 3872 578 3927 enim
605 3874 764 3928 modo
793 3889 852 3928 se
880 3875 1108 3944 egerint,
1140 3872 1247 3928 non
1275 3888 1435 3942 posse
1466 3874 1608 3928 aliud
1637 3888 1762 3944 erga
1784 3889 1879 3929 eos

283 3981 449 4032 quam
480 3966 624 4021 Deus
655 3966 927 4033 deﬁnivit,
959 3967 1207 4022 accidere
1239 3986 1252 4020 :
1298 3978 1352 4022 et
1382 3969 1481 4024 sub
1534 3969 1736 4023 incerta
1782 3983 1879 4038 spe

282 4071 507 4111 cursum
555 4073 662 4111 non
698 4073 858 4127 posse
901 4074 1024 4114 esse
1050 4069 1424 4125 constantem;
1475 4075 1597 4115 cum
1630 4061 1675 4114 si
1731 4061 1875 4116 aliud

283 4149 483 4203 habeat
531 4150 968 4219 praedestinantis
1006 4152 1222 4219 electio,
1252 4167 1401 4208 cassa
1460 4155 1530 4207 sit
1580 4155 1876 4209 annitentis

283 4241 538 4296 intentio.
581 4240 870 4297 Removeri
920 4244 1102 4313 itaque
1131 4260 1350 4298 omnem
1394 4245 1738 4314 industriam,
1772 4248 1876 4300 tol-

281 4330 424 4400 lique
478 4331 729 4398 virtutes,
764 4333 809 4387 si
868 4333 962 4389 Dei
991 4336 1308 4390 constitutio
1355 4336 1618 4390 humanas
1658 4352 1874 4406 prmvc-

283 4423 396 4476 niat
448 4424 808 4481 voluntates:
838 4437 894 4481 et
938 4427 1040 4482 sub
1080 4428 1182 4483 hoe
1232 4430 1726 4498 praedestinationis
1771 4446 1864 4486 no-

1989 3240 2141 3292 usus,
2193 3227 2260 3279 ad
2317 3226 2480 3280 istam
2529 3228 2827 3282 salvantem
2858 3231 3086 3299 gratiam
3129 3231 3350 3285 initialis
3392 3233 3580 3302 gratia:

1985 3333 2087 3386 ope
2127 3321 2388 3374 meruerit
2428 3324 2737 3389 pervenire.
2773 3323 3118 3391 Propositum
3157 3335 3334 3379 autem
3380 3341 3580 3382 vocan-

1985 3413 2052 3466 tis
2086 3413 2270 3481 gratia'
2302 3412 2354 3466 in
2388 3414 2489 3467 hoc
2511 3415 2731 3468 omnino
2772 3415 3057 3482 deﬁniunt,
3089 3418 3231 3486 quod
3279 3419 3418 3474 Deus
3445 3436 3577 3474 con-

1984 3505 2220 3558 stitucrit
2249 3507 2448 3559 nullum
2483 3506 2534 3560 in
2564 3522 2786 3575 regnum
2816 3522 2971 3562 suum
3006 3509 3104 3562 nisi
3141 3525 3237 3576 per
3265 3525 3577 3566 sacramen-

1985 3605 2093 3649 tum
2147 3599 2579 3665 regenerationis
2639 3615 2942 3666 assumere,
2996 3611 3050 3655 et
3111 3605 3174 3655 ad
3238 3603 3338 3658 hoc
3385 3607 3575 3661 salutis

1982 3687 2180 3742 donum
2211 3704 2400 3744 omnes
2432 3690 2679 3745 homines
2713 3692 3118 3758 universaliter,
3145 3695 3258 3748 sive
3287 3710 3382 3762 per
3420 3706 3573 3750 natu-

1982 3780 2174 3845 ralem,
2209 3781 2324 3834 sive
2366 3795 2462 3848 per
2493 3783 2749 3849 scriptam
2784 3782 2979 3852 legem,
3015 3784 3127 3835 sive
3159 3799 3256 3852 per
3298 3787 3570 3855 evangeli-

1980 3886 2097 3924 cam
2153 3872 2598 3941 praedicationem
2653 3875 2835 3928 vocari
2887 3891 2901 3928 :
2951 3882 3007 3927 ut
3053 3885 3107 3928 et
3163 3879 3249 3943 qui
3303 3879 3575 3933 voluerint

1982 3963 2114 4016 liant
2143 3963 2236 4017 filii
2265 3963 2384 4028 Dei,
2416 3973 2469 4018 et
2512 3963 2912 4018 inexcusabiles
2951 3965 3060 4020 sint
3099 3967 3188 4035 qui
3237 3967 3422 4022 tidcles
3451 3982 3573 4024 esse

1982 4055 2446 4125 noluerintzquia
2491 4054 2700 4123 justitia
2748 4056 2839 4110 Dei
2870 4057 2922 4111 in
2970 4072 3038 4111 eo
3089 4060 3178 4123 sit,
3236 4069 3292 4113 ut
3345 4061 3432 4130 qui
3463 4078 3569 4116 non

1980 4146 2318 4200 crediderint
2364 4155 2617 4216 pereant;
2659 4147 2875 4202 bonitas
2911 4149 2965 4203 in
2998 4164 3064 4204 eo
3090 4162 3367 4218 appareat,
3399 4155 3441 4207 si
3474 4169 3568 4210 ne-

1981 4237 2182 4289 minem
2236 4237 2463 4302 repellat
2491 4252 2516 4287 a
2550 4237 2680 4302 vita,
2733 4237 2826 4291 sed
2867 4237 3236 4294 indifferenter
3281 4243 3566 4299 universos

1986 4329 2122 4381 velit
2165 4329 2344 4381 salvos
2381 4329 2516 4392 ﬁeri,
2547 4329 2677 4383 etin
2720 4329 3049 4398 agnitionem
3081 4333 3330 4386 veritatis
3359 4336 3568 4392 venire.

1978 4417 2096 4472 Jam
2161 4419 2246 4472 hic
2303 4420 2583 4487 proferunt
2642 4421 2947 4475 testimonia
3014 4424 3211 4492 quibus
3265 4425 3566 4481 divinarum

282 4516 446 4581 mine,
478 4516 695 4572 fatalem
752 4520 1040 4587 quamdam
1090 4520 1273 4574 induci
1316 4523 1733 4588 necessitatem;
1784 4532 1877 4576 aut
1905 4510 1954 4568 D
1981 4511 2386 4579 Scripturarum
2420 4512 2726 4566 cohortatio
2769 4511 2835 4564 ad
2866 4513 3232 4569 obediendum
3263 4518 3448 4573 incitat
3473 4521 3569 4572 ho-

280 4607 622 4662 diversarum
671 4619 982 4665 naturarum
1018 4612 1122 4666 dici
1175 4613 1463 4666 Dominum
1502 4615 1865 4678 conditorem,

281 4699 322 4750 si
348 4714 514 4753 nemo
543 4700 688 4753 aliud
716 4701 885 4768 possit
915 4717 1035 4756 esse
1063 4717 1222 4772 quam
1249 4701 1274 4739 δ
1311 4702 1483 4758 factus
1511 4717 1612 4758 est.
1639 4715 1660 4743 ο
1693 4705 1871 4774 thue

281 4788 497 4842 brevius
524 4804 590 4842 ac
620 4791 830 4858 plenius
856 4791 998 4861 quod
1032 4792 1328 4860 opinantur
1372 4809 1664 4864 exponam,
1711 4798 1873 4867 quid-

282 4879 403 4945 quid
431 4880 483 4933 in
517 4880 661 4934 libro
698 4882 798 4935 hoc
835 4898 902 4936 ex
943 4884 1428 4938 contradicentium
1460 4901 1622 4940 sensu
1675 4889 1875 4943 sancti-

281 4979 358 5023 tas
383 4981 472 5025 tua
504 4971 609 5026 sibi
639 4975 914 5042 opposuit,
944 4975 1203 5043 quidquid
1229 4976 1392 5030 etiam
1423 4977 1475 5030 in
1501 4978 1652 5031 libris
1682 4989 1868 5033 contra

281 5057 548 5116 lulianum
591 5064 658 5118 ab
687 5067 804 5134 ipso
843 5065 943 5118 sub
987 5067 1086 5120 hac
1127 5069 1422 5135 quaestione
1453 5069 1723 5136 objectum
1779 5089 1870 5139 po-

287 5157 598 5211 tentissime
648 5157 967 5220 debellasti,
1026 5161 1131 5212 hoc
1185 5167 1353 5211 totum
1407 5159 1474 5212 ab
1506 5161 1623 5214 istis
1671 5161 1872 5215 sanctis

283 5245 722 5302 intentiosissime
763 5251 1164 5305 conclamatur.
1224 5251 1287 5304 Et
1342 5266 1463 5304 cum
1534 5263 1726 5306 contra
1777 5269 1871 5308 eos

283 5340 477 5405 scripta
530 5339 884 5395 beatitudinis
933 5349 1039 5395 ture
1070 5341 1426 5396 validissimis
1471 5352 1524 5396 et
1572 5344 1872 5397 innumeris

351 5495 377 5523 ⁸
409 5493 578 5545 Abest
606 5506 712 5544 vox
755 5491 871 5546 lucc
900 5492 1082 5544 deinde
1129 5507 1158 5544 a
1212 5506 1342 5546 mss.
1392 5491 1526 5561 Reg.
1573 5493 1784 5546 duobus
1815 5502 1870 5548 et

283 5561 455 5626 Colb.,
489 5563 584 5615 sed
631 5577 761 5616 sane
795 5578 862 5616 ex
899 5563 1054 5632 lapsu
1081 5563 1522 5631 amanuensium,
1553 5573 1612 5618 ut
1665 5565 1872 5633 patebit

284 5632 476 5701 lt‘gt-ttti
505 5634 702 5687 locum.

350 5707 373 5742 ιο
403 5704 508 5758 Ms.
533 5703 668 5772 Reg.
703 5718 864 5767 unus,
907 5704 1072 5774 factus
1104 5707 1189 5756 sit.

1986 4603 2188 4656 minum
2242 4602 2568 4666 voluntates,
2614 4604 2703 4672 qui
2751 4619 2818 4657 ex
2873 4604 3050 4658 libero
3079 4607 3324 4672 arbitrio,
3362 4621 3454 4664 aut
3493 4611 3569 4667 fa-

1982 4698 2127 4749 ciant
2162 4696 2250 4765 qui
2296 4696 2576 4764 jubentur,
2631 4707 2722 4749 aut
2775 4697 3046 4766 negligant
3082 4716 3095 4752 :
3129 4711 3183 4755 ct
3229 4717 3570 4774 consequens

1982 4795 2254 4856 putantut
2293 4789 2415 4856 quia
2460 4787 2837 4856 prmvaricator
2869 4789 2987 4841 ideo
3040 4789 3240 4845 dicitur
3289 4808 3390 4847 ιοιι
3441 4796 3570 4850 obe-

1979 4879 2147 4947 disse,
2179 4881 2296 4948 quia
2327 4880 2520 4941 noluit,
2554 4879 2726 4933 ﬁdelis
2768 4895 2980 4948 quoque
3027 4897 3132 4933 non
3181 4883 3458 4939 dubitetur
3499 4887 3570 4939 ob

1981 4973 2086 5027 hoc
2114 4973 2340 5026 devotus
2373 4972 2538 5024 fuisse
2565 5013 2577 5034 ,
2611 4972 2731 5039 quia
2784 4971 2988 5035 voluit;
3021 4982 3076 5024 et
3108 4983 3368 5040 quantum
3417 4981 3567 5044 quis-

1981 5080 2084 5132 que
2113 5066 2178 5116 ad
2213 5064 2436 5126 malum,
2465 5071 2668 5114 tantum
2703 5061 2896 5116 habeat
2929 5061 3200 5117 facultatis
3227 5066 3291 5118 ad
3325 5068 3524 5120 bonum
3553 5085 3565 5095 '

1982 5155 2200 5224 parique
2227 5165 2504 5207 momento
2535 5151 2773 5205 animum
2797 5167 2855 5206 se
2889 5152 2969 5205 vel
3005 5154 3070 5204 ad
3105 5155 3228 5207 vitia
3261 5156 3342 5209 vel
3368 5157 3433 5210 ad
3460 5158 3566 5211 vir-

1981 5257 2121 5300 tutcs
2175 5260 2412 5309 movere,
2463 5260 2624 5314 quem
2680 5245 2818 5299 bona
2858 5254 3200 5314 appetentem
3252 5249 3421 5315 gratia
3471 5249 3563 5304 Dei

1981 5341 2177 5404 foveat,
2211 5340 2348 5393 mala
2396 5347 2692 5393 sectantem
2741 5338 3015 5392 damnatio
3039 5339 3181 5405 justa
3216 5341 3493 5408 suseipiat.

2055 5504 2076 5529 ο
2111 5493 2199 5546 Sic
2247 5507 2374 5544 mss.
2419 5492 2526 5544 duo
2577 5492 2707 5558 Reg.
2760 5500 2810 5541 ct
2858 5491 3006 5546 Coll).
3053 5507 3209 5557 unus,
3259 5494 3386 5550 item
3431 5501 3561 5556 edit.

1983 5564 2141 5642 [mins
2171 5563 2413 5642 epistola:
2448 5573 2594 5614 tomo
2627 5563 2670 5612 Χ
2701 5562 2935 5628 Operum
2974 5563 3028 5616 S.
3058 5566 3191 5632 Aug.
3230 5582 3352 5622 nov.
3391 5572 3560 5642 edit.;

1979 5635 2138 5690 alias.
2165 5633 2324 5697 Atque
2355 5642 2430 5684 ut.

2057 5701 2084 5742 ά
2107 5704 2203 5757 .lls.
2233 5705 2360 5772 Heg.
2388 5717 2546 5766 unus,
2573 5699 2720 5753 aliud
2748 5702 2922 5759 etiam.
