4088 6176
469 265 536 326 τι
575 255 578 259 ’
1700 253 1754 308 s.
1798 249 2138 308 PROSPERI
2170 248 2494 316 AQUITANI
3671 247 3752 305 η

540 378 594 433 5.
618 374 863 446 Cumque
900 375 1040 428 inter
1071 370 1188 426 haec
1227 363 1700 425 innumerabilium
1730 363 1837 418 illis
1865 361 2050 416 multi-
2079 362 2129 420 A
2158 361 2261 416 rito
2291 361 2632 416 credulitatis
2656 362 2989 431 acceperint.
3023 361 3079 416 ln
3111 363 3268 418 istam
3309 377 3439 418 vero
3469 362 3592 419 talis
3618 380 3750 434 gra-

470 470 599 526 tudo
628 469 880 536 objicitur
919 463 1266 535 parvulorum
1297 461 1386 531 qui
1431 460 1637 528 utique,
1679 464 1906 524 excepto
1946 455 2057 507 ori-

470 561 634 632 ginali
663 567 905 630 peccato,
939 558 1037 610 sub
1067 569 1173 625 quo
1205 568 1397 608 omnes
1434 550 1682 605 homines
1723 545 1970 602 similiter
2001 545 2055 598 in

471 654 630 725 primi
663 650 894 704 hominis
934 645 1282 700 damnatione
1313 651 1634 705 nascuntur,
1668 638 1845 692 nullas
1875 634 2057 690 adhuc

472 745 733 799 habentes
763 741 1092 803 Voluntates,
1130 736 1303 790 nullas
1344 733 1592 803 proprias
1637 730 1901 794 actiones,
1947 740 2056 780 non

471 837 591 890 sine
621 834 714 888 Dei
758 830 962 901 judicio
1007 835 1390 892 secernuntur,
1423 833 1482 878 ut
1508 831 1634 877 ante
1669 819 2056 875 discretionem

472 927 598 982 boni
648 939 710 979 ac
738 925 789 996 5
834 922 959 977 mali
990 921 1056 975 de
1087 935 1188 973 usu
1243 918 1369 972 vitae
1410 917 1564 970 istius
1613 910 1914 976 auferendi,
1967 906 2059 962 alii

474 1033 573 1086 per
599 1015 1067 1086 regenerationem
1097 1011 1237 1064 inter
1265 1008 1504 1064 caelestis
1535 1005 1684 1076 regni
1715 1010 2059 1058 assumantur

473 1111 743 1175 heredes,
776 1108 866 1162 alii
897 1108 1016 1160 sine
1060 1105 1330 1173 baptismo
1360 1105 1503 1156 inter
1543 1099 1736 1154 mortis
1782 1103 2058 1165 perpetuae

473 1209 752 1258 transeant
780 1199 1055 1254 debitores
1081 1216 1095 1249 :
1131 1197 1263 1250 tales
1288 1194 1438 1248 aiunt
1468 1192 1639 1261 perdi,
1674 1190 1915 1256 talesque
1946 1186 2056 1240 sal-

473 1294 615 1360 vari,
662 1293 850 1362 quales
898 1289 1108 1343 futuros
1158 1288 1279 1340 illos
1325 1287 1377 1338 in
1423 1284 1578 1337 annis
1629 1279 1956 1350 majoribus,
2013 1275 2059 1330 si

474 1387 542 1442 ad
577 1386 803 1441 activam
826 1389 1175 1438 servarentur
1205 1387 1444 1438 artatem,
1474 1376 1699 1430 scientia
1728 1372 1906 1427 divina
1931 1384 2060 1441 prae-

476 1479 690 1535 viderit.
728 1477 837 1532 Nec
875 1473 1227 1530 considerant
1255 1485 1312 1524 se
1340 1469 1567 1538 gratiam
1605 1467 1723 1532 Dei,
1754 1479 1914 1534 quam
1963 1477 2058 1516 co-

476 1571 687 1634 mitem,
712 1583 818 1622 non
870 1565 1124 1635 praeviam
1173 1562 1528 1616 humanorum
1565 1559 1752 1612 volunt
1797 1569 1919 1610 esse
1949 1567 2063 1607 me-

476 1664 726 1727 ritorum,
768 1658 932 1713 etiam
982 1656 1088 1710 illis
1140 1652 1510 1707 voluntatibus
1541 1649 1796 1712 subdere,
1829 1661 1961 1717 quas
1991 1645 2059 1698 ab

2161 453 2247 507 tiae
2296 453 2732 522 prmdicationem
2763 455 2814 508 hi
2847 471 3074 523 quorum
3102 454 3532 511 contradictione
3572 454 3749 511 oﬂ'en-

2160 545 2362 609 dimur,
2407 561 2528 599 cum
2579 547 2728 615 prius
2777 549 3002 602 meliora
3056 548 3345 613 sentirent,
3396 547 3520 602 ideo
3553 562 3614 603 se
3659 547 3750 604 vel

2160 640 2394 694 maxime
2441 643 2828 706 contulerunt;
2881 641 3004 710 quia
3053 642 3097 696 si
3139 643 3526 710 proﬁterentur
3571 641 3641 695 ab
3679 656 3745 696 ea

2159 733 2342 788 omnia
2375 733 2516 788 bona
2547 735 2741 787 merita
2774 732 3088 802 praeveniri,
3123 743 3178 787 et
3207 733 3276 788 ab
3309 734 3422 802 ipsa
3453 741 3511 787 ut
3540 734 3751 803 possint

2161 840 2283 880 esse
2307 825 2530 890 donari;
2561 826 2618 897 6
2660 827 2987 880 necessitate
3011 825 3395 890 concederent,
3433 825 3622 894 Deum,
3656 840 3748 880 se-

2160 918 2396 974 cundum
2446 920 2783 986 propositum
2833 927 2888 973 et
2933 918 3222 973 consilium
3266 917 3566 972 voluntatis
3610 933 3746 987 suae,

2161 1013 2373 1067 occulto
2412 1011 2642 1080 judicio,
2687 1019 2745 1066 et
2770 1026 2936 1080 opere
2965 1010 3276 1076 manifesto,
3309 1011 3454 1065 aliud
3483 1025 3578 1064 vas
3618 1026 3753 1065 con-

2161 1105 2294 1160 dere
2331 1106 2382 1159 in
2423 1107 2708 1169 honorem,
2761 1104 2906 1158 aliud
2942 1106 2992 1157 in
3035 1105 3423 1158 contumeliam
3462 1102 3640 1172 (Rom.
3669 1118 3746 1170 tx,

2161 1197 2256 1264 21)
2279 1214 2292 1259 ;
2318 1198 2442 1266 quia
2467 1212 2628 1251 nemo
2651 1196 2753 1250 nisi
2781 1214 2874 1264 per
2894 1197 3119 1265 gratiam
3141 1197 3488 1265 jnstiiicetur,
3511 1203 3567 1250 et
3589 1210 3752 1249 nemo

2162 1287 2265 1342 nisi
2292 1286 2345 1342 in
2379 1287 2826 1356 praevaricatione
2857 1297 3128 1340 nascatur.
3167 1285 3274 1341 Sed
3301 1284 3576 1354 refugiunt
3605 1284 3749 1339 istud

2164 1379 2340 1444 fateri,
2369 1379 2666 1448 divinoque
2695 1377 2972 1432 ascribere
3010 1377 3162 1446 operi
3198 1387 3510 1430 sanctorum
3554 1379 3750 1430 merita

2162 1470 2492 1525 formidant:
2528 1483 2626 1524 nec
2669 1469 3023 1537 acquiescunt
3053 1468 3498 1537 praedestinatum
3547 1467 3753 1522 electo-

2163 1575 2281 1614 rum
2313 1575 2598 1614 numerum
2629 1575 2730 1614 nec
2758 1561 2942 1629 augeri
2975 1574 3154 1628 posse,
3183 1574 3280 1613 nec
3314 1557 3518 1623 minui,
3555 1573 3624 1612 ne
3667 1559 3753 1612 Ιοο

2163 1665 2287 1705 cum
2311 1650 2452 1719 apud
2481 1649 2726 1704 inﬁdeles
2755 1665 2816 1704 ac
2846 1650 3184 1719 negligentes
3226 1649 3632 1704 cohortantium
3662 1650 3750 1703 in-

476 1769 540 1810 ea
590 1749 886 1807 secundum
933 1763 1086 1803 suam
1136 1745 1490 1814 phantasiam,
1543 1756 1650 1795 non
1695 1746 1894 1808 negant
1937 1750 2057 1790 esse
2089 1736 2134 1795 B
2163 1742 2452 1796 citamenta
2484 1757 2591 1795 non
2622 1741 2878 1806 habeant,
2903 1756 2966 1795 ac
2987 1740 3260 1809 superﬂua
3287 1742 3359 1794 sit
3389 1741 3669 1795 industria:
3689 1754 3754 1795 ac

476 1851 798 1915 praeventas.
829 1839 933 1895 Sed
961 1840 1012 1892 in
1047 1846 1253 1891 tantum
1284 1833 1711 1903 quibuscumque
1737 1826 2059 1884 commenti.

479 1937 568 1990 tiis
608 1934 817 1988 meritis
856 1930 1176 1986 electionem
1200 1927 1293 1981 Dei
1319 1925 1640 1994 subjiciunt,
1676 1932 1730 1976 ut
1769 1921 1890 1990 quia
1925 1934 2062 1987 pra:-

479 2026 641 2083 terita
674 2039 793 2094 qua:
816 2037 924 2077 non
961 2027 1194 2084 exstant,
1230 2017 1409 2071 futura
1432 2031 1551 2086 quce
1581 2031 1687 2068 non
1734 2013 1842 2066 sint
1882 2010 2060 2065 futura

477 2118 820 2187 confingant;
851 2127 1096 2182 novoque
1132 2111 1270 2180 apud
1305 2110 1428 2164 illos
1457 2107 1803 2164 absurditatis
1839 2117 2057 2174 genere,

483 2219 537 2265 et
567 2224 674 2263 non
705 2205 914 2276 agenda
946 2202 1194 2274 praescita
1243 2202 1372 2266 sint,
1405 2209 1459 2255 et
1501 2199 1749 2268 pra‘scita
1795 2211 1901 2249 non
1944 2204 2062 2247 acta

478 2301 606 2356 sint.
639 2298 790 2352 Hanc
834 2310 964 2351 sane
1009 2293 1076 2348 de
1123 2292 1372 2346 humanis
1423 2290 1628 2344 meritis
1667 2283 2062 2357 prazscientiam

479 2391 608 2457 Dei,
665 2387 961 2442 secundum
1016 2399 1178 2454 quam
1237 2382 1408 2453 gratia
1465 2379 1710 2435 vocantis
1763 2387 2058 2447 operetur,

480 2481 650 2538 multo
680 2481 781 2535 sibi
812 2477 1184 2532 rationabilius
1231 2474 1485 2528 videntur
1532 2480 1799 2534 astruere,
1831 2484 1951 2524 cum
1994 2466 2061 2521 ad

479 2587 665 2628 earum
707 2569 985 2624 nationum
1017 2563 1528 2634 contemplationem
1561 2561 1798 2625 venitur,
1831 2573 1950 2628 quae
1977 2557 2061 2612 vel

479 2665 534 2721 in
568 2661 852 2733 praeteritis
881 2659 1098 2714 saeculis
1129 2656 1368 2711 dimissa:
1399 2663 1525 2709 sunt
1553 2651 1763 2722 ingredi
1792 2651 1907 2705 vias
1934 2664 2061 2703 suas

479 2755 618 2827 (Act.
665 2769 782 2819 xtv,
817 2752 930 2822 15),
963 2750 1046 2806 vel
1097 2763 1240 2803 nunc
1293 2761 1507 2817 quoque
1544 2744 1717 2798 adhuc
1755 2743 1808 2796 in
1868 2741 2065 2796 vett-ris

480 2849 797 2919 ignorantiae
827 2845 1104 2913 impietate
1137 2841 1454 2910 depereunt,
1483 2852 1580 2890 nec
1603 2835 1708 2890 ulla
1731 2835 1810 2888 eis
1835 2843 1927 2888 aut
1955 2833 2064 2886 Le-

481 2943 566 3012 gi;
609 2948 701 2996 aut
743 2936 1019 3008 Evangelii
1069 2932 1386 2989 illuminatio
1434 2928 1772 2992 coruscavit,
1815 2941 1937 2980 cum
1986 2934 2067 2978 ta-

481 3050 629 3103 men,
662 3034 716 3088 in
759 3041 1015 3102 quantum
1070 3024 1514 3097 praedicatoribus
1566 3019 1764 3076 ostium
1809 3027 2055 3087 apertum

482 3135 589 3195 est,
617 3094 674 3182 et
711 3094 796 3180 via
834 3123 976 3178 facta
1015 3094 1118 3186 est,
1157 3117 1396 3188 gentium
1437 3113 1665 3184 populus
1714 3111 1807 3181 qui
1837 3108 2062 3164 sedebat
2089 3094 2136 3159 C

483 3221 537 3274 in
568 3217 806 3273 tenebris
843 3215 978 3271 etin
1009 3212 1200 3266 umbra
1244 3206 1457 3272 mortis,
1491 3205 1666 3259 lucem
1700 3201 1900 3256 viderit
1945 3215 2063 3254 ma-

481 3324 641 3381 gnam
666 3304 800 3378 (Isa.
834 3321 914 3371 ιι,
955 3304 1020 3368 2;
1056 3301 1248 3355 Matth.
1299 3315 1372 3364 tv,
1411 3297 1530 3365 l6);
1580 3304 1635 3350 et
1663 3295 1754 3364 qui
1791 3291 2062 3364 quondam

483 3416 589 3456 non
621 3397 1022 3468 populus,nunc
1051 3404 1228 3448 autem
1245 3391 1471 3461 populus
1499 3387 1593 3442 Dei
1629 3387 1727 3451 sit;
1759 3394 1813 3441 et
1833 3398 2062 3454 quorum

480 3488 766 3561 aliquando
803 3502 906 3542 non
938 3487 1190 3540 misertus
1218 3492 1320 3548 est,
1353 3495 1498 3535 nunc
1523 3487 1704 3533 autem
1743 3478 2064 3532 misereatur

484 3582 657 3655 (Osca
686 3596 745 3646 ll,
775 3578 866 3642 24,
905 3586 953 3631 et
986 3576 1139 3630 Rom.
1178 3590 1254 3638 tx,
1281 3575 1372 3640 25)
1405 3589 1417 3624 :
1449 3570 1709 3640 praevisos
1750 3568 2002 3638 inquiunt
2031 3580 2062 3619 a

482 3674 712 3730 Domino
754 3669 1078 3736 credituros,
1139 3675 1194 3722 et
1236 3665 1301 3719 ad
1363 3676 1794 3732 unamquamque
1846 3667 2064 3730 gentem

480 3767 555 3821 ita
579 3764 887 3834 dispensata
917 3771 1166 3828 tempora
1200 3771 1263 3810 ac
1304 3755 1604 3810 ministeria
1653 3753 2060 3822 magistrorum,

482 3868 542 3914 ut
587 3867 838 3914 exortura
881 3861 998 3910 erat
1038 3855 1298 3908 bonarum
1353 3849 1648 3904 credulitas
1698 3847 2057 3902 voluntatum.

478 3949 589 4006 Nec
618 3948 871 4002 vacillare
901 3943 1054 4008 illud,
1099 3942 1241 4013 quod
1274 3939 1413 3994 Deus
1460 3956 1633 3994 omnes
1677 3940 1906 3993 homines
1941 3938 2063 3991 velit

478 4043 644 4096 salvos
675 4040 810 4109 ﬁeri,
850 4045 896 4090 et
938 4037 993 4088 in
1032 4034 1346 4099 agnitionem
1385 4031 1611 4084 veritatis
1652 4031 1822 4086 venire
1851 4031 1896 4100 (l
1922 4029 2058 4082 Tim.

477 4147 539 4196 ll,
564 4130 619 4201 ι’)
655 4124 1126 4198 :quandoquidem
1171 4121 1574 4177 inexcusabiles
1610 4121 1738 4184 sint,
1781 4121 1869 4189 qui
1913 4128 1964 4173 et
1995 4119 2061 4173 ad

478 4223 639 4278 unius
659 4221 771 4275 veri
804 4218 897 4273 Dei
929 4216 1131 4271 cultum
1165 4214 1438 4284 potuerint
1476 4212 1676 4267 instrui
1707 4213 2061 4280 intelligentia

480 4313 738 4380 naturali,
767 4321 823 4366 et
871 4309 1220 4380 Evangelium
1269 4307 1393 4363 ideo
1436 4323 1546 4363 non
1602 4309 1898 4374 audierint,
1937 4311 2061 4379 quia

478 4424 580 4467 nec
600 4408 799 4463 fuerint
827 4403 1119 4474 recepturi.

2163 1831 2366 1886 laboris
2407 1832 2657 1898 indictio,
2711 1833 2867 1902 cujus
2912 1833 3150 1887 studium
3194 1843 3443 1888 cessante
3481 1833 3754 1888 electione

2162 1923 2530 1978 frustrandum
2562 1924 2653 1978 sit.
2687 1924 2762 1978 lta
2789 1923 3006 1979 demum
3033 1924 3178 1979 enim
3203 1939 3362 1994 posse
3387 1940 3753 1993 unumquem-

2162 2030 2266 2086 que
2291 2016 2359 2070 ad
2381 2017 2774 2072 correctionem
2803 2024 2894 2070 aut
2920 2015 2986 2071 ad
3028 2017 3331 2085 profectum
3373 2018 3579 2082 vocari,
3610 2017 3658 2071 si
3687 2030 3752 2073 se

2162 2108 2298 2162 sciat
2322 2122 2419 2162 sua
2445 2107 2726 2178 diligentia
2754 2107 2954 2162 bonum
2993 2121 3118 2162 esse
3147 2122 3329 2176 posse,
3361 2116 3415 2162 et
3443 2108 3751 2164 libertatem

2163 2211 2316 2250 suam
2358 2198 2427 2252 ob
2474 2196 2576 2251 hoc
2607 2197 2704 2253 Dei
2753 2198 2959 2254 auxilio
2999 2198 3317 2266 juvandam,
3351 2200 3395 2254 si
3425 2200 3574 2268 quod
3605 2200 3754 2257 Deus

2165 2290 2385 2344 mandat
2411 2290 2654 2359 elegerit.
2687 2289 2766 2344 Ac
2789 2291 2867 2346 sic
2897 2306 3016 2346 cum
3045 2292 3097 2345 in
3126 2290 3212 2346 his
3233 2294 3320 2362 qui
3353 2301 3564 2362 tempus
3595 2307 3756 2348 acce-

2168 2390 2364 2451 perunt
2409 2381 2596 2436 liberae
2633 2382 2949 2446 voluntatis,
2992 2382 3100 2436 duo
3139 2382 3250 2436 sint
3294 2397 3413 2452 quae
3458 2383 3751 2439 humanam

2163 2481 2460 2542 operentur
2501 2473 2748 2538 salutem,
2807 2473 2900 2528 Dei
2949 2473 3162 2530 scilicet
3204 2474 3378 2544 gratia
3422 2483 3478 2529 et
3514 2474 3756 2530 hominis

2163 2564 2493 2629 obedientia,
2527 2565 2767 2634 priorem
2807 2566 2994 2621 volunt
3024 2565 3391 2620 obedientiam
3438 2581 3560 2621 esse
3587 2582 3752 2637 quam

2165 2659 2416 2726 gratiam,
2448 2667 2505 2710 ut
2553 2657 2765 2712 initium
2806 2657 2997 2712 Salutis
3020 2674 3087 2712 ex
3115 2673 3182 2712 eo
3211 2658 3302 2728 qui
3333 2658 3592 2724 Salvator,
3637 2674 3752 2713 non

2164 2762 2232 2802 ex
2262 2761 2328 2802 eo
2369 2745 2698 2801 credendum
2743 2748 2819 2801 sit
2862 2756 3008 2802 stare
3036 2748 3126 2816 qui
3167 2747 3374 2812 salvat;
3407 2756 3462 2802 et
3499 2748 3754 2803 voluntas

2167 2837 2404 2892 hominis
2433 2837 2632 2892 divina:
2661 2839 2848 2907 gratia:
2873 2838 2976 2892 sibi
3009 2838 3184 2907 pariat
3219 2853 3403 2909 opem,
3444 2854 3549 2894 non
3580 2840 3752 2910 gratia

2167 2933 2266 2987 sibi
2301 2931 2590 2987 humanam
2619 2931 2870 3001 subjiciat
2894 2932 3247 2987 voluntatem.

2240 3026 2292 3079 7.
2334 3024 2487 3091 Quod
2531 3039 2652 3077 cum
2681 3023 3151 3093 perversissimum
3178 3038 3304 3080 esse
3350 3022 3626 3080 revelante
3653 3024 3752 3079 Dei

2166 3115 2564 3180 misericordia,
2590 3123 2644 3170 et
2670 3116 2975 3170 instruente
3002 3130 3099 3170 nos
3131 3125 3220 3169 tua
3265 3115 3621 3181 beatitudine,
3652 3131 3754 3172 no-

2167 3209 2426 3272 verimus,
2468 3221 2756 3277 possumus
2784 3207 3000 3277 quidem
3030 3208 3098 3261 ad
3129 3223 3234 3262 non
3266 3207 3597 3262 credendum
3628 3221 3754 3263 esse

2165 3307 2502 3366 constantes,
2544 3298 2641 3353 sed
2687 3297 2754 3352 ad
2798 3299 3175 3354 auctoritatem
3223 3299 3350 3353 talia
3398 3299 3751 3354 sentientium

2167 3405 2278 3444 non
2306 3403 2494 3444 sumus
2527 3404 2724 3459 pares:
2755 3391 2879 3459 quia
2913 3391 3139 3444 multum
3177 3404 3274 3448 nos
3300 3399 3355 3445 et
3382 3389 3510 3445 vitae
3541 3388 3755 3444 meritis

2166 3483 2512 3548 antecellunt,
2544 3493 2598 3537 et
2640 3481 2808 3552 aliqui
2836 3497 3023 3538 eorum
3059 3482 3258 3552 adepto
3294 3499 3468 3554 nuper
3489 3494 3513 3520 ι
3540 3499 3754 3540 summo

2166 3574 2459 3631 sacerdotii
2511 3574 2719 3630 honore
2764 3575 3203 3644 supereminent;
3253 3591 3356 3632 nec
3396 3576 3552 3632 facile
3604 3579 3755 3646 quis-

2167 3655 2349 3736 quam,
2399 3673 2594 3735 prteter
2641 3679 2842 3735 paucos
2898 3665 3157 3736 perfectae
3209 3667 3398 3737 gratiae
3450 3668 3755 3736 intrepidos

2168 3764 2461 3824 amatores,
2509 3765 2656 3811 tanto
2693 3757 3038 3826 superiorum
3086 3757 3539 3828 disputationibus
3590 3773 3752 3814 ausus

2166 3858 2250 3903 est
2271 3849 2563 3904 contraire.
2595 3848 2671 3902 Ex
2697 3863 2804 3918 quo
2825 3864 2930 3902 non
2953 3848 3127 3902 solum
3151 3849 3234 3902 his
3257 3850 3348 3918 qui
3377 3864 3470 3904 eos
3498 3849 3749 3916 audiunt,

2167 3957 2353 3997 verum
2384 3942 2543 3996 etiam
2575 3941 2706 4009 ipsis
2749 3942 2839 4010 qui
2885 3941 3199 4003 audiuntur,
3234 3956 3357 3994 cum
3399 3941 3752 4010 dignitatibus

2168 4033 2343 4089 crevit
2371 4033 2692 4101 periculum,
2733 4033 2859 4087 dum
2905 4042 2958 4087 et
2987 4034 3186 4088 multos
3218 4035 3524 4089 reverentia
3563 4048 3754 4090 eorum

2167 4133 2260 4178 aut
2289 4123 2465 4178 inutili
2511 4123 2732 4178 cohibet
2762 4125 3002 4193 silentio,
3035 4134 3126 4178 aut
3172 4125 3447 4180 incurioso
3477 4126 3626 4181 ducit
3666 4141 3753 4181 as-

2167 4231 2360 4283 sensu;
2412 4227 2469 4272 et
2510 4217 2924 4272 saluberrimum
2971 4217 3106 4287 ipsis
3145 4218 3380 4284 videtur,
3428 4219 3572 4289 quod
3614 4234 3752 4288 pene

2167 4309 2363 4363 nullius
2392 4309 2824 4364 contradictione
2854 4310 3293 4379 reprehenditur.
3323 4310 3478 4367 Unde
3498 4310 3528 4350 ι’
3550 4315 3674 4382 quia
3695 4311 3751 4366 in

2167 4407 2285 4464 istis
2331 4407 2628 4479 Pelagiana:
2673 4410 2955 4480 pravitatis
2999 4410 3244 4480 reliquiis
3293 4427 3400 4466 non
3454 4411 3752 4467 mediocris

548 4501 602 4556 6ο
642 4499 747 4554 Ρΐο
787 4495 1043 4552 universo
1076 4500 1256 4548 autem
1288 4492 1524 4547 humano
1555 4507 1756 4562 genere
1781 4499 2056 4548 πηοτιυυηῖ
2086 4471 2135 4529 D
2163 4509 2461 4565 virulentia:
2488 4511 2620 4565 libra
2651 4511 2907 4578 nutritur,
2935 4511 2980 4565 si
3015 4511 3337 4580 principium
3371 4513 3574 4568 salutis
3609 4512 3749 4567 male

477 4607 598 4650 esse
625 4590 908 4646 Dominum
947 4595 1188 4642 nostrum
1232 4585 1415 4641 Jesum
1445 4585 1745 4651 Christum,
1787 4593 1842 4640 et
1881 4586 2056 4640 nemi-

477 4699 601 4740 nem
618 4695 839 4752 prorsus
867 4696 894 4732 a
921 4677 1292 4747 redemptione
1310 4677 1585 4746 sanguinis
1604 4677 1723 4746 ejus
1749 4685 2056 4746 exceptum,

479 4773 688 4831 etiamsi
710 4786 922 4828 omnem
955 4769 1093 4824 hanc
1121 4769 1282 4822 vitam
1317 4767 1648 4823 alienissima
1674 4767 1743 4822 ab
1770 4782 1836 4822 eo
1876 4777 2060 4824 mente

478 4871 838 4940 pertranseat,
865 4862 989 4933 quia
1021 4861 1090 4915 ad
1113 4873 1304 4915 omnes
1332 4859 1582 4916 homines
1629 4858 1898 4931 pertineat
1921 4859 2060 4914 divi-

478 4976 562 5016 na:
603 4955 987 5013 misericordia:
1029 4961 1429 5009 sacramentum
1469 4971 1480 5005 :
1529 4968 1635 5022 quo
1671 4953 1795 5008 ideo
1841 4953 2058 5023 plurimi

477 5069 582 5107 non
617 5059 963 5113 renoventur,
997 5049 1122 5118 quia
1166 5047 1309 5116 quod
1363 5061 1463 5100 nec
1492 5046 1745 5100 renovari
1776 5046 1917 5101 velle
1964 5045 2060 5100 ha-

475 5143 639 5199 beant
667 5149 1088 5210 praenoscantur.
1129 5138 1312 5207 itaque
1342 5147 1601 5208 quantum
1635 5138 1701 5192 ad
1741 5138 1909 5193 Deum
1939 5153 2062 5206 per-

475 5238 632 5304 tinet,
665 5235 919 5291 omnibus
966 5243 1206 5303 paratam
1255 5233 1417 5285 vitam
1465 5240 1752 5296 :rternam;
1803 5240 2058 5301 quantum

477 5338 654 5384 autem
681 5328 748 5383 ad
771 5327 985 5382 arbitrii
1007 5327 1334 5393 libertatem,
1359 5325 1425 5380 ab
1453 5324 1538 5378 his
1561 5340 1683 5380 eam
1706 5325 2058 5395 apprehendi,

478 5419 572 5492 qui
603 5420 712 5474 Deo
741 5430 933 5491 sponte
971 5419 1321 5482 crediderint,
1353 5426 1408 5473 et
1433 5417 1694 5472 auxilium
1726 5419 1910 5488 gratiae
1941 5435 2060 5476 me-

547 5555 576 5585 ⁶
601 5552 659 5608 ιιι
689 5566 843 5615 mss.,
875 5555 1080 5607 summi.

546 5615 575 5656 δ
605 5626 732 5678 Mss.
768 5623 900 5693 Reg.
932 5627 1038 5678 duo
1065 5634 1119 5679 et
1147 5624 1330 5689 Colb.,
1353 5625 1397 5677 si
1417 5624 1468 5677 in
1491 5623 1622 5677 istis.

553 5705 574 5732 ⁸
608 5695 708 5750 Ms.
741 5693 870 5765 Reg.
900 5710 1060 5763 unus,
1085 5696 1451 5762 correptionem
1479 5695 1616 5749 boni.

2163 4611 2215 4666 in
2237 4610 2454 4666 homine
2482 4611 2742 4677 collatur;
2775 4610 2820 4666 si
2841 4609 3037 4667 divinae
3061 4611 3327 4666 voluntati
3356 4613 3521 4682 impie
3554 4613 3754 4667 volun-

2160 4724 2244 4770 tas
2271 4712 2500 4768 humana
2542 4713 2848 4783 praefertur,
2895 4721 2953 4767 ut
2997 4712 3122 4768 ideo
3159 4713 3280 4783 quis
3310 4713 3600 4783 adjuvetur
3623 4714 3750 4784 quia

2161 4812 2355 4879 voluit,
2383 4828 2490 4867 non
2520 4812 2642 4867 ideo
2662 4811 2783 4882 quia
2811 4813 3099 4881 adjuvatur
3118 4814 3288 4878 velit;
3319 4815 3361 4868 si
3401 4814 3750 4885 originaliter

2165 4914 2342 4968 malus
2374 4924 2396 4953 ο
2429 4913 2794 4982 receptionem
2826 4913 2953 4968 boni
2997 4930 3102 4968 non
3145 4930 3175 4968 a
3207 4928 3419 4969 summo
3450 4915 3613 4980 bono,
3653 4914 3748 4970 sed

2161 5029 2189 5068 a
2220 5017 2514 5086 semetipso
2544 5015 2800 5070 inchoare
2825 5015 2966 5070 male
2997 5016 3269 5083 creditur;
3313 5017 3361 5072 si
3389 5016 3607 5072 aliunde
3636 5017 3752 5072 Deo

2163 5117 2425 5186 placetur,
2460 5117 2563 5170 nisi
2587 5131 2655 5170 ex
2687 5130 2753 5171 eo
2783 5116 2923 5185 quod
2953 5117 3068 5186 ipse
3094 5117 3377 5174 donaverit
3404 5133 3418 5171 :
3447 5117 3625 5172 tribue
3655 5133 3754 5172 no-

2164 5219 2248 5274 bis
2278 5221 2330 5272 in
2372 5218 2474 5272 hac
2511 5234 2694 5286 causa,
2746 5233 2881 5288 papa
2922 5218 3263 5286 beatissime,
3322 5230 3476 5290 pater
3520 5222 3751 5290 optime,

2165 5326 2425 5388 quantum
2443 5317 2666 5388 juvante
2698 5318 2926 5373 Domino
2958 5328 3135 5389 potes,
3165 5319 3506 5391 diligentiam
3536 5321 3754 5391 pietatis

2167 5429 2294 5487 tuae,
2326 5427 2384 5474 ut
2405 5434 2525 5489 quae
2552 5419 2606 5474 in
2637 5419 2754 5474 istis
2777 5420 3168 5490 qutestionibus
3187 5421 3505 5478 obscuriora
3529 5420 3579 5492 ιι,
3603 5429 3660 5477 et
3685 5420 3754 5477 ad

2169 5641 2198 5682 ³
2227 5553 2578 5682 Ιἱιιδῐέιιίιίοιιεεε
2598 5553 2655 5614 S.
2678 5557 2946 5629 Prosperi.
2974 5557 3059 5614 hic
3081 5557 3307 5628 addunt,
3333 5559 3558 5616 obsecro.
3587 5562 3754 5617 Abest
