4088 6176
285 200 363 258 73
1495 200 1823 256 EPISTOLA
1862 198 1955 255 AD
1994 198 2325 257 RUFINUM.
3488 199 3557 254 74

286 312 700 385 percipiendum
748 314 1054 370 difllciliora
1100 322 1260 383 sunt,
1313 329 1471 386 quam
1519 312 1865 369 Iucidissimis
1894 315 1946 372 Α
1972 327 2093 367 nem
2139 310 2561 381 uniuscujusque
2603 310 2933 381 praeviderit,
2963 318 3018 369 et
3059 310 3163 367 sub
3205 310 3321 383 ipso
3360 312 3553 383 gratias

285 406 724 475 expositionibus
750 406 994 476 digneris
1024 408 1257 476 aperire.

358 498 413 570 7
450 498 507 554 8.
540 501 617 553 Ac
637 499 893 568 primum,
934 498 1056 568 quia
1088 497 1331 567 plerique
1362 512 1466 551 non
1497 506 1680 567 putant
1705 495 1871 551 Chri-

284 590 519 646 stianam
562 591 721 647 ﬁdem
748 591 848 647 hac
868 591 1208 646 dissensione
1249 590 1465 655 violari,
1495 599 1752 659 quantum
1782 605 1873 658 pe-

283 681 448 736 riculi
492 683 564 736 sit
608 680 661 736 in
700 698 887 737 eorum
929 683 1278 751 persuasione
1306 683 1627 751 patefacias;
1674 681 1873 736 deinde

284 774 565 842 quomodo
608 789 703 843 per
746 776 903 829 istam
933 784 1359 843 praeoperantem
1387 784 1443 829 et
1484 780 1870 843 cooperantem

283 864 517 932 gratiam
570 864 796 920 liberum
850 879 955 920 non
1008 864 1333 934 impediatur
1394 862 1708 928 arbitrium;
1760 874 1869 918 tum

283 964 468 1007 utrum
526 956 861 1029 przescientia
916 955 1010 1010 Dei
1054 955 1127 1009 ita
1178 953 1476 1009 secundum
1532 954 1870 1024 prepositum

283 1056 526 1111 maneat,
577 1057 633 1100 ut
673 1062 735 1101 ea
782 1046 899 1113 ipsa
944 1060 1066 1115 quae
1110 1054 1234 1099 sunt
1257 1044 1555 1114 proiiosita,
1589 1046 1697 1099 sint
1732 1045 1875 1099 acci-

285 1140 482 1211 pienda
513 1138 759 1205 przescita
786 1155 799 1189 :
832 1152 897 1190 an
932 1152 1026 1203 per
1056 1151 1252 1204 genera
1280 1149 1564 1190 causarum
1592 1144 1647 1189 et
1664 1135 1874 1204 species

285 1243 642 1300 personarum
694 1228 793 1281 ista
844 1226 1153 1291 varientur;
1203 1236 1259 1280 ut
1308 1227 1431 1296 quia
1473 1226 1704 1282 diversae
1748 1235 1875 1282 sunt

284 1322 624 1386 vocationes,
674 1319 725 1372 in
775 1319 859 1373 his
911 1319 999 1385 qui
1054 1318 1186 1372 nihil
1236 1318 1509 1386 operaturi
1561 1318 1866 1383 salvantur,

283 1414 440 1484 quasi
483 1413 657 1467 solum
704 1411 797 1466 Dei
836 1410 1166 1481 propositum
1218 1411 1462 1465 videatur
1507 1412 1771 1475 existere;
1818 1412 1871 1463 in

288 1506 376 1558 his
420 1510 598 1557 autem
630 1505 721 1572 qui
766 1502 968 1571 aliquid
1017 1502 1142 1555 boni
1195 1504 1365 1555 acturi
1421 1510 1566 1567 sunt,
1610 1516 1707 1570 per
1736 1518 1873 1569 prte-

285 1596 568 1650 scientiam
610 1595 779 1663 possit
808 1602 954 1646 stare
985 1596 1321 1661 pr0positum
1359 1610 1373 1647 :
1404 1608 1470 1646 an
1506 1607 1634 1647 vero
1665 1591 1873 1646 unifor-

1970 404 2029 474 8
2056 402 2325 471 adjutorio
2348 402 2398 455 in
2429 416 2535 472 qua
2565 401 2773 457 futurus
2792 412 2939 458 esset
2966 402 3239 459 voluntate
3266 411 3322 457 et
3348 402 3558 457 actione

1972 495 2293 565 praescierit.
2925 500 2942 513 ⁶

2044 586 2096 641 9.
2140 586 2344 655 Quibus
2374 586 2628 642 omnibus
2672 586 2942 651 enodatis,
2994 598 3048 643 et
3085 587 3270 642 multis
3311 587 3552 656 insuper,

1974 691 2092 747 quae
2117 679 2310 733 altiore
2333 678 2525 732 intuitu
2548 678 2614 733 ad
2633 692 2847 733 causam
2875 678 3013 733 hanc
3036 678 3359 749 pertinentia
3388 680 3554 750 magis.

1974 775 2127 839 potes
2153 770 2359 839 videre,
2405 770 2669 836 decussis,
2715 770 2989 826 credimus
3017 778 3073 825 et
3109 785 3397 840 speramus
3447 786 3553 825 non

1974 860 2147 915 solum
2195 862 2513 917 tenuitatem
2571 870 2813 916 nostram
2872 862 3294 931 disputationum
3340 871 3553 917 tuarum

1974 952 2227 1021 praesidio
2252 952 2629 1017 roborandam,
2661 953 2755 1008 sed
2780 955 2939 1009 etiam
2973 952 3141 1023 ipsos,
3182 969 3319 1024 quos
3347 954 3556 1008 meritis

1973 1054 2136 1113 atque
2179 1044 2480 1099 honoribus
2517 1046 2695 1100 claros
2734 1047 2908 1117 caligo
2956 1048 3110 1101 istius
3148 1048 3417 1115 opinionis
3459 1048 3556 1103 ob-

1974 1144 2179 1200 scurat,
2230 1134 2699 1191 defaecatissimum
2747 1138 2928 1192 lumen
2978 1139 3165 1207 gratim
3195 1149 3554 1209 recepturos:

1976 1240 2098 1279 nam
2148 1241 2313 1280 unum
2355 1241 2542 1282 eorum
2574 1228 2859 1296 praecipuae
2889 1228 3228 1283 auctoritatis
3255 1237 3310 1282 et
3337 1230 3555 1296 Spirita'

1974 1318 2107 1371 lium
2138 1318 2443 1373 studiorum
2482 1320 2679 1386 virum,
2727 1329 2970 1373 sanctum
2998 1318 3027 1357 δ
3058 1320 3315 1373 llilarium
3364 1320 3557 1375 Arela-

1975 1419 2182 1464 tensem
2214 1410 2549 1479 episcopum,
2580 1411 2717 1465 sciat
2748 1410 3026 1467 beatitudo
3057 1420 3146 1465 tua
3176 1412 3557 1467 admiratorem

1974 1511 2406 1573 sectatoremque
2434 1504 2485 1556 in
2515 1503 2637 1557 aliis
2664 1504 2910 1558 omnibus
2954 1513 3058 1558 tua:
3104 1519 3227 1560 esse
3268 1506 3557 1575 doctrinae,

1975 1601 2030 1647 et
2048 1592 2118 1646 de
2148 1593 2252 1647 hoc
2282 1594 2424 1663 quod
2456 1594 2510 1648 in
2538 1594 2816 1664 querelam
2843 1596 3025 1661 trahit,
3054 1596 3161 1666 iam
3186 1597 3392 1666 pridem
3418 1598 3559 1666 apud

284 1689 471 1751 miter,
501 1685 629 1739 licet
655 1685 823 1737 dividi
859 1685 1193 1752 prtescientia
1221 1700 1247 1735 a
1282 1684 1558 1753 praposito
1586 1682 1868 1751 temporali
1900 1683 1949 1743 B
1976 1685 2316 1739 sanctitatem
2374 1695 2515 1739 tuam
2565 1701 2784 1741 sensum
2817 1701 2972 1741 suum
3027 1703 3122 1756 per
3168 1690 3376 1745 litteras
3422 1690 3564 1747 velle

284 1776 640 1831 distinctione
681 1792 788 1829 non
816 1777 1007 1843 possit,
1042 1774 1383 1844 praescientia
1417 1784 1593 1829 tamen
1634 1774 1871 1843 quodam

282 1870 480 1924 ordine
511 1869 581 1921 sit
604 1878 627 1904 α
656 1868 883 1923 subnixa
918 1867 1224 1937 proiitisito:
1248 1879 1301 1923 et
1323 1869 1464 1922 sicut
1495 1867 1626 1922 nihil
1653 1868 1722 1923 sit
1742 1883 1875 1936 quo-

287 1976 649 2029 rumcumque
699 1960 1038 2029 negotiorum
1067 1961 1210 2029 quod
1257 1976 1361 2015 non
1414 1960 1639 2015 scientia
1690 1960 1871 2015 divina

288 2053 638 2121 praevenerit,
679 2053 752 2106 ita
785 2053 915 2106 nihil
944 2054 1012 2107 sit
1039 2054 1187 2120 boni,
1220 2055 1361 2124 quod
1394 2055 1447 2108 in
1481 2064 1716 2109 nostram
1748 2070 1874 2125 par-

288 2146 661 2215 ticipationem
694 2159 801 2199 non
832 2145 943 2200 Deo
979 2154 1206 2201 auctore
1243 2146 1549 2201 deﬂuxerit.
1596 2147 1874 2202 Postremo

288 2233 743 2304 quemadmodum
787 2249 884 2302 per
927 2235 1063 2289 hanc
1119 2237 1563 2305 przediCaliouem
1614 2240 1873 2307 propositi

292 2326 411 2388 Dei,
442 2340 550 2394 quo
580 2326 767 2380 fideles
796 2324 930 2379 ﬁunt
957 2326 1049 2396 qui
1080 2328 1428 2395 praeordinati
1456 2336 1581 2383 sunt
1617 2329 1684 2384 ad
1708 2330 1873 2387 vitam

289 2424 576 2478 aeternam,
612 2430 771 2467 nemo
801 2430 988 2469 eorum
1015 2417 1103 2484 qui
1126 2417 1443 2472 cohortandi
1476 2418 1877 2491 suntimpedia-

292 2515 396 2567 tur,
431 2520 530 2557 nec
551 2504 893 2559 occasionem
924 2507 1264 2576 negligentiae
1297 2508 1548 2574 habeant,
1580 2511 1623 2564 si
1652 2524 1711 2566 se
1738 2525 1875 2580 pm-

288 2594 590 2648 destinatos
618 2609 738 2649 esse
766 2595 1075 2664 desperent.
1125 2597 1257 2651 Illud
1305 2599 1469 2652 etiam
1517 2601 1751 2669 qualiter
1788 2603 1874 2657 di-

292 2685 496 2751 luatur,
557 2700 864 2754 qntesumus
905 2687 1174 2757 patienter
1223 2689 1586 2760 insipientiam
1634 2702 1874 2747 nostram

288 2775 519 2830 ferendo
539 2777 896 2842 demonstres,
922 2779 1062 2847 quod
1094 2782 1399 2836 retractatis
1420 2783 1661 2851 priorum
1684 2784 1752 2839 de
1775 2783 1877 2840 hac

288 2884 351 2923 re
381 2868 750 2935 opinionibus,
788 2884 928 2937 pene
972 2873 1211 2925 omnium
1245 2888 1341 2941 par
1386 2873 1657 2929 invenitur
1687 2883 1743 2929 et
1771 2891 1874 2929 una

287 2960 582 3023 sententia,
629 2974 734 3027 qua
766 2961 1099 3028 propositum
1130 2972 1184 3015 et
1214 2962 1737 3031 prmdesﬁnationem
1778 2964 1878 3020 Dei

1976 1776 2248 1833 conferre.
2285 1777 2390 1832 Sed
2422 1778 2543 1847 quia
2572 1788 2749 1833 utrum
2782 1780 2885 1835 hoc
2915 1781 3177 1847 facturus,
3208 1791 3300 1837 aut
3326 1797 3433 1853 quo
3458 1784 3564 1839 line

1973 1868 2043 1923 sit
2071 1868 2334 1936 lacturus,
2369 1869 2636 1923 incertum
2664 1880 2768 1937 est,
2798 1879 2854 1925 et
2882 1872 3123 1927 omnium
3158 1882 3401 1929 nostrum
3440 1874 3566 1929 fati-

1975 1958 2146 2028 gatio,
2188 1959 2504 2028 providente
2546 1961 2649 2015 hoc
2692 1963 2946 2030 praesenti
2992 1962 3193 2017 sacculo
3228 1963 3322 2018 Dei
3363 1965 3559 2034 gratia,

1976 2051 2029 2102 in
2055 2057 2160 2103 tua:
2187 2048 2473 2103 charitatis
2502 2058 2557 2104 et
2586 2050 2832 2106 scientiae
2854 2052 3041 2121 vigore
3068 2063 3089 2090 ε
3121 2053 3349 2122 respirat
3379 2071 3392 2107 :
3426 2054 3565 2110 adde

1975 2141 2335 2197 eruditionem
2366 2142 2683 2211 humilibus,
2729 2143 2869 2200 adde
2898 2145 3327 2217 increpationem
3372 2162 3565 2217 super—

1976 2234 2079 2289 bis.
2111 2235 2483 2290 Necessarium
2512 2244 2570 2290 et
2594 2235 2728 2292 utile
2757 2247 2840 2292 est
2866 2239 3031 2293 etiam
3054 2253 3173 2307 quae
3204 2239 3403 2307 scripta
3433 2250 3560 2295 sunt

1976 2324 2236 2391 scribere,
2267 2340 2335 2379 ne
2365 2326 2482 2381 leve
2519 2327 2884 2394 existimetur,
2916 2328 3060 2396 quod
3092 2342 3196 2383 non
3246 2328 3562 2395 frequenter

1976 2419 2240 2489 arguitur.
2261 2417 2463 2473 Sanum
2486 2418 2630 2475 enim
2664 2427 2853 2488 putant
2878 2433 2999 2475 esse
3028 2419 3171 2488 quod
3201 2435 3308 2475 non
3326 2418 3353 2457 ἀ
3381 2420 3562 2485 dolet;

1978 2525 2083 2565 nec
2109 2511 2301 2565 vulnus
2323 2511 2645 2580 superducta
2676 2523 2799 2569 cute
2824 2512 3099 2578 sentiunt;
3127 2512 3223 2568 sed
3262 2513 3565 2583 intelligant

1978 2609 2361 2671 perventurum
2392 2602 2458 2655 ad
2504 2604 2825 2667 sectionem,
2862 2604 3005 2672 quod
3032 2602 3280 2659 habuerit
3312 2619 3565 2673 perseve-

1978 2700 2193 2747 rantem
2234 2700 2527 2747 tumorem.
2578 2693 2761 2749 Gratia
2804 2694 2899 2749 Dei
2928 2704 2983 2750 et
3012 2710 3114 2764 pax
3148 2695 3362 2750 Domini
3393 2698 3562 2752 nostri

1977 2781 2104 2836 Jesu
2131 2779 2331 2837 Christi
2369 2792 2594 2839 coronet
2633 2792 2686 2839 te
2731 2788 2782 2838 in
2812 2786 2960 2840 omni
2989 2797 3249 2855 tempore,
3273 2796 3331 2843 et
3359 2789 3548 2843 ambu-

1979 2872 2184 2928 lantem
2216 2872 2285 2928 de
2310 2874 2509 2929 virtute
2531 2875 2582 2929 in
2606 2876 2859 2931 virtutem
2889 2876 3156 2946 glorificet
3182 2878 3237 2933 in
3267 2866 3559 2944 internum,

1978 2964 2199 3020 domine
2237 2980 2373 3035 papa
2401 2966 2732 3031 beatissime,
2773 2967 3118 3025 ineﬂ‘abiliter
3160 2970 3445 3036 mirabilis,
3476 2971 3562 3025 iu-

285 3050 590 3104 secnndum
620 3052 1010 3119 praescientiam
1039 3065 1390 3122 receperunt;
1424 3064 1481 3108 ut
1510 3056 1579 3109 ob
1610 3058 1712 3112 hoc
1734 3058 1876 3113 Deus
1902 3048 1949 3113 C
1980 3058 2421 3128 comparabiliter
2451 3060 2788 3125 honorande,
2831 3062 3273 3131 praestantissime
3312 3075 3561 3133 patrone.

287 3141 429 3194 alios
454 3155 581 3194 vasa
611 3141 851 3207 honoris,
883 3142 1020 3198 alios
1048 3144 1391 3199 contumelia:
1417 3144 1624 3215 fecerit,
1653 3147 1779 3219 quia
1818 3148 1881 3202 fi-

367 3304 392 3367 _'
422 3297 523 3367 bis.
558 3297 755 3367 Regius
784 3312 942 3366 unus,
976 3298 1183 3352 obnixa.

364 3364 392 3405 δ
426 3366 533 3419 Pro
565 3364 765 3421 Hilario
791 3364 1045 3433 putabant
1071 3370 1272 3423 eruditi
1303 3369 1587 3439 legendum
1612 3387 1734 3429 esse
1758 3374 1875 3429 Πο-

291 3450 534 3489 noratum
561 3454 580 3491 :
609 3440 702 3493 sed
730 3440 952 3505 inspecti
986 3452 1116 3491 mss.
1162 3440 1421 3494 Hilarium
1449 3456 1636 3498 omnes
1664 3444 1867 3501 ferunt.

292 3506 531 3559 Hilarius
563 3523 721 3574 porro
771 3511 871 3562 iste
926 3524 990 3563 ex
1041 3508 1307 3563 Lirinensi
1348 3512 1613 3567 monacho
1655 3525 1871 3571 creatus

290 3576 393 3650 fuit
446 3577 783 3650 Arelatensis
826 3579 1109 3646 episcopus
1156 3590 1276 3649 post
1326 3580 1678 3650 Honoratum,
1724 3600 1870 3641 anno

288 3646 399 3718 ses
436 3657 527 3700 aut
568 3647 673 3703 4i9
713 3650 935 3702 ineunte
976 3646 1228 3703 denatum
1261 3667 1274 3703 :
1322 3652 1519 3718 quippe
1563 3646 1868 3711 Honoratus

290 3716 549 3771 suffectus
572 3718 840 3783 Patroclo,
858 3719 947 3787 qui
969 3734 1112 3771 anno
1133 3719 1238 3773 426
1253 3716 1408 3790 juxta
1420 3716 1675 3793 ‘l‘rosperi
1697 3726 1871 3782 Chro-

1979 3307 2159 3361 nicum
2191 3307 2510 3362 interfectus
2538 3314 2642 3370 est,
2664 3305 2980 3361 cathedram
3006 3306 3400 3369 Arelatensem,
3426 3316 3565 3363 teste

1985 3378 2262 3431 llonorato
2292 3376 2617 3431 Massiliensi
2640 3378 2693 3431 in
2727 3376 2843 3430 Vita
2870 3376 3055 3431 Hilarii
3084 3378 3438 3445 Arelatensis,
3473 3394 3568 3448 per

1979 3448 2255 3503 biennium
2283 3450 2587 3515 occupavit.

2054 3529 2076 3588 ξ
2110 3519 2165 3571 In
2194 3517 2374 3586 editis,
2402 3525 2613 3588 sperat;
2645 3517 2698 3570 in
2722 3532 2829 3588 uno
2855 3533 2985 3586 ms.,
3016 3518 3199 3585 spirat.

2048 3584 2076 3624 δ
2108 3588 2163 3641 In
2196 3584 2368 3667 mss.,'
2392 3584 2538 3667 .q'uod
2585 3603 2688 3641 non
2731 3587 2928 3654 dolent,
2960 3584 3053 3641 nec
3093 3589 3279 3642 vulnus
3310 3590 3564 3658 superdu-

1979 3667 2117 3712 ctum
2144 3666 2257 3712 cute
2276 3666 2518 3711 sentiunt.

368 3856 666 3924 Sequuntur
684 3855 740 3908 in
755 3856 963 3923 antiqua
990 3854 1267 3909 Parisiensi
1293 3857 1514 3910 editione
1540 3857 1643 3911 duo
1668 3857 1937 3927 apuscula,
1963 3861 2107 3914 nullo
2120 3865 2264 3933 jure,
2284 3860 2381 3914 nisi
2407 3862 2539 3931 forte
2563 3868 2771 3930 prapter
2794 3859 3185 3912 similitudinem
3220 3868 3270 3913 ct
3292 3863 3445 3931 quasi
3471 3878 3559 3915 ne-

291 3944 655 3998 cessitudinem
683 3943 943 4007 thematis,
978 3942 1217 4012 Prosperi
1248 3943 1682 3999 lucubrationibus
1706 3948 2097 4017 interponenda,
2126 3950 2357 4004 scilicet:
2378 3950 2603 4019 epistola
2641 3948 2829 4003 Hilarii
2870 3949 3175 4004 Arelatensis
3205 3950 3274 4003 ad
3312 3950 3558 4021 Augusti-

292 4053 442 4100 num,
476 4036 725 4106 Imjusque
758 4033 931 4088 Patris
954 4036 1079 4089 liber
1108 4038 1174 4090 de
1204 4038 1354 4091 Dono
1382 4039 1821 4094 Perseverautice.
1858 4042 2019 4106 Quw,
2049 4042 2292 4112 quoniam
2313 4044 2427 4112 jam
2454 4050 2607 4095 antea
2631 4041 2887 4097 edidimus
2913 4042 3046 4097 inter
3082 4059 3235 4113 Opera
3262 4045 3563 4115 Augustini,

296 4130 446 4179 tomis
468 4124 533 4178 ll
559 4135 604 4179 et
624 4125 675 4180 Χ
705 4124 987 4195 (XXXIII
1027 4136 1074 4181 et
1102 4126 1285 4182 XLIV
1313 4141 1502 4184 nostra:
1524 4130 1775 4201 Patrol.),
1812 4132 1911 4184 huc
1939 4132 2084 4187 adire
2116 4132 2234 4187 velit
2254 4134 2413 4187 lector
2451 4134 2736 4192 benevolus.
2769 4135 2920 4189 Ent'r.

1622 4364 2296 4449 ADMONITIO

1084 4522 1151 4574 IN
1183 4520 1543 4573 EPISTOLAM
1575 4521 1629 4571 S.
1662 4518 1976 4570 PROSPERI
2009 4518 2317 4578 AQUITANI
2351 4518 2438 4569 AD
2469 4519 2759 4573 RUFINO“

369 4714 448 4770 De
476 4716 696 4784 epistola
722 4717 791 4768 ad
840 4716 1082 4782 Rufinum
1126 4717 1229 4769 tria
1256 4716 1551 4786 investigari
1593 4722 1839 4787 possunt:
1864 4712 1925 4787 if
1949 4712 2203 4787 _Q_uis_iste
2251 4711 2497 4781 Ruﬁnus,
2534 4714 2788 4787 adguem
2822 4712 2946 4766 data
2972 4714 3073 4767 ista
3105 4712 3359 4784 epistola;
3383 4714 3449 4769 2°
3472 4733 3572 4787 quo

308 4783 532 4858 tempore
552 4789 741 4858 scripta
768 4787 922 4854 fuerit
944 4803 962 4851 ;
990 4804 1093 4852 qua
1118 4788 1384 4858 occasione
1403 4783 1452 4839 et
1481 4783 1776 4858 necessitate
1804 4783 1873 4858 ad
1890 4783 1957 4858 Aid
1980 4783 2043 4837 S.
2078 4783 2396 4858 Procurrunt
2426 4784 2783 4858 compellente.

375 4851 450 4908 De
476 4851 668 4925 Ruﬁno
694 4851 895 4926 quidem
921 4858 1033 4925 quis
1076 4856 1165 4910 ille
1211 4856 1385 4926 fuerit,
1415 4859 1547 4926 inter
1594 4855 1780 4907 multos
1811 4853 2022 4920 hujusce
2062 4853 2285 4926 nominis
2313 4851 2611 4926 circa_ltazc
2665 4862 2899 4926 tempora
2925 4861 3093 4918 notos,
3140 4870 3246 4907 non
3300 4854 3455 4923 facile
3498 4867 3574 4911 est

303 4921 589 4990 decernere,
614 4921 794 4978 nec'ab
817 4921 1322 4992 ullo’hactenus'pro
1351 4935 1485 4980 certo
1512 4925 1783 4991 deﬁnitum
1808 4926 2111 4993 reperimus.
2144 4921 2269 4975 Erat
2301 4932 2434 4976 certe
2462 4921 2547 4975 hic
2570 4923 2631 4977 S.
2665 4922 2930 4993 Prospero
2959 4936 3135 4977 nostra
3165 4921 3385 4989 amicus,
3424 4933 3471 4985 ε(
3513 4943 3577 4980 ea:

303 4999 381 5049 his
408 5013 536 5063 quos
560 4999 786 5067 amicitia
815 4997 1060 5050 charitati
1087 4997 1311 5067 spiritali
1332 4997 1535 5067 innixa,
1568 5008 1661 5065 pro
1687 4994 1969 5047 amicorum
1997 4993 2163 5067 salute
2190 4993 2441 5067 sollicitos
2464 4994 2653 5047 reddit.
2689 4992 2839 5067 Unde
2857 5009 2971 5067 cum
3003 4994 3091 5067 ille
3120 4995 3181 5047 de
3211 4997 3363 5048 motis
3393 5006 3574 5048 contra

303 5062 592 5119 doctrinam
616 5066 677 5121 S.
710 5067 985 5139 Augustini
1016 5062 1420 5139 contentionibus
1451 5062 1693 5139 confusos
1717 5079 1944 5139 rumores
1976 5063 2221 5139 audiisset
2246 5108 2261 5131 ,
2294 5062 2711 5139 Prpsperumque
2739 5066 2835 5118 sibi
2865 5065 3231 5139 amicissimum
3272 5066 3406 5139 male
3435 5067 3575 5139 apud

304 5138 569 5209 plerosque
615 5131 816 5209 audire'
835 5140 1151 5209 cognovisset
1177 5177 1193 5202 ,
1234 5138 1421 5189 veritus
1458 5152 1521 5209 ne
1554 5131 1747 5209 animm
1795 5135 1900 5209 sibi
1932 5131 2440 5209 chgrissintqsalus
2486 5131 2858 5209 periclitaretur
2876 5175 2904 5209 _,
2949 5137 3235 5209 necgetiam
3283 5131 3575 5209 inauditum

304 5198 557 5276 precipiti
574 5208 780 5276 judicio
810 5198 1057 5261 damnare
1082 5198 1260 5268 ausus,
1292 5209 1455 5260 satius
1486 5206 1637 5259 duxit
1663 5207 1829 5275 ipsum
1856 5198 2361 5277 literiscontjenire,
2380 5198 2497 5257 cum
2527 5208 2659 5273 forte
2684 5206 2747 5257 ab
2784 5198 3025 5277 eol’ongo
3040 5207 3275 5277 locorum
3302 5206 3573 5277 intervallo

302 5274 539 5339 dissitas,
563 5274 616 5328 id
638 5277 798 5328 verbis
824 5286 1067 5347 precatare
1088 5295 1188 5330 non
1216 5287 1405 5347 posset,
1426 5292 1551 5345 quas
1575 5274 1782 5345 quidem
1807 5275 2063 5347 communi
2084 5275 2249 5327 amico
2270 5274 2573 5340 deferendas
2600 5274 2993 5329 commendavit.
3026 5275 3147 5347 Nisi
3170 5274 3301 5347 forte
3327 5276 3573 5347 malueris

303 5347 651 5414 proﬁciscenti
682 5344 847 5400 amico
880 5348 932 5399 in
960 5344 1224 5401 mandatis
1246 5344 1443 5399 datum
1471 5356 1524 5399 ut
1555 5344 1692 5413 piam
1720 5360 1873 5415 quam
1910 5346 2111 5415 gerebat
2142 5361 2234 5411 pro
2264 5348 2427 5397 amico
2456 5346 2852 5399 sollicitudinem
2878 5361 3055 5397 coram
3101 5345 3211 5415 ipse
3239 5344 3347 5397 sine
3374 5346 3569 5413 scripto

303 5428 594 5485 exponeret.
636 5416 892 5469 Neutrum
914 5419 1049 5470 enim
1082 5433 1176 5486 pro
1206 5428 1340 5470 certo
1379 5418 1493 5469 elici
1520 5414 1739 5478 videtur,
1784 5416 1873 5468 sed
1913 5414 2217 5469 alterutrum
2245 5425 2376 5486 certe
2417 5416 2687 5485 contigisse
2708 5416 2981 5486 judicatur
3014 5429 3079 5467 ea:
3121 5414 3305 5486 primis
3334 5414 3569 5484 epistola:

304 5483 467 5539 sancti
503 5486 749 5551 Prasperi
775 5488 973 5540 verbis:
1008 5483 1225 5556 Accepi,
1251 5487 1413 5556 inquit
1442 5487 1547 5550 ille,
1585 5501 1677 5555 per
1701 5500 2041 5556 communem
2067 5486 2299 5556 amicum
2324 5483 2574 5539 fraternze
2600 5483 2725 5552 erga
2752 5500 2836 5537 me
2862 5483 3241 5556 sollicitudinis
3264 5483 3369 5537 tua:
3390 5487 3567 5554 signa,

305 5565 358 5609 et
385 5572 572 5611 curam
605 5558 986 5611 sincerissima:
1015 5553 1297 5611 charitatis
1319 5553 1655 5625 gratulant‘er
1681 5554 1894 5623 agnovi.
1928 5556 2007 5610 Ac
2032 5568 2101 5625 ne
2148 5555 2275 5623 quid
2324 5556 2541 5622 maligni
2573 5567 2842 5625 rumores,
2874 5553 2925 5611 in
2955 5562 3215 5622 quantum
3248 5569 3308 5609 se
3338 5553 3561 5609 auribus

307 5628 409 5682 tuis
439 5626 765 5681 subtrahere
804 5638 1077 5696 nequeunt
1130 5623 1428 5684 formidinis
1460 5626 1551 5681 tibi
1584 5636 1675 5683 aut
1704 5626 1987 5682 anxietatis
2007 5624 2295 5691 inferrent,
2326 5626 2607 5679 absolvere
2636 5632 2688 5678 te
2716 5623 2785 5679 ab
2808 5625 2954 5680 omni
2985 5626 3265 5693 scrupulo,
3300 5636 3558 5695 quantum

629 5717 903 5777 PA’MOL.
949 5718 1063 5777 I.l.'
3098 5714 3136 5775 3
