4098 6180
326 239 398 300 ἸἺ
1551 248 1879 304 EPISTOLA
1922 249 2011 303 AD
2055 247 2384 305 RUFINITM.
3529 251 3600 302 τε

537 360 3429 390 α“ᾙ-ἪΜ
3483 379 3586 394 μ..-

1405 455 1548 570 S.
1624 457 2540 574 PROSPEBI

1743 626 2179 687 AQUITAN!

833 737 848 759 ’
923 746 1798 874 EPISTULA
1887 745 2138 874 AD
2195 747 3099 880 “RUFINUM.

1265 933 1369 992 DE
1417 931 1719 994 GRATIA
1763 932 1868 992 ET
1912 929 2204 993 LIBERO
2248 933 2648 997 ARBITRIO.

313 1171 547 1228 Domino
575 1171 605 1211 δ
637 1171 792 1227 fratri
840 1171 1194 1226 dilectissimo
1234 1171 1286 1224 in
1325 1169 1564 1236 Christo,
1606 1178 1661 1224 et
1705 1169 1902 1223 merito
1929 1170 1981 1228 Α
2010 1169 2334 1224 rectitudine
2375 1185 2438 1224 ac
2481 1172 2842 1241 possibilitate
2880 1174 3203 1240 subsistere,
3247 1187 3412 1246 atque
3451 1179 3586 1235 hanc

381 1265 685 1322 venerabili
736 1266 965 1330 Rurtno,
1017 1265 1262 1320 Pnospsn
1303 1272 1561 1319 attentam
1602 1272 1624 1299 ο
1677 1262 1903 1317 salutem

383 1357 538 1412 dicit.

381 1451 492 1522 87
534 1450 847 1505 PsoLoc.-—
873 1449 924 1503 1.
949 1449 1150 1517 Accepi
1176 1463 1269 1518 per
1289 1445 1897 1502 communem-amicum

312 1542 574 1598 fraterna:
601 1557 728 1612 erga
755 1556 842 1596 me
869 1540 1254 1596 sollicitudinis
1288 1550 1392 1593 tua:
1422 1540 1598 1608 signa,
1627 1546 1679 1592 et
1710 1551 1895 1592 curam

311 1634 700 1689 sincerissima:
741 1634 1024 1688 charitatis
1053 1633 1397 1702 gratulanter
1444 1630 1660 1702 agnovi.
1702 1628 1782 1684 Ac
1830 1643 1898 1683 ne

311 1726 445 1794 quid
485 1724 707 1794 maligni
741 1738 1016 1791 rumores,
1057 1723 1110 1777 in
1145 1731 1404 1794 quantum
1446 1737 1506 1778 se
1538 1721 1761 1777 auribus
1792 1721 1898 1774 tuis

310 1816 646 1872 subtrahere
674 1827 969 1887 nequeunt,
1002 1816 1307 1872 formidinis
1351 1818 1446 1872 tibi
1487 1825 1580 1872 aut
1609 1817 1904 1873 anxietatis-

308 1907 610 1974 inferrent;
641 1908 933 1963 absolvere
959 1918 1010 1963 te
1038 1908 1108 1963 ab
1134 1911 1280 1963 omni
1319 1909 1604 1978 scrupulo,
1634 1918 1894 1978 quantum

307 1999 594 2068 epistolari
640 1998 792 2053 licuit
827 2013 1102 2063 sermone,
1143 1999 1326 2053 curavi
1361 2015 1375 2051 :
1422 1999 1485 2052 in
1528 2007 1733 2052 tantum
1775 2007 1893 2049 stu-

307 2091 449 2147 dens
485 2093 667 2147 omnia
722 2091 1036 2160 plenissima
1087 2091 1320 2147 veritate
1367 2090 1461 2146 tibi
1512 2090 1788 2160 pandere,-
1839 2096 1900 2143 ut

309 2183 435 2252 quia
484 2198 591 2235 non
633 2183 854 2251 potuisti
899 2183 956 2236 in
987 2191 1159 2237 totum
1207 2197 1328 2250 qum
1368 2182 1436 2236 ab
1478 2181 1896 2237 adversantibus

308 2271 738 2327 disseminantur
766 2272 977 2338 audire,
995 2287 1087 2341 per
1119 2289 1204 2328 me
1229 2274 1402 2342 ipsum
1434 2288 1604 2343 queas
1635 2270 1894 2341 quidquid

308 2363 378 2418 de
406 2364 565 2418 nobis
590 2364 657 2418 ad
691 2365 906 2418 inanem
942 2364 1201 2419 invidiam
1227 2365 1398 2420 fertur
1429 2365 1768 2436 referturque
1797 2381 1893 2422 co-

306 2471 594 2525 gnoscere.
643 2458 748 2513 Sed
799 2458 1122 2512 insinuanda
1170 2459 1321 2528 prius
1348 2458 1620 2514 Sanctitati
1679 2469 1782 2513 tuae
1811 2467 1896 2514 est

306 2550 544 2617 qualitas
571 2549 916 2618 qnmstionis,
946 2550 1014 2604 de
1043 2565 1148 2620 qua
1175 2550 1276 2604 ista
1308 2560 1604 2604 nascuntur
1629 2568 1640 2603 :
1666 2564 1776 2620 quo
1798 2549 1893 2604 tibi

2006 1270 2033 1308 α
2057 1261 2428 1317 definitionem
2473 1265 2718 1319 doctrina
2747 1279 2875 1319 sana
2911 1277 3224 1336 respueret;
3272 1271 3581 1326 damnatum

2000 1367 2033 1405 a
2083 1354 2363 1408 catholicis
2411 1353 2786 1422 sensum,het
2844 1359 3031 1414 multis
3075 1373 3260 1429 poStea
3315 1363 3582 1417 hacretiew

1999 1444 2202 1500 fraudis
2227 1446 2587 1501 varietatibus
2612 1449 2936 1511 coloratum,
2971 1449 3074 1504 hoc
3102 1452 3245 1520 apud
3277 1468 3337 1507 se
3368 1454 3583 1523 ingenio

1997 1549 2387 1604 servaverunt,
2404 1550 2461 1594 nt
2487 1541 2558 1595 ad
2580 1541 2982 1610 incipiendum,
3001 1554 3055 1598 et
3077 1544 3143 1598 ad
3168 1545 3577 1614 proﬁciendum,

1999 1639 2051 1682 et
2090 1629 2162 1682 ad
2199 1632 2659 1698 perseverandum
2692 1634 2743 1688 in
2792 1634 2934 1689 bono
2975 1637 3342 1690 necessariam
3375 1639 3577 1693 homini

1999 1718 2092 1774 Dei
2121 1722 2347 1790 gratiam
2383 1724 2785 1791 profiterentur.
3435 1749 3460 1802 ς’

2067 1812 2193 1868 Cn.
2221 1814 2450 1872 lI.—5.
2479 1815 2584 1872 Sed
2619 1821 2671 1871 ln
2714 1819 2817 1874 hac
2850 1818 3215 1889 professione,
3249 1824 3264 1858 ί
3298 1839 3406 1891 quo
3452 1825 3579 1880 dolo

2000 1919 2129 1960 vasa
2161 1906 2255 1961 ira
2287 1907 2608 1963 molirentur
2639 1910 2904 1978 irrepere,
2936 1912 3053 1981 ipsa
3098 1913 3192 1968 Dei
3237 1916 3408 1983 gratia
3436 1916 3579 1970 vasis

1998 1996 2388 2054 misericordiae
2418 2000 2698 2055 revelavit.
2732 2001 3078 2059 Intellectum
3109 2016 3194 2060 est
3229 2009 3397 2072 enim,
3431 2009 3576 2062 salu-

1997 2086 2341 2158 berrimeqne
2388 2101 2758 2160 perspectum,
2803 2093 2908 2150 hoc
2934 2103 3138 2151 tantum
3171 2112 3265 2152 eos
3305 2100 3374 2153 de
3403 2102 3576 2169 gratia

1995 2179 2262 2248 confiteri,
2295 2182 2441 2250 quod
2471 2182 2716 2252 quaedam
2746 2184 2920 2242 libero
2945 2186 3174 2242 arbitrio
3199 2190 3268 2243 sit
3299 2192 3575 2259 magistra,

1994 2288 2162 2342 seque
2184 2289 2282 2343 per
2307 2276 2738 2340 cohortationes.
2765 2293 2860 2348 per
2888 2279 3086 2350 legem,
3122 2295 3216 2350 per
3247 2281 3572 2350 doctrinam,

1999 2363 2014 2415 i
2050 2379 2148 2432 per
2178 2373 2552 2421 creaturarum
2581 2369 3098 2439 contemplationem
3120 2414 3134 2437 ,
3165 2388 3265 2443 per
3294 2375 3575 2441 miracula,

1997 2469 2200 2525 perque
2242 2465 2478 2512 terrores
2509 2461 2853 2515 extrinsecus
2899 2461 3111 2529 judicio
3152 2463 3276 2533 ejus
3313 2473 3573 2530 ostentet,

1995 2560 2107 2615 quo
2132 2549 2500 2618 unusquisque
2527 2551 2833 2605 secundum
2865 2552 3160 2609 voluntatis
3195 2569 3308 2610 suae
3346 2567 3574 2620 motum,

303 2642 476 2709 magis
509 2651 690 2708 pateat
719 2641 928 2696 falsitas
957 2642 1374 2712 obloquentinm
1424 2651 1478 2696 et
1506 2641 1692 2697 videas
1730 2656 1890 2714 quam
1923 2636 1970 2696 Β
1996 2636 2042 2690 8i
2069 2637 2367 2706 qlltﬁsierit,
2402 2638 2668 2704 inveniat;
2703 2643 2749 2694 Si
2780 2641 3015 2712 petierit,
3047 2642 3074 2680 ιι
3096 2646 3356 2714 accipiat;
3389 2650 3429 2700 si
3459 2659 3577 2718 pnt-

300 2732 482 2788 lucem
511 2735 709 2804 quibus
739 2733 980 2789 tenebris
1003 2745 1268 2789 conentur
1299 2733 1596 2789 obducere.

311 2842 322 2856 '
369 2827 505 2881 CAP.
534 2827 721 2882 1.-2.
746 2827 1036 2898 Pelagiana
1059 2827 1219 2898 igitur
1245 2828 1490 2893 haeresis,
1510 2844 1618 2897 quo
1641 2827 1893 2898 dogmate

298 2920 632 2973 catholicam
685 2919 847 2974 fidem
888 2919 1176 2974 destruere
1220 2918 1411 2973 adorta
1465 2921 1559 2984 sit,
1597 2928 1653 2974 et
1697 2920 1891 2988 quibus

300 3010 641 3078 impietatnm
667 3011 893 3065 venenis
913 3010 1116 3065 viscera
1145 3009 1403 3065 Ecclesia:
1426 3019 1590 3079 atque
1614 3012 1730 3079 ipsa
1754 3013 1895 3066 vita-

297 3097 366 3152 lia
399 3101 652 3170 corporis
679 3100 877 3154 Christi
913 3101 1150 3155 voluerit
1192 3115 1485 3169 occupare,
1516 3103 1727 3156 notiora
1766 3111 1895 3158 sunt

297 3209 462 3264 quam
495 3204 552 3248 ut
585 3208 752 3262 opere
785 3194 1108 3248 narrationis
1141 3196 1438 3263 indigeant.
1475 3195 1547 3248 Ex
1594 3195 1679 3249 his
1710 3203 1890 3250 tamen

296 3301 400 3339 una
441 3295 528 3340 est
559 3285 920 3354 blasphemia,
955 3285 1348 3355 nequissimum
1380 3295 1438 3340 et
1469 3286 1888 3341 subtilissimum

294 3392 518 3447 germen
549 3377 814 3441 aliarum,
847 3392 951 3448 qua
982 3378 1174 3432 dicunt
1206 3374 1445 3430 Giatiam
1476 3377 1570 3430 Dei
1607 3379 1890 3432 secundum

296 3470 478 3520 merita
525 3469 798 3521 hominum
828 3469 964 3522 dari.
1013 3465 1147 3522 Cum
1187 3468 1331 3522 enim
1357 3465 1384 3503 ἀ
1411 3467 1643 3534 primum
1684 3477 1888 3522 tantam

296 3567 504 3613 natura:
549 3557 804 3612 humana:
831 3560 1035 3614 vellent
1079 3568 1329 3614 astruere
1375 3561 1667 3614 sanitatem
1718 3559 1890 3614 ’Alias

293 3646 692 3718 sanctitatem],
725 3657 787 3702 nt
818 3664 912 3717 per
943 3650 1118 3704 solum
1147 3650 1379 3705 liberum
1412 3649 1692 3705 arbitrium
1723 3663 1743 3689 ο
1766 3667 1888 3721 pos-

294 3750 374 3794 set
396 3740 615 3809 assequi
647 3740 742 3796 Dei
774 3755 1041 3812 regnum:
1083 3757 1151 3797 eo
1189 3744 1331 3812 quod
1367 3741 1386 3780 ί
1418 3752 1522 3796 tam
1567 3743 1724 3812 plene
1769 3744 1888 3813 ipso

293 3831 639 3886 conditionis
661 3847 771 3886 suae
797 3833 1049 3901 przesidio
1068 3833 1374 3901 jnvaretur,
1410 3842 1466 3887 ut
1495 3834 1701 3889 habens
1733 3843 1887 3889 natu-

292 3923 484 3978 raliter
503 3924 823 3978 rationalem
849 3925 1205 3991 intellectum,
1232 3925 1388 3981 facile
1412 3927 1609 3981 bonum
1635 3929 1881 3998 eligeret,

1994 2730 2215 2796 saverit,
2243 2729 2498 2784 introeat.
2525 2731 2657 2798 Quia
2687 2733 2896 2787 scilicet
2928 2737 3120 2802 gratiae
3144 2736 3316 2804 ipsius
3344 2741 3574 2804 vocatio,

1996 2818 2097 2874 hoc
2127 2823 2356 2890 primum
2386 2823 2530 2876 circa
2561 2837 2660 2877 nos
2686 2833 2841 2894 agat,
2874 2833 2935 2880 ut
2960 2839 3159 2881 nosn-m
3189 2829 3461 2886 facultatis
3485 2849 3574 2887 ar-

1996 2911 2218 2966 bitrium
2254 2913 2578 2979 admoneat;
2618 2929 2717 2970 nec
2747 2915 2894 2969 aliud
2941 2917 3004 2970 sit
3034 2919 3227 2988 gratia,
3263 2935 3420 2990 quam
3465 2925 3572 2992 lex,

1993 3018 2152 3072 qnam
2187 3005 2470 3075 propheta,
2505 3021 2663 3076 quam
2712 3007 2924 3072 doctor,
2965 3010 3050 3062 cui
3082 3012 3225 3064 circa
3259 3028 3447 3068 omnes
3475 3015 3576 3068 ho-

1993 3096 2168 3150 mines
2216 3111 2312 3164 per
2354 3099 2670 3152 universum
2713 3100 2974 3154 mundum
3006 3115 3296 3157 commune
3327 3112 3380 3159 et
3409 3120 3575 3175 gene-

1993 3187 2105 3242 rale
2147 3187 2218 3240 sit
2245 3187 2506 3250 studium.
2560 3199 2622 3243 ut
2662 3190 2752 3257 qui
2786 3191 3059 3246 voluerint
3107 3193 3352 3259 credant,
3393 3204 3448 3249 et
3484 3199 3573 3267 qni

1991 3278 2344 3347 crediderint,
2399 3280 2846 3350 justificationem
2897 3282 3093 3338 merito
3140 3284 3265 3340 fidei
3318 3295 3374 3341 et
3421 3286 3576 3342 bona-

1990 3371 2284 3426 voluntatis
2324 3373 2632 3444 accipiant:
2673 3373 2691 3410 ι
2724 3389 2788 3429 ac
2820 3375 2898 3430 sic
2933 3375 3106 3444 gratia
3144 3376 3240 3431 Dei
3276 3379 3574 3434 secundum

1992 3463 2271 3519 hominum
2300 3465 2548 3520 meritum
2581 3467 2888 3522 tribuatur:
2933 3477 3100 3536 atque
3131 3467 3232 3523 hoc
3256 3469 3418 3524 modo
3452 3485 3578 3539 gra-

1989 3558 2061 3611 tia
2093 3572 2198 3611 non
2223 3557 2296 3612 sit
2321 3557 2529 3626 gratia:
2572 3557 2696 3625 quia
2737 3558 2781 3610 si
2830 3557 3042 3613 meritis
3070 3557 3337 3624 redditur,
3380 3569 3436 3614 et
3467 3577 3573 3616 non

1989 3652 2104 3722 ipsa
2127 3661 2208 3706 est
2230 3651 2489 3707 bonorum
2515 3650 2770 3714 creatrix,
2803 3649 2999 3704 frustra
3031 3651 3204 3719 gratia
3238 3653 3570 3706 nominatur.

2061 3743 2191 3797 Car.
2232 3742 2318 3796 ΙΙΙ.
2361 3770 2429 3781 -
2473 3739 2532 3794 4.
2581 3741 2694 3795 Has
2735 3749 2916 3794 autem
2964 3743 3250 3809 versutias,
3282 3743 3476 3811 quibus
3515 3759 3577 3800 se

1988 3835 2082 3888 filii
2125 3834 2238 3904 89
2269 3833 2612 3886 tenebrarum
2642 3832 2695 3884 in
2735 3829 3144 3884 similitudinem
3176 3832 3408 3887 filiorum
3441 3834 3574 3888 lucis

1987 3925 2376 3994 transfigurare
2406 3923 2718 3989 voluerunt,
2744 3935 2868 3979 cum
2893 3931 2951 3975 et
2974 3920 3332 3976 Orientalium
3366 3923 3571 3992 episco-

290 4016 612 4086 malnmque
640 4017 838 4072 vitaret
865 4027 918 4071 et
949 4017 1042 4072 ubi
1083 4018 1136 4072 in
1165 4027 1396 4087 utraque
1427 4027 1576 4087 parte
1606 4019 1776 4074 libera
1805 4035 1881 4075 es-
1909 4007 1955 4069 C
1990 4033 2174 4086 porum
2201 4015 2424 4086 judicia,
2451 4013 2833 4083 etapostolicat
2854 4011 3000 4068 sedis
3016 4013 3330 4079 auctoritas,
3357 4022 3412 4068 et
3432 4013 3576 4068 Afri-

290 4118 418 4162 sent
463 4122 634 4176 opera
667 4108 983 4174 voluntatis,
1023 4125 1130 4163 non
1159 4109 1469 4164 facultatem
1525 4109 1609 4163 his
1638 4111 1727 4180 qui
1757 4113 1880 4167 mali

289 4208 421 4254 sunt
449 4201 518 4253 ad
546 4201 750 4255 bonum
779 4202 892 4273 88
918 4202 1130 4267 deesse,
1158 4201 1254 4257 sed
1281 4201 1545 4256 studium.
1566 4201 1699 4256 Cum
1729 4217 1878 4272 ergo,

290 4301 347 4345 ut
374 4291 516 4354 dixi,
543 4299 712 4346 totam
734 4291 1001 4362 justitiam
1033 4293 1266 4348 hominis
1292 4308 1359 4349 ex
1398 4293 1631 4348 naturali
1677 4294 1883 4350 vellent

343 4424 648 4550 i'ggipta,
675 4426 892 4482 vivente
912 4427 1233 4497 Augustino,
1258 4429 1479 4483 circiter
1501 4444 1700 4482 annum
1728 4429 1883 4486 Chri-

291 4507 357 4549 ειι
388 4507 522 4550 429.

362 4579 386 4603 ι
419 4567 703 4621 Editiones
733 4567 938 4621 Lovan.
975 4568 1140 4622 Duae.
1171 4579 1225 4621 et
1253 4569 1445 4623 Colon.
1480 4569 1605 4622 anni
1639 4571 1777 4626 1650
1809 4572 1880 4627 le-

289 4639 543 4710 guntrhic
583 4639 656 4710 ad
700 4638 983 4708 Rufﬁnum,
1024 4651 1076 4710 et
1121 4640 1278 4706 paulo
1309 4640 1444 4694 infra
1485 4640 1707 4710 Rufﬁno.
1743 4643 1878 4697 MSS.

290 4706 928 4780 Remigiano-Remensis
958 4719 1011 4762 et
1036 4709 1317 4773 Joliensis,
1361 4706 1592 4780 capituli
1626 4714 1882 4767 Ecclesia:

291 4778 726 4851 metropolitanae
756 4779 1101 4844 Parisiensis,
1133 4796 1253 4833 cum
1279 4781 1409 4834 edit.
1429 4778 1689 4851 Lngdun.
1716 4783 1874 4850 1559,

291 4845 595 4920 Venetiam
646 4849 807 4913 1558,
865 4860 921 4904 et
953 4866 1086 4903 nova
1127 4851 1300 4904 editio
1327 4845 1564 4920 Opernm
1597 4855 1653 4906 S.
1706 4845 1885 4914 Augu-

287 4915 417 5053 gini
446 4919 607 4971 tertia
647 4930 804 4988 parte
852 4923 1193 4990 appendicis,
1233 4921 1302 4974 ad
1342 4915 1612 4991 Ruﬁnam,
1644 4933 1720 4990 et,
1775 4924 1884 4978 Ru-

329 5003 418 5038 no.

329 5003 418 5038 110.

380 5054 407 5093 ι’
453 5058 910 5131 Antiquissimum
973 5064 1251 5131 exemplar
1306 5063 1593 5118 Remensis
1649 5063 1884 5117 alihatize

286 5130 463 5203 Sancti
499 5128 748 5196 Remigii,
780 5132 849 5185 de
877 5147 987 5200 quo
1018 5128 1178 5200 supra
1213 5133 1305 5203 (ad
1334 5136 1476 5202 quod
1513 5135 1627 5186 hzre
1657 5137 1882 5202 cpistola

286 5210 391 5263 per
412 5201 559 5250 viros
581 5203 929 5257 doctissimos
958 5201 1254 5258 "moechos
1277 5201 1484 5259 ordinis
1512 5201 1701 5258 sancti,
1717 5208 1885 5258 liene-

285 5267 938 5346 dicti_Sangermanens_is
965 5278 1196 5329 cmnohii
1220 5275 1389 5329 fuerat
1419 5277 1521 5341 iam
1550 5274 1879 5346 recognitn),
1916 5266 1964 5326 Β

287 5338 548 5412 hocloco
590 5344 832 5409 praeterit
862 5344 1036 5412 fratri,
1072 5345 1166 5399 sed
1208 5349 1308 5398 sub
1339 5338 1495 5398 finem
1534 5338 1715 5399 tamen
1750 5338 1875 5400 curn

286 5409 834 5486 editis‘consentiens
863 5409 1050 5479 habet,
1085 5417 1466 5468 ueneratissime
1497 5416 1622 5468 nit/ti
1653 5419 1836 5486 frater.

319 5489 386 5600 ἰε
422 5480 523 5535 Ms.
554 5482 686 5546 λοι,
711 5494 956 5538 cateruam
983 5487 1232 5554 salutent,
1262 5487 1467 5555 absque
1495 5502 1629 5541 voce
1653 5480 1760 5543 liae
1790 5489 1876 5541 tli-

285 5565 334 5600 a
362 5589 376 5600 .

356 5618 385 5656 τι
411 5620 515 5675 his.
547 5621 653 5702 Jol,
683 5624 884 5680 omittit
909 5625 1047 5682 hanc
1076 5641 1287 5693 vocem,
1319 5625 1560 5696 primum.
1591 5629 1696 5684 Alii
1726 5630 1875 5685 cndi-

283 5702 383 5746 εει
411 5708 524 5748 non
547 5701 824 5749 omittunt.

1987 4123 2252 4163 canorum
2284 4105 2636 4162 conciliorum
2662 4104 2937 4176 vigilantia
2959 4104 3415 4174 deprehenderit:
3449 4105 3577 4159 bea-

1990 4203 2231 4256 tissimus
2260 4216 2476 4270 quoque
2502 4197 2862 4268 Augustinus,
2887 4198 3152 4267 prmcipna
3181 4197 3365 4267 utique
3395 4198 3446 4252 in
3470 4196 3576 4252 hoc

1989 4304 2233 4366 tempore
2277 4293 2455 4363 portio
2503 4290 2716 4346 Domini
2765 4289 3131 4355 sacerdotum,
3172 4298 3211 4325 ιη
3255 4288 3476 4357 copiose
3522 4297 3577 4342 et

2065 4442 2088 4470 ε
2118 4432 2216 4486 Ms.
2249 4431 2380 4495 Jol.,
2413 4431 2576 4501 possit
2605 4431 2827 4501 assequi.

2067 4501 2086 4540 ί
2123 4503 2304 4556 Editio
2342 4497 2591 4563 Veneta”
2618 4510 2721 4552 tam
2750 4497 2923 4566 plane.

2063 4583 2088 4620 ε
2117 4574 2212 4626 Ms.
2242 4574 2349 4626 .lol.
2378 4581 2431 4626 et
2456 4573 2586 4625 edit.
2622 4569 2836 4630 Venet.,
2867 4567 3238 4637 cii/ﬁnitionem.

2061 4641 2087 4680 δ
2113 4644 2210 4698 Ms.
2243 4643 2328 4697 Jol
2379 4645 2578 4696 omittit
2607 4640 2930 4710 particulam
2953 4647 3020 4710 et.

2069 4712 2084 4750 ί
2131 4713 2220 4768 Sic
2265 4729 2365 4766 nis.
2409 4707 2682 4767 Joliens'is.
2728 4711 2909 4764 Codex
2954 4708 3192 4776 Remig.,
3245 4707 3385 4774 quod
3432 4708 3584 4763 dolo;

1993 4784 2132 4838 Elllll
2156 4795 2361 4850 autem,
2394 4781 2666 4852 quomodo,
2695 4792 2748 4834 et
2776 4783 2934 4850 paulo
2965 4789 3089 4850 post
3111 4779 3275 4832 idem.
3304 4778 3417 4834 Jul.
3448 4795 3572 4844 ms.,

1989 4856 2042 4908 in
2070 4856 2202 4909 vasis
2232 4857 2301 4907 mi
2308 4854 2618 4907 sericordia’.

2065 4926 2080 4975 i
2113 4927 2183 4978 ita
2211 4941 2340 4978 mss.
2362 4923 2571 4991 Remig.
2598 4933 2654 4977 et
2678 4924 2783 4975 Jol.
2808 4923 2949 4977 Editi
2974 4935 3124 4987 vero,
3152 4936 3240 4989 per
3260 4928 3574 4986 creaturam,

1990 5012 2081 5065 per
2137 4998 2635 5076 conletnplatt'onent.
2690 4993 2758 5046 Et
2808 5003 2929 5061 post
2961 5005 3147 5076 ‘pauca
3204 5003 3428 5059 uterque
3471 5005 3522 5043 m
3559 5029 3575 5044 .

1991 5075 2222 5131 ostentet,
2259 5065 2348 5119 ubi
2380 5067 2505 5118 editi
2539 5065 2761 5127 habent,
2793 5065 3049 5118 ostendat.

2062 5137 2088 5172 ¹ί
2114 5129 2214 5191 δῆθ’
2239 5153 2336 5191 fltS.
2371 5136 2480 5192 Jol.
2515 5151 2636 5189 cum
2669 5137 2801 5190 edit.
2839 5136 3058 5190 Veneta.
3082 5132 3188 5188 Alii
3216 5129 3464 5194 codices,
3495 5146 3577 5182 re.-

1993 5209 2170 5260 ciniat.

2041 5225 2276 5352 altilium
2306 5277 2526 5352 Lngd.,_
2556 5278 2788 5352 Lovan.,
2821 5276 3007 5352 Duae;
3049 5285 3125 5352 et_
3150 5270 3366 5352 Colon._,
3411 5284 3482 5352 Iac
3512 5269 3577 5320 si.

1986 5347 2168 5429 Editio
2218 5348 2356 5402 Ven.
2387 5339 2926 5403 confortniter'mss.
2972 5343 3184 5410 Remig.
3231 5350 3286 5393 et
3339 5339 3468 5404 Jol.,
3517 5354 3580 5392 ac

1983 5434 2075 5472 διο.

2055 5497 2094 5526 ιιι
2124 5489 2198 5543 Ita
2230 5489 2358 5543 editi
2403 5504 2609 5542 omnes.
2655 5490 2726 5543 At
2762 5503 2892 5540 vero
2921 5499 3021 5539 ms.
3055 5483 3267 5552 Remig.
3299 5481 3508 5550 copiosa
3531 5489 3581 5534 et

1982 5559 2201 5630 pulchra
2229 5561 2280 5614 in
2311 5562 2486 5614 multis
2519 5559 2834 5612 voluminum
2870 5554 3579 5630 disputationedestruxerit.

1985 5621 2083 5684 Ms.
2113 5645 2290 5686 autem
2319 5633 2448 5694 Jol.,
2478 5631 2682 5700 (apiosa
2723 5640 2767 5681 et
2797 5621 3016 5694 pulchra
3041 5631 3092 5684 in
3123 5628 3404 5684 multorum
3430 5621 3580 5676 relu-

1984 5701 2176 5756 minum
2199 5704 2540 5771 disputatione
2565 5704 2838 5756 ὀρειναὶ-ξι.
