4088 6176
464 327 533 381 79
1696 310 1755 367 S.
1798 305 2133 364 PROSPERI
2170 300 2501 370 AQUITANI
3672 296 3743 351 δα

464 433 712 507 pulchre,
762 434 816 488 in
859 429 1039 487 multis
1078 427 1413 483 voluminum
1455 421 1913 493 disputationibus
1955 420 2049 472 de-
2077 423 2125 480 Α
2156 417 2208 473 in
2237 416 2331 470 ῡυί
2362 414 2531 486 gratia
2564 411 2806 484 gloriari,
2832 410 3060 468 moleste
3086 410 3266 467 ferunt
3292 412 3435 481 quod
3471 414 3489 446 τ
3516 414 3744 472 tttsquze

465 527 697 581 struxit:
731 532 916 593 utpote
960 522 1101 575 inter
1132 518 1298 572 multa
1339 516 1431 571 Dei
1474 515 1637 578 dona,
1677 514 1873 583 quibus
1901 512 2048 565 illum
2152 510 2438 565 adversum
2480 506 2951 562 excellentissima:
2994 503 3330 560 auctoritatis
3366 502 3562 565 virum,
3602 504 3745 556 inter

465 614 930 673 abundantissime
970 612 1203 681 Spiritus
1246 609 1489 663 veritatis
1535 606 1798 677 implevit,
1847 603 2053 657 habens
2153 603 2351 657 multas
2382 610 2407 648 ε
2453 598 2772 655 collationes
2811 611 3115 663 asseruere,
3148 594 3473 650 resistimus.
3500 592 3612 647 Nec
3642 592 3745 646 du-

468 709 633 764 etiam
664 708 802 761 hanc
844 705 1090 760 scientiae
1131 712 1186 757 et
1228 698 1513 769 sapientiae
1540 713 1603 752 ex
1652 696 1746 751 Dei
1790 694 2054 749 choritate
2155 696 2352 760 bitant,
2385 694 2429 748 si
2462 708 2623 761 quam
2654 691 2781 746 hinc
2821 690 3087 744 moverint
3114 690 3490 759 quaestionem,
3534 686 3588 739 itt
3616 700 3749 754 qua-

468 804 744 865 virtutem,
776 808 833 852 ut
861 812 967 851 non
1006 796 1178 849 solum
1209 791 1368 847 istam
1401 790 1576 845 adhuc
1604 789 1656 842 in
1688 788 1798 842 suis
1833 785 2056 839 detrun-
2155 787 2291 842 libet
2329 786 2626 855 frequentia
2669 782 3032 845 sacerdotum,
3078 780 3132 834 in
3173 778 3416 849 qualibet
3452 791 3750 845 congrega-

470 891 697 946 cationis
726 889 1095 959 palpitantem,
1122 885 1217 940 sed
1240 885 1401 939 etiam
1426 882 1627 936 multas
1654 880 1802 947 prius
1824 878 2057 930 haereses
2158 879 2305 932 tione
2337 875 2680 946 pepulorum,
2713 873 2961 927 centenis
3004 870 3105 925 sibi
3137 868 3434 925 beatissimi
3465 866 3753 936 Augustini

472 980 671 1037 invicto
702 958 853 1033 verbi
898 978 1076 1049 gladio
1106 975 1428 1030 debellaret.
1462 972 1557 1027 Cui
1595 972 1735 1025 inter
1772 976 1850 1023 tot
1886 978 2059 1023 certa-
2157 969 2520 1025 voluminibus
2560 965 2905 1020 obviandum.
2950 963 3081 1030 Quae
3128 977 3249 1017 cum
3280 958 3309 997 ιλ
3353 959 3607 1015 cordibus
3649 974 3754 1011 au-

475 1074 678 1126 minum
716 1070 942 1140 palmas,
979 1068 1121 1127 inter
1158 1074 1235 1120 tot
1277 1062 1668 1132 triumphorum
1717 1074 1947 1115 coronas
1992 1056 2059 1111 ad
2160 1062 2423 1116 dientium
2456 1057 2804 1113 manifestare
2834 1055 3105 1124 euenerint
3134 1052 3565 1123 potentissimam
3596 1048 3755 1103 Chri-

475 1164 919 1221 illuminationem
959 1160 1241 1223 Ecclesire,
1275 1168 1329 1212 et
1355 1157 1420 1211 ad
1450 1155 1675 1225 gloriam
1701 1152 1925 1217 Christi,
1955 1162 2061 1221 qua

476 1257 593 1327 ipse
632 1255 932 1309 illustratus
971 1262 1075 1320 est,
1116 1249 1461 1321 perfulgenti,
1497 1247 1713 1318 quidam
1756 1254 2059 1300 nostrorum

479 1347 642 1420 (quod
671 1346 740 1399 de
776 1345 906 1413 ipsis
938 1343 1161 1397 multum
1204 1340 1499 1394 dolendum
1529 1338 1639 1407 est)
1682 1335 1933 1400 occultis,
1968 1332 2063 1387 sed

480 1458 585 1494 non
614 1437 903 1508 incognitis
924 1432 1385 1489 susurrationibus
1408 1431 1803 1499 obloquuntur;
1833 1436 1885 1482 et
1909 1434 2067 1495 prout

480 1533 582 1588 sibi
617 1541 644 1569 ι
682 1532 945 1585 olmoxias
972 1528 1281 1597 aliquorum
1321 1538 1483 1579 aures
1509 1532 1945 1592 opportunasque
1982 1530 2069 1572 re-

482 1625 743 1693 pererint,
772 1623 800 1661 ιι
829 1624 1027 1690 scripta
1063 1621 1202 1689 ejus,
1234 1620 1429 1688 quibus
1459 1631 1617 1672 error
1652 1615 2067 1684 Pelagianorum

481 1718 844 1787 impugnatur,
889 1712 1184 1776 infamant;
1218 1710 1461 1766 dicentes
1488 1724 1609 1763 eum
1652 1708 1881 1762 liberum
1920 1704 2069 1760 arbi-

2163 1155 2351 1208 stianae
2387 1151 2508 1206 ﬁdei
2548 1151 2856 1211 veritatem,
2887 1159 2942 1201 et
2976 1147 3043 1202 de
3076 1146 3314 1201 fontibus
3340 1143 3511 1200 divini
3550 1142 3755 1212 eloquii

2165 1245 2517 1315 przesentium
2561 1243 2770 1295 animos
2822 1240 3102 1303 inundare,
3150 1240 3271 1307 quis
3325 1236 3587 1302 ﬁdelium,
3637 1235 3758 1302 quis

2166 1342 2398 1408 piorum,
2436 1333 2732 1403 recognitis
2763 1341 2815 1385 et
2853 1330 3246 1386 commendatis
3281 1329 3379 1382 sibi
3420 1327 3608 1381 salutis
3647 1340 3759 1379 suae

2166 1430 2367 1495 causis,
2410 1425 2832 1481 amaritudinem
2874 1423 3027 1476 inam
3066 1421 3213 1475 volet
3252 1419 3480 1473 fumosae
3519 1416 3762 1485 recipere

2168 1520 2457 1576 vanitatis?
2490 1520 2600 1590 Ego
2630 1517 2846 1588 quidem
2877 1515 3037 1570 etiam
3078 1514 3179 1569 hoc
3211 1512 3279 1567 de
3306 1511 3511 1565 divitiis
3542 1509 3761 1565 miseri-

2169 1613 2371 1668 cordia:
2412 1612 2508 1666 Dei
2537 1623 2719 1680 spero,
2749 1607 2891 1678 quod
2923 1621 3060 1675 quos
3091 1619 3231 1658 nunc
3265 1604 3439 1657 libero
3468 1600 3581 1656 falli
3621 1598 3767 1652 arbi-

2173 1706 2275 1761 trio
2300 1720 2418 1770 suo,
2450 1713 2507 1760 et
2531 1703 2599 1757 ab
2635 1700 2653 1739 ί
2691 1699 3013 1755 humilitatis
3042 1698 3128 1751 via
3157 1697 3358 1766 patitur
3388 1693 3625 1763 evagari,
3660 1707 3765 1745 non

483 1784 651 1863 trium
699 1807 915 1876 penitus
962 1803 1308 1865 submovere,
1358 1810 1414 1856 et
1461 1801 1564 1856 sub
1614 1798 1803 1869 gratia:
1853 1796 2071 1851 nomine
2104 1796 2146 1855 Β
2176 1809 2562 1869 usquequaque
2592 1808 2764 1864 neque
2797 1793 2848 1846 in
2880 1790 3039 1845 ﬁnem
3068 1790 3137 1844 sit
3167 1788 3524 1857 intelligentia
3555 1784 3772 1839 frauda-

485 1899 865 1954 neiressitatem
906 1894 1209 1966 praedicare
1252 1892 1492 1947 fatalem.
1522 1890 1860 1961 Adjicientes
1889 1888 2077 1950 etiam,

486 1990 619 2045 duas
659 1989 806 2043 illum
858 1985 1079 2041 humani
1122 1984 1338 2054 generis
1378 1996 1615 2045 massas,
1659 1989 1715 2036 et
1757 1979 1891 2036 duas
1929 1975 2078 2033 credi

488 2083 629 2138 velle
653 2089 910 2134 naturas:
938 2086 994 2130 ut
1020 2076 1232 2131 scilicet
1260 2082 1427 2128 tautae
1457 2074 1673 2142 pietatis
1700 2072 1815 2126 viro
1845 2080 2081 2139 pagano-

487 2188 606 2228 rum
645 2180 700 2227 et
739 2167 1159 2225 Manichaeorum
1200 2166 1511 2219 ascribatur
1553 2163 1826 2231 impietas.
1865 2159 1995 2227 Quae
2035 2159 2079 2212 si

490 2278 621 2318 vera
661 2270 810 2329 sunt,
845 2274 942 2314 cur
978 2258 1083 2327 ipsi
1113 2265 1221 2310 tam
1254 2254 1615 2324 negligentes,
1649 2266 1719 2306 ne
1754 2251 1928 2305 dicam
1974 2256 2081 2301 tam

491 2354 665 2425 impii,
695 2360 841 2421 sunt,
867 2361 925 2406 ut
957 2358 1064 2404 tam
1092 2347 1375 2416 abruptam
1407 2344 1705 2415 perniciem
1744 2342 1814 2397 ab
1841 2339 2085 2395 Ecclesia

493 2462 600 2504 non
636 2445 925 2515 repellant,
971 2452 1079 2497 tam
1120 2440 1326 2495 insanis
1354 2434 1835 2507 praedicationibus
1863 2446 1969 2487 non
2002 2445 2086 2485 re-

494 2541 709 2604 sistant,
750 2551 849 2591 nec
896 2534 1090 2591 saltem
1127 2530 1399 2601 aliquibus
1443 2528 1666 2597 scriptis
1710 2539 1857 2591 eum,
1903 2537 1933 2577 a
1980 2536 2089 2591 quo

496 2630 618 2684 talis
636 2636 851 2684 emanat
871 2625 1138 2691 doctrina,
1158 2619 1516 2678 conveniant?
1540 2618 1726 2686 Magna
1749 2616 1893 2671 enim
1914 2613 2088 2685 gloria

497 2736 596 2779 sua
629 2720 865 2774 humano
893 2718 1079 2790 generi
1110 2712 1513 2780 consuluerint,
1546 2712 1590 2764 si
1631 2708 1989 2779 Augustinum
2023 2704 2092 2760 ab

500 2829 689 2870 errore
732 2811 1130 2867 revocaverint.
1187 2806 1303 2862 Nisi
1354 2807 1496 2860 forte
1542 2802 1774 2858 modesti
1821 2800 2089 2865 homines,

503 2904 736 2973 novique
774 2914 1055 2968 censores,
1088 2911 1408 2968 magnorum
1439 2896 1587 2967 prius
1614 2893 1932 2948 meritorum
1976 2890 2095 2947 seni

505 2993 899 3050 honorabiliter
939 3006 1001 3047 ac
1044 2988 1475 3045 misericorditer
1521 2996 1770 3057 parcunt,
1814 2993 1871 3039 et
1916 2982 2097 3037 securi

505 3090 628 3159 quia
675 3089 842 3143 libros
887 3084 1006 3155 ejus
1049 3098 1209 3139 nemo
1256 3095 1484 3151 usquam
1514 3080 1767 3148 recipiat,
1813 3076 2098 3144 conquies-

2181 1903 2361 1955 turus;
2393 1886 2488 1943 sed
2516 1887 2658 1941 hunc
2700 1887 2872 1954 ipsum
2909 1883 2960 1937 in
2992 1879 3369 1951 longinquiora
3397 1890 3768 1949 progressum,

2180 1984 2302 2041 ideo
2330 1982 2400 2037 ab
2425 1996 2493 2036 eo
2525 1978 2733 2034 tardius
2760 1974 3025 2041 revocari,
3060 1982 3118 2028 ut
3138 1988 3273 2043 opus
3301 1971 3486 2042 gratia:
3510 1970 3632 2038 ejus
3660 1984 3775 2021 ma—

2177 2077 2301 2146 jore
2330 2072 2503 2144 gloria
2533 2070 2860 2134 celebretur,
2887 2082 3007 2120 omn
3044 2065 3144 2118 sibi
3180 2064 3342 2119 etiam
3371 2058 3773 2116 adversantium

2182 2166 2347 2223 corda
2376 2162 2701 2226 subdiderit,
2725 2161 2925 2228 quibus
2945 2157 3015 2213 de
3039 2155 3301 2211 virtutum
3327 2151 3505 2208 studio
3524 2159 3776 2206 exortum

2185 2265 2271 2314 est
2310 2255 2634 2328 periculum,
2682 2260 2739 2306 et
2780 2250 2850 2306 de
2894 2262 3103 2303 morum
3150 2245 3420 2315 probitate
3457 2241 3778 2297 discrimen.

2192 2349 2307 2403 Non
2340 2348 2463 2417 quia
2493 2347 2776 2416 quisquam
2821 2356 3010 2397 carere
3041 2339 3124 2393 his
3150 2338 3367 2402 debeat,
3398 2335 3492 2392 sed
3522 2336 3649 2405 quia
3679 2333 3784 2388 mi.

2188 2438 2452 2496 serrimus
2490 2450 2679 2493 eorum
2710 2448 2838 2488 usus
2875 2440 2982 2497 est,
3011 2445 3137 2486 eum
3168 2445 3233 2483 ex
3264 2426 3496 2483 naturali
3523 2434 3787 2496 putantur

2191 2532 2454 2589 facultate
2480 2530 2493 2582 i
2528 2528 2810 2601 prodisse;
2840 2535 2932 2580 aut
2957 2540 3026 2579 ex
3058 2523 3311 2592 largitate
3331 2521 3548 2592 quidem
3571 2516 3785 2588 gratiae,

2191 2627 2287 2683 sed
2314 2626 2494 2696 aliquo
2522 2623 2608 2679 vel
2637 2620 2767 2677 boni
2797 2618 3007 2687 operis,
3038 2617 3124 2671 vel
3164 2615 3322 2670 bona:
3349 2610 3641 2668 voluntatis
3672 2624 3789 2664 me-

2193 2720 2299 2774 rito
2328 2715 2669 2787 praecedente
2691 2714 2932 2766 venisse.

2267 2812 2401 2867 Car.
2426 2809 2492 2867 V.
2534 2836 2608 2849 —
2654 2806 2710 2862 6.
2755 2808 3018 2860 Asserunt
3059 2800 3273 2871 quidem
3317 2798 3434 2853 haec
3467 2794 3791 2866 quihusdam

2196 2912 2507 2958 sanctarum
2534 2898 2935 2967 Scripturarnm
2979 2893 3330 2957 testimoniis,
3358 2890 3456 2944 sed
3489 2899 3593 2942 non
3627 2885 3796 2939 ratio-

2198 2991 2453 3047 nabiliter
2478 2987 2794 3058 assumptis.
2842 2985 2921 3040 Ad
2966 2982 3333 3038 defensionem
3382 2980 3526 3034 enim
3568 2975 3799 3041 alicujus

2201 3080 2532 3139 deﬁnitionis
2558 3094 2622 3135 ea
2650 3077 2945 3148 promenda
2969 3084 3114 3137 sunt,
3148 3088 3271 3143 qua:
3293 3072 3450 3126 alteri
3476 3065 3797 3127 intellectui,

508 3190 662 3247 cunt;
700 3192 722 3220 ο
753 3189 913 3249 atque
935 3175 1269 3248 ignoverint,
1297 3174 1467 3229 immo
1494 3172 1761 3236 noverint,
1786 3184 1892 3225 non
1924 3168 2099 3223 solum

2207 3195 2235 3232 a
2267 3192 2373 3245 quo
2394 3175 2605 3229 videtur
2624 3172 2870 3226 deﬁnitio
2892 3169 3193 3231 dissonare,
3228 3181 3334 3219 non
3357 3162 3573 3226 cedant,
3602 3170 3655 3215 et
3679 3173 3801 3212 eam

511 3277 807 3330 Romanam
849 3270 1267 3339 Africanamque
1311 3266 1646 3333 Ecclesiam,
1691 3274 1746 3320 et
1783 3279 1877 3334 per
1919 3276 2106 3316 omnes

512 3368 699 3424 mundi
731 3375 910 3437 partes
935 3364 1223 3420 universos
1257 3360 1631 3432 promissionis
1657 3358 1796 3413 ﬁlios
1823 3372 1942 3412 cum
1981 3356 2110 3409 doc-

516 3461 656 3514 trina
701 3457 858 3527 hujus
892 3456 1021 3523 viri,
1056 3453 1085 3492 ά
1117 3454 1261 3509 sicut
1300 3454 1353 3508 in
1400 3461 1517 3507 tota
1547 3452 1674 3516 ﬁde,
1715 3454 1787 3504 ita
1830 3449 1885 3504 iu
1922 3449 2111 3518 gratia:

516 3550 865 3607 confessione
894 3558 1235 3617 congruere:
1278 3544 1374 3600 sed
1402 3543 1564 3599 etiam
1601 3544 1652 3597 in
1685 3542 1767 3597 his
1790 3542 1927 3610 ipsis
1959 3542 2110 3608 locis,

520 3646 573 3698 in
602 3641 798 3712 quibus
820 3639 1082 3695 adversus
1104 3652 1226 3692 eum
1250 3636 1586 3707 querimonia
1620 3635 1945 3700 concitatur,
1969 3648 2111 3696 esse,

524 3733 909 3807 propitioDeo,
949 3731 1233 3802 plurimos,
1265 3729 1361 3799 qui
1402 3728 1468 3783 ad
1512 3729 1920 3797 perceptionem
1952 3740 2117 3779 evan-

521 3828 709 3898 gelicae
762 3825 1186 3896 apostolicaeque
1243 3822 1507 3877 doctrinae
1564 3820 1938 3875 saluberrimis
2000 3818 2119 3887 ejus

523 3916 978 3988 disputationibus
1024 3915 1363 3979 imbuuntur,
1405 3922 1461 3967 et
1500 3912 1743 3981 quotidie
1780 3910 1833 3965 in
1866 3911 2121 3964 membris

528 4012 771 4084 corporis
791 4011 903 4081 90
925 4009 1152 4069 Christi,
1183 4009 1237 4061 in
1267 4014 1525 4075 quantum
1554 4020 1615 4058 ea
1639 4006 1756 4073 ipse
1779 4003 2118 4072 multiplicat,

529 4105 846 4159 dilatantur.
873 4100 931 4154 Si
953 4110 1104 4154 recte
1128 4096 1603 4166 reprehendimur,
1626 4109 1723 4148 cur
1744 4110 1851 4148 non
1874 4101 2127 4148 constan-

533 4206 615 4250 ter
652 4192 967 4263 arguimur?
1005 4192 1055 4245 Si
1090 4190 1350 4260 arguendi
1394 4203 1501 4243 non
1543 4202 1749 4252 sumus,
1791 4202 1889 4242 cur
1916 4187 2125 4242 occulta

537 4285 933 4342 obtrectatione
963 4282 1310 4338 mordentur?

606 4376 736 4432 Car.
768 4375 857 4432 IV.
885 4405 955 4415 —
985 4375 1038 4430 5.
1070 4374 1177 4431 Sed
1220 4383 1244 4411 ο
1274 4373 1394 4444 quis
1424 4373 1595 4428 nescit
1635 4372 1849 4428 curista
1882 4371 2127 4442 privatim

539 4470 607 4524 de
650 4468 936 4525 stomacho
966 4469 1224 4537 garriant,
1257 4478 1312 4522 et
1344 4467 1553 4538 publice
1583 4466 1651 4523 de
1690 4467 1924 4524 consilio
1952 4468 2129 4522 conti-

2210 3269 2470 3339 rcgulam,
2494 3265 2583 3320 cui
2616 3271 2747 3319 sunt
2766 3272 2966 3330 aptata,
2997 3274 3104 3313 non
3130 3258 3404 3313 deserant.
3432 3253 3642 3306 Dictum
3672 3264 3805 3318 ergo

2210 3363 2366 3417 aiunt
2391 3360 2563 3414 libero
2594 3356 2821 3411 arbitrio
2853 3352 3127 3407 utentibus
3154 3368 3167 3403 :
3204 3348 3383 3403 Venite
3415 3346 3483 3398 ad
3505 3361 3604 3409 me,
3628 3357 3807 3395 omnes

2211 3456 2299 3525 qui
2327 3452 2573 3507 laboratis
2600 3457 2646 3502 et
2669 3447 2869 3501 onerati
2892 3446 3032 3508 estis,
3062 3452 3109 3497 et
3136 3458 3225 3512 ego
3251 3456 3337 3494 vos
3356 3438 3616 3507 reﬁciam:
3644 3433 3807 3486 tollite

2203 3552 2393 3618 jugum
2432 3559 2599 3598 meum
2636 3557 2788 3609 super
2813 3556 2920 3602 vos,
2951 3548 2995 3591 et
3026 3537 3204 3589 discite
3232 3550 3263 3585 a
3296 3547 3375 3584 me
3400 3528 3643 3601 quoniam
3671 3526 3809 3577 milia

2215 3656 2328 3694 sum
2366 3647 2415 3692 et
2443 3634 2653 3689 humilis
2682 3630 2866 3697 corde;
2897 3639 2943 3683 et
2971 3626 3236 3681 invenietis
3276 3622 3501 3691 requiem
3538 3616 3813 3671 animabus

2216 3731 2435 3785 vestris:
2470 3728 2653 3796 jugum
2696 3723 2832 3776 enim
2871 3736 3039 3774 meum
3068 3732 3225 3771 suave
3261 3725 3356 3777 est,
3395 3722 3441 3766 et
3480 3726 3612 3764 onus
3642 3723 3811 3760 meum

2219 3824 2322 3878 leve
2354 3818 2570 3892 (Matth.
2602 3833 2675 3881 ιι,
2703 3815 2820 3884 28).
2849 3812 2999 3877 Quod
3029 3810 3094 3864 ad
3126 3822 3313 3862 omnes
3348 3802 3597 3858 homines
3627 3802 3815 3852 volunt

2223 3917 2521 3985 pertinere,
2556 3909 2869 3963 laborantes
2915 3906 2967 3957 in
3015 3902 3224 3956 incerto
3264 3896 3420 3952 istius
3459 3894 3582 3948 vitae
3620 3906 3816 3945 onera-

2226 3984 2416 4074 tosque
2436 4003 2543 4074 91
2567 4000 2824 4069 peccatis,
2853 4006 2910 4051 ttt
2934 3996 3025 4065 qui
3054 3991 3327 4047 voluerint
3350 3984 3817 4043 mansuetudinem

2227 4110 2282 4154 et
2315 4094 2669 4150 humilitatem
2710 4090 3012 4146 Salvatoris
3048 4085 3265 4149 imitari,
3298 4092 3352 4138 et
3376 4080 3561 4151 jogutn
3596 4076 3822 4131 manda-

2230 4201 2405 4245 torum
2454 4186 2574 4257 ejus
2616 4184 2821 4249 subire,
2866 4179 3143 4235 inveniant
3188 4175 3430 4244 requiem
3469 4170 3493 4208 ¹ι
3538 4169 3821 4223 animabus

2230 4283 2344 4338 suis
2391 4278 2410 4319 ι
2451 4279 2504 4333 in
2544 4292 2643 4348 spe
2683 4276 2807 4330 vitae
2850 4282 3095 4333 aeternae;
3134 4269 3223 4339 qui
3254 4275 3433 4320 autem
3480 4262 3596 4317 ιιωο
3639 4258 3824 4313 facere

2232 4373 2533 4438 noluerint,
2584 4385 2682 4425 sua
2728 4369 2883 4437 culpa
2925 4371 3149 4421 careant
3192 4360 3397 4423 salute;
3440 4370 3599 4425 quam
3641 4352 3687 4406 si
3720 4365 3825 4404 vo-

2232 4468 2502 4532 luissent,
2535 4474 2575 4502 ιη
2632 4468 2918 4533 potuerant
2974 4456 3245 4512 obtinere.
3306 4449 3412 4506 Sed
3472 4444 3696 4501 audiant
3769 4450 3825 4495 et

540 4559 797 4616 cescant?
827 4559 1084 4616 Veientes
1119 4560 1260 4614 enim
1294 4534 1360 4614 inv
1387 4574 1482 4612 sua
1510 4558 1718 4629 justitia
1762 4560 1935 4628 magis
1972 4574 2131 4628 quam
2166 4546 2212 4604 Ι)
2238 4562 2439 4617 dictum
2482 4574 2513 4614 a
2562 4555 2791 4612 Domino
2838 4552 3011 4607 libero
3054 4545 3285 4604 arbitrio
3332 4540 3607 4598 utentibus
3639 4554 3655 4591 :
3697 4534 3829 4591 Sine

546 4836 583 4892 ι)
618 4773 644 4802 ι
686 4763 829 4819 Edit.
859 4762 1017 4828 Lov.,
1058 4761 1227 4816 Duae.
1255 4772 1307 4817 et
1332 4760 1547 4827 Colon.,
1572 4760 1670 4814 sibi
1711 4758 1927 4823 noxias;
1961 4757 2141 4812 minus

585 4850 707 4890 ene.

585 4850 707 4890 ene.

618 4904 646 4943 ι)
689 4905 787 4960 Ms.
819 4902 926 4959 Jol.
957 4903 1125 4967 solus,
1154 4902 1440 4969 scripturas
1463 4904 1600 4973 ejus.

624 4986 654 5057 ﬁ
689 4976 830 5057 fidit.
856 4970 1563 5057 Lngd.,j_Lovan.,_Duae.'et
1584 4971 1798 5057 Colon...
1823 4980 1973 5043 atque
1992 4970 2144 5041 igno-

550 5047 732 5100 serint.
779 5041 957 5097 Imma
991 5052 1256 5097 noverunt.
1304 5044 1399 5099 Ms.-
1443 5043 1551 5099 Jol.
1590 5049 1713 5111 post
1752 5041 1894 5097 hanc
1928 5055 2140 5104 vocem,

552 5118 935 5187 conquiescunt.
966 5114 1119 5187 Atqui
1145 5130 1248 5167 non
1278 5115 1530 5187 noverint,
1558 5114 1713 5168 immo
1734 5121 1999 5177 noverunt,
2025 5119 2133 5165 etc.

625 5184 671 5223 α’
692 5185 793 5242 Ms.
815 5185 945 5249 Jol.,
973 5186 1104 5237 sicut
1125 5194 1230 5236 tota
1259 5184 1382 5253 ﬁde.

629 5268 653 5294 ο
692 5258 789 5311 Ms.
810 5255 940 5320 Jol.,
967 5255 1080 5325 quis
1098 5255 1308 5325 nesciat.
1343 5257 1441 5310 bis.
1474 5254 1709 5324 Remig.,
1738 5253 1826 5323 qui
1851 5253 2064 5307 nesciat.

632 5327 650 5365 ¹
691 5328 793 5383 Ms.
817 5326 951 5391 Jol.,
977 5324 1031 5378 in
1056 5324 1134 5377 Itis
1162 5340 1295 5395 quae,
1329 5336 1438 5379 etc.

630 5408 654 5446 ι
694 5397 1026 5454 Collationes
1051 5390 1267 5449 Patrum
1285 5390 1567 5464 intelligit,
1590 5410 1619 5449 a
1642 5393 1853 5450 Joanne
1880 5390 2140 5464 Cassiano

557 5466 1070 5540 presbyteroeditas
1091 5464 1384 5540 anno_426.
1402 5462 1611 5540 Earum
1639 5465 1848 5540 scilicet
1877 5463 1969 5540 ille
1994 5462 2138 5540 clas-

555 5533 674 5596 sem
697 5533 1012 5603 secundam,
1055 5550 1174 5605 qua:
1212 5538 1279 5591 ab
1308 5537 1588 5591 undecima
1615 5536 1905 5591 collatione
1930 5533 2138 5605 incipit,

560 5610 835 5664 Honorato
860 5615 915 5661 et
942 5604 1205 5661 Eucherio
1235 5608 1527 5675 inscripsit,
1556 5608 1794 5661 nondum
1832 5604 2103 5673 epis-copis
2127 5620 2139 5654 :

558 5677 989 5747 quandoquidem
1022 5690 1130 5747 eos
1176 5676 1227 5730 in
1266 5678 1585 5747 praefatione
1632 5676 1830 5732 fratres
1876 5675 2143 5744 appellat;

560 5746 680 5819 ipse
743 5760 923 5805 autem
987 5746 1290 5802 Honoratus
1343 5748 1717 5805 Arelatensem
1774 5747 2148 5818 episcopatum

2244 4758 2391 4812 dicto
2422 4770 2565 4810 anno
2589 4752 2695 4808 426
2729 4749 2987 4806 obtinuit.
3017 4740 3430 4801 Deﬁnitionibus
3457 4752 3618 4807 porro
3655 4734 3831 4812 tertiae

2243 4804 3121 4890 decimte-collaiionisdugnstino
3145 4812 3436 4890 contrariis
3458 4804 3687 4890 sanctus
3698 4804 3833 4890 P‘ro-

2245 4877 2523 4965 sﬁéi'ib'ce‘
2549 4877 2612 4947 ac
2632 4908 2885 4947 sermone
2907 4877 3173 4965 primum,
3205 4882 3399 4939 deinde
3416 4893 3554 4965 ‘vero
3572 4886 3695 4965 post
3721 4877 3831 4965 ιλιι-

2243 4946 2447 5037 ghstini
2466 4946 2707 5028 obitum,
2737 4946 2943 5037 scripto
2971 4946 3266 5037 volumine,
3290 4950 3435 5035 quod
3469 4960 3646 5003 contra
3664 4946 3834 4999 cotta-

2244 5024 2402 5093 iorem
2427 5044 2642 5101 vocant,
2664 5024 3039 5101 resistendum
3058 5024 3405 5101 existimavit.

2318 5107 2346 5146 ιι
2386 5108 2486 5162 Ms.
2514 5100 2645 5171 Jol.,
2672 5102 2911 5158 cordibus
2932 5100 3274 5171 obviantium.
3362 5166 3372 5171 _
3706 5156 3739 5171 __

2320 5178 2336 5216 ί
2570 5159 2740 5245 Lugd.
2771 5182 2827 5228 et
2866 5173 3021 5233 Ven.,
3066 5166 3434 5225 humanitatis;
3472 5159 3566 5215 alii
3605 5159 3832 5219 rectius,

2242 5248 2564 5302 humilitatis.

2320 5318 2333 5369 t'
2386 5317 2529 5371 Edit.
2563 5315 2699 5370 Ven.
2724 5312 2863 5375 sola,
2893 5313 3153 5383 prodesse.

2318 5387 2342 5426 ¹ι
2385 5389 2485 5443 Ms.
2508 5387 2641 5451 Jol.,
2674 5385 2862 5438 animis
2891 5386 3019 5436 suis.

2325 5457 2344 5497 ι
2388 5459 2569 5513 Editio
2601 5449 3001 5523 Augustini-ana
3020 5452 3157 5514 sola,
3179 5449 3415 5523 inspettt.

2322 5539 2361 5567 ω
2388 5506 2954 5584 ἒῖίξῖιῖεέξῖέιῖιίἐξρι
2980 5522 3085 5577 Jol.
3110 5506 3163 5574 et
3189 5506 3320 5573 edii.
3347 5517 3578 5584 Operutn
3608 5506 3836 5584 S._Aug.

2252 5602 2322 5654 At
2347 5580 2613 5654 editiones
2632 5580 2801 5661 ’γειίη
2821 5580 2997 5664 ἱυεό.
3025 5603 3078 5647 et
3107 5592 3331 5653 Lovan.,
3358 5580 3637 5659 potuerint.
3667 5580 3834 5635 Duae.

2253 5679 2308 5727 et
2334 5669 2523 5727 Colon.
2535 5712 2550 5739 ,
2584 5676 2882 5737 potuerunt.
