4088 6176
260 352 327 406 81
1495 338 1827 396 Εῐνιετοω
1872 380 1878 391 .

1999 333 2330 391 ιιυιι-ιδωι.
3470 330 3543 388 δτι

260 481 345 519 me
402 464 532 518 nihil
576 463 785 535 potestis
828 461 1000 531 facere
1046 458 1227 530 (Joan.
1278 473 1368 523 xv,
1414 457 1504 524 5);
1555 466 1630 518 et,
1687 454 1854 508 Nemo
1885 452 2015 517 Ain
2064 451 2241 520 primo
2276 448 2494 503 homine
2524 448 2898 503 universarum
2942 451 3349 518 generationum
3384 451 3543 508 dam-

260 556 397 610 venit
437 557 506 608 ad
544 570 643 615 me,
677 552 777 605 nisi
818 550 975 605 Pater
1011 551 1099 620 qui
1130 550 1265 602 misit
1305 564 1405 612 me,
1437 546 1709 599 attraxerit
1736 559 1855 596 eum

1958 552 2081 597 nata
2104 543 2412 606 successio;
2434 550 2487 597 et
2510 556 2631 597 cum
2659 541 2857 596 mortui
2883 543 3246 609 viviﬁcantor,
3274 559 3395 598 cum
3414 546 3545 601 caici

264 646 452 719 (Joan.
484 660 559 707 vi,
603 644 722 711 ‘4);
773 651 847 707 et,
891 641 1057 695 Nemo
1099 649 1258 708 potest
1305 639 1478 691 venire
1526 638 1595 689 ad
1633 652 1715 689 me
1752 634 1855 687 niti
1955 638 2353 701 illuminantur,
2398 651 2521 691 cum
2570 636 2716 705 impii
2758 636 3140 704 iustiﬁcantur,
3185 637 3547 692 conﬁteantur

263 740 448 793 datum
474 743 520 792 ei
549 738 703 807 fuerit
730 753 761 787 a
778 734 935 789 Patre
960 751 1072 788 meo
1096 732 1149 803 (1
1155 734 1259 787 bid.
1290 732 1403 801 66);
1427 742 1503 793 et,
1530 730 1677 785 Sicut
1699 728 1859 781 Pater

263 831 493 900 civiﬁcat
546 838 804 892 mortuos,
849 826 922 878 ita
976 833 1025 878 et
1082 822 1253 877 Filius
1306 838 1433 891 quos
1480 822 1585 874 vult
1635 821 1859 888 viviﬁcat

268 924 456 996 (Joan.
490 941 540 985 ν,
574 922 691 989 Ξυς
722 930 793 983 et,
828 918 994 972 Nemo
1020 919 1156 971 novit
1180 914 1398 982 Filium,
1432 915 1526 969 nisi
1557 914 1737 976 Pater,
1766 929 1856 965 ne-

264 1032 369 1086 que
398 1013 611 1066 Patrem
634 1012 748 1078 quis
771 1011 905 1062 novit
936 1009 1031 1061 nisi
1055 1005 1247 1071 Filius,
1271 1016 1316 1061 et
1337 1008 1420 1059 cui
1442 1004 1656 1060 voluerit
1685 1002 1862 1057 Filius

266 1108 503 1161 revelare
541 1104 691 1177 (Luc.
736 1119 791 1167 ιι,
826 1102 943 1169 22).
984 1101 1111 1166 Quae
1143 1100 1323 1153 omnia
1350 1114 1472 1153 cum
1513 1099 1621 1152 sint
1651 1098 1858 1151 incom-

271 1199 578 1263 mutabilis,
606 1207 661 1250 et
681 1211 750 1250 ne
771 1204 951 1261 iueant
967 1194 1074 1247 ulla
1102 1192 1547 1260 interpretatione
1567 1190 1618 1244 in
1640 1204 1861 1245 sensum

269 1292 438 1343 alium
467 1286 803 1354 detorqueri,
842 1286 963 1354 quis
1007 1283 1245 1353 ambigat
1285 1292 1412 1337 tunc
1455 1281 1682 1336 liberum
1721 1280 1864 1335 arbi-

272 1383 435 1433 trium
488 1376 861 1433 cohortationi
913 1376 1155 1428 vocantis
1207 1374 1445 1439 obedire,
1494 1387 1618 1428 cum
1667 1371 1722 1427 in
1771 1372 1864 1427 illo

270 1472 443 1543 gratia
475 1470 569 1525 Dei
600 1467 849 1523 allectum
875 1466 1129 1521 credendi
1161 1465 1557 1535 obediendique
1589 1472 1614 1500 ⁸
1636 1478 1865 1534 genera-

270 1564 451 1618 verit?
503 1561 757 1631 Alioquin
807 1558 1080 1613 sufﬁceret
1127 1559 1337 1613 moneri
1392 1557 1703 1624 hominem,
1756 1571 1865 1612 non

273 1659 440 1710 etiam
470 1654 522 1708 in
547 1656 665 1722 ipso
694 1667 885 1706 novam
909 1650 1022 1705 ﬁeri
1048 1652 1412 1715 Voluntatem,
1443 1650 1581 1705 sicut
1609 1649 1863 1718 scriptum

274 1755 398 1801 est:
441 1742 781 1809 Pratparatur
816 1742 1047 1795 voluntas
1079 1757 1113 1794 a
1144 1740 1364 1795 Domino
1396 1740 1577 1809 (Prov.
1614 1756 1726 1804 vni,
1770 1740 1866 1804 35,

1958 730 2145 795 vitam,
2170 740 2219 783 et
2252 729 2455 791 lumen,
2481 737 2533 782 et
2554 726 2818 797 justitiam
2845 742 2994 781 suam
3022 729 3207 783 .lesum
3237 728 3541 795 Christum;

1958 830 2015 877 et
2049 823 2137 889 qui
2178 822 2451 891 gloriatur,
2491 822 2547 873 in
2588 820 2813 873 Domina
2842 819 3091 893 glorietur
3118 820 3160 889 (Ι
3193 819 3315 875 Cor.
3352 836 3390 886 ι,
3429 821 3543 890 31),

1961 931 2069 969 non
2104 916 2157 969 iit
2184 928 2277 969 se:
2304 915 2395 985 qui
2428 929 2548 969 cum
2578 924 2725 969 esset
2756 915 2970 982 impius,
3004 924 3059 969 et
3088 929 3289 981 caecus,
3317 924 3371 970 et
3406 930 3551 969 mor-

1962 1014 2107 1073 tuus,
2146 1021 2173 1059 a
2217 1006 2507 1061 liberatore
2540 1020 2639 1060 suo
2664 1006 2833 1074 gratis
2866 1007 3075 1076 accepit
3098 1018 3151 1061 et
3180 1006 3469 1075 justitiam,
3495 1016 3551 1060 et

1964 1100 2164 1162 lumen,
2199 1106 2255 1152 et
2288 1098 2474 1151 vitam.
2505 1096 2621 1151 Non
2653 1097 2796 1151 enim
2835 1094 2854 1133 ί
2875 1096 3021 1166 juste
3061 1098 3271 1167 agebat,
3310 1107 3364 1153 et
3395 1105 3551 1151 aucta

1962 1200 2047 1246 est
2079 1190 2287 1259 justitia
2323 1189 2468 1259 ejus;
2510 1204 2611 1245 nec
2636 1189 2702 1244 ad
2739 1188 2906 1244 Deum
2938 1190 3307 1260 gradiebatur,
3345 1200 3399 1245 et
3423 1205 3553 1246 cou-

1964 1284 2209 1338 ﬁrmatus
2252 1289 2338 1337 est
2380 1295 2577 1336 cursus
2620 1280 2771 1350 ejus;
2815 1296 2915 1335 nec
2962 1280 3218 1351 diligebat
3268 1282 3458 1348 Deum,
3499 1291 3555 1337 et

1964 1374 2296 1429 inﬂammata
2324 1372 2662 1430 estcharitas
2677 1371 2825 1441 ejus;
2844 1372 2940 1427 sed
2967 1388 3092 1427 cum
3115 1381 3259 1427 esset
3280 1374 3397 1427 sine
3426 1372 3552 1437 ﬁde,

1965 1481 2029 1522 ac
2056 1466 2283 1537 proinde
2310 1466 2528 1535 impius,
2562 1464 2771 1532 accepit
2798 1464 3056 1534 Spiritum
3098 1465 3245 1530 ﬁdei,
3286 1474 3339 1519 et
3383 1463 3557 1519 lactus

1964 1568 2051 1614 est
2087 1558 2306 1627 justus:
2356 1555 2543 1611 Justus
2572 1567 2746 1610 autent
2778 1572 2841 1610 ex
2878 1556 2981 1626 ﬁde
3010 1557 3130 1611 vivit
3160 1558 3335 1626 (Rom.
3369 1572 3407 1622 ι,
3442 1556 3553 1627 1⁵ης

1965 1660 2043 1717 et,
2074 1651 2202 1707 Sine
2230 1651 2334 1720 ﬁde
2371 1666 2519 1705 nemo
2549 1658 2709 1721 potest
2748 1648 2954 1720 placere
2998 1648 3108 1703 Deo
3136 1649 3323 1719 (Hebr.
3361 1666 3436 1717 xt,
3477 1649 3554 1719 6);

1966 1752 2043 1810 et,
2060 1742 2225 1797 Umne
2244 1741 2386 1810 quod
2408 1758 2509 1795 non
2536 1748 2609 1794 est
2629 1757 2692 1794 ex
2712 1741 2833 1810 ﬁde,
2860 1751 3123 1811 peccatum
3146 1750 3218 1795 est
3238 1741 3415 1813 (Rom.
3442 1757 3555 1807 xiv,

276 1841 426 1909 juxta
469 1832 667 1903 LXX);
703 1841 760 1887 et
798 1833 938 1886 sient
964 1831 1038 1885 ait
1076 1832 1409 1901 Apostolus:
1454 1829 1594 1886 Deus
1632 1842 1704 1885 est
1732 1832 1867 1886 enim
1901 1824 1942 1883 Β
1969 1836 2065 1905 23)
2100 1850 2116 1891 :
2147 1844 2207 1889 ut
2241 1834 2445 1889 scilicet
2475 1843 2499 1880 ι
2534 1832 2799 1902 intelligat
2823 1833 3087 1901 justitiam
3129 1833 3420 1888 inﬁdelium
3452 1849 3559 1889 non

277 1929 364 1998 qui
387 1934 634 1994 operatur
663 1925 715 1978 in
740 1925 878 1978 vobis
902 1934 950 1979 et
979 1924 1106 1977 velle
1129 1933 1175 1976 et
1202 1924 1465 1994 perﬁcere,
1493 1940 1590 1993 pro
1617 1925 1750 1977 bona
1773 1938 1865 1977 vo-

281 2022 480 2072 luntate
520 2015 741 2085 (Philip.
770 2031 827 2080 ιι,
871 2016 979 2084 15).
1008 2014 1110 2069 Pro
1137 2030 1241 2085 qua
1271 2015 1411 2070 bona
1438 2016 1734 2085 voluntate,
1767 2014 1871 2069 nisi

282 2126 443 2180 quam
473 2111 526 2163 in
558 2109 692 2178 ipsis
720 2119 971 2179 operatus
1010 2119 1095 2163 est
1128 2109 1290 2175 Deus,
1321 2117 1383 2163 ut
1406 2108 1547 2177 quod
1575 2108 1874 2164 donaverat

283 2200 441 2265 velle,
469 2200 701 2255 donaret
720 2207 775 2253 et
804 2198 1011 2253 facere.

350 2291 486 2346 Car.
535 2290 625 2345 Vl.
658 2321 731 2331 —
765 2291 817 2346 7.
863 2291 1058 2346 Dicunt
1087 2293 1247 2346 etiam
1289 2295 1357 2347 ad
1398 2290 1872 2347 demonstrandam

288 2386 438 2440 liberi
488 2384 698 2439 arbitrii
751 2384 1093 2449 facultatem,
1142 2400 1395 2456 magnum
1448 2386 1499 2438 in
1555 2385 1876 2440 centurione

289 2474 538 2529 Cornelio
567 2482 785 2530 exstare
814 2474 1235 2530 documentum:
1265 2489 1332 2530 eo
1370 2474 1509 2544 quod
1538 2484 1663 2529 ante
1690 2475 1877 2544 gratim

291 2564 687 2634 perceptionem
717 2565 900 2619 timens
934 2576 1089 2636 atque
1125 2582 1277 2620 orans
1306 2565 1493 2629 Deum,
1524 2566 1875 2637 eleemosynis,

291 2667 331 2709 ct
348 2657 593 2729 jejuniis,
622 2667 669 2709 et
689 2656 913 2710 orationi
939 2667 1237 2726 spontaneo
1265 2658 1446 2713 studio
1476 2658 1628 2727 fuerit
1653 2658 1879 2711 intentus

293 2749 428 2820 (Act.
455 2765 512 2815 x,
535 2749 617 2817 2);
644 2758 809 2817 atque
834 2750 904 2803 ob
931 2748 1032 2805 hoc
1053 2751 1238 2805 divino
1268 2751 1579 2807 testimonio
1609 2751 1876 2815 laudatus,

292 2840 492 2895 donum
537 2839 969 2909 regenerationis
1010 2842 1305 2910 acceperit.
1354 2840 1535 2911 Neque
1575 2842 1885 2911 intelligunt

292 2947 507 2989 omnem
549 2934 696 2988 illam
740 2934 1193 3004 praeparationem
1222 2933 1460 2990 Cornelii
1499 2949 1592 3004 per
1631 2935 1723 2990 Dei
1756 2949 1879 3004 gra-

294 3024 419 3078 tiam
478 3023 649 3079 fuisse
704 3024 953 3078 collatam
999 3023 1161 3096 (Vide
1201 3025 1458 3096 synodum
1509 3025 1883 3079 Arausicanam

1970 1941 2092 1982 esse
2113 1926 2378 1995 justitiam
2396 1925 2519 1995 quia
2550 1924 2735 1979 sordet
2763 1934 2955 1979 natura
2980 1926 3098 1980 sine
3123 1925 3314 1994 gratia.

2041 2018 2169 2073 (ΣΑΡ.
2197 2016 2327 2071 Vlll.
2352 2046 2422 2055 —
2444 2016 2497 2070 9.
2519 2014 2732 2069 Amissa
2755 2015 2953 2085 quippe
2976 2014 3204 2069 naturali
3229 2016 3561 2080 innocentia,

1974 2111 2136 2164 homo
2164 2109 2318 2163 exsul
2348 2123 2412 2162 ac
2441 2106 2699 2176 perditus,
2734 2107 3020 2161 ambulans
3048 2107 3165 2161 sine
3194 2107 3300 2171 via,
3342 2106 3563 2175 profun-

1974 2201 2160 2256 diores
2186 2201 2421 2254 intrabat
2461 2214 2710 2262 errores;
2751 2198 2845 2253 sed
2883 2198 3165 2267 qua-situs,
3204 2210 3257 2252 et
3295 2200 3562 2263 inventus,

1976 2300 2033 2347 et
2075 2300 2381 2362 reportatus
2421 2301 2524 2354 est,
2570 2300 2623 2344 et
2654 2289 2704 2343 in
2749 2291 2831 2343 via
2875 2306 2994 2357 qum.
3025 2291 3231 2345 veritas
3264 2306 3317 2345 et
3348 2295 3452 2344 vita
3485 2301 3567 2345 est

1978 2382 2352 2447 introductus;
2384 2379 2411 2417 ιι
2439 2396 2503 2435 ac
2532 2381 2821 2435 dilectione
2853 2382 2905 2433 in
2940 2380 3132 2446 Deum,
3168 2381 3258 2451 qui
3284 2381 3429 2434 illum
3461 2398 3566 2435 non

1978 2474 2291 2544 diligentem
2341 2473 2486 2543 prior
2523 2473 2733 2536 dilexit,
2779 2470 2796 2507 ί
2830 2472 3033 2541 ignitus
3070 2481 3154 2525 est
3197 2488 3213 2526 :
3261 2478 3401 2526 sicut
3437 2473 3569 2525 dicit

1980 2568 2174 2620 beatus
2198 2564 2480 2634 apostolus
2504 2564 2766 2625 Joannes,
2796 2563 2918 2616 Non
2949 2565 3098 2633 quasi
3121 2580 3211 2617 nos
3238 2566 3568 2617 dilexerimus

1981 2655 2171 2723 Deum,
2203 2656 2291 2711 sed
2307 2656 2550 2726 quoniam
2581 2656 2594 2703 l
2634 2657 2745 2723 ipse
2771 2656 2947 2709 dilexit
2972 2672 3063 2710 nos
3092 2657 3137 2727 (l
3158 2655 3316 2710 Joan.
3348 2674 3419 2724 tv,
3455 2662 3562 2725 10);

1982 2759 2036 2804 et
2064 2750 2281 2814 iterum,
2314 2747 2428 2802 Nos
2462 2764 2583 2819 ergo
2608 2750 2885 2823 diligamus
2918 2750 3101 2816 Deum,
3146 2752 3389 2822 quoniam
3428 2750 3568 2803 Deus

1984 2843 2126 2911 prior
2157 2841 2338 2895 dilexit
2368 2858 2462 2896 nos
2491 2842 2534 2910 (ι
2558 2840 2719 2896 Joan.
2747 2859 2819 2907 iv,
2854 2842 2962 2912 l9);
2998 2854 3051 2898 et
3079 2844 3219 2899 idem
3249 2844 3401 2909 dicit,
3431 2844 3570 2897 (ἰΙιιι-

1981 2934 2195 2997 rissimi,
2238 2934 2521 3004 diligamus
2554 2936 2792 2999 invicem,
2826 2939 3074 3006 quoniam
3104 2936 3330 2991 charitas
3365 2954 3429 2991 ex
3465 2937 3571 2991 Deo

1983 3035 2091 3090 est;
2114 3034 2161 3078 et
2183 3026 2349 3079 omnis
2372 3028 2459 3093 qui
2484 3025 2656 3096 diligit
2685 3042 2749 3079 ex
2780 3025 2885 3080 Deo
2906 3038 3059 3079 natus
3097 3036 3189 3092 est,
3230 3037 3277 3081 et
3313 3032 3573 3098 cognoscit

294 3113 472 3182 infra).
524 3112 804 3182 Siquidem
847 3130 970 3168 cum
1002 3126 1223 3170 sanctus
1254 3116 1445 3171 Petrus
1487 3131 1585 3185 per
1615 3117 1881 3171 visionem
1986 3114 2173 3172 Deum.
2209 3115 2312 3182 Qui
2352 3131 2453 3169 non
2488 3115 2680 3186 diligit,
2725 3133 2826 3170 non
2858 3119 2999 3171 novit
3042 3118 3243 3181 Deum;
3285 3120 3405 3183 quia
3437 3118 3575 3172 Deus

296 3204 319 3242 δ
346 3220 511 3260 omne
537 3221 708 3275 genus
731 3207 1063 3274 animalium,
1087 3207 1155 3263 de
1179 3208 1505 3279 baptizando
1520 3206 1791 3275 Cornelio,
1819 3222 1882 3262 ac
1907 3198 1952 3260 C
1984 3207 2213 3260 charitas
2260 3217 2335 3261 est
2377 3207 2422 3276 (Ι
2444 3205 2604 3261 Joan.
2636 3223 2709 3271 tv,
2754 3208 2785 3261 7
2812 3217 2863 3262 et
2905 3209 2981 3280 8).
3022 3208 3122 3263 Cui
3160 3208 3349 3263 beatus
3379 3210 3576 3264 Paulus

297 3296 522 3363 perinde
558 3298 628 3350 de
659 3297 911 3351 omnibus
945 3300 1196 3368 gentibus
1235 3300 1544 3363 doceretur,
1589 3308 1755 3368 atque
1794 3300 1886 3354 ille
1982 3299 2256 3370 congruit,
2286 3299 2497 3365 dicens,
2527 3299 2595 3352 In
2624 3298 2826 3354 Christo
2850 3298 2997 3367 Iesu,
3036 3318 3198 3372 neque
3229 3302 3574 3366 circumcisio,

298 3384 638 3439 immundum
684 3396 737 3439 et
790 3384 1134 3442 indiscretum
1189 3388 1369 3443 cibum
1426 3390 1650 3445 Judaica
1698 3389 1886 3443 obser-

300 3474 477 3529 vantia
511 3486 810 3542 recusaret,
837 3476 976 3531 trina
993 3477 1059 3531 ad
1081 3493 1204 3532 eum
1226 3492 1331 3532 vox
1357 3488 1379 3517 σ
1409 3477 1549 3533 facta
1568 3488 1651 3533 est
1673 3478 1885 3545 dicens,

306 3565 428 3633 Qui:
448 3565 589 3621 Deus
604 3567 885 3633 mandavit,
908 3578 963 3621 tu
980 3585 1041 3622 ne
1056 3585 1321 3624 commune
1337 3571 1529 3625 dixeris
1542 3571 1681 3643 (Act.
1699 3588 1755 3639 ι,
1771 3572 1886 3640 15).

304 3660 415 3723 Quo
441 3659 578 3712 satis
615 3667 799 3728 aperte
832 3661 1139 3715 ostenditur
1163 3663 1341 3717 omnia
1381 3664 1519 3719 bona
1556 3679 1722 3733 opera
1767 3680 1888 3735 quae

305 3751 353 3803 in
391 3748 649 3804 Cornelio
680 3762 1093 3819 praecesserunt,
1122 3750 1149 3789 ἀ
1193 3753 1285 3808 Dei
1315 3754 1485 3823 gratia
1518 3756 1583 3809 ad
1628 3756 1892 3810 emunda—

306 3841 505 3894 tionem
533 3840 704 3908 ipsius
734 3839 1025 3898 inchoasse
1051 3860 1063 3896 :
1095 3854 1149 3897 ut
1170 3845 1252 3899 cui
1280 3846 1538 3901 Dominus
1555 3847 1665 3918 jam
1693 3850 1891 3918 imper-

305 3933 459 3986 tierat
492 3931 599 3985 hoc
625 3931 847 3999 donum,
878 3948 985 3987 non
1022 3935 1293 3991 dubitaret
1324 3938 1615 4006 Apostolus
1644 3938 1893 3995 conferre

303 4032 727 4089 sacramentum,
784 4039 851 4078 ne
891 4040 1042 4080 novre
1080 4036 1135 4081 et
1170 4027 1397 4083 necdum
1440 4030 1693 4085 revelata:
1734 4046 1896 4085 voca-

306 4116 470 4171 tionis
498 4117 782 4172 vacillaret
803 4119 1107 4186 exordium,
1143 4120 1243 4175 nisi
1272 4136 1367 4190 per
1392 4123 1505 4192 ipsa
1530 4122 1725 4179 indicia
1756 4139 1895 4193 pra:-

303 4208 611 4263 cedentium
632 4208 957 4273 studiorum,
986 4210 1152 4265 Deum
1173 4212 1227 4266 in
1253 4214 1593 4268 assumendis
1618 4224 1897 4270 constaret

304 4312 611 4370 operatum.
640 4300 761 4354 Non
780 4302 913 4354 enim
930 4304 1159 4357 omnium
1174 4313 1247 4358 est
1265 4306 1394 4373 ﬁdes
1416 4305 1483 4377 (ll
1499 4305 1681 4361 Thess.
1698 4324 1779 4372 ιιι,
1812 4308 1891 4379 2);

306 4409 392 4445 nec
421 4393 535 4463 92
568 4407 744 4445 omnes
784 4394 995 4447 credunt
1026 4394 1303 4466 Evangelia
1336 4396 1519 4466 (Rom.
1558 4414 1613 4465 x,
1646 4400 1758 4465 16).
1789 4400 1895 4456 Sed

306 4485 392 4553 qui
421 4482 676 4545 credunt,
720 4483 816 4537 Dei
844 4493 1073 4554 aguntur
1102 4485 1338 4555 Spiritu;
1372 4490 1461 4558 qui
1492 4505 1599 4543 non
1641 4492 1891 4560 credunt,

1984 3407 2144 3461 neque
2163 3391 2476 3462 pra'putium
2503 3389 2637 3445 valet
2663 3391 2886 3462 aliquid,
2909 3392 2998 3446 sed
3018 3392 3148 3461 ﬁdes
3171 3409 3284 3463 qua:
3308 3410 3398 3465 per
3418 3394 3577 3447 dilec-

1985 3484 2177 3536 tionem
2203 3491 2445 3553 Operatur
2475 3480 2671 3549 (Galat.
2692 3498 2747 3549 v,
2772 3482 2849 3550 6).
2882 3482 3038 3539 Unde
3057 3483 3287 3539 habetur
3309 3483 3425 3538 haec
3442 3484 3577 3539 ﬁdes

1986 3589 2228 3630 connexa
2256 3574 2527 3640 charitati,
2570 3576 2672 3629 nisi
2705 3575 2847 3631 unde
2874 3591 2993 3631 eam
3035 3576 3154 3646 ipse
3196 3586 3462 3631 monstrat
3490 3593 3579 3633 ac-

1987 3678 2221 3739 ceptam,
2253 3668 2460 3733 dicens,
2494 3667 2631 3733 Quia
2673 3668 2812 3722 vobis
2842 3669 3091 3722 donatum
3123 3678 3196 3723 est
3221 3686 3317 3739 pro
3352 3668 3575 3734 Christo,

1988 3777 2093 3814 non
2126 3759 2296 3814 solum
2335 3763 2473 3814 utin
2502 3778 2617 3813 eum
2656 3762 2898 3825 credatis,
2939 3763 3029 3815 sed
3058 3764 3211 3814 etiant
3254 3772 3308 3814 ut
3336 3779 3428 3831 pro
3464 3764 3579 3830 ipso

1990 3852 2261 3921 patiamini
2286 3850 2510 3922 (Philip.
2533 3866 2571 3915 t,
2595 3851 2708 3921 99).
2733 3851 2882 3917 Quod
2909 3853 3092 3919 utique
3115 3851 3228 3904 ﬁeri
3246 3852 3363 3905 sine
3385 3868 3576 3919 magna

1990 3943 2255 3998 charitate
2283 3956 2389 3996 non
2416 3951 2650 4013 poterat.
2678 3943 2743 3997 Et
2766 3942 2984 4009 iterum,
3012 3942 3247 3997 Charitas
3270 3943 3363 3995 οιπὶ
3386 3944 3580 4011 diffusa

1992 4044 2066 4090 est
2087 4034 2141 4086 in
2166 4033 2406 4086 cordibus
2434 4034 2645 4099 nostris,
2674 4050 2761 4103 per
2784 4033 3036 4105 Spiritum
3064 4045 3295 4089 sanctum
3318 4037 3405 4105 qui
3431 4038 3581 4091 datus

1994 4134 2069 4180 est
2100 4124 2248 4179 nobis
2280 4125 2456 4197 (Rom.
2492 4141 2543 4191 v,
2576 4125 2653 4197 5).
2695 4126 2827 4183 Sine
2865 4143 2965 4196 qua
2998 4127 3262 4183 charitate
3294 4130 3582 4196 Apostolus

1995 4226 2251 4285 quantam
2301 4216 2461 4271 ﬁdem
2512 4226 2876 4289 quantamque
2924 4221 3240 4286 scientiam,
3290 4238 3422 4292 quas
3476 4225 3583 4277 vir-

1997 4316 2158 4375 tutes,
2195 4324 2315 4380 quae
2344 4309 2545 4374 studia,
2577 4326 2711 4379 quos
2743 4312 2975 4379 labores,
3007 4314 3114 4385 93
3156 4314 3289 4369 nihil
3324 4316 3581 4385 prodesse

1996 4400 2800 4472 testatur(lCor.xnt,5)?Qoia
2832 4406 3039 4459 scilicet
3081 4407 3248 4461 multa
3290 4408 3581 4463 laudabilia

1996 4502 2160 4561 atque
2185 4492 2429 4547 miranda
2453 4505 2679 4561 possunt
2716 4497 2768 4548 in
2798 4495 3014 4552 homine
3044 4500 3292 4567 reperiri,
3319 4514 3438 4568 quae
3465 4501 3581 4553 sine

309 4574 476 4628 libero
515 4581 839 4629 avertuntur
876 4576 1121 4631 arbitrio.
1168 4578 1467 4634 Conversio
1522 4595 1651 4648 ergo
1705 4592 1891 4638 nostra
1918 4576 1972 4635 D
1996 4583 2272 4637 charitatis
2312 4585 2562 4639 medullis
2611 4585 2808 4640 habent
2844 4587 3062 4656 quidem
3097 4589 3308 4658 pictatis
3334 4591 3583 4645 similitu-

309 4664 369 4716 ad
403 4664 573 4718 Deum
611 4680 716 4719 non
746 4681 811 4718 ex
838 4666 1010 4731 nobis,
1040 4668 1134 4722 sed
1166 4682 1236 4723 ex
1273 4669 1380 4723 Deo
1408 4680 1492 4725 est
1533 4688 1545 4723 :
1579 4672 1718 4727 sicut
1748 4674 1897 4743 Apo-

310 4754 476 4807 stolus
506 4754 659 4820 dicit,
692 4753 874 4807 Gratia
898 4755 1026 4809 salvi
1062 4759 1190 4827 [acti
1219 4761 1339 4813 estis
1369 4776 1460 4829 per
1494 4761 1668 4829 ﬁdem,
1711 4776 1759 4817 et
1799 4766 1896 4819 hoc

312 4861 408 4897 non
438 4862 504 4898 ex
525 4846 687 4911 vobis,
718 4846 808 4899 sed
826 4846 922 4900 Dei
942 4846 1137 4901 donum
1157 4859 1231 4903 est
1245 4867 1268 4916 ;
1302 4860 1325 4888 °
1349 4862 1396 4905 et
1419 4870 1520 4907 non
1548 4870 1611 4908 ex
1631 4856 1892 4926 operibus,

312 4953 369 4989 ne
389 4940 509 5005 quis
539 4939 788 5007 glorietur
817 4938 1034 5009 (Ephes.
1064 4956 1121 5006 ιι,
1146 4941 1227 5011 8).

377 5029 509 5083 Cn.
545 5028 654 5083 Vll.
682 5057 755 5071 —
788 5030 842 5083 8.
884 5036 1153 5100 Agnoscat
1179 5046 1239 5087 se
1265 5031 1499 5088 humana
1525 5033 1798 5104 debilitas,
1839 5047 1895 5095 et

383 5211 680 5285 f_Duac._et
701 5210 917 5276 Colon.,
938 5215 1209 5285 generavit.
1242 5213 1375 5268 Tum
1407 5214 1573 5269 Duac.
1600 5227 1654 5270 et
1674 5214 1893 5285 Colon.,

315 5281 553 5364 sufﬁcere.
604 5281 767 5364 νεα,
813 5281 1003 5337 moveri
1050 5283 1323 5337 hominem.
1376 5287 1515 5341 Alia:
1562 5302 1682 5342 cum
1738 5281 1893 5355 mss.,

316 5354 553 5460 sulfuret
571 5354 787 5405 moneri.

452 5422 529 5460 Mc
576 5422 654 5460 lnl
737 5439 787 5460 no

448 5422 551 5476 Ms.
572 5422 704 5486 Jo|.,
737 5424 1063 5490 omnigenum
1083 5425 1405 5481 animalium.

387 5504 409 5564 ε
450 5492 527 5564 ita
561 5494 705 5564 Edit.
738 5492 873 5564 Ven.
904 5492 1115 5564 Reliqui
1147 5496 1381 5560 codices,
1411 5497 1546 5564 facta
1574 5501 1659 5555 sit.

382 5561 412 5601 ⁸
450 5562 630 5617 Editio
657 5562 715 5617 S.
747 5563 1052 5633 Augustini,
1077 5562 1174 5617 Dei
1202 5561 1441 5633 gratiam.

387 5642 410 5703 τ
450 5633 633 5703 Εϋὶιίο
661 5633 718 5703 S.
746 5632 880 5697 Aug.
906 5635 1108 5686 omittit
1137 5632 1450 5703 particulam
1481 5648 1545 5691 et.

387 5702 407 5742 ί
448 5702 504 5756 In
531 5718 634 5756 ms.
661 5702 979 5772 Remigiano
1004 5702 1337 5772 deesijuste.

386 5783 413 5822 ι
448 5774 547 5830 lis.
576 5773 709 5839 101.,
740 5782 797 5827 ut
815 5772 1008 5829 scilicet
1036 5772 1315 5845 intelligas.

1997 4672 2201 4739 dinem,
2231 4673 2325 4727 sed
2359 4688 2461 4727 non
2493 4675 2691 4733 habent
2716 4679 3021 4732 veritatem.

2069 4766 2194 4821 CAP.
2234 4766 2493 4823 lX.—l0.
2542 4769 2653 4824 Hoc
2700 4785 2829 4840 ergo
2870 4782 3018 4826 tanto
3047 4782 3103 4827 et
3154 4783 3263 4827 tam
3321 4774 3579 4829 ineffabili

2000 4859 2165 4923 bono,
2196 4874 2353 4913 nemo
2386 4861 2634 4915 iuventus
2680 4871 2764 4915 est
2808 4862 3023 4931 dignus,
3058 4861 3083 4899 ¹ι
3134 4865 3227 4917 sed
3260 4868 3583 4933 quicumque

2001 4952 2210 5005 electus
2254 4960 2339 5006 est
2378 4966 2409 5005 ι
2464 4952 2597 5017 Deo,
2644 4952 2817 5008 factus
2865 4964 2947 5009 est
2997 4955 3229 5025 dignus:
3270 4957 3409 5013 sicut
3454 4958 3585 5013 dicit

2000 5043 2291 5113 Apostolus
2318 5043 2539 5115 (Coloss.
2571 5060 2609 5111 ι,
2650 5044 2730 5116 ὅ),
2787 5044 2997 5101 Gratias
3040 5058 3243 5119 agentes
3272 5049 3455 5117 Patri,
3495 5050 3582 5119 qui

2069 5219 2099 5259 ¹ι
2138 5222 2302 5289 Editi,
2331 5225 2653 5280 introductus
2691 5229 2761 5280 ad
2797 5229 3121 5284 dilectionem
3150 5235 3202 5285 in
3234 5233 3417 5288 Deum.
3454 5236 3581 5289 Mss.

1998 5291 2210 5372 Remi‘g.
2224 5305 2278 5349 et
2299 5296 2447 5372 Jul...
2455 5297 2776 5372 introductus
2791 5316 2809 5363 ;
2824 5317 2885 5351 ac
2904 5302 3175 5355 dilectione
3194 5305 3247 5355 in
3271 5302 3457 5372 Deum,
3474 5319 3581 5363 etc.

2075 5366 2248 5447 fgSic.
2273 5380 2405 5447 mss.
2430 5366 2642 5437 Remig.
2680 5380 2735 5447 et
2754 5369 2857 5422 Jol.
2890 5386 3007 5423 eum
3033 5388 3166 5425 nova
3196 5375 3326 5428 edit.
3354 5366 3582 5447 August.

1998 5433 2154 5506 Editi
2172 5437 2340 5506 noSIri
2368 5433 2819 5506 amnesfagnitus
2841 5450 2934 5492 est.

2072 5506 2088 5584 ρ
2141 5504 2238 5587 bis.
2268 5507 2402 5587 Jol.,
2444 5509 2553 5587 ipse
2590 5504 2731 5574 prior
2758 5509 2937 5562 dilexit
2973 5526 3095 5576 nos;
3140 5523 3193 5567 et
3238 5524 3360 5584 post
3399 5532 3585 5587 pauca,

2000 5576 2140 5645 prior
2160 5576 2341 5629 dilexit
2370 5594 2461 5629 nos
2492 5578 2650 5631 Deus.

2076 5643 2103 5682 ¹ι
2131 5647 2263 5731 llaec
2284 5647 2467 5709 verba,
2506 5649 2596 5731 sed
2618 5648 2920 5731 quicumque
2948 5652 3131 5731 electus
3158 5664 3232 5731 est
3258 5673 3288 5711 a
3318 5656 3447 5730 Deo,
3479 5662 3589 5731 [ac-

2004 5723 2082 5771 tus
2106 5727 2180 5771 est
2210 5717 2417 5787 dignus,
2451 5732 2557 5772 non
2584 5717 2907 5790 leguntur’iu
2936 5738 3039 5780 ms.
3088 5725 3195 5781 Jul.
