4088 6176
473 312 540 369 83
1694 311 1749 368 S.
1794 309 2135 368 PliOSPElll
2181 312 2505 377 AQUITANI
3665 324 3738 380 ει

476 432 659 502 digno,
691 445 782 484 ηοε
803 430 919 501 fecit
944 431 999 485 ει
1018 436 1214 496 partem
1237 427 1388 483 sortis
1421 434 1710 481 sanctorum
1752 426 1807 477 in
1836 422 2049 486 lumine,
2080 426 2129 482 Α
2161 422 2275 491 Dei,
2305 425 2429 481 ideo
2457 425 2677 495 quidam
2700 426 2967 493 resiliunt,
3000 443 3069 485 ne
3110 443 3234 489 cum
3255 446 3378 486 eam
3410 432 3571 489 talem
3600 450 3737 492 eon-

473 525 560 592 qut'
586 524 770 595 eripuit
794 540 883 577 nos
910 524 974 576 de
1024 528 1268 590 potestate
1314 518 1656 584 tenebrarum,
1700 527 1749 573 et
1793 515 2055 571 transtulit

474 631 527 677 tn
552 632 769 685 regnum
796 611 926 669 Filii
960 612 1247 666 dilectionis
1287 626 1411 669 suae.
1459 611 1528 669 Et
1574 609 1713 663 idem
1761 607 1826 665 ad
1872 606 2055 661 Timo-

477 709 657 759 theum
693 706 749 774 (Μ
787 705 917 765 Tim.
974 720 1011 767 ι,
1046 704 1101 772 8)
1137 720 1151 761 :
1199 702 1506 767 Conlabora,
1542 700 1739 768 inquit,
1774 697 2053 769 Evangelia

474 796 756 853 secundum
788 798 1026 849 virtutem
1071 794 1202 859 Dei,
1249 794 1339 863 qui
1368 810 1458 849 nos
1489 792 1717 847 liberavit
1763 799 1810 846 et
1863 789 2055 842 vocavit

476 888 734 942 vocatione
762 896 938 939 sancta
967 902 985 939 :
1014 903 1115 939 non
1144 885 1419 939 secundum
1451 900 1607 953 Opera
1638 892 1833 941 nostra.
1867 880 1954 934 sed
1976 896 2054 933 se-

474 981 694 1033 cundum
721 996 871 1032 suum
901 979 1237 1049 propositum,
1285 987 1330 1031 et
1359 976 1599 1047 gratiam,
1658 990 1771 1041 qua
1810 977 1931 1031 data
1979 979 2054 1025 eat

475 1073 613 1125 nobis
640 1073 695 1125 in
724 1072 929 1125 Christo
959 1071 1084 1123 Jesu
1110 1078 1226 1123 ante
1275 1077 1504 1137 tempora
1547 1066 1837 1125 swcularia.
1873 1068 1935 1118 Et
1981 1063 2053 1123 ad

472 1163 650 1219 Titum
680 1162 808 1234 (Tit.
842 1178 923 1227 Ill,
953 1164 1009 1231 5)
1036 1180 1048 1214 :
1086 1162 1329 1226 Eramns,
1364 1159 1555 1229 inquit,
1589 1171 1635 1211 et
1662 1176 1752 1211 nos
1770 1157 2054 1226 aliquando

472 1256 764 1327 insipientes
795 1264 841 1307 et
870 1253 1143 1320 increduli,
1166 1261 1398 1306 errantes
1441 1261 1486 1305 et
1503 1250 1768 1307 servientes
1784 1247 2054 1305 desideriis

475 1362 521 1406 et
551 1352 890 1424 voluptatibus
938 1352 1092 1408 variis
1113 1394 1127 1417 ,
1178 1351 1232 1404 in
1276 1350 1478 1407 malitia
1507 1358 1553 1404 et
1582 1348 1773 1403 invidia
1814 1357 2051 1418 agentes.

478 1446 712 1511 odibi'cs,
770 1444 994 1503 odientes
1020 1443 1237 1503 invicem
1271 1458 1289 1496 :
1318 1458 1435 1495 cum
1476 1451 1648 1499 autem
1694 1441 1980 1509 benignitas
2009 1446 2055 1492 et

475 1538 766 1590 humanitas
810 1536 1051 1607 apparuit
1081 1534 1365 1593 Saluatoris
1416 1536 1596 1597 nostri,
1628 1550 1727 1587 non
1777 1550 1839 1587 ea:
1882 1533 2053 1603 operi—

476 1628 566 1681 bus
587 1628 806 1698 jnstitite
836 1635 862 1663 ιι
892 1642 1006 1695 quae
1033 1626 1268 1696 fecimus,
1296 1624 1387 1685 sed
1416 1622 1694 1681 secundum
1732 1640 1876 1677 suam
1904 1623 2056 1674 mise-

482 1718 765 1771 ricordiam
792 1716 958 1773 saltos
988 1731 1083 1769 nos
1113 1714 1252 1783 fecit.
1296 1712 1479 1769 Gratia
1533 1712 1699 1780 igitur
1746 1712 1841 1771 Dei
1892 1727 2055 1779 quos-

2155 510 2283 572 fessi
2312 518 2532 584 fuerint,
2591 520 2767 588 qualis
2803 520 2987 575 divine
3030 521 3248 591 eloquio
3294 524 3654 595 praedicatur,
3681 537 3742 585 et

2154 610 2328 677 qualis
2371 625 2539 680 opere
2580 626 2698 665 suae
2726 612 3011 680 putestatis
3041 615 3371 683 agnoscitur,
3421 620 3585 673 etiam
3635 620 3739 677 hoc

2155 715 2379 756 necesse
2408 701 2640 757 habeant
2659 702 2924 768 confiteri,
2954 705 3096 774 quod
3125 720 3189 759 ex
3213 708 3358 761 omni
3381 724 3614 767 numero
3642 710 3743 767 bo-

2156 794 2361 847 minum
2411 809 2512 863 per
2556 795 2752 849 saecula
2782 806 2976 849 cuncta
3036 804 3317 866 natorum,
3365 809 3547 855 certus
3593 803 3737 874 apud

2155 883 2347 947 Deum,
2380 884 2747 955 delinitusque
2776 885 2847 940 sit
2878 902 3137 942 numerus
3164 890 3531 957 przedestinati
3568 894 3621 953 in
3652 896 3738 949 vi-

2156 986 2263 1031 tam
2290 988 2547 1034 aeternam
2578 980 2782 1049 populi,
2823 988 2879 1033 et
2929 982 3225 1036 secundum
3275 985 3605 1053 propositum
3636 986 3739 1043 Dei

2155 1070 2397 1124 vocantis
2420 1070 2596 1124 electi.
2611 1070 2765 1136 Quod
2787 1071 3005 1140 quidem
3026 1080 3134 1126 tam
3158 1073 3380 1143 impium
3409 1085 3491 1129 est
3515 1086 3739 1146 negare,

2154 1161 2437 1230 quamipsi
2465 1161 2657 1230 gratias
2700 1163 2994 1217 contraire.
3044 1164 3232 1234 Neque
3277 1165 3421 1219 enim
3468 1180 3739 1223 remotum

2155 1258 2240 1305 est.
2264 1251 2333 1306 ab
2388 1252 2723 1321 inspectione
2751 1254 3029 1308 communi
3064 1264 3195 1325 quot
3223 1256 3438 1310 sacculis
3464 1272 3625 1326 quam
3659 1261 3742 1313 in-

2158 1358 2378 1399 numera
2401 1343 2677 1400 hominum
2708 1345 2875 1400 millia
2902 1346 3185 1400 erroribus
3203 1347 3315 1401 suis
3340 1347 3741 1415 impietatibus-

2158 1451 2264 1506 que
2294 1436 2538 1497 dimissa.
2570 1436 2686 1491 sine
2710 1436 2818 1490 ulla
2846 1437 2958 1491 veri
2988 1437 3083 1491 Dei
3115 1446 3138 1474 ο
3187 1439 3496 1507 cognitione
3526 1440 3740 1495 defece-

2158 1531 2285 1584 rint.
2316 1530 2468 1587 Sicut
2494 1530 2653 1583 etiam
2686 1530 2741 1585 in
2782 1530 3005 1585 Actibus
3042 1530 3450 1599 Apostolorum.
3493 1534 3642 1588 Pauli
3684 1547 3741 1590 et

2159 1620 2419 1676 Barnabas
2470 1622 2635 1677 verba
2691 1622 2995 1686 declarant.
3051 1621 3347 1678 dicentium
3394 1624 3418 1663 ί
3473 1626 3741 1681 Licaoniis
3830 1688 3851 1701 κ

2160 1714 2295 1777 (Act.
2328 1729 2442 1779 xtv,
2477 1716 2565 1784 Η)
2593 1732 2607 1767 :
2645 1714 2759 1768 Viri
2788 1719 2993 1785 fratres,
3025 1716 3148 1786 quid
3175 1715 3283 1770 haec
3310 1717 3482 1786 facitis
3507 1720 3531 1773 ἵ
3556 1718 3622 1772 Ει
3649 1737 3743 1775 nos

475 1824 703 1877 cumque
728 1808 1009 1877 jttstilicat,
1044 1822 1148 1867 non
1198 1820 1269 1861 .ex
1318 1804 1474 1861 bonis
1523 1805 1796 1869 meliores,
1850 1803 1942 1860 sed
1989 1818 2052 1858 ex
2089 1792 2133 1850 Β
2162 1809 2401 1859 mortales
2430 1822 2626 1870 sumus,
2653 1808 2845 1861 similes
2896 1808 3035 1861 vobis
3077 1801 3329 1875 homines,
3381 1813 3744 1866 annuntiantes

477 1900 632 1953 malis
662 1899 833 1953 bonos
864 1897 1027 1965 facit;
1060 1906 1247 1968 postea
1271 1911 1371 1967 per
1398 1894 1719 1966 proiectum,
1749 1892 1777 1935 ι’
1809 1910 1873 1949 ex
1905 1894 2060 1948 bonis

479 1988 684 2043 factura
718 1988 1011 2052 meliores;
1045 2003 1149 2041 non
1178 1987 1431 2055 adempto
1459 1986 1631 2045 libero
1668 1986 1915 2051 arbitrio,
1960 1982 2059 2041 sed

478 2081 707 2135 liberato
733 2098 746 2133 :
780 2080 921 2149 quod
953 2080 1122 2141 donec
1143 2076 1261 2134 sine
1291 2077 1405 2132 Deo
1432 2077 1603 2133 solum
1635 2077 1749 2138 fuit.
1784 2084 2057 2133 mrittuum

477 2174 578 2227 fuit
600 2174 845 2241 justitize,
877 2171 1118 2240 vixitque
1148 2177 1371 2243 peccato
1402 2168 1529 2224 :ubi
1561 2179 1741 2223 autem
1776 2169 1946 2230 ipsum
1992 2167 2058 2221 il-

481 2265 766 2321 luminavit
790 2263 1167 2325 misericordia
1197 2262 1424 2331 Christi,
1470 2272 1683 2317 erutum
1708 2270 1791 2316 est
1836 2275 1864 2313 a
1892 2276 2062 2329 regno

481 2360 702 2425 diaboli,
734 2371 789 2419 et
816 2362 1019 2413 factum
1051 2369 1133 2419 est
1161 2371 1389 2426 regnum
1421 2355 1516 2409 Dei
1549 2370 1564 2420 ;
1606 2354 1660 2408 in
1691 2369 1798 2424 quo
1846 2364 1899 2407 ut
1944 2367 2063 2422 per-

481 2466 702 2515 manere
729 2452 922 2521 possit,
956 2465 1025 2504 ne
1050 2464 1113 2503 ea
1144 2448 1362 2518 quidem
1396 2446 1651 2502 facultate
1689 2446 1885 2503 sufﬁcit
1936 2444 2059 2511 sibi,

483 2545 585 2598 nisi
627 2542 751 2598 inde
779 2542 1011 2611 accipiat
1037 2541 1525 2610 perseverantiam,
1560 2539 1706 2597 unde
1742 2539 1954 2607 accepit
1984 2539 2065 2591 in-

482 2636 741 2691 dustriatn
767 2633 950 2708 [Forte
976 2631 1286 2704 justitiam].

550 2729 678 2789 Cap.
710 2727 946 2784 X.—ll.
972 2727 1239 2792 Quoniam
1264 2732 1325 2785 et
1366 2724 1536 2793 ipsius
1566 2723 1738 2781 sancti
1782 2722 1927 2777 Petri
1976 2738 2062 2776 ar-

485 2822 800 2877 dentissima
832 2819 965 2875 fides
994 2819 1048 2873 in
1099 2818 1488 2875 tentationibus
1530 2816 1842 2882 defecisset,
1901 2817 2004 2871 nisi
2040 2828 2063 2855 ο

487 2930 586 2984 pro
615 2929 679 2969 eo
710 2913 970 2973 Dominus
991 2910 1353 2979 supplicasset
1378 2926 1390 2963 :
1419 2911 1558 2964 sicut
1584 2910 1924 2979 Evangelista
1956 2925 2071 2963 ma-

493 3008 734 3072 nifestat,
785 3006 973 3068 dicens
1033 3004 1187 3077 (Luc.
1243 3019 1379 3068 un,
1409 3004 1500 3071 51,
1541 3002 1675 3074 52);
1708 3003 1852 3057 Dixit
1898 3014 2066 3058 autem

489 3100 639 3157 Iesus
674 3100 849 3167 Petro,
885 3098 1087 3165 Simon,
1122 3097 1325 3162 Simon,
1378 3112 1489 3152 ecce
1538 3096 1763 3152 Satanas
1790 3097 2065 3167 postulauit

486 3203 540 3245 nt
569 3210 654 3248 vos
685 3192 903 3245 cribaret
932 3192 1067 3247 velut
1113 3190 1378 3245 triticum:
1425 3206 1519 3259 ego
1549 3196 1718 3242 autem
1766 3188 1941 3260 rogavi
1971 3204 2064 3259 pro

486 3297 553 3357 te,
586 3303 648 3339 ne
677 3284 879 3353 deﬁciat
910 3283 1038 3354 ﬁdes
1068 3291 1157 3337 tua
1178 3298 1197 3337 :
1229 3290 1275 3335 et
1301 3290 1354 3339 tu
1384 3280 1589 3334 tandem
1624 3295 1913 3344 conversus,
1942 3295 2067 3332 con-

488 3382 635 3445 /irma
665 3379 848 3447 fratres
880 3385 1044 3441 tuos;
1101 3383 1157 3430 et
1185 3390 1332 3445 roga,
1374 3390 1437 3426 ne
1484 3373 1685 3426 intretis
1729 3373 1782 3425 in
1833 3372 2068 3425 tentatio-

486 3487 600 3524 nem
628 3468 815 3537 (Ibid.,
847 3465 961 3537 40).
993 3465 1060 3521 Et
1084 3472 1143 3519 ut
1170 3465 1340 3533 magis
1368 3463 1688 3531 probaretur
1719 3462 1947 3523 liberum
1976 3476 2062 3514 ar-

490 3561 710 3615 bitrium
742 3558 875 3615 nihil
908 3572 1067 3624 posse
1089 3557 1205 3612 sine
1232 3554 1402 3626 gratia
1430 3571 1444 3620 ;
1491 3555 1579 3609 cui
1615 3556 1816 3609 dictum
1869 3554 2064 3624 fuerat,

495 3652 755 3721 Conﬁrma
786 3652 967 3722 fratres
997 3656 1133 3717 tuos,
1189 3656 1244 3703 et
1281 3665 1427 3717 roga,
1483 3663 1547 3701 ne
1583 3646 1781 3701 intretis
1811 3646 1866 3699 in
1904 3655 2069 3700 tenta-

489 3746 723 3809 tionem;
779 3741 978 3812 quique
1018 3739 1046 3777 ά
1128 3737 1506 3810 responderat,
1558 3740 1741 3808 utique
1793 3754 1859 3793 ex
1898 3739 2069 3793 libero

493 3834 734 3899 arbitrio,
770 3830 1007 3898 Domine,
1042 3840 1205 3885 tecum
1235 3840 1442 3899 paratus
1471 3847 1586 3885 sum
1613 3841 1662 3885 et
1692 3831 1745 3882 in
1789 3846 2064 3897 carcerem,

490 3936 535 3978 et
564 3926 616 3978 in
648 3935 858 3977 ntortem
888 3923 961 3976 ire
991 3920 1180 3993 (Ibid,
1214 3921 1304 3992 55)
1329 3937 1344 3987 ;
1378 3921 1551 3975 eidem
1585 3922 1894 3989 praedicitur
1922 3925 2069 3993 quod

493 4016 801 4082 priusquam
855 4012 1030 4081 gallus
1081 4017 1290 4077 cantet,
1336 4018 1419 4069 ter
1451 4010 1735 4065 Dominum
1780 4021 2070 4081 negaturus

492 4107 580 4156 sit.
612 4103 765 4169 Quod
798 4102 925 4171 quid
948 4109 1033 4155 est
1054 4099 1196 4155 aliud
1225 4099 1335 4170 9‘.
1364 4115 1521 4169 quam
1552 4101 1696 4169 quod
1737 4102 1790 4155 in
1831 4102 1935 4157 ﬁde
1978 4104 2073 4159 dec

494 4198 729 4251 f.:cturus
752 4193 864 4248 sit?
892 4192 1051 4247 Certe
1073 4200 1360 4261 rogaverat
1392 4206 1487 4260 pro
1512 4206 1578 4246 eo
1602 4191 1859 4247 Dominus
1884 4209 1953 4249 ne
1979 4195 2074 4251 de-

496 4285 677 4339 ficeret
706 4284 837 4338 ﬁdes
882 4282 1091 4355 ipsius:
1143 4296 1242 4337 nec
1275 4282 1473 4351 utique
1513 4281 1715 4342 frustra
1762 4293 2069 4354 rogaverat,

492 4375 644 4445 cuius
668 4390 773 4429 una
801 4383 917 4429 erat
960 4388 1083 4429 cum
1134 4388 1199 4428 eo
1244 4389 1405 4443 quem
1458 4382 1758 4443 rogaverat,
1807 4376 2071 4445 operatio.

497 4467 603 4525 Sed
636 4484 703 4523 ne
748 4468 923 4522 libero
971 4466 1195 4522 arbitrio
1239 4467 1515 4521 videretur
1556 4476 1702 4524 stare
1754 4470 1847 4540 qui
1898 4472 1969 4526 de
2014 4488 2074 4527 se

496 4576 684 4631 magna
712 4559 1061 4628 promiserat.
1104 4556 1431 4628 permittitur
1478 4560 1810 4628 periclitari;
1857 4574 1916 4617 ut
1946 4578 2072 4618 con-

496 4653 764 4705 turbatum
813 4664 874 4705 ac
920 4649 1259 4711 deiicientem
1308 4650 1400 4705 ille
1444 4652 1702 4720 respiciat
1750 4663 1803 4709 et
1846 4655 2071 4722 reficiat,

495 4746 610 4799 sine
637 4758 742 4813 quo
783 4758 943 4798 nemo
974 4744 1238 4808 consistit,
1270 4758 1429 4799 nemo
1454 4746 1716 4813 persistit.

563 4833 695 4891 Cn.
739 4831 832 4890 Π.
863 4833 1039 4889 -12,
1073 4833 1155 4890 Ab
1185 4833 1286 4890 hac
1311 4846 1491 4891 autem
1514 4838 1859 4895 confessione
1884 4842 2070 4911 gratiae

568 5075 594 5105 ⁸
624 5064 724 5119 Ms.
754 5062 879 5127 10L,
913 5078 1025 5131 qua:
1046 5062 1258 5130 fecimus
1289 5081 1401 5117 nos.

565 5137 592 5174 δ
624 5136 723 5190 Ms.
746 5135 876 5199 Joh,
908 5150 972 5187 ea:
996 5134 1135 5187 bonis
1163 5137 1285 5202 facit
1322 5137 1572 5191 meliores.

569 5218 591 5247 ι
622 5206 765 5260 Edit.
800 5205 959 5271 γεω,
990 5219 1079 5273 pro
1111 5220 1190 5257 ea.

498 5350 532 5401 ί
564 5276 591 5314 ά
636 5278 794 5346 Editi,
846 5274 1153 5343 respondit;
1189 5290 1319 5331 mss.
1361 5277 1570 5347 Remig.
1602 5288 1658 5333 et
1684 5279 1818 5346 Jol.,
1859 5298 2072 5353 respon-

538 5358 662 5401 erat.

538 5358 662 5402 erat.

571 5428 593 5454 ο
636 5418 735 5471 Ms.
758 5415 1410 5486 Reuiiigiano-Rcmcnsis,
1436 5418 1766 5486 cogitatione.

573 5487 591 5524 τ
624 5487 782 5547 Editi,
818 5485 1031 5558 Iconiis.
1087 5488 1216 5541 Mss.
1259 5487 1367 5540 duo
1401 5485 1607 5558 lietnig.
1639 5502 1692 5545 et
1718 5491 1850 5557 10].,
1895 5491 2078 5546 Licao-

498 5560 617 5621 niis,
651 5556 995 5610 conl‘ormiter
1017 5572 1172 5611 sacro
1203 5559 1390 5611 textui.

571 5639 595 5675 s
642 5625 847 5694 ltetnig.
874 5626 1064 5694 codex,
1097 5626 1164 5686 Et
1192 5629 1394 5698 quidem
1423 5629 1533 5684 sine
1554 5631 1882 5685 testimonio:
1915 5633 2076 5687 omis-

500 5715 558 5755 Sl:
591 5715 708 5750 που.

571 5768 597 5808 δ
632 5767 794 5837 Editi,
828 5768 984 5821 corda
1014 5782 1207 5823 eorum.
1259 5769 1383 5825 Mss.
1412 5769 1624 5841 Retnig.
1658 5782 1712 5827 et
1759 5773 1892 5842 101.,
1922 5773 2078 5828 corda

2161 1896 2297 1949 vobis
2324 1907 2379 1951 ut
2407 1897 2573 1953 abhis
2602 1898 2742 1951 vanis
2789 1900 3155 1953 convertamini
3202 1900 3271 1953 ad
3323 1900 3488 1954 Deum
3538 1904 3741 1970 vivum,

2160 1989 2247 2057 qui
2276 1989 2396 2055 fecit
2425 1990 2607 2041 caelum
2638 1998 2683 2042 et
2709 1997 2918 2054 terram,
2950 2006 3090 2043 mare
3144 2000 3194 2043 et
3225 1992 3398 2044 omnia
3442 2010 3558 2062 qua:
3586 1996 3639 2047 in
3670 1997 3745 2049 eis

2162 2089 2279 2133 sunt
2302 2096 2319 2143 ;
2346 2081 2432 2149 qui
2456 2081 2512 2134 in
2542 2082 2818 2148 prmteritis
2870 2081 3304 2151 generationibus,
3336 2082 3531 2138 dimisit
3571 2102 3745 2141 omnes

2163 2182 2330 2239 gentes
2360 2172 2555 2242 ingredi
2585 2173 2692 2225 vias
2721 2190 2861 2227 suas.
2898 2172 2962 2226 Et
2991 2174 3197 2243 quidem
3228 2184 3255 2220 8
3300 2191 3405 2228 non
3449 2176 3559 2230 sine
3604 2178 3750 2231 testi-

2163 2263 2335 2317 monio
2364 2264 2687 2331 semetipsum
2715 2265 3023 2335 relinquens,
3057 2264 3379 2336 benefaciens
3406 2268 3498 2329 eis.
3530 2269 3592 2321 de
3621 2270 3749 2324 ctelo

2163 2355 2293 2408 dans
2325 2354 2550 2423 pluviam
2600 2366 2646 2408 et
2676 2366 2906 2424 tempora
2959 2356 3258 2427 fructifera,
3302 2358 3520 2428 impleas
3557 2360 3670 2414 cibo
3699 2369 3750 2415 et

2166 2447 2344 2501 latitia
2374 2444 2403 2483 ιι
2434 2448 2593 2501 corda
2622 2457 2808 2503 vestra.
2841 2447 2975 2504 Cum
3005 2451 3189 2520 utique
3217 2451 3261 2504 si
3286 2450 3368 2505 eis
3398 2452 3481 2507 vel
3527 2464 3750 2508 natura-

2165 2540 2232 2595 lis
2261 2540 2636 2612 intelligentia,
2684 2541 2769 2597 vel
2817 2556 2945 2597 usus
2991 2543 3377 2599 beneﬁciorum
3418 2544 3512 2601 Dei
3550 2546 3617 2601 ad
3648 2562 3749 2602 ca-

2166 2634 2489 2703 pessendam
2519 2636 2680 2688 vitam
2714 2645 2972 2690 aeternam
3004 2635 3253 2691 sufﬁcere
3280 2638 3566 2706 potuisset,
3613 2654 3746 2693 nos-

2167 2734 2253 2780 tro
2282 2725 2445 2780 etiam
2479 2734 2724 2795 tempore
2766 2728 3045 2782 rationalis
3097 2742 3194 2782 nos
3241 2730 3646 2796 contemplatio,
3693 2740 3751 2787 et

2170 2818 2466 2887 temperies
2494 2820 2662 2881 aeris,
2700 2829 2753 2873 et
2777 2818 3007 2874 fructum
3034 2820 3213 2888 cupia,
3263 2820 3613 2889 ciborumque
3636 2823 3749 2877 sal-

2168 2918 2359 2962 varet:
2404 2909 2530 2978 quia
2580 2908 2785 2963 scilicet
2817 2908 3009 2963 melius
3063 2921 3251 2965 natura
3302 2920 3538 2977 utentes,
3586 2913 3752 2967 Crea-

2170 3012 2339 3055 torem
2372 3012 2616 3056 nostrum
2650 3012 2871 3070 promer
2896 3000 3204 3071 quotidiana
3235 3003 3404 3072 ipsius
3424 3002 3567 3057 dona
3596 3004 3750 3060 cole-

2172 3107 2374 3147 remus.

2241 3184 2369 3239 Cu.
2402 3184 2594 3241 Xll.—-
2622 3187 2706 3242 15.
2739 3186 2847 3243 Sed
2888 3187 3027 3242 absit
3079 3188 3148 3242 ab
3199 3188 3392 3243 animis
3439 3190 3647 3254 piorum
3696 3200 3750 3245 et

2168 3274 2369 3329 Christi
2411 3279 2673 3346 sanguine
2748 3280 3151 3345 redemptorum
3206 3279 3367 3333 stulta
3421 3280 3643 3333 nimium
3697 3289 3755 3334 et

2171 3368 2473 3437 perniciosa
2504 3370 2797 3438 persuasio.
2830 3369 3088 3426 Naturam
3133 3371 3425 3426 humanam
3477 3388 3582 3428 non
3616 3372 3630 3411 ί
3687 3373 3755 3427 li-

2171 3460 2320 3513 berat
2349 3467 2497 3513 extra
2528 3477 2695 3514 unum
2729 3461 3079 3516 mediatorem
3107 3463 3200 3517 Dei
3224 3474 3277 3517 et
3304 3464 3602 3532 hominum,
3654 3465 3756 3519 ho-

2172 3551 2370 3605 minem
2398 3552 2669 3607 Christum
2699 3552 2886 3607 Jesum
2915 3554 2958 3621 (l
2982 3554 3121 3608 Tim.
3156 3570 3216 3615 ll,
3250 3555 3306 3623 5)
3340 3572 3355 3620 ;
3388 3557 3506 3612 sine
3536 3556 3625 3611 illo
3653 3572 3752 3611 ne-

2173 3642 2302 3696 mini
2334 3644 2478 3698 salus
2505 3652 2588 3698 est
2617 3644 2757 3716 (Act.
2790 3661 2860 3708 Iv,
2896 3645 3003 3715 12).
3048 3646 3199 3701 Sicut
3242 3647 3353 3713 ipse
3382 3647 3501 3715 fecit
3532 3664 3658 3713 nos,
3703 3656 3758 3701 et

2171 3749 2275 3786 non
2307 3734 2408 3803 ipsi
2436 3750 2527 3788 nos
2554 3734 2726 3805 (Psal.
2754 3737 3002 3806 xcrx,3);
3064 3737 3133 3791 ita
3174 3737 3290 3805 ipse
3337 3739 3351 3787 l
3406 3739 3581 3793 reficit
3630 3755 3752 3806 nos,

2172 3836 2229 3883 et
2254 3844 2357 3881 non
2390 3828 2493 3897 ipsi
2522 3843 2640 3881 nos.
2672 3827 2750 3883 Ac
2780 3844 2848 3883 ne
2873 3829 2973 3883 sibi
2996 3828 3222 3883 facultas
3248 3829 3486 3883 hominis
3516 3831 3753 3899 pretium

2173 3920 2536 3989 reparationis
2568 3919 2752 3989 huius,
2781 3921 2866 3975 vel
2894 3929 3016 3989 post
3058 3921 3452 3976 restitutionem
3502 3923 3606 3981 sui.
3658 3938 3758 3990 per

2173 4025 2341 4079 opera
2372 4011 2647 4066 videretur
2681 4011 2908 4080 iustitia:
2936 4028 3226 4081 repensare
3256 4028 3270 4078 ;
3312 4013 3613 4067 elfuderunt
3644 4016 3758 4087 95

2173 4116 2235 4156 se
2261 4102 2462 4157 divitiae
2486 4102 2743 4157 bonitatis
2767 4104 2861 4158 Dei
2894 4104 2948 4158 in
2981 4105 3095 4172 ipsa
3125 4105 3481 4174 quorumdam
3523 4106 3755 4172 primor-

2174 4193 2262 4248 dia
2293 4196 2635 4263 parvulorum
2665 4211 2679 4261 ;
2713 4197 2762 4248 in
2790 4195 2982 4264 quibus
3020 4210 3121 4250 nec
3170 4196 3480 4267 prmcedens
3518 4196 3756 4263 eligitur,

2175 4302 2274 4344 nec
2302 4297 2553 4341 secutura
2578 4286 2824 4351 devotio;
2858 4301 2963 4340 non
2991 4286 3318 4348 obedientia.
3349 4303 3455 4341 non
3478 4287 3756 4350 discretio,

2178 4394 2283 4434 non
2320 4379 2589 4433 voluntas.
2624 4379 2697 4433 De
2721 4378 2803 4433 his
2829 4380 2975 4433 enim
3008 4379 3202 4450 loquor
3232 4380 3323 4449 qui
3363 4395 3489 4434 mox
3540 4390 3600 4434 ut
3644 4384 3756 4432 nati

2182 4480 2307 4526 sunt
2346 4480 2723 4536 renascuntur,
2751 4481 2804 4525 et
2833 4470 2974 4538 rapti
3001 4470 3069 4524 ab
3101 4470 3201 4524 hac
3225 4470 3335 4525 vita
3360 4480 3580 4525 relernre
3635 4471 3762 4524 bca-

2182 4563 2395 4618 titudini
2421 4563 2744 4633 deputantur
2772 4578 2790 4624 ;
2819 4576 2941 4615 cum
2972 4572 3148 4615 tamen
3181 4559 3589 4615 innumerabilis
3621 4559 3762 4611 mul-

2182 4657 2380 4722 titndo,
2414 4655 2654 4725 ejtndem
2681 4662 2906 4718 naturae,
2938 4652 3181 4721 ejusdem
3223 4650 3551 4705 conditionis
3582 4650 3760 4703 infan-

2181 4753 2338 4811 tinm,
2371 4750 2489 4803 sine
2530 4745 2941 4813 regeneratione
2997 4744 3245 4810 decedat,
3278 4743 3345 4798 de
3375 4757 3477 4811 qua
3530 4739 3760 4795 dubitari

2179 4860 2289 4901 non
2321 4849 2500 4912 pctest
2524 4838 2666 4910 quod
2695 4845 2906 4907 partem
2940 4836 2993 4890 in
3022 4835 3116 4890 Dei
3149 4834 3367 4890 civitate
3408 4847 3514 4887 non
3544 4830 3759 4884 habeat.

2177 5080 2364 5193 “sini:
2394 5152 2498 5192 ms.
2531 5135 2636 5189 Jol.
2666 5137 2745 5187 sic
2772 5133 2923 5187 locus
2967 5135 3067 5185 iste
3112 5130 3309 5201 legitur
3337 5144 3361 5201 τί
3389 5126 3495 5182 Sed
3540 5126 3672 5181 absit
3699 5127 3767 5201 ab

2179 5212 2364 5263 animis
2394 5209 2615 5277 piorum.
2646 5203 2823 5258 Stulta
2851 5203 3064 5277 nimium
3096 5198 3455 5277 eLtIerniriosa
3500 5198 3765 5277 persuasio

2186 5269 2423 5333 naturam
2452 5279 2726 5329 humanam
2752 5291 2852 5327 non
2883 5274 3080 5326 liberat.
3117 5270 3284 5326 Extra
3312 5286 3471 5323 unum
3507 5269 3763 5321 mediato-

2179 5366 2365 5404 rent..
2404 5389 2417 5402 .
2467 5348 2655 5400 nemini
2685 5354 2757 5397 est
2812 5343 2971 5398 salus.
3018 5344 3328 5409 Desuntqne
3395 5339 3468 5393 ibi
3516 5338 3767 5409 bardum

2181 5435 2363 5484 voces,
2395 5419 2500 5471 sine
2522 5416 2647 5468 illo:
2676 5427 2729 5466 nt
2760 5424 2816 5468 et
2838 5418 2889 5468 in
2921 5430 3022 5467 ms.
3066 5408 3278 5480 Remig.
3339 5413 3438 5484 qui
3483 5410 3560 5462 sic
3587 5408 3764 5461 locum

2187 5491 2329 5544 hunc
2352 5479 2590 5547 exhibet,
2618 5486 2876 5539 Naturam
2908 5485 3182 5538 humanam
3212 5479 3393 5533 natura
3419 5479 3646 5533 humana
3665 5493 3767 5529 non

2187 5561 2365 5613 liberat
2394 5576 2412 5613 :
2442 5566 2582 5612 extra
2612 5573 2768 5609 unum
2801 5556 3126 5607 mediatorem
3156 5553 3250 5604 ltei
3280 5560 3327 5604 et
3372 5549 3636 5603 hominum
3677 5548 3769 5600 Ito-

2188 5633 2371 5684 minem
2406 5627 2667 5682 Christum
2694 5625 2891 5689 Iesum,
2929 5625 3119 5677 nemini
3149 5622 3287 5676 salus
3315 5628 3411 5673 est.

2263 5701 2276 5750 i
2321 5700 2416 5754 Ms.
2448 5698 2655 5766 Remig.
2704 5706 2761 5767 et
2807 5688 2937 5767 edit.
2984 5694 3141 5767 Ven,
3188 5691 3365 5760 refecit
3416 5688 3626 5767 nos._ln_
3663 5703 3765 5741 ms.

2188 5771 2289 5828 Jol.
2324 5771 2519 5826 desunt
2547 5760 2695 5823 hanc:
2732 5763 2815 5819 Ita
2841 5766 2949 5835 ipse
2979 5764 3139 5832 reﬁcit
3168 5778 3280 5829 nos,
3312 5774 3357 5815 et
3401 5776 3501 5813 non
3526 5760 3626 5830 ipsi
3654 5775 3747 5812 nos
