4088 6176
314 310 386 366 83
1548 311 1880 367 EPISTULA
1922 310 2010 362 AD
2050 307 2377 364 RUFINUM.
3513 310 3583 362 Eli

385 427 512 483 Car.
544 428 787 484 Xlll.——l
808 431 851 484 ι.
884 429 947 484 Et
981 430 1067 483 ιιιιί
1098 439 1179 483 est
1207 429 1330 483 illud
1362 428 1506 497 quod
1549 428 1703 483 nobis
1744 426 1894 496 quasi
1924 428 1973 484 Α
2003 439 2145 491 rum,
2178 424 2223 477 si
2248 425 2389 477 inter
2427 424 2539 491 ipsa
2562 424 2897 491 evangelica:
2922 422 3579 492 prccdieationisesordia,

311 524 643 577 contrarium
659 538 687 577 a
707 540 811 578 non
838 524 1263 593 intelligentibus
1294 537 1507 591 semper
1528 521 1817 590 opponitur
1845 528 1894 587 ⁸,

312 617 455 683 quod
489 614 629 670 Deus
655 632 826 668 omnes
854 616 1083 669 homines
1113 617 1231 667 velit
1260 616 1427 668 salvos
1455 614 1589 683 ﬁeri,
1621 624 1670 665 et
1698 612 1765 664 ad
1800 628 1897 683 ag-

312 708 561 761 nitionem
587 707 818 760 veritatis
850 707 1021 759 venire
1044 706 1083 776 (I
1117 706 1247 759 Tim.
1278 722 1340 773 ιι,
1372 703 1471 775 4)ι
1502 704 1764 774 Numquid
1794 718 1898 756 non

2001 532 2107 572 non
2142 527 2390 585 poterant
2420 520 2497 573 ire
2548 518 2772 587 apostoli
2807 518 2907 572 nisi
2937 536 3045 588 quo
3084 535 3177 573 eos
3227 519 3456 587 Spiritus
3486 520 3581 574 Dei

2001 610 2081 663 ire
2108 608 2370 663 voluisset
2395 624 2409 673 ;
2443 622 2563 661 cum
2591 608 2865 662 videamus
2894 609 3179 679 plerasque
3202 619 3392 679 gentes
3424 611 3584 663 modo

2005 698 2231 769 primum
2264 698 2587 753 Christiana:
2628 702 2814 769 gratia:
2847 697 2866 737 ί
2922 701 3036 754 fieri
3074 702 3309 768 coepisse
3361 702 3583 770 partici-

312 807 441 851 sunt
471 798 538 851 de
568 797 818 850 omnibus
850 798 1157 850 hominibus
1188 796 1277 864 qui
1304 811 1334 850 a
1360 796 1648 863 prmtcrilis
1673 809 1899 863 genera-
1952 793 2118 859 .pes,
2150 792 2287 847 alias
2314 802 2489 847 autem
2516 792 2723 846 nullum
2755 793 2930 847 adhuc
2976 795 3196 849 odorem
3255 795 3381 849 boni
3430 798 3585 851 istius

314 891 561 944 tionibus
594 904 765 957 usque
788 889 842 941 in
876 890 976 942 hoc
1023 898 1233 956 tempus
1282 889 1398 942 sine
1440 888 1532 942 Dei
1592 889 1901 957 cognitione

314 980 652 1048 perierunt?
686 979 752 1034 Et
780 980 824 1032 si
865 980 1161 1048 majoribus
1201 992 1326 1034 natu
1384 979 1548 1052 (quod
1602 995 1706 1034 non
1757 990 1902 1034 recte

314 1070 539 1143 dicitur)
564 1073 701 1127 mala
732 1089 892 1141 Opera
925 1090 1045 1144 qua:
1072 1074 1243 1129 libero
1272 1075 1490 1130 arbitrio
1519 1080 1904 1129 commiserant

316 1164 638 1231 obfuerunt,
672 1166 825 1235 quasi
856 1165 1007 1228 boni,
1041 1181 1147 1221 non
1188 1168 1311 1221 mali
1361 1171 1531 1237 gratia
1580 1169 1900 1236 liberemur,

315 1255 464 1308 inter
505 1256 746 1309 salvatos
797 1256 1055 1325 parvulos
1103 1268 1156 1311 et
1213 1274 1317 1311 non
1366 1258 1598 1313 salveto:
1630 1262 1900 1328 parvulos,

315 1362 441 1415 qua:
477 1349 793 1401 meritorum
837 1348 1004 1415 potuit
1030 1363 1153 1403 esse
1178 1349 1480 1405 discretio?
1508 1350 1633 1421 quid
1668 1353 1801 1405 istos
1825 1353 1905 1405 in-

318 1440 560 1493 troduxit
588 1438 641 1492 in
676 1454 895 1508 regnum
930 1439 1065 1494 Dei?
1095 1441 1224 1509 quid
1275 1440 1410 1494 istos
1454 1442 1683 1496 exclusit
1726 1458 1755 1495 a
1811 1442 1902 1495 Dei

316 1530 525 1598 regno?
562 1528 823 1598 Equidem
855 1528 880 1566 δ
909 1531 954 1583 si
984 1531 1238 1584 meritum
1267 1531 1600 1596 consideres,
1644 1548 1749 1587 non
1796 1548 1903 1587 una

314 1632 445 1685 pars
486 1620 688 1673 salvari
742 1619 961 1685 meruit,
1016 1620 1110 1675 sed
1167 1630 1391 1688 utraque
1444 1621 1733 1676 damnari:
1779 1626 1903 1692 quia

314 1713 575 1767 Omnibus
641 1712 693 1763 in
748 1711 879 1765 Adae
928 1712 1377 1780 przevaricaliune
1422 1718 1748 1784 prostratis,
1804 1716 1904 1771 nisi

2005 882 2247 952 attigisse
2264 883 2287 935 l

2074 971 2203 1026 CAP.
2238 972 2523 1031 XV.—-18.
2578 976 2659 1030 Au
2708 977 2994 1031 dicendum
3037 987 3137 1042 est,
3174 980 3435 1033 voluntati
3489 978 3585 1035 Dei

2007 1064 2268 1121 humanas
2291 1068 2559 1123 obsistere
2592 1071 2916 1133 Voluntatis,
2946 1082 3002 1124 et
3036 1084 3139 1124 tam
3186 1073 3329 1124 lerns
3371 1082 3587 1142 tamque

2006 1158 2372 1212 intractaltiles
2404 1158 2593 1213 horum
2619 1160 2893 1214 hominum
2925 1176 3043 1217 esse
3076 1177 3276 1225 mores,
3316 1172 3373 1216 ut
3404 1165 3579 1217 Evan-

2006 1248 2203 1317 getiam
2231 1247 2354 1302 ideo
2398 1265 2505 1303 non
2554 1250 2793 1311 audiant.
2846 1256 2970 1322 quia
3022 1254 3387 1321 prtedicationi
3424 1256 3585 1323 impia

2009 1339 2169 1391 corda
2200 1355 2303 1391 nun
2335 1342 2599 1408 pateant?
2647 1351 2670 1388 ε
2707 1343 2769 1395 Et
2806 1345 2925 1412 quis
2968 1344 3084 1399 istis
3127 1346 3289 1400 corda
3339 1348 3586 1411 mutavit,

2010 1428 2112 1481 nisi
2144 1432 2229 1497 qui
2263 1431 2413 1497 ﬁnxit
2461 1432 2766 1501 singillatim
2805 1434 2962 1487 corda
3003 1451 3180 1487 eorum
3212 1435 3383 1505 (Psal.
3414 1452 3583 1501 sum,

2012 1520 2102 1590 15)
2130 1522 2153 1574 Ῡ
2182 1522 2310 1585 Quis
2341 1521 2499 1592 hujus
2536 1525 2730 1593 rigoris
2762 1525 3010 1579 duritiem
3040 1526 3106 1579 ad
3133 1527 3423 1581 obediendi
3456 1530 3587 1581 mutva

2010 1612 2129 1667 livit
2154 1614 2427 1679 all'eCtum,
2462 1616 2563 1670 nisi
2594 1618 2682 1684 qui
2716 1630 2890 1685 potens
2910 1629 2982 1672 est
3005 1620 3067 1674 de
3092 1621 3350 1692 lapidibus
3372 1622 3587 1676 Abrahae

2008 1705 2145 1772 ﬁlios
2176 1706 2635 1776 excitarewatth.
2665 1724 2740 1772 tu,
2769 1709 2874 1778 9)?
2933 1710 2999 1763 Et
3026 1712 3148 1780 quis
3202 1712 3351 1767 dabit
3398 1716 3586 1783 pra-di~

314 1803 582 1872 qnnsdam
616 1812 921 1857 assumeret
950 1804 1261 1859 misericors
1284 1807 1479 1875 gratia,
1522 1819 1764 1863 maneret
1809 1826 1897 1864 su-
1937 1799 1979 1858 Β
2008 1798 2253 1853 οθηιῖδυε
2297 1800 2615 1866 ίηιΐενίάθῐη
2673 1802 3003 1871 ίιιιυεθιησιυο
3048 1806 3427 1873 consumam,
3486 1809 3587 1864 ηῖεί

315 1910 412 1963 per
445 1895 731 1948 universos
761 1895 1028 1963 inculpata
1057 1896 1286 1963 justitia.
1319 1898 1449 1964 Quae
1479 1911 1657 1953 autem
1691 1903 1760 1955 sit
1790 1901 1901 1955 dis-

315 1986 584 2041 cretionis
614 1986 768 2039 iStius
796 1985 846 2039 in
879 1997 1091 2041 secreto
1117 1987 1345 2042 consilio
1375 1988 1467 2043 Dei
1505 2003 1665 2045 causa
1704 1992 1791 2046 vel
1822 2008 1905 2046 ra-

316 2079 416 2135 tio.
440 2086 496 2130 et
523 2091 688 2145 supra
717 2076 1023 2132 facultatem
1054 2080 1300 2134 humanae
1322 2081 1646 2150 cognitionis
1680 2084 1907 2153 inquiri-

316 2178 423 2236 tur,
450 2178 505 2223 et
540 2172 661 2223 sine
693 2167 814 2223 fidei
845 2168 1207 2225 diminutione
1238 2173 1513 2226 nescitur:
1549 2172 1707 2227 modo
1736 2174 1903 2228 conli-

317 2271 532 2316 teamur
572 2260 849 2315 neminem
874 2261 1145 2315 immerito
1190 2262 1363 2331 perdi,
1412 2266 1683 2319 neminem
1714 2266 1906 2320 merito

316 2350 568 2417 liberari,
612 2360 665 2406 et
711 2351 1293 2422 omnipotentissimam
1344 2354 1553 2409 Domini
1612 2355 1905 2411 bonitatem

317 2458 511 2499 omnes
540 2444 775 2510 salvare,
817 2454 872 2499 et
921 2458 1113 2500 omnes
1166 2446 1233 2499 ad
1280 2448 1608 2516 agnitionem
1666 2450 1907 2505 veritatis

316 2534 587 2599 imbuere,
621 2550 757 2605 quos
786 2537 891 2589 vult
915 2552 1090 2590 omnes
1113 2537 1232 2605 fieri
1254 2539 1443 2603 salvos,
1482 2548 1531 2592 et
1563 2539 1634 2592 ad
1686 2540 1909 2610 agnitio-

316 2645 435 2682 nem
462 2628 696 2681 veritatis
717 2628 903 2682 venire.
928 2627 1045 2682 Nisi
1072 2629 1217 2684 enim
1240 2628 1357 2699 ipso
1384 2639 1631 2697 vocante,
1655 2631 1903 2698 docente,

315 2719 588 2785 salvante,
616 2732 776 2772 nemo
806 2718 974 2786 venit,
1023 2733 1183 2773 nemo
1214 2718 1479 2787 eruditur,
1532 2736 1692 2776 nemo
1734 2722 1907 2778 salva-

318 2824 427 2865 tur.
463 2811 600 2879 Quia
637 2810 737 2865 etsi
792 2810 1164 2866 indiﬂ‘erenler
1207 2812 1456 2867 omnibus
1490 2812 1793 2869 hominibus
1816 2816 1905 2885 ju-

322 2904 519 2957 bentur
540 2901 839 2971 praedicare
868 2902 1140 2968 doctores,
1171 2915 1227 2959 et
1270 2919 1454 2959 semen
1503 2905 1653 2961 verbi
1707 2906 1909 2975 ubique

323 2996 628 3061 disserere;
689 3002 869 3050 tamen
918 3011 1080 3066 neque
1124 2996 1213 3066 qui
1242 2994 1461 3065 plantat,
1494 3013 1654 3067 neque
1695 2999 1783 3068 qui
1831 2999 1906 3051 ri-

322 3094 405 3157 gat
469 3093 547 3138 est
614 3085 855 3155 aliquid,
898 3085 988 3139 sed
1036 3086 1125 3154 qui
1180 3086 1545 3140 incrementum
1611 3087 1702 3141 dat
1770 3087 1908 3141 Deus

326 3180 368 3249 (~l
398 3178 521 3235 Cor.
555 3194 635 3241 tu,
664 3179 739 3243 7).

390 3269 520 3324 Ωιι).
578 3268 808 3323 XlV.—
852 3269 941 3325 15.
1005 3270 1154 3326 Unde
1201 3286 1321 3326 cum
1374 3273 1601 3341 apostoli
1650 3274 1905 3343 gentibus

325 3360 675 3431 Evangelium
706 3360 1005 3431 praedicare
1023 3363 1337 3431 cmpissent,
1360 3363 1427 3419 de
1480 3376 1630 3433 parte
1671 3364 1902 3435 quadam

322 3467 509 3507 eorum
564 3452 656 3520 qui
683 3451 986 3519 audierant,
1024 3453 1300 3524 Scriptura
1356 3465 1765 3521 commemorat,
1817 3457 1902 3511 di-

321 3557 471 3605 cens,
503 3543 781 3597 Audientes
834 3553 1003 3597 autem
1031 3554 1200 3615 gentes
1230 3546 1418 3617 gavisa
1439 3558 1578 3613 sunt,
1630 3559 1677 3603 et
1706 3550 1904 3619 glorifi-

322 3633 504 3687 cabunt
561 3644 586 3672 ⁸
637 3634 844 3687 verbum
897 3633 1134 3703 Domini,
1188 3648 1235 3691 et
1278 3639 1607 3692 crediderunt
1656 3650 1902 3710 quotquot

321 3738 462 3781 erant
493 3728 832 3797 praordinati
866 3729 935 3781 ad
970 3730 1125 3783 vitam
1164 3739 1405 3785 (sternam
1464 3733 1598 3802 (Act.
1634 3749 1750 3799 sui,
1782 3734 1898 3801 48).

322 3818 385 3871 Ει
421 3818 575 3883 alibi,
608 3833 729 3873 cum
764 3818 944 3874 multa:
970 3820 1225 3875 mulieres
1249 3822 1497 3878 audirent
1540 3821 1759 3877 Paulum
1806 3824 1904 3877 do-

318 3922 561 3964 centem:
598 3909 867 3977 Quadam,
901 3912 1091 3981 inquit,
1120 3911 1306 3967 mulier
1328 3915 1533 3969 nomine
1561 3913 1747 3985 Lydia,
1780 3932 1903 3986 pur-

320 4004 533 4068 puraria
563 4004 777 4057 civitatis
806 4000 833 4039 δ
868 4002 1217 4074 Tyatirorum,
1249 4007 1417 4061 colens
1464 4006 1645 4074 Deum,
1680 4009 1899 4075 audivit,

317 4097 468 4163 cujus
498 4092 750 4146 Dominus
779 4095 979 4161 aperuit
1009 4110 1097 4147 cur
1126 4102 1179 4148 ut
1206 4096 1490 4150 intenderet
1518 4096 1596 4150 his
1626 4114 1739 4166 quae
1765 4098 1904 4152 dice-

319 4187 559 4238 bantura
592 4182 761 4239 Paulo
796 4184 933 4254 (Act.
968 4200 1081 4250 xvt,
1122 4185 1234 4257 14).
1283 4189 1351 4243 Et
1402 4204 1617 4245 rursum
1665 4206 1730 4245 eo
1786 4192 1902 4260 ipso

317 4287 582 4347 tempore,
609 4291 716 4347 quo
747 4278 857 4350 96
880 4279 944 4333 ad
978 4294 1170 4336 omnes
1192 4290 1375 4351 gentes
1392 4283 1702 4352 praedicatio
1728 4283 1903 4339 Evan-

315 4370 439 4436 gelii
473 4369 807 4436 mittebatur,
838 4372 1085 4439 quadam
1107 4373 1222 4428 loca
1258 4383 1282 4411 ⁸
1310 4373 1556 4443 Apostoli
1596 4375 1744 4430 adire
1775 4392 1899 4443 pro-

316 4464 570 4517 hibentur
591 4463 657 4517 ab
680 4478 743 4517 eo
764 4464 851 4532 qui
882 4467 988 4517 vult
1018 4481 1189 4520 onmes
1218 4464 1448 4521 homines
1486 4468 1655 4521 saltos
1706 4468 1823 4535 ﬁeri
1850 4476 1898 4522 et

2005 1889 2099 1945 ille
2128 1892 2217 1960 qui
2244 1892 2318 1946 ait
2339 1892 2523 1961 Paulo,
2558 1892 2683 1947 Noli
2711 1894 2907 1959 timere,
2937 1899 3027 1949 sed
3052 1896 3276 1966 loquere,
3331 1911 3377 1953 et
3418 1917 3483 1954 ne
3509 1908 3589 1954 ta-

2006 2000 2118 2038 ceas
2142 2002 2160 2049 ;
2193 1995 2399 2055 propter
2426 1988 2565 2054 quod
2604 2004 2697 2057 ego
2726 2004 2841 2042 sum
2871 1997 3057 2053 tecum,
3084 2000 3133 2044 et
3182 2007 3327 2045 nemo
3354 2009 3585 2062 appone-

2008 2085 2091 2130 tur
2118 2076 2207 2130 tibi
2234 2088 2290 2131 ut
2322 2088 2498 2132 noceat
2529 2088 2594 2143 te,
2625 2080 2866 2147 quoniam
2898 2081 3115 2149 papulas
3142 2091 3212 2136 est
3246 2082 3370 2135 mihi
3400 2084 3588 2139 multus

2006 2168 2059 2221 in
2090 2168 2188 2222 hac
2216 2169 2417 2223 civitate
2443 2170 2577 2239 (Act.
2598 2186 2748 2235 xvm,
2777 2172 2833 2239 9)
2856 2171 2879 2224 ἲ
2906 2172 3041 2225 Ριιῑο
3067 2183 3243 2227 autem
3271 2175 3408 2243 quntl
3432 2192 3589 2227 nemo

2009 2260 2204 2316 audeat
2230 2260 2417 2317 dicere
2470 2262 2639 2317 ullam
2696 2262 2880 2316 mundi
2926 2274 3161 2331 gentem,
3215 2265 3378 2319 ullam
3432 2275 3590 2321 terrze

2007 2351 2518 2420 praetermittendam
2561 2368 2681 2409 esse
2712 2354 3018 2424 regionem,
3052 2355 3104 2409 iu
3160 2371 3261 2427 qua
3314 2373 3419 2410 non
3481 2361 3589 2414 sint

2009 2444 2267 2501 Ecclesia:
2291 2446 2631 2513 tabernacula
2664 2448 2961 2515 dilatanda,
2984 2448 3197 2505 dicente
3226 2450 3338 2505 Dco
3386 2452 3452 2506 ad
3497 2452 3588 2507 Fi-

2009 2537 2158 2603 lium,
2207 2537 2419 2593 Postulo
2446 2556 2477 2591 a
2527 2556 2623 2599 me,
2676 2550 2723 2592 et
2755 2541 2887 2593 dabo
2914 2542 3003 2593 tibi
3030 2553 3205 2612 gentes
3235 2542 3588 2597 hmreditatem

2008 2640 2171 2697 tuam,
2198 2641 2244 2685 et
2269 2632 2636 2700 possessionem
2664 2640 2807 2685 tuam
2838 2634 3076 2687 terminos
3121 2642 3272 2688 terra
3302 2634 3471 2707 (Psal.
3527 2651 3586 2698 ιι,

2010 2721 2105 2793 8);
2134 2732 2188 2777 et
2209 2724 2425 2789 iterum,
2458 2724 2870 2780 Reminiscentur
2896 2734 2942 2778 et
2988 2734 3343 2779 convertentur
3382 2728 3449 2779 ad
3483 2727 3588 2780 Do-
3628 2715 3634 2721 ’

2008 2817 2207 2869 minam
2232 2816 2457 2869 universi
2480 2816 2607 2885 ﬁnes
2634 2826 2801 2881 terrae,
2832 2826 2880 2871 et
2910 2816 3197 2871 adorabunt
3236 2818 3289 2871 in
3318 2829 3587 2889 conspectu

2010 2909 2121 2977 ejus
2150 2922 2321 2960 omnes
2347 2906 2528 2975 patria:
2554 2906 2783 2976 gentium
2827 2905 3001 2975 (Psal.
3033 2921 3145 2972 xxI,
3193 2905 3287 2977 28)
3314 2924 3327 2960 :
3374 2907 3588 2963 dicente

2010 3012 2225 3068 quoque
2253 2998 2374 3067 ipso
2403 2995 2653 3063 Domino,
2682 2995 3063 3051 Prwdicabilur
3117 2998 3213 3051 hoc
3252 2999 3588 3070 Evangetium

2011 3089 2065 3144 in
2092 3089 2326 3143 universo
2352 3090 2567 3151 mundo.
2595 3090 2649 3142 in
2671 3090 3014 3143 testimonium
3053 3090 3285 3143 omnibus
3333 3092 3586 3161 gentibus,

1933 3170 1979 3234 C
2010 3190 2056 3233 et
2085 3189 2202 3234 tunc
2226 3179 2387 3234 veniet
2409 3179 2903 3248 ﬁnis(Matth.sstv,
2936 3178 3047 3250 l4).
3072 3181 3433 3249 Quaecumque
3458 3196 3588 3252 ergo

2006 3280 2196 3340 gentes
2219 3269 2456 3325 nondum
2501 3271 2809 3335 audierunt,
2854 3270 3073 3325 audient
3112 3270 3499 3342 Evangelium,
3531 3279 3587 3327 et

2006 3363 2228 3419 credent
2254 3370 2498 3434 quotquot
2514 3378 2576 3416 ex
2592 3362 2664 3416 eis
2690 3363 3018 3433 prteordinati
3045 3374 3162 3416 sunt
3182 3363 3233 3417 in
3265 3364 3421 3417 vitam
3440 3373 3587 3417 teter-

2006 3474 2125 3512 nam
2154 3457 2291 3527 (Act.
2317 3471 2434 3522 xm,
2466 3454 2583 3526 ιε).
2611 3455 2724 3510 Non
2750 3455 2892 3510 enim
2922 3457 3009 3511 alii
3040 3456 3255 3511 venient
3282 3457 3334 3510 in
3366 3470 3586 3511 consor-

2007 3551 2137 3604 tium
2178 3548 2514 3604 baareditatis
2542 3547 2764 3613 Christi,
2796 3563 2953 3618 quam
2981 3549 3069 3618 qui
3096 3558 3220 3604 ante
3248 3550 3585 3604 constitutio-

2006 3656 2127 3695 nem
2150 3640 2332 3694 mundi
2358 3640 2517 3695 electi
2548 3648 2689 3700 sunt,
2738 3648 2794 3695 et
2839 3640 3205 3709 praedestinati
3259 3650 3419 3712 atque
3448 3655 3585 3709 prae-

2005 3733 2145 3798 sciti,
2178 3732 2457 3787 secundum
2486 3732 2802 3802 propositum
2838 3734 2949 3801 ejus
2991 3734 3080 3803 qui
3124 3734 3294 3787 omnia
3342 3744 3583 3804 aperatur

2002 3821 2279 3876 secundum
2306 3820 2583 3875 consilium
2604 3819 2880 3874 voluntatis
2908 3835 3018 3875 sua
3046 3820 3262 3890 (Ephes.
3293 3836 3332 3888 ι,
3367 3822 3474 3891 l'l').

2073 3913 2202 3969 Car.
2228 3912 2534 3969 χιι-ιι.
2560 3910 2932 3968 Conﬁteamur
2962 3914 3122 3984 igitur
3151 3928 3315 3983 opera
3346 3914 3575 3979 Domini,

2005 4015 2057 4059 et
2084 4004 2453 4075 gloriﬁcemus
2475 4003 2881 4059 misericordias
2917 4003 3055 4074 ejus,
3104 4018 3203 4060 nec
3239 4004 3583 4073 impatienter

2004 4097 2241 4151 feramus
2270 4095 2409 4166 quod
2441 4110 2560 4165 qua?
2585 4102 2677 4148 aut
2729 4105 2926 4165 quanta
2980 4096 3091 4150 sint
3131 4094 3413 4152 electionis
3453 4107 3580 4150 vos.

2004 4203 2108 4241 non
2133 4188 2400 4241 novimus.
2421 4186 2555 4254 Quia
2574 4194 2628 4241 et
2648 4186 2699 4240 in
2726 4187 3086 4241 anterioribus
3114 4187 3346 4251 seaculis,
3366 4187 3583 4256 quando

2001 4280 2069 4336 de
2096 4281 2204 4352 97
2238 4282 2392 4337 unius
2418 4279 2595 4349 gentis
2627 4280 2825 4349 populo
2866 4279 3169 4347 dicebatur,
3205 4280 3374 4335 Notus
3403 4282 3455 4335 in
3484 4280 3583 4335 Ju-

2002 4374 2116 4427 dwa
2150 4373 2304 4436 Deus,
2324 4373 2378 4425 in
2407 4370 2576 4427 Israel
2606 4388 2846 4443 magnum
2871 4388 3053 4426 nomen
3083 4375 3193 4444 ejus
3224 4371 3396 4443 (Psal.
3416 4389 3581 4437 Lxxv.

2003 4467 2059 4535 2)
2090 4482 2103 4531 ;
2136 4467 2309 4520 lutura
2333 4465 2568 4535 gentium
2624 4463 2825 4518 latebat
2879 4464 3109 4529 electio;
3160 4473 3214 4519 et
3244 4466 3581 4534 postmodum

316 4557 377 4606 ad
397 4555 711 4623 agnitionem
732 4556 960 4609 veritatis
986 4557 1156 4611 venire
1177 4572 1197 4611 :
1239 4558 1425 4613 multis
1470 4559 1653 4630 utique
1705 4559 1758 4613 in
1804 4559 1895 4613 illa
1924 4539 1976 4598 Ῑ)
2002 4556 2233 4612 innotuit
2259 4555 2401 4625 quod
2433 4554 2727 4609 revelatum
2756 4562 2879 4609 ante
2923 4569 3028 4609 non
3059 4555 3229 4610 fuerat
3261 4572 3274 4609 :
3316 4556 3453 4611 sicut
3498 4558 3581 4611 di-

316 4644 604 4698 retardatis
625 4654 783 4711 atque
804 4646 1010 4700 aversis
1036 4644 1219 4719 [Forte
1246 4648 1498 4703 retardati
1527 4658 1687 4718 atque
1735 4663 1895 4703 aver-

315 4734 379 4803 sil
410 4735 687 4803 Evangelii
736 4750 907 4805 mora,
940 4738 1059 4792 sine
1094 4738 1369 4806 agnitione
1408 4740 1654 4795 veritatis
1700 4752 1752 4795 et
1780 4742 1899 4795 sine

317 4826 745 4892 rt-generationis
784 4829 1192 4883 consecratione
1240 4830 1541 4885 morituris.
1588 4831 1739 4885 Dicat
1766 4846 1896 4901 ergo

312 4917 582 4983 Scriptura
606 4916 750 4986 quod
777 4929 988 4986 geStum
1018 4928 1136 4972 est:
1171 4917 1516 4975 Transeuntes
1565 4933 1759 4986 autem,
1813 4923 1896 4976 in-

314 5007 444 5073 quit,
485 5003 771 5077 Phrygiam
815 5015 862 5060 et
911 5007 1135 5063 Galatia:
1183 5011 1466 5081 regionem,
1519 5014 1661 5067 vetiti
1706 5025 1824 5068 sunt
1860 5034 1894 5070 a

312 5107 488 5151 sancto
520 5097 722 5169 Spiritu
749 5100 887 5169 loqui
933 5101 1135 5155 verbum
1185 5104 1239 5155 in
1296 5103 1437 5157 Asia.
1470 5103 1600 5157 Cum
1638 5106 1893 5161 venissent

312 5200 477 5243 autem
504 5191 559 5243 in
590 5190 837 5261 Mysiam,
869 5196 1130 5247 tentabant
1160 5196 1232 5249 ire
1254 5196 1306 5248 in
1335 5194 1653 5267 Bithyniam,
1688 5208 1735 5251 et
1784 5216 1890 5254 non

314 5284 536 5350 permisit
564 5283 680 5338 illos
708 5284 935 5357 Spiritus
962 5284 1089 5341 Iesu
1118 5287 1334 5360 (Ibid.).
1381 5291 1520 5358 Quid
1570 5303 1749 5348 autem
1780 5296 1884 5348 mi-

380 5472 405 5543 f
438 5463 534 5517 Ms.
560 5462 691 5543 Jul.,
725 5467 1004 5543 opponitur
1036 5468 1099 5522 de
1140 5486 1198 5524 eo
1224 5470 1361 5541 quod
1392 5472 1639 5541 scriptum
1666 5481 1764 5541 est,
1797 5474 1885 5543 qui

310 5534 414 5586 vult
445 5550 619 5586 omnes
649 5535 894 5599 homines,
925 5545 1029 5594 etc.

379 5603 406 5641 δ
438 5604 538 5657 Ms.
570 5603 701 5667 10L,
731 5606 774 5657 si
804 5610 1096 5660 meritorum
1118 5608 1308 5661 donum
1338 5612 1652 5667 consideres.

316 5744 358 5794 υ
384 5685 403 5710 ο
443 5674 602 5755 [Σιμοί.
636 5675 839 5727 verbi-im
871 5677 977 5729 Dei.
1016 5679 1137 5731 Mss.
1185 5679 1312 5733 Rem
1336 5696 1389 5749 ς.
1424 5691 1476 5735 ct
1508 5682 1639 5751 Jol.,
1683 5684 1886 5738 verbum

362 5760 536 5794 unum.

362 5760 536 5799 omnis.

2002 4650 2077 4703 cit
2104 4648 2414 4718 Apostolus,
2451 4647 2599 4714 Quod
2626 4646 2742 4701 aliis
2770 4646 3176 4717 generationibus
3204 4664 3306 4701 non
3340 4659 3413 4702 est
3435 4650 3581 4719 agni.

2000 4752 2108 4795 tum
2130 4739 2256 4810 ﬁliis
2301 4738 2586 4805 hominum,
2632 4738 2762 4791 sicut
2814 4754 2949 4791 nunc
2978 4740 3250 4793 revelatum
3294 4748 3365 4793 est
3394 4741 3582 4795 sanctis

2000 4833 2249 4904 apostolis
2270 4836 2383 4904 ejus
2408 4839 2456 4885 et
2487 4831 2749 4900 praphetis
2798 4833 2853 4885 in
2883 4831 3112 4901 Spiritu,
3144 4848 3250 4886 esse
3276 4843 3449 4902 gentes
3493 4848 3581 4885 co-

2001 4924 2250 4989 hteredes,
2281 4933 2327 4975 et
2356 4923 2832 4993 concorporales,et
2862 4925 3252 4995 comparticipes
3280 4925 3579 4993 promissio-

2000 5018 2080 5071 nis
2122 5017 2179 5070 in
2226 5013 2428 5070 Clu-isto
2456 5013 2581 5069 Iesu
2612 5014 2827 5087 (Ep/tes.
2880 5032 2919 5080 ι⁹
2968 5016 3078 5088 ll).
3141 5017 3207 5071 Et
3261 5017 3317 5072 in
3355 5018 3579 5072 Actibus

1998 5108 2386 5177 apostolorum,
2423 5104 2827 5176 Obstupuerunt.
2854 5110 3046 5176 inquit,
3092 5125 3156 5163 ea:
3197 5110 3577 5163 circumcisione

1997 5202 2172 5271 ﬁdeles
2214 5201 2302 5271 qui
2348 5206 2587 5253 venerant
2636 5216 2752 5252 cum
2786 5199 2956 5265 Petro,
2989 5202 3107 5267 quia
3154 5210 3200 5254 et
3245 5204 3295 5253 in
3347 5202 3576 5257 nationes

1996 5294 2163 5364 gratia
2195 5292 2423 5363 Spiritus
2448 5291 2614 5346 sancti
2645 5291 2809 5359 effusa
2837 5302 2907 5345 est
2940 5292 3075 5360 (Act.
3111 5308 3164 5358 ιι,
3196 5292 3308 5361 45).
3350 5294 3405 5348 Si
3429 5296 3575 5351 enim

2059 5470 2083 5509 ἀ
2117 5473 2217 5527 Ms.
2250 5471 2381 5536 Jol.,
2410 5472 2818 5541 Tyatirenontm.

2062 5556 2084 5577 ε·
2119 5544 2281 5606 Editi,
2310 5542 2567 5611 Apostolis
2601 5544 2747 5597 adire
2778 5543 3155 5611 prohibebatur.
3194 5547 3321 5605 Mss.
3361 5549 3488 5616 duo,
3515 5559 3572 5607 ut

1990 5615 2042 5668 in
2078 5622 2245 5667 textu.

2066 5683 2081 5721 ί
2132 5684 2227 5737 Ms.
2264 5683 2394 5743 Jol.,
2429 5684 2549 5750 ﬁdei
2576 5684 2802 5749 cwpisse.

2066 5764 2087 5801 ε
2116 5755 2212 5807 Ms.
2244 5753 2613 5823 liemigiauus,
2647 5752 2715 5807 Et
2750 5758 2895 5825 quid.
