4088 6176
543 322 611 378 8Ἱ
1763 324 1822 381 S.
1864 323 2201 382 PROSPERI
2241 323 2566 391 AQUITANI
3737 330 3811 389 33

545 437 648 491 hoc
700 436 985 492 consilium
1022 435 1316 490 vocationis
1370 450 1480 491 suae
1532 434 1814 501 Dominus,
1859 434 2117 504 quamdiu
2147 440 2198 496 Α
2223 451 2433 490 sursum
2455 445 2529 489 est
2550 437 2836 503 sapientia,
2860 438 3081 509 primum
3105 439 3310 510 quidem
3330 440 3519 509 pudica
3536 451 3633 506 est,
3658 445 3810 500 dein-

542 528 733 594 volnit,
764 526 1042 583 abscondit
1069 542 1133 581 ac
1168 526 1398 593 distulit,
1426 534 1483 582 et
1508 527 1729 596 quando
1758 525 1948 593 voluit,
1979 534 2004 562 ει
2039 541 2123 582 re-

541 618 757 683 velavit,
786 618 1095 688 sanctisque
1123 618 1242 687 ejus
1286 618 1588 687 ignorantia
1616 619 1715 672 ista
1757 632 1863 673 non
1915 618 2118 683 nocuit,

538 724 636 764 cur
664 708 776 778 spei
806 715 1003 762 nostrae
1027 708 1219 763 obesse
1242 707 1537 774 credimus,
1583 708 1629 762 si
1660 707 1715 762 in
1756 723 1865 777 quo
1894 721 2119 762 numero

537 802 798 872 quibusve
830 802 1136 858 hominibus
1172 819 1299 857 vasa
1348 804 1740 859 misericordiae
1791 804 1844 859 in
1892 804 2115 874 gloriam

536 908 926 966 praiparantur,
961 895 1271 951 occulitur?
1297 912 1417 950 cum
1447 908 1623 952 tamen
1647 904 1857 952 constet
1891 911 2114 965 regnum

534 988 796 1042 crelorum
832 1002 1021 1041 omnes
1050 986 1386 1056 ingressuros
1410 986 1609 1054 bonos,
1644 988 1745 1042 hoc
1773 988 1851 1041 eis
1880 986 2116 1042 donante

532 1077 628 1133 Dei
659 1079 845 1148 gratia,
880 1088 933 1133 et
962 1080 1138 1133 nullos
1167 1078 1505 1149 ingressuros
1533 1079 1722 1143 malos,
1742 1079 1847 1135 hoc
1877 1081 2113 1150 ipsorum

531 1181 773 1225 merente
797 1168 1059 1239 nequitia.

598 1259 731 1314 CAP.
762 1257 927 1313 XVII.
955 1285 1027 1298 —-
1060 1258 1147 1313 l8.
1180 1258 1413 1313 Nimium
1446 1273 1577 1314 vero
1603 1258 1816 1329 inepte,
1846 1259 2101 1314 nimium-

531 1367 636 1421 que
663 1351 1067 1406 inconsiderate
1096 1350 1163 1405 ab
1190 1351 1603 1407 adversantibus
1624 1352 1822 1407 dicitur
1841 1350 1986 1422 quod
2013 1366 2110 1421 per

529 1440 671 1496 banc
698 1442 791 1496 Dei
828 1444 1053 1511 gratiam
1099 1441 1270 1496 libero
1304 1441 1439 1495 nihil
1479 1442 1821 1510 relinquatur
1858 1442 2107 1496 arbitrio.

525 1531 782 1600 Quamvis
805 1531 950 1586 enim
975 1533 1027 1586 in
1058 1532 1298 1601 parvulis
1321 1533 1649 1602 baptismum
1682 1533 2107 1601 transeuntibus,

529 1624 970 1679 manifestissime
1001 1624 1207 1678 nullum
1244 1640 1377 1692 opus
1408 1624 1697 1694 nullusque
1718 1624 1991 1693 appetitus
2012 1639 2108 1678 eo-

524 1732 643 1771 rum
674 1717 972 1771 voluntatis
998 1715 1219 1785 existat,
1243 1725 1298 1771 et
1329 1716 1618 1786 plerosque
1651 1725 1862 1770 utentes
1890 1713 2106 1784 quidem

2224 524 2288 578 de
2324 527 2571 596 paciﬁca,
2611 529 2873 597 modesta,
2920 529 3225 595 suadibilis,
3250 529 3277 568 ά
3320 533 3472 594 plena
3512 534 3810 589 misericor-

2221 615 2313 668 dia
2365 626 2413 670 et
2444 617 2694 685 fructibus
2724 617 2891 683 bonis,
2923 627 2949 657 ⁶
2976 635 3079 672 non
3109 620 3426 691 diiudicem,
3457 623 3567 675 sine
3585 624 3805 677 simula-

2222 707 2358 759 tione
2388 706 2592 779 (Iacob.
2629 711 2844 775 "1,14,
2877 710 3031 781 etc.).
3063 711 3396 782 Quicumque
3428 729 3560 783 ergo
3589 716 3674 770 his
3698 719 3807 770 vir-

2221 796 2425 851 tutibus
2448 797 2665 853 student
2688 808 2852 867 atque
2875 799 3163 865 inhaerent,
3186 816 3291 854 non
3314 816 3429 865 sua,
3457 804 3551 857 sed
3574 820 3805 874 superna

2217 887 2485 956 sapientia
2531 888 2780 943 illustrati
2827 898 2955 942 sunt
2985 906 2997 943 :
3032 888 3295 955 Quoniam
3324 889 3574 945 Dominus
3606 894 3697 946 dat
3721 911 3809 947 su-

2215 979 2487 1048 pientiam,
2510 991 2557 1034 et
2581 997 2611 1034 a
2638 982 2773 1051 facie
2793 984 2908 1052 eius
2936 978 2956 1018 ί
2980 981 3197 1035 scientia
3224 991 3272 1036 et
3300 983 3586 1037 intellectus
3618 985 3803 1055 (Prov.

2214 1084 2253 1135 ι,
2282 1070 2360 1142 6).
2394 1071 2459 1126 Et
2490 1071 2606 1128 haec
2634 1087 2823 1128 eorum
2847 1083 2872 1120 ις
2896 1074 3183 1128 verissima
3215 1074 3384 1145 gloria
3410 1086 3514 1141 est,
3544 1077 3589 1131 si
3620 1079 3803 1133 nonin

2213 1175 2295 1227 se,
2323 1162 2419 1217 sed
2453 1164 2504 1217 in
2538 1163 2765 1218 Domino
2793 1164 3114 1234 gloriantur.

2282 1257 2414 1313 Csp.
2448 1256 2729 1313 XVIII.—
2756 1260 2839 1314 I9.
2875 1260 2949 1313 Ea
2988 1268 3171 1319 autem
3216 1274 3339 1331 quae
3381 1260 3451 1315 de
3489 1260 3599 1315 fato
3633 1270 3688 1317 et
3733 1263 3804 1318 de

2213 1348 2424 1406 duabus
2455 1352 2650 1406 massis
2678 1351 3005 1420 duabusque
3027 1353 3258 1419 naturis,
3290 1354 3616 1410 stultissimo
3650 1371 3802 1411 men-

2213 1440 2391 1510 dacio,
2436 1439 2465 1479 ¹ι
2504 1444 2557 1496 in
2610 1444 2742 1498 tanti
2789 1444 2889 1498 viri
2932 1443 3186 1514 injuriam
3228 1444 3583 1515 jactitantur,
3627 1464 3801 1517 neque

2212 1533 2391 1602 ipsum
2421 1534 2638 1603 quidem
2670 1544 2937 1602 onerant,
2962 1535 3017 1589 in
3054 1535 3212 1605 cujus
3243 1536 3395 1591 libris
3425 1538 3801 1607 copiosissime

2212 1622 2524 1693 hujusmodi
2569 1624 2922 1680 destruuntur
2955 1623 2970 1663 ί
3006 1641 3252 1690 errores;
3289 1642 3390 1681 nec
3438 1642 3537 1681 nos
3577 1640 3796 1697 pertur-

2211 1713 2372 1785 bant,
2403 1716 2494 1785 qui
2520 1717 2656 1771 tales
2684 1718 2973 1787 opiniones
2999 1733 3121 1773 cum
3153 1718 3267 1773 suis
3298 1719 3612 1775 auctoribus
3637 1736 3799 1775 exse-

524 1808 700 1863 libero
725 1806 972 1874 arbitrio,
1000 1807 1094 1863 sed
1122 1821 1347 1862 aversos
1376 1821 1406 1860 a
1438 1822 1569 1861 vero
1593 1807 1727 1874 Deo,
1756 1806 2028 1876 vitamque
2053 1806 2104 1860 in
2136 1808 2186 1869 B
2211 1821 2427 1861 cramur
2455 1807 2615 1880 (Vide
2645 1810 2779 1881 Aug.
2822 1809 2913 1863 lib.
2948 1825 2987 1863 ιι
3048 1819 3228 1863 contra
3257 1810 3387 1865 duas
3430 1813 3576 1882 epist.
3610 1809 3796 1883 Pelag.

521 1900 736 1971 ﬂagitiis
766 1900 1050 1970 exigentes
1076 1898 1363 1955 liberatrix
1397 1896 1742 1967 regeneratio
1774 1897 1825 1951 in
1858 1897 1975 1967 ipso
2004 1912 2104 1951 ex-

523 1993 739 2048 halandi
769 1993 989 2062 Spiritus
1018 1992 1127 2046 line
1157 1991 1497 2057 sanctiﬁcet,
1532 2000 1712 2044 tamen
1738 1989 1785 2044 si
1813 2004 1930 2044 eam
1969 1987 2107 2042 ﬁlio-

523 2101 642 2140 rum
670 2084 769 2139 Dei
816 2096 1025 2153 partcm
1069 2100 1189 2154 quae
1230 2084 1297 2138 ad
1330 2083 1552 2153 pietatis
1582 2097 1744 2152 opera
1774 2090 2103 2149 reservatur,

525 2179 615 2247 pio
641 2177 1054 2232 c0nsideremus
1082 2178 1282 2231 intuitu
1300 2217 1314 2241 ,
1342 2191 1524 2231 nonne
1553 2177 1607 2231 in
1635 2177 1716 2231 eis
1756 2190 1859 2230 non
1896 2190 2107 2245 perem-

524 2279 675 2338 ptum
704 2267 1045 2323 inveniemus
1076 2268 1305 2323 liberum
1339 2268 1620 2322 arbitrium
1644 2309 1661 2335 ,
1693 2265 1789 2322 sed
1817 2265 2105 2321 renatum?

522 2358 675 2428 Quod
707 2360 893 2426 utique
922 2374 1044 2414 cum
1073 2359 1249 2415 solum
1281 2368 1464 2427 esset,
1495 2358 1705 2428 sibique
1747 2359 2103 2428 permissum,

520 2468 627 2508 non
655 2453 760 2507 nisi
786 2452 841 2506 in
872 2467 1023 2507 suam
1050 2452 1350 2523 perniciem
1380 2451 1723 2506 movebatur.
1752 2449 1929 2520 Ipsum
1958 2450 2103 2504 enim

521 2558 582 2598 se
609 2554 1001 2607 excaecaverat,
1024 2554 1079 2598 et
1109 2544 1283 2613 ipsum
1312 2558 1373 2599 se
1402 2543 1707 2598 illuminare
1735 2557 1841 2598 non
1871 2549 2100 2612 poterat.

519 2634 672 2691 Nunc
719 2644 901 2690 autem
948 2636 1089 2690 idem
1134 2634 1420 2690 arbitrium
1464 2648 1787 2689 conversum
1833 2642 1950 2699 est,
1994 2648 2101 2687 non

522 2742 770 2782 eversum
789 2766 806 2792 ,
842 2734 896 2780 et
923 2725 1181 2780 donatum
1208 2737 1289 2780 est
1319 2726 1370 2781 ei
1396 2723 1424 2764 δ
1451 2724 1612 2780 aliter
1638 2725 1798 2791 velle,
1825 2724 1980 2779 aliter
2010 2739 2098 2778 sa-

522 2833 674 2889 pere,
703 2817 865 2871 aliter
894 2831 1075 2886 agere,
1099 2828 1152 2871 et
1177 2816 1608 2872 incolumitatem
1634 2830 1783 2870 suam
1810 2830 1915 2869 non
1940 2814 1992 2869 in
2017 2830 2096 2882 se,

522 2910 616 2965 sed
648 2919 670 2946 ο
702 2910 756 2963 in
786 2907 1001 2963 medico
1028 2908 1303 2963 collocare
1335 2924 1349 2960 :
1377 2908 1504 2977 quia
1535 2907 1766 2963 necdum
1790 2916 1895 2960 tam
1925 2905 2102 2976 perfe-

520 3011 608 3058 cta
629 3001 799 3057 utitur
820 3000 1053 3057 sanitate
1070 3009 1125 3054 ut
1144 3015 1231 3067 ea,
1259 3014 1380 3069 quae
1403 3002 1453 3054 ei
1476 3009 1800 3065 nocuerant,
1830 3007 2100 3069 nequeant

515 3096 625 3164 jam
658 3108 882 3160 nocere,
912 3103 1008 3148 aut
1059 3093 1127 3147 ab
1174 3092 1540 3147 insalubribus
1568 3093 1736 3162 possit
1757 3092 1866 3160 jam
1896 3092 2097 3146 viribus

2210 1915 2257 1953 c.
2283 1899 2316 1955 6
2341 1911 2388 1953 et
2414 1901 2468 1965 7,
2503 1916 2565 1953 ac
2594 1901 2686 1954 lib.
2719 1916 2774 1955 tv
2803 1911 2986 1954 contra
3011 1900 3215 1967 Julian,
3245 1918 3291 1955 c.
3318 1903 3374 1967 8,
3404 1903 3541 1971 infra
3568 1905 3796 1975 append.

2207 2002 2354 2064 parte
2382 1992 2467 2063 ιι).
2494 1992 2601 2049 Sed
2631 1992 2849 2047 videant
2884 1992 3156 2062 quomodo
3194 2007 3255 2048 se
3282 2009 3309 2045 a
3338 1993 3607 2049 dedecore
3639 1994 3797 2049 istius

2207 2094 2403 2139 exuant
2432 2084 2705 2151 falsitatis,
2735 2083 2825 2154 qui
2852 2093 3075 2153 possunt
3105 2092 3213 2137 tam
3240 2083 3421 2153 inepta
3454 2086 3793 2156 conﬁngere,

2207 2176 2253 2230 si
2280 2176 2333 2230 bi
2360 2191 2589 2245 quorum
2622 2177 2649 2237 l,
2677 2176 2973 2231 abutuntur
3001 2175 3254 2242 auribus,
3287 2175 3679 2245 aliquantulum
3709 2177 3793 2232 di-

2209 2266 2445 2336 ligentia:
2484 2265 2551 2320 ad
2589 2266 2964 2335 cognoscenda
2994 2280 3057 2321 ea
3093 2280 3213 2334 quae
3242 2266 3727 2335 praestantissimus
3757 2264 3786 2304 ιι

2206 2358 2449 2412 minister
2467 2358 2658 2427 gratiae
2678 2358 2994 2427 disputavit,
3021 2357 3356 2413 intenderint
3379 2376 3392 2412 :
3420 2359 3547 2413 licet
3568 2375 3729 2414 omne
3742 2376 3792 2414 m

2206 2450 2361 2504 istius
2400 2450 2769 2519 inquisitionis
2799 2464 3005 2508 moram
3038 2449 3175 2520 ipsi,
3206 2451 3296 2520 qui
3326 2451 3442 2505 [nec
3472 2451 3790 2521 loquuntur,

2204 2541 2505 2610 praevenire
2543 2541 2843 2609 deberent,
2879 2542 3208 2611 proferendo
3255 2554 3418 2612 atque
3465 2544 3789 2612 explicando

2204 2631 2405 2701 libros,
2450 2632 2687 2686 ullamve
2730 2647 2922 2687 eorum
2970 2634 3289 2701 particulam
3336 2633 3785 2705 demonstrando,

2204 2739 2365 2793 quam
2397 2739 2492 2793 per
2518 2724 2743 2779 dubium
2773 2724 2967 2780 saltem
2998 2726 3331 2780 intellectum
3356 2727 3446 2781 tali
3473 2728 3786 2797 interpreta-

2206 2818 2336 2870 tioni
2366 2817 2658 2872 obnoxium
2689 2818 2771 2871 vir
2801 2827 3021 2872 sanctus
3051 2817 3302 2873 ediderit.
3328 2819 3435 2875 Sed
3460 2836 3683 2891 prorsus
3706 2823 3785 2876 ni-

2203 2907 2279 2961 hil
2328 2907 2432 2963 tale
2477 2907 2619 2977 apud
2668 2923 2767 2962 nos
2815 2909 3140 2976 audierunt,
3176 2910 3311 2964 nihil
3351 2911 3457 2965 tale
3500 2911 3784 2981 legerunt:

2202 3000 2323 3068 quia
2356 3014 2464 3052 non
2494 2999 2600 3052 l'ato
2629 2999 2923 3071 quidquam
2952 3001 3091 3070 geri,
3121 3002 3215 3056 sed
3246 3003 3429 3056 omnia
3463 3003 3556 3058 Dei
3579 3004 3785 3074 judicio

2202 3090 2453 3146 novimus
2480 3091 2754 3158 ordinari,
2788 3106 2889 3148 nec
2915 3108 2984 3149 ex
3010 3093 3223 3149 duabus
3263 3096 3460 3151 massis
3500 3097 3784 3153 duabusve

515 3186 631 3240 suis
670 3195 999 3255 temperare.
1042 3179 1283 3238 Proinde
1309 3183 1471 3238 homo
1502 3182 1596 3253 qui
1642 3183 1695 3237 in
1735 3181 1906 3236 libero
1954 3181 2100 3236 arbi-
2128 3170 2174 3234 C
2205 3181 2434 3249 naturis,
2468 3181 2565 3237 sed
2588 3196 2653 3237 ex
2681 3196 2788 3236 una
2816 3196 2993 3237 massa
3013 3226 3028 3251 ,
3063 3199 3184 3252 qua:
3214 3196 3296 3240 est
3328 3201 3457 3242 caro
3487 3188 3643 3256 primi
3684 3188 3783 3243 bo-

518 3278 625 3332 trio
663 3276 765 3331 fuit
814 3275 1027 3339 malos,
1057 3274 1112 3329 in
1155 3275 1271 3345 ipso
1313 3275 1488 3331 libero
1524 3272 1756 3328 arbitrio
1798 3272 1969 3327 factus
2012 3281 2097 3327 est

515 3366 724 3431 bonus;
751 3368 846 3421 scd
877 3383 970 3436 per
997 3381 1056 3421 se
1086 3367 1284 3430 malus,
1308 3380 1408 3434 per
1428 3365 1604 3420 Deum
1628 3365 1832 3429 bonus;
1858 3362 1951 3432 qui
1972 3378 2094 3417 eum

512 3457 586 3513 ita
618 3458 670 3511 in
700 3455 852 3511 illum
886 3455 1147 3509 initialem
1178 3455 1440 3510 honorem
1481 3454 1589 3508 alio
1630 3453 1788 3507 initio
1831 3452 2097 3506 reforma-

515 3550 626 3614 vit,
658 3557 718 3604 ut
743 3550 791 3603 ei
823 3564 929 3603 non
959 3548 1132 3603 solum
1164 3548 1376 3616 culpam
1409 3546 1565 3601 malae
1597 3547 1891 3602 voluntatis
1922 3554 1977 3601 et
1999 3560 2094 3602 ac-

511 3639 676 3696 tionis
707 3641 820 3712 98
848 3639 1181 3705 remitteret,
1210 3639 1305 3694 sed
1344 3641 1508 3693 etiam
1551 3638 1690 3694 bene
1734 3637 1906 3706 velle,
1954 3637 2095 3693 bene

509 3748 696 3805 agere,
729 3743 892 3803 atque
922 3733 976 3787 in
1007 3732 1091 3786 his
1120 3745 1441 3803 permanere
1469 3730 1717 3786 donaret.
1754 3729 1916 3785 Omne
1936 3732 2091 3795 enim,

507 3826 683 3896 inquit
719 3824 1002 3894 apostolus
1029 3824 1292 3891 Iacobus,
1334 3823 1511 3876 datum
1540 3823 1793 3893 optimum
1816 3863 1830 3887 ,
1868 3832 1915 3876 et
1946 3836 2093 3875 omne

506 3918 699 3972 donum
719 3916 996 3988 perfectum
1017 3917 1289 3970 desursum
1320 3924 1394 3970 est
1414 3957 1429 3982 ,
1454 3916 1762 3969 descendens
1781 3932 1812 3968 a
1832 3913 1990 3968 Patre
2011 3918 2094 3969 lu-

505 4013 701 4065 minum
725 4009 932 4081 (Iacob.
957 4025 999 4073 ι,
1025 4008 1136 4079 17).
1159 4009 1260 4075 Qui
1283 4010 1440 4078 quale
1463 4010 1532 4062 sit
1552 4010 1783 4063 liberum
1807 4008 2088 4062 arbitrium

503 4100 648 4170 quod
679 4099 917 4153 humano
945 4097 1138 4166 spiritu
1167 4098 1365 4166 agitur,
1395 4105 1451 4151 et
1476 4098 1633 4164 quale
1662 4098 1733 4149 sit
1757 4097 1896 4166 quod
1918 4112 1947 4151 a
1972 4096 2087 4150 Deo

504 4189 737 4259 regitur,
777 4185 1061 4242 evidenter
1096 4187 1366 4253 ostendit,
1395 4188 1614 4253 dicens,
1661 4186 1811 4254 Quod
1840 4187 1883 4240 si
1923 4189 2089 4240 zelum

503 4295 735 4333 amarum
767 4278 1000 4343 habetis,
1045 4287 1093 4332 et
1129 4279 1473 4333 contentiones
1510 4279 1564 4332 in
1608 4280 1848 4332 cordibus
1888 4280 2087 4344 vestris,

500 4371 659 4424 nolite
688 4368 908 4443 gloriari
947 4369 1222 4424 adversum
1251 4371 1513 4423 veritatem
1534 4412 1547 4433 ,
1580 4378 1626 4423 et
1652 4371 1919 4424 mendaces
1947 4386 2088 4436 esse;

498 4477 601 4516 non
628 4470 699 4517 est
725 4462 826 4515 ista
852 4461 1109 4533 sapientia
1155 4464 1423 4517 desursum
1453 4462 1786 4529 descendens,
1816 4462 1904 4515 sed
1929 4473 2085 4515 terre-

2201 3273 2384 3338 minis,
2403 3287 2566 3329 unam
2586 3275 2785 3329 scimus
2798 3274 3040 3330 omnium
3066 3275 3349 3333 hominum
3368 3288 3603 3335 creatam
3628 3276 3783 3336 crea-

2199 3364 2354 3435 rique
2384 3372 2665 3430 naturam,
2705 3375 2761 3420 et
2796 3365 3044 3421 eamdem
3078 3383 3178 3437 per
3206 3370 3374 3438 ipsius
3406 3370 3566 3440 primi
3598 3371 3781 3427 honi-

2201 3456 2285 3507 nis
2330 3454 2559 3509 liberum
2607 3455 2922 3524 arbitrium,
2971 3458 3028 3512 in
3071 3474 3173 3529 quo
3223 3477 3397 3516 omnes
3448 3476 3783 3533 peccaverunt

2204 3544 2380 3613 (Rom.
2410 3563 2465 3609 v,
2494 3547 2617 3617 22),
2663 3562 2787 3603 esse
2825 3561 3186 3618 prostratam;
3224 3568 3324 3608 nec
3362 3554 3473 3609 ullo
3512 3556 3673 3611 modo
3713 3558 3782 3610 ab

2201 3649 2415 3693 aeternae
2458 3641 2647 3695 mortis
2678 3640 2863 3696 debito
2897 3642 3156 3710 liberam,
3191 3647 3294 3700 nisi
3338 3662 3457 3702 eam
3497 3648 3562 3703 ad
3593 3650 3782 3720 imagi-

2200 3745 2321 3785 nem
2354 3731 2448 3785 Dei
2490 3729 2509 3769 ι
2543 3732 2797 3787 secunda:
2841 3736 3141 3790 creationis
3166 3736 3367 3793 Christi
3398 3742 3569 3809 gratia
3611 3742 3781 3797 reler-

2199 3822 2447 3885 maverit,
2475 3822 2813 3893 liberumque
2842 3824 2959 3894 ejus
2990 3826 3274 3881 arbitrium
3302 3830 3537 3898 agendo,
3568 3840 3607 3867 ω
3636 3833 3781 3902 aspi-

2196 3913 2386 3977 rando,
2414 3914 2524 3984 99
2546 3914 2885 3983 auxiliando,
2913 3925 2969 3971 et
2997 3931 3167 3988 usque
3204 3920 3257 3974 in
3283 3920 3443 3976 linem
3488 3926 3781 3992 prateundo

2194 4015 2516 4058 δεννεινθῐιι.

2270 4098 2555 4153 Εριιοςυε.
2577 4127 2649 4137 -
2676 4098 2764 4152 17.
2794 4099 2948 4155 Unde
2971 4101 3094 4171 quia
3115 4104 3370 4173 perspicit
3400 4105 3659 4161 sanctitas
3689 4116 3776 4161 tua

2196 4188 2265 4249 (si
2296 4200 2472 4243 tamen
2505 4191 2773 4245 sermonis
2804 4191 2912 4246 mei
2942 4207 3046 4246 non
3078 4192 3292 4248 obsistit
3317 4195 3640 4267 obscuritas)
3664 4196 3777 4251 fru-

2191 4290 2300 4333 Stra
2329 4280 2587 4347 quosdam
2613 4281 2679 4335 de
2706 4282 2859 4336 nobis
2888 4284 3180 4352 conqueri,
3211 4294 3268 4340 et
3292 4300 3481 4343 omnes
3510 4287 3631 4343 illas
3659 4289 3777 4344 ine-

2191 4379 2309 4439 ptas
2329 4375 2358 4405 ³
2379 4371 2807 4438 criminationes,
2827 4372 2892 4427 ad
2919 4376 3322 4443 exasperandos
3344 4379 3774 4449 avertendosque

2190 4466 2399 4519 animos
2430 4479 2617 4519 eorum
2644 4466 2838 4535 quibus
2869 4467 3015 4521 aliud
3044 4468 3232 4523 volunt
3260 4471 3611 4537 persuadere,
3641 4486 3774 4525 con-

497 4570 593 4622 na,
625 4556 900 4621 animalis,
928 4555 1204 4610 diabolica.
1239 4554 1338 4610 Ubi
1367 4556 1501 4610 enim
1528 4557 1672 4608 zelus
1716 4564 1762 4608 et
1802 4555 2080 4621 contentio,
2108 4538 2163 4598 Ῑ)
2189 4557 2339 4611 texi:
2374 4564 2400 4592 ο
2441 4556 2653 4610 conﬁde
2694 4572 2824 4627 ergo
2863 4559 2918 4611 in
2959 4562 3161 4613 virtute
3200 4553 3593 4616 misericol'dite
3638 4563 3770 4629 Dei,

496 4648 564 4702 ibi
591 4649 935 4705 inconstantia
959 4659 1008 4705 et
1029 4667 1175 4705 omne
1204 4667 1333 4721 opus
1362 4666 1599 4719 pravum.
1626 4649 1755 4715 Qui:
1784 4660 1956 4703 autem
1985 4648 2081 4702 de-

566 4857 593 4886 ι
622 4848 719 4902 Ms.
746 4845 877 4914 JoL,
901 4845 1139 4901 revelavit
1166 4848 1359 4903 sanctis
1382 4864 1401 4901 :
1421 4864 1537 4918 qua
1560 4848 1633 4902 eis
1660 4846 1951 4920 ignorantia
1971 4847 2075 4901 ista

492 4936 593 4976 non
619 4920 814 4973 nocuit.

563 4989 590 5029 ιδ
622 4989 719 5043 Ms.
744 4988 850 5059 Jol.
876 4987 1021 5041 addit
1048 4989 1162 5043 haec
1193 4989 1379 5056 verba,
1405 4990 1555 5043 aliter
1575 4990 1723 5054 velle,
1752 5004 1875 5046 cum
1896 4988 2068 5059 Lugd.

490 5071 540 5116 et
566 5059 700 5113 Ven.
734 5058 917 5128 editis,
950 5068 1004 5111 et
1033 5074 1134 5112 ms.
1170 5060 1383 5128 Remig.
1417 5060 1608 5114 veteri.

564 5143 586 5169 ε
624 5129 802 5183 Etlitio
835 5126 1057 5189 Veneta,
1090 5130 1143 5181 in
1171 5126 1481 5185 Mediatore.

560 5199 585 5238 d
622 5200 789 5261 Editi,
825 5200 974 5267 plena
1006 5200 1389 5254 misericordiae.

562 5282 585 5351 ξ
740 5270 873 5351 J_ol_.,
900 5288 997 5351 non
1026 5270 1317 5351 dijudicans
1347 5270 1631 5323 secundum
1658 5270 2061 5325 simulationem.

563 5341 583 5378 ί
618 5342 717 5397 Ms.
744 5340 873 5404 Jol.,
902 5340 1149 5395 scientiar.

560 5422 584 5458 8
620 5412 718 5465 Ms.
751 5410 881 5475 Jol.,
917 5413 1176 5465 verissime
1208 5410 1376 5479 gloria
1406 5421 1500 5465 est.

559 5479 586 5517 ³³
624 5482 997 5554 Edit_i,_intenli
1021 5485 1113 5536 viri
1138 5483 1344 5549 iniuriw
1363 5483 1628 5554 jactitanl.
1654 5482 1782 5536 Mss.
1807 5482 1915 5533 duo
1937 5492 1991 5533 ιιι
2017 5482 2067 5534 in

489 5566 674 5607 textu:
705 5548 807 5604 nisi
838 5554 979 5625 quod
1012 5568 1151 5625 unus
1174 5548 1237 5606 ex
1269 5548 1377 5619 his,
1399 5554 1691 5625 jacitantur
1728 5555 1908 5617 habet,
1929 5567 2062 5625 pro,

487 5625 806 5696 iaculantur.
836 5621 1013 5677 Editio
1046 5623 1266 5686 Veneta,
1297 5624 1351 5676 in
1380 5621 1509 5679 tanti
1538 5626 1632 5678 viri
1660 5624 1887 5696 injuria,
1922 5623 2061 5678 lorte

486 5710 605 5767 pro,
622 5691 900 5767 injuriam.

564 5764 582 5806 ί
617 5760 715 5820 bis.
746 5760 876 5829 101.,
908 5762 1139 5817 doctores
1165 5773 1211 5816 et
1239 5780 1453 5817 errores.

2187 4650 2444 4719 quoniam
2476 4648 2592 4704 hac
2617 4650 2994 4716 contradictio,
3027 4652 3166 4707 sicut
3194 4653 3248 4707 in
3286 4653 3411 4708 aliis
3438 4654 3622 4709 mundi
3650 4671 3771 4726 par-

2255 4847 2271 4897 i
2307 4846 2405 4901 Ms.
2435 4846 2565 4912 Jol.,
2594 4846 2896 4902 imbuuntur
2921 4866 3097 4904 aures.

2252 4914 2277 4953 ¹ι
2301 4916 2364 4993 _ln
2386 4932 2489 4993 ms.
2515 4917 2617 4971 Jol.
2640 4935 2666 4971 a
2692 4922 2861 4993 prima
2892 4935 3074 4993 manu,
3108 4925 3350 4986 magister
3369 4924 3587 4993 gratior,-
3610 4938 3639 4977 a
3667 4940 3761 4992 po-

2181 4989 2398 5061 steriori
2432 5000 2760 5061 correctum,
2791 4992 3019 5043 minister
3048 4993 3249 5061 gratim.

2253 5057 2271 5096 Ῑ
2304 5059 2401 5114 Ms.
2428 5058 2560 5125 Jol.,
2604 5062 2828 5113 secunda
2858 5057 3129 5114 creationis
3156 5060 3350 5115 Christi
3386 5064 3557 5133 gratia
3588 5064 3764 5131 refor-

2178 5140 2359 5187 tnarel.

2247 5210 2287 5237 ω
2314 5200 2457 5254 Editi
2488 5198 2780 5265 habebant,
2810 5200 3092 5267 sperando.
3134 5202 3323 5256 Melius
3350 5212 3655 5257 correctum
3687 5218 3757 5259 es

2174 5270 2277 5323 ﬁde
2314 5285 2415 5324 ms.
2444 5271 2640 5323 veteris
2680 5271 2731 5324 in
2768 5272 3086 5339 Augu~tino,
3118 5274 3405 5338 spirando;
3436 5289 3535 5326 nec
3577 5276 3759 5328 minus

2178 5341 2315 5414 bene
2348 5340 2487 5414 forte
2512 5340 3069 5414 quod‘substituimus
3095 5356 3292 5414 ex‘ms.
3324 5342 3548 5397 Joliensi
3569 5384 3585 5409 ,
3616 5361 3762 5414 aspi-

2174 5411 2361 5465 rando.
2392 5410 2767 5484 Anterioribus
2786 5413 3129 5484 editionibus
3168 5411 3235 5484 in,
3256 5415 3499 5481 margine
3529 5410 3755 5484 appos“

2179 5491 2286 5533 tum
2319 5497 2384 5534 ex
2411 5481 2743 5548 conjectura,
2778 5479 2939 5535 Forte
2964 5483 3295 5549 insptrando.

2246 5558 2273 5586 ιι
2304 5551 2402 5604 Ms.
2434 5551 2568 5616 Jol.,
2596 5552 2900 5621 quaestiones
2927 5554 3005 5605 vel
3031 5552 3433 5621 criminationes.

2247 5629 2271 5656 °
2291 5621 2453 5695 AApud
2477 5620 2853 5695 Augustinum,
2865 5620 3073 5695 con/ida
3091 5636 3183 5695 ego
3202 5637 3255 5673 tu
3276 5632 3475 5678 virtute.
3497 5624 3600 5681 Ms.
3617 5621 3707 5683 ἔοι
3735 5668 3756 5695 ,,

2173 5692 2371 5761 conﬁde
2398 5708 2516 5764 ergo
2543 5694 2594 5747 in
2624 5693 2827 5747 virtute.
2862 5691 3025 5759 Editi,
3055 5691 3110 5744 in
3138 5692 3394 5747 virtutem.
