4098 6180
508 305 579 364 9s
1735 307 1795 365 s.
1840 307 2181 363 pnosrsnt
2221 308 2549 377 AQUITANI

644 420 776 476 Orta
806 419 1123 490 primorum,
1146 417 1240 489 qui
1271 417 1523 473 libertate
1550 416 1689 472 male
1717 420 1798 472 usi

644 511 962 578 Peccarunt,
997 508 1171 564 forma
1196 508 1379 572 nocui,
1410 524 1515 563 non
1544 508 1751 563 semine
1776 508 1935 576 proli.

641 600 811 655 Posse
838 608 1014 654 autem
1047 600 1289 654 insontes
1311 614 1500 654 omnes
1522 598 1738 653 virtutis
1766 600 1817 653 in
1848 612 1973 651 arce

647 688 820 742 Vitam
836 699 1074 758 agere,et
1088 690 1252 743 menti
1269 688 1561 774 ing‘enitum
1576 703 1792 742 servare
1804 688 2076 742 decorem:

540 780 607 833 15
646 779 883 834 Arbitrio
914 781 1165 848 quoniam
1193 780 1450 832 subsistat
1481 788 1629 832 recta
1664 779 1916 832 volentis.

641 871 911 925 Naturalis
940 871 1135 938 honos,
1170 871 1389 940 Lexque
1434 871 1594 924 insita
1631 871 1890 925 cordibus
1933 871 2078 925 intus

642 960 756 1014 Hoc
782 970 1015 1029 moneat,
1035 961 1175 1030 quod
1200 963 1395 1028 scripta
1416 960 1547 1013 loris
1564 978 1573 1013 :
1590 963 1674 1015 cui
1691 962 1858 1029 gratia
1879 960 2077 1016 Christi

639 1054 831 1108 Addita
864 1055 1162 1123 perfugium
1190 1054 1354 1121 lapsis
1375 1054 1699 1122 generaliter
1729 1056 1780 1107 in
1807 1069 1867 1109 se

638 1144 975 1212 Condiderit,
1008 1159 1163 1199 sacro
1188 1145 1233 1199 si
1268 1145 1467 1199 vellent
1495 1144 1640 1200 fonte
1668 1148 1858 1200 novari
1890 1164 1903 1199 :

532 1236 603 1290 20
640 1235 712 1293 Ut
738 1246 931 1307 sponte
960 1247 1248 1292 attractum
1276 1237 1433 1291 venia
1456 1237 1699 1293 solvente
1722 1249 1949 1306 reatum,

640 1328 843 1396 Sponte
871 1343 968 1382 sua
998 1328 1053 1382 in
1086 1328 1229 1383 vires
1255 1329 1501 1397 proprias
1535 1338 1725 1383 natura
1754 1329 1998 1393 rediret;

636 1417 861 1487 Quoque
886 1432 983 1486 per
1002 1432 1220 1472 errores
1248 1426 1393 1473 esset
1428 1418 1655 1487 spoliata
1682 1420 1891 1489 vigore,

637 1509 794 1563 iiunc
832 1523 1051 1564 servare
1078 1510 1245 1564 semel
1286 1521 1465 1577 posset
1504 1520 1725 1579 purgata
1770 1519 2069 1581 receptum.

636 1600 767 1655 Tam
797 1600 947 1655 dives
973 1616 1101 1658 vero
1132 1602 1234 1657 hoc
1258 1602 1459 1657 donum
1490 1603 1828 1673 baptismatis
1856 1618 2000 1672 esse,

522 1693 594 1750 25
631 1694 699 1749 Ει
726 1702 832 1749 tam
860 1695 1027 1751 multa
1066 1695 1269 1751 homini
1289 1695 1524 1752 conferri
1555 1696 1759 1752 ﬁndere
1784 1696 1837 1751 in
1864 1696 1991 1761 isto,

3701 308 3775 364 96

2331 421 2400 477 Ut
2430 420 2616 490 parvis
2636 421 2824 492 etiam,
2848 422 3087 493 vitioque
3114 420 3427 477 carentibus
3450 421 3594 476 omni

2325 512 2617 583 Cungruat,
2649 523 2707 569 ut
2728 514 2817 584 qui
2841 521 2970 568 sunt
2994 513 3158 582 geniti
3184 512 3338 576 bene,
3358 512 3464 567 sint
3486 512 3763 578 meliores,

2326 602 2651 672 Natumque
2692 604 2893 659 bonum
2933 603 3151 673 adjecto
3190 603 3490 657 illustretur
3536 602 3766 659 honore.

2335 694 2492 767 ιιθ
2516 696 2728 751 Nullum
2742 706 2920 753 autem
2934 714 2999 752 ex
3012 698 3221 752 cunctis
3233 707 3501 751 exsortem
3529 697 3769 751 muneris

2469 788 2649 857 hujus,

2222 876 2290 931 50
2328 875 2537 931 Judicio
2566 878 2806 947 genitum
2832 890 2956 932 esse
2985 877 3115 943 Dei;
3145 877 3237 931 sed
3269 893 3538 947 quemque
3566 880 3765 934 mereri

2331 966 2604 1021 Libertate
2634 982 2755 1032 sua,
2791 978 2845 1020 ut
2881 968 3055 1036 capiat
3084 971 3349 1038 promissa
3373 972 3636 1032 vocantis,

2327 1060 2457 1127 Quae
2487 1060 2596 1113 sint
2621 1059 2828 1115 aversis
2859 1061 3122 1125 indebita,
3150 1062 3329 1117 debita
3368 1063 3546 1115 rectis.

2400 1154 2421 1175 '
2450 1150 2622 1205 ΤΛιιΑ
2661 1165 2781 1205 cum
2819 1151 3040 1207 demens
3082 1152 3188 1208 late
3228 1153 3550 1209 dilIunderet
3581 1169 3761 1218 error,

2326 1238 2767 1312 Commentisque
2786 1244 2948 1299 rudes
2978 1243 3219 1297 traheret
3259 1244 3545 1298 lethalibus
3575 1258 3760 1310 aures,

2217 1331 2289 1387 35
2323 1330 2508 1395 AlIuit;
2539 1332 2863 1389 exhortante
2891 1334 3024 1399 Deo,
3056 1334 3267 1402 provisa
3292 1349 3390 1403 per
3411 1334 3599 1388 orbem

2324 1422 2644 1479 Sanctorum
2672 1425 2758 1493 pia
2799 1439 2926 1479 cura
2956 1424 3197 1491 Patrum,
3233 1439 3338 1479 non
3370 1425 3582 1494 dispare
3611 1434 3759 1483 motu

2323 1511 2631 1570 Conﬁciens
2654 1515 2800 1570 diros
2825 1516 3017 1583 jaculis
3042 1516 3353 1571 caelestibus
3377 1516 3582 1569 hostes.

2325 1603 2517 1659 iisdem
2548 1620 2779 1675 namque
2803 1605 2961 1660 simul
2996 1606 3234 1661 decretis
3257 1608 3490 1676 Spiritus
3514 1622 3655 1661 unus

2323 1694 2579 1751 Intonuit.
2614 1695 2828 1752 Pestem
2858 1696 3178 1753 subeuntem
3209 1698 3381 1767 prima
3411 1698 3603 1753 recidit

495 1925 644 1979 malit
677 1925 1020 1994 Prosperum,
1054 1933 1113 1978 ut
1140 1924 1299 1989 solet,
1330 1938 1428 1978 suo
1456 1920 1756 1993 Augustino
1787 1922 2067 1977 adhreren-
2100 1924 2146 1983 Β
2175 1936 2309 1974 anno
2334 1916 2862 1994 Hdeongregatum,
2893 1920 2953 1994 in
2976 1936 3076 1989 quo
3115 1918 3526 1994 Pelagiu_s__ﬁclo
3562 1931 3760 1994 pectore

494 2005 602 2050 tem
641 1993 933 2061 dubitasse,
964 2012 1029 2049 an
1057 2011 1160 2049 non
1222 2012 1249 2047 a
1300 1995 1512 2049 caeteris
1561 1995 1722 2047 etiam
1753 1993 2069 2063 parentibus

495 2066 685 2119 mediis
706 2066 916 2135 culpam
944 2065 1145 2133 posteri
1165 2066 1461 2118 traherent.
1489 2064 1654 2130 Huius
1680 2064 1894 2117 interitu
1920 2063 2075 2118 dubi-

498 2134 713 2189 tationis
742 2134 803 2187 in
827 2136 1067 2189 Ecclesia
1098 2136 1256 2189 hodie
1286 2136 1492 2188 nullum
1527 2135 1832 2203 vestigium.

568 2205 655 2259 12.
697 2204 891 2258 Forma
922 2207 1099 2267 nocui,
1130 2222 1233 2257 non
1261 2205 1479 2268 semine,
1510 2204 1561 2257 id
1595 2216 1695 2265 est,
1734 2204 1855 2257 Non
1884 2220 2075 2273 propa-

496 2275 641 2347 gine,
664 2278 753 2328 sed
783 2276 1038 2346 exemplo,
1067 2286 1125 2329 ut
1155 2276 1316 2347 iidem
1340 2275 1537 2347 docent
1556 2277 1695 2341 apud
1724 2277 1948 2347 August.
1976 2274 2070 2347 lib.

497 2292 632 2347 gtne,
664 2290 752 2328 seu
783 2290 1038 2346 exempto,
1067 2290 1125 2329 ut
1155 2290 1316 2329 ttuem
1340 2290 1537 2328 uocent
1556 2290 1695 2341 apud
1724 2290 1948 2396 august.
1976 2290 2070 2326 tto.

497 2349 564 2398 tle
602 2346 723 2399 Nat.
755 2356 807 2398 et
852 2347 1001 2399 Grat.
1033 2362 1155 2410 cap.
1201 2346 1253 2408 9,
1310 2344 1363 2398 id
1404 2354 1496 2409 est,
1539 2361 1643 2397 non
1692 2362 1787 2410 quc
1877 2361 1939 2397 ea:
1985 2345 2076 2396 illo

501 2415 752 2485 (Adamn)
776 2419 1025 2469 traxerint
1048 2415 1260 2482 aliquod
1288 2416 1467 2467 citium
1496 2416 1583 2481 qui
1609 2414 1781 2467 exilio
1806 2414 2078 2484 propagati

498 2496 648 2547 sunt;
690 2488 779 2537 sed
807 2487 943 2555 quod
982 2502 1095 2539 eum
1143 2487 1367 2557 primum
1410 2494 1702 2553 peccantem
1746 2486 1934 2538 imitati
1971 2490 2078 2538 sint

501 2572 672 2608 omnes
695 2558 777 2623 qui
804 2568 980 2624 postea
1014 2566 1364 2621 peccaverunt.

573 2627 657 2680 15.
701 2624 937 2680 lnsontes
963 2627 1161 2679 virtutis
1197 2627 1251 2679 in
1277 2641 1418 2689 arce,
1450 2624 1503 2677 id
1533 2634 1637 2687 est,
1661 2625 1777 2677 sine
1807 2625 1915 2677 ullo
1957 2638 2081 2690 pec-

499 2705 618 2748 eatn
650 2706 815 2763 atque
846 2701 893 2748 in
948 2711 1153 2750 summa
1180 2697 1314 2749 adeo
1355 2694 1705 2764 perfectione.
1732 2695 1885 2760 Quod
1916 2709 2079 2763 argu-

500 2774 743 2818 mentum
792 2777 988 2820 tractat
1027 2768 1363 2834 Augustinus
1405 2776 1517 2818 toto
1552 2765 1691 2817 libro
1726 2766 1793 2818 de
1848 2765 2077 2819 Pertect.

498 2836 682 2888 Justit.
738 2836 911 2898 hom.,
946 2838 1073 2890 item
1116 2846 1227 2889 toto
1254 2836 1346 2887 lib.
1384 2850 1418 2889 ιι
1454 2834 1520 2888 de
1564 2835 1776 2888 Peccat.
1810 2835 1984 2887 Merit.
2027 2846 2082 2888 et

500 2906 657 2959 alibi.
692 2906 1057 2974 Hieronymus
1082 2908 1243 2959 etiam
1277 2905 1345 2959 ab
1372 2906 1563 2959 eodem
1595 2905 1783 2975 incipit
1829 2904 2080 2975 Dialogus

497 2989 625 3028 suos
655 2986 846 3029 contra
880 2976 1213 3043 Pelagianos.

571 3044 657 3098 16.
703 3044 975 3099 Naturalis
1005 3048 1185 3107 honos,
1210 3044 1262 3099 id
1288 3055 1394 3113 est,
1426 3045 1719 3114 ingenitus,
1755 3054 1810 3098 ut
1840 3043 1978 3100 infra
2001 3043 2083 3099 di-

496 3114 637 3170 citur
664 3131 714 3170 v.
745 3118 852 3174 880
875 3128 929 3172 et
958 3116 1235 3185 sequenti,

1451 3229 1602 3294 Vigor
1619 3228 1723 3291 ille,

677 3288 735 3341 In
752 3304 851 3355 quo
870 3292 1039 3343 insons
1061 3297 1235 3342 natura
1256 3291 1364 3342 fuit.

567 3395 771 3452 Sensus
809 3408 911 3463 est,
962 3412 1085 3452 eum
1122 3400 1211 3467 qui
1256 3398 1417 3453 modo
1452 3398 1603 3461 velit,
1647 3395 1894 3451 eumdem
1935 3411 2079 3453 nunc

499 3466 701 3522 habere
728 3467 933 3522 arbitrii
977 3471 1215 3538 vigorem
1252 3470 1317 3523 ad
1359 3470 1579 3538 bonum,
1618 3481 1680 3521 ac
1709 3469 1835 3520 olim
1873 3468 2076 3521 habue-

499 3548 625 3591 runt
659 3538 815 3602 primi
844 3537 1091 3605 parentes
1116 3548 1243 3593 ante
1285 3540 1514 3605 lapsum.
1544 3537 1621 3591 Ex
1652 3554 1759 3605 quo
1788 3553 1949 3592 sensu
1979 3552 2077 3604 pa-

497 3613 599 3671 tet,
649 3607 789 3661 istud
832 3618 968 3661 recta
997 3609 1211 3661 colentis
1246 3609 1387 3674 quod
1440 3608 1714 3676 praecedit,
1762 3610 1871 3677 rogi
1911 3624 2014 3660 non
2046 3623 2075 3661 a

494 3678 750 3731 naturalis
770 3677 954 3741 honos,
987 3678 1079 3731 sed
1103 3678 1171 3731 ab
1198 3680 1429 3744 arbitrio,
1454 3678 1593 3746 quod
1623 3688 1749 3731 ante
1774 3678 2074 3741 pra‘cessit.

495 3748 667 3802 Porro
691 3747 826 3803 infra
856 3763 909 3800 v.
934 3747 1039 3804 250
1060 3758 1108 3803 et
1129 3765 1273 3818 sequ.
1298 3748 1441 3803 idem
1459 3764 1611 3803 error
1631 3749 1707 3802 sic
1727 3749 2073 3817 exprimitur:

584 3882 646 3948 Et
662 3885 886 3948 quoniam
906 3884 1030 3932 tales
1053 3892 1313 3948 nascantur
1336 3898 1464 3933 nunc
1489 3898 1705 3947 quoque,
1733 3884 1893 3948 qualis

593 3944 687 4007 illa
699 3944 787 3994 mu
811 3948 962 3993 nostri
986 3948 1191 4007 generis
1209 3946 1359 3996 Pater
1375 3954 1490 3995 ante
1506 3944 1727 4005 reatum;

582 4006 1002 4117 is’osseritominem
1021 4008 1130 4055 sine
1153 4014 1354 4069 peccato
1375 4009 1563 4057 ducere
1590 4010 1756 4068 vitam,

622 4080 636 4114 t
660 4081 754 4117 vet

540 4186 655 4241 ‘59.
696 4187 865 4241 Fonte
892 4188 1090 4250 novari,
1123 4187 1174 4241 id
1207 4196 1310 4252 est,
1341 4188 1608 4257 baptismo
1639 4193 1908 4246 renovari.
1939 4192 2072 4248 Nam

493 4256 562 4312 de
585 4258 749 4327 lapsis
774 4267 897 4311 ante
928 4259 1254 4322 baptismum
1282 4256 1477 4327 agitur.

561 4327 652 4381 20.
695 4326 895 4393 Sponte
946 4338 1244 4393 auractum,
1280 4330 1333 4381 id
1363 4338 1465 4396 est,
1499 4330 1763 4386 actualem
1799 4341 1854 4386 et

493 4398 675 4469 nalem
695 4412 861 4469 ;_cum
888 4400 1203 4466 originalem
1230 4410 1485 4469 negarent
1515 4402 1804 4469 Pelagiani.

561 4468 653 4541 21.
700 4466 851 4541 Esse.
880 4470 968 4541 Sic
999 4466 1380 4541 legenduim'et
1408 4486 1515 4525 non
1549 4466 1676 4525 esset
1706 4476 1789 4541 (ut
1811 4472 2073 4529 editiones

488 4537 687 4607 Lugd.,
722 4537 876 4604 Lov.,
909 4539 1069 4612 Duae.
1098 4550 1153 4593 et
1173 4539 1413 4608 Colum),
1449 4537 1824 4596 notarttnt'viri
1846 4544 2067 4612 eruditi,

490 4621 745 4676 patetque
772 4623 835 4689 es
865 4610 1043 4664 verbis
1069 4626 1186 4678 qua:
1214 4620 1529 4679 sequuntur,
1562 4613 1805 4678 εοηίυτὶ,
1837 4610 2063 4683 genitum

487 4695 613 4735 me.
642 4693 844 4731 mereri.

557 4746 645 4802 28.
691 4746 1005 4816 Natumque
1034 4749 1243 4813 bonum,
1272 4760 1399 4813 etc.,
1429 4751 1479 4803 id
1504 4761 1607 4817 est,
1642 4768 1698 4803 ut
1726 4760 1854 4804 bono
1883 4769 2059 4807 eorum

486 4816 715 4890 naturali
730 4818 917 4890 bonum
942 4818 1362 4890 sanctiﬁcationis
1382 4816 1609 4883 act-edat,
1635 4833 1688 4874 ut
1714 4823 1813 4875 sint
1836 4823 2059 4890 infantes

484 4889 646 4969 sancti
675 4886 769 4951 Dei
810 4887 928 4955 lilii.
962 4885 1037 4940 lta
1068 4891 1206 4956 apud
1239 4891 1588 4959 Augustinum
1614 4892 1861 4947 Julianus
1893 4885 2059 4949 "Pela-

522 4972 692 5011 ianus.

522 4976 692 5011 ianus.

484 4976 514 5028 Β
556 5028 645 5100 51.
688 5024 951 5100 Promissa
988 5030 1241 5082 vocantis.
1291 5028 1407 5083 Non
1445 5030 1663 5100 praantia
1706 5040 1939 5095 reterna,
1990 5031 2060 5087 de

482 5098 675 5165 quibus
699 5095 784 5150 hic
810 5097 989 5150 nullus
1010 5114 1208 5164 sermo,
1238 5101 1329 5153 sed
1356 5095 1545 5153 donum
1569 5102 1909 5164 baptismatis,
1937 5117 2056 5156 eum

482 5169 628 5220 venia
677 5169 901 5219 solvente
937 5180 1177 5239 reatum;
1212 5170 1261 5222 id
1311 5180 1414 5233 est,
1458 5174 1773 5225 remissione
1808 5181 2061 5239 peccato-

483 5254 620 5310 rum,
657 5239 731 5290 uti
768 5252 930 5310 supra
970 5238 1363 5304 etprimuntur.
1407 5241 1607 5294 Eodem
1642 5238 2062 5310 modointellige

483 5307 622 5362 infra
648 5324 699 5360 v.
724 5306 845 5372 166,
873 5308 1161 5376 donumque
1183 5311 1429 5363 vocantis.
1454 5311 1601 5363 llunc
1621 5323 1799 5365 autem
1819 5306 2059 5365 errorem

483 5379 555 5433 ita
586 5393 897 5445 expreSsunt
929 5380 1092 5447 leges,
1127 5395 1175 5431 v.
1210 5380 1340 5446 210,
1375 5390 1431 5434 et
1459 5391 1730 5449 sequent.,

1888 4347 2074 4401 perso-

575 5511 922 5579 Quodmeritis
944 5514 1190 5579 hominum
1208 5515 1458 5579 tribuatur
1480 5518 1632 5579 gratia
1655 5514 1844 5579 Christi,

574 5575 817 5631 Quantum
842 5577 1050 5636 quisque
1073 5574 1168 5624 Dei
1188 5577 1328 5625 donis
1350 5590 1405 5625 se
1430 5574 1601 5626 iecerit
1626 5584 1810 5638 aptum.

550 5700 571 5720 ⁹
600 5696 797 5749 Cum.
827 5694 890 5768 ill.
925 5696 1091 5768 Quam
1124 5699 1319 5766 fortiter
1350 5698 1584 5752 Ecclesia
1625 5698 1825 5768 Pelagii
1861 5701 2055 5755 doctri-

481 5782 603 5823 nam
628 5767 874 5842 rejecerit.
912 5766 1071 5822 Sedes
1088 5768 1389 5839 apostolica,
1418 5771 1688 5824 concilium
1719 5766 2057 5827 Palastinum

2174 2006 2370 2060 errores
2408 1988 2700 2055 abnegavit.
2753 1989 2861 2044 Sub
2900 1988 3035 2043 idem
3075 1988 3273 2060 tempus
3318 1990 3662 2058 Hieronymus
3701 1993 3757 2045 in

2178 2059 2487 2131 Pelagianos
2521 2059 2765 2129 Dialogos
2803 2062 3029 2127 scripsit.
3063 2059 3427 2131 Pelagianiab
3466 2061 3631 2131 Attico
3671 2078 3757 2112 ar-

2177 2129 2347 2201 chiep.
2398 2129 2788 2201 Constantinop.
2822 2130 3084 2199 repulsam
3123 2132 3278 2197 passi.
3320 2130 3484 2201 Ejecti
3528 2129 3755 2200 Epheso.

2179 2199 2328 2253 Pulsi
2353 2216 2378 2253 ε
2409 2199 2613 2254 Sicilia.

2248 2270 2337 2325 59.
2383 2268 2560 2321 Prima
2590 2268 2770 2322 recidit
2803 2270 2993 2337 Roma,
3027 2271 3234 2323 scilicet
3265 2285 3360 2337 per
3384 2269 3754 2327 Innocentium

2178 2340 2221 2405 Ι,
2268 2355 2408 2392 anno
2439 2341 2562 2407 M7,
2604 2340 2812 2409 quando
2844 2341 2924 2408 (ut
2964 2342 3040 2394 ait
3068 2340 3124 2396 S.
3160 2341 3393 2406 Prosper
3426 2343 3522 2394 lib.
3565 2358 3754 2398 contra

2179 2411 2527 2469 Collatorem,
2558 2424 2674 2475 cap.
2708 2410 2801 2477 21)
2829 2410 2991 2465 beata:
3019 2412 3273 2464 memoria:
3305 2410 3636 2465 Innocentius
3668 2434 3755 2467 ne-

2181 2481 2325 2549 fandi
2351 2480 2534 2533 erroris
2560 2480 2755 2548 capita,
2793 2480 3061 2547 Pelagium
3106 2491 3159 2534 et
3186 2481 3519 2545 C(Blestiutn,
3548 2496 3755 2547 aposto-

2180 2553 2280 2604 lico
2329 2566 2568 2604 mucrone
2618 2552 2883 2619 percussit.
2946 2552 3199 2605 Praestitit
3262 2555 3364 2605 hoc
3415 2552 3755 2610 Innocentius

2180 2620 2387 2673 duabus
2409 2620 2546 2673 datis
2576 2620 2818 2691 epistolis
2849 2621 2912 2673 ad
2945 2622 3179 2691 synodos
3207 2621 3502 2685 AlriCanas,
3530 2625 3753 2678 Cartha-

2180 2691 2455 2757 ginensem
2487 2697 2544 2743 et
2573 2689 2984 2754 Milevitanam,
3006 2708 3124 2761 quae
3159 2694 3401 2760 epistolae
3444 2706 3567 2747 sunt
3615 2696 3753 2750 inter

2182 2761 2622 2829 Augustinianas.
2654 2775 2797 2813 nunc
2830 2762 2925 2815 181
2970 2774 3023 2815 ct
3049 2762 3169 2820 182.
3206 2771 3258 2815 et
3289 2767 3625 2830 postmodum
3650 2766 3752 2821 Zo-

2181 2832 2354 2903 ximus
2375 2845 2518 2903 anno
2538 2830 2665 2903 M8,
2694 2831 2745 2903 i_n
2770 2832 2991 2903 epistola
3021 2832 3085 2903 ad
3118 2831 3350 2886 Africani
3379 2835 3591 2903 aoncilii
3624 2853 3751 2903 pra:-

2181 2902 2327 2955 sules
2357 2901 2478 2954 data
2527 2915 2597 2953 ιιιι
2639 2899 2746 2953 kal.
2781 2901 3001 2967 Aprilis,
3035 2902 3103 2957 ab
3132 2904 3318 2969 eisque
3366 2918 3424 2956 ιιι
3470 2901 3576 2958 Ital.
3624 2899 3749 2961 Maii

2183 2982 2421 3041 accepta.
2454 2971 2579 3023 llaec
2604 2985 2733 3041 vero
2759 2986 2863 3024 vox
2893 2972 3062 3039 prima
3090 2975 3190 3026 etsi
3220 2974 3534 3041 quibusdam
3572 2976 3747 3032 laeum

2184 3040 2330 3113 dedit
2360 3041 2631 3095 asserendi
2665 3040 3000 3113 Pelagianam
3041 3040 3285 3096 bzeresim
3321 3058 3349 3095 a
3379 3044 3510 3097 sede
3534 3057 3751 3113 apusto-

2188 3112 2307 3185 lica,
2349 3120 2473 3165 ante
2510 3112 2671 3185 ullam
2706 3112 2930 3185 aliorum
2972 3114 3348 3182 cpisc0porum
3389 3112 3747 3185 sententiam,

2186 3179 2347 3251 fuisse
2379 3182 2758 3250 proscriptum,
2797 3183 2918 3250 quia
2952 3179 3125 3236 tamen
3162 3179 3276 3235 huic
3311 3183 3493 3251 opinio
3524 3186 3591 3238 ab
3619 3179 3749 3241 cru;

2185 3250 2311 3304 ditis
2356 3267 2461 3305 nun
2506 3252 2814 3316 agnoscitur
2847 3252 2977 3305 satis
3026 3254 3317 3308 convenire
3353 3250 3483 3307 cum
3527 3255 3749 3313 historia

2104 3292 2150 3354 Ο
2180 3292 2453 3375 hznreseos
2482 3292 2804 3389 Pelagianae:
2825 3292 3332 3376 hun'c'n‘o‘duinalii’s

2180 3391 2388 3468 simode
2412 3393 2619 3468 solvere
2643 3392 2895 3468 ;_quidam
2915 3394 3059 3468 enim
3084 3408 3376 3468 pervocem
3403 3396 3538 3468 lianc
3556 3399 3747 3468 prima,

2181 3463 2515 3525 prioritatem
2546 3461 2841 3529 dignitatis,
2869 3463 3055 3524 studii,
3087 3463 3465 3519 sollicitudinis
3490 3461 3749 3522 et'auctoQ

2180 3531 2355 3584 ritatis
2381 3530 2601 3599 intelligi
2632 3532 2829 3584 debere
2857 3533 3225 3596 contendunt;
3254 3535 3341 3587 alii
3369 3544 3567 3599 autem,
3606 3540 3747 3590 ultro

2178 3599 2409 3674 fatentes
2447 3600 2820 3674 Africanorum
2854 3612 2905 3655 et
2930 3601 3283 3674 Orientalium
3322 3604 3518 3671 judicia
3554 3608 3747 3674 praelu-

2179 3672 2313 3725 sisse
2352 3671 2631 3742 sententiae
2681 3672 2974 3742 Innocentii
3034 3673 3087 3727 in
3133 3674 3467 3742 Pelagianos,
3509 3671 3627 3730 cum
3679 3682 3747 3731 ab

2178 3756 2319 3816 anno
2336 3740 2766 3816 412,0mlestius
2787 3741 3069 3816 datrttiatus
3092 3740 3297 3816 legatur
3316 3745 3371 3797 in
3392 3747 3598 3816 synodo
3620 3748 3747 3801 Car-

2182 3810 2504 3878 thaginensi,
2530 3812 2615 3865 cui
2652 3812 2972 3877 praesidebat
3002 3810 3271 3878 Aurelius,
3303 3823 3356 3868 et
3388 3810 3579 3869 iterum
3604 3832 3745 3871 anno

2178 3881 2283 3955 416
2317 3882 2556 3955 ibidem;
2611 3884 2772 3955 immo
2815 3893 2867 3935 et
2914 3898 3056 3955 anno
3082 3882 3210 3948 415,
3240 3885 3491 3955 _Diospn|i
3534 3886 3745 3955 Pelagio

2177 3953 2450 4017 absoluto,
2483 3951 2705 4004 haeresis
2734 3965 2891 4020 quam
2932 3952 3181 4019 abiurare
3228 3951 3461 4010 tinxerat
3495 3951 3744 4012 conlossa

2179 4020 2414 4089 legatur;
2446 4036 2565 4074 cum
2600 4031 2775 4074 tamen
2806 4036 2913 4074 non
2944 4036 3066 4076 ante
3104 4039 3303 4078 annum
3333 4026 3437 4079 M7
3477 4026 3744 4082 Innocen-

2177 4088 2283 4144 tius
2316 4090 2332 4145 1
2362 4091 2604 4159 pluribus
2645 4088 3021 4145 Africanorum
3054 4092 3245 4148 litteris
3286 4096 3627 4160 sollicitatus,
3661 4114 3744 4152 re-

2175 4162 2473 4236 scripserit.
2506 4160 2776 4236 Pelagium
2809 4175 2928 4236 cum
2961 4162 3213 4236 (lmlestio
3257 4164 3741 4236 anathematizans,

2174 4235 2315 4304 quod
2348 4233 2576 4299 primum
2607 4232 2826 4304 omnino
2858 4230 2956 4285 fuit
2984 4232 3170 4286 Roma:
3205 4236 3472 4303 prolatum
3510 4237 3561 4290 in
3595 4230 3743 4304 ejus;

2175 4302 2317 4376 modi
2348 4316 2590 4376 errorem
2619 4301 2917 4376 judicium;
2949 4304 3025 4356 illi
3050 4301 3231 4372 igitur,
3263 4306 3346 4358 his
3362 4301 3739 4376 consideratis,

2173 4371 2357 4445 dicunt
2401 4372 2736 4445 Pelagianam
2774 4372 3003 4445 quidem
3042 4371 3285 4445 errorem
3335 4376 3388 4429 in
3436 4376 3650 4445 Pelagio
3688 4371 3740 4437 et

2171 4440 2429 4495 leestio
2457 4442 2525 4494 ab
2554 4442 2816 4495 Africanis
2850 4446 3019 4510 primo
3049 4443 3382 4509 damnatum,
3410 4455 3464 4500 at
3488 4440 3739 4504 eumdem

2173 4510 2225 4584 in
2249 4512 2554 4584 Joviniatto,
2584 4512 2738 4580 cujus
2770 4513 3022 4580 diScipuli
3045 4523 3198 4567 erant
3222 4515 3516 4584 Pelagiani.
3542 4534 3571 4571 a
3604 4519 3739 4573 Siri-

2170 4582 2256 4634 cio
2287 4597 2418 4650 papa
2449 4582 3061 4653 dlldlllnr[‘Il‘llscrlplllm,
3105 4597 3157 4638 et
3193 4586 3295 4639 hoc
3332 4582 3487 4653 pacto
3524 4589 3736 4645 diversa

2094 4659 2143 4717 ι)
2170 4662 2274 4729 tam
2305 4654 2559 4729 carminis
2590 4652 2740 4704 istius
2764 4668 2929 4729 quant
2947 4654 3169 4729 aliorum
3199 4652 3455 4729 librorum
3487 4659 3624 4725 loca,
3648 4662 3738 4729 qui

2171 4724 2341 4787 primo
2364 4722 2557 4774 intuitu
2586 4737 2824 4789 pugnare
2848 4723 3183 4787 videbantur,
3209 4726 3273 4777 ad
3298 4741 3514 4781 sensum
3549 4722 3737 4783 min.

2166 4807 2311 4845 mum
2335 4794 2587 4845 reducere
2615 4803 2898 4845 conantur.
2929 4794 3029 4847 Alii
3053 4797 3242 4846 iterum
3270 4798 3587 4860 prioritatem
3609 4808 3737 4851 tem-

2167 4862 2306 4930 poris
2349 4864 2427 4915 sic
2462 4862 2790 4929 intelligunt,
2821 4872 2877 4914 ιιι
2908 4880 3012 4915 non
3042 4865 3276 4917 dividant
3306 4867 3520 4920 decreta
3549 4872 3736 4923 conci-

2167 4931 2361 5003 liorum
2406 4932 2800 5003 Africanorum,
2837 4933 3278 5003 Cartliaginensis
3318 4946 3371 4989 et
3417 4938 3734 5001 Milevitani,

2166 5002 2235 5055 ab
2259 5001 2556 5076 lttttocetttii
2584 5003 2845 5076 epistolis,
2876 5004 2970 5076 sed
2988 5001 3056 5059 es
3085 5007 3146 5058 iis
3171 5020 3325 5059 unam
3356 5006 3554 5076 Pelagii
3579 5010 3735 5062 dam-

2170 5074 2438 5125 nationem
2470 5072 2725 5127 conllent.
2772 5074 2901 5126 Ueni
2923 5090 3007 5134 me
3037 5091 3141 5127 non
3174 5076 3459 5130 defuerunt
3484 5072 3575 5134 ὀιιί
3620 5095 3733 5132 retu

2165 5141 2401 5197 breviter
2430 5143 2679 5209 expediri
2726 5153 3030 5209 autument,
3076 5144 3320 5199 dicentes
3365 5141 3570 5201 voculis
3616 5149 3733 5202 istis

2165 5213 2353 5284 prima,
2394 5221 2447 5265 et
2484 5227 2603 5280 qua:
2631 5220 2749 5277 pust
2780 5228 2943 5280 pauca
2972 5218 3218 5282 sequitur
3242 5217 3384 5284 inde,
3419 5233 3523 5269 non
3563 5218 3727 5271 alium

2162 5282 2406 5335 ordinem
2447 5296 2605 5350 quam
2651 5285 2972 5338 narrationis
3005 5287 3280 5350 denotari;
3308 5282 3382 5339 uti
3416 5287 3525 5340 fere
3552 5288 3733 5345 solent

2163 5351 2253 5419 qui
2270 5353 2430 5425 plura
2451 5353 2711 5425 quippiam
2736 5364 2978 5425 narrant.
3008 5359 3338 5408 conlusinnis
3363 5357 3592 5411 vitandae
3613 5375 3733 5425 gra-

2164 5430 2234 5494 tia
2264 5422 2591 5494 hasordinis
2620 5424 2833 5477 nutulas
2866 5426 3188 5494 interjicere,
3218 5426 3359 5478 nulla
3392 5422 3732 5481 interim'ha-

2162 5491 2270 5545 bita
2312 5491 2601 5561 prioritatis
2631 5504 2722 5544 aut
2772 5491 3183 5559 posterio'ritatis
3210 5498 3435 5549 ratione.
3461 5497 3597 5561 Quin
3632 5499 3729 5552 ho-

2158 5576 2276 5615 rum
2296 5562 2491 5636 nullam
2521 5560 2663 5636 bic_a
2693 5577 2751 5617 se
2773 5565 3029 5636 rationem
3049 5564 3314 5636 habitam,
3327 5567 3457 5621 satis
3486 5560 3598 5636 ipse
3626 5573 3730 5621 Au-

2159 5645 2277 5685 eior
2297 5632 2555 5697 declarat,
2588 5631 2713 5684 dum
2739 5635 2914 5700 potius
2943 5636 3121 5688 omnia
3148 5635 3319 5689 videri
3346 5638 3455 5689 vult
3484 5631 3640 5690 simul
3667 5653 3729 5691 ac

2158 5702 2393 5777 diversis
2412 5703 2626 5777 quidem
2666 5704 2819 5777 locis,
2865 5704 2959 5777 sed
2987 5719 3094 5757 uno
3124 5706 3268 5760 velut
3307 5714 3552 5777 tempore
3578 5718 3729 5777 gesta

2157 5787 2297 5829 esse.
2328 5771 2518 5828 Iisdem
2540 5785 2695 5828 snitu.
2720 5773 2951 5843 decretis,
2984 5784 3095 5831 ctc.
