4088 6176
338 261 409 317 97

373 374 445 430 ιο
480 372 657 430 Sedes
684 373 842 429 lion
873 371 1051 435 Petri;
1085 385 1204 440 qua:
1236 370 1519 440 pastoralis
1550 370 1769 426 honoris

484 466 823 532 Factacaput
847 462 1067 526 mundo,
1082 461 1342 531 quidquid
1359 476 1464 515 non
1491 462 1927 529 possidetarmis,

483 556 792 625 Relligioue
828 562 994 609 tenet.
1025 551 1143 606 Non
1173 552 1388 621 segnior
1414 552 1537 607 inde
1563 549 1823 606 Oatsnrts

483 647 779 702 Rectorum
806 660 936 700 cura
966 645 1191 699 emicuit
1216 661 1229 694 :
1261 654 1589 713 captumque
1621 644 1835 698 nefandi

495 738 769 807 Dogmatis
795 748 1073 791 auctorem
1105 734 1433 789 constrinxit
1459 734 1574 803 lege
1602 735 1832 804 benigna

383 830 454 888 ιδ
489 827 868 885 Commentum
885 826 1151 880 damnare
1167 841 1319 879 suum
1336 841 1350 889 ;
1369 825 1467 879 nisi
1483 841 1713 894 corpore
1732 826 1931 880 Christi

482 920 717 990 Abjungi
750 929 803 974 et
833 930 1022 972 sancto
1052 919 1417 988 tnalletgrege
1437 918 1739 972 dissociari.

481 1014 632 1067 Lene
659 1012 874 1081 quidem
916 1010 1043 1075 hoc,
1078 1010 1413 1078 nimiumque
1461 1009 1634 1063 malos
1668 1010 1934 1063 tolerasse

630 1104 844 1157 videtur

487 1193 762 1248 Judicium
789 1210 803 1247 :
832 1192 926 1247 sed
957 1201 1142 1246 sancta
1181 1191 1313 1247 ﬁdes
1337 1194 1582 1247 examine
1610 1193 1662 1247 in
1695 1194 1791 1248 illo

494 1284 634 1338 Vicit
653 1286 963 1337 oborturam
986 1282 1108 1336 «Ιίιό
1138 1283 1205 1337 de
1233 1288 1441 1338 semine
1473 1286 1708 1352 prolem.

378 1374 449 1430 50
489 1375 849 1443 Prospectum
931 1387 1165 1443 namque
1214 1382 1298 1427 est
1360 1373 1545 1427 divino
1584 1384 1641 1429 et
1712 1390 1937 1430 munere

640 1473 879 1525 cautum,

501 1558 654 1627 121
688 1556 758 1611 Ut
800 1554 927 1610 licet
957 1553 1250 1609 instantem
1291 1554 1572 1610 declinans
1614 1555 1787 1610 bestia
1821 1571 1941 1625 ρω-

1792 1664 1939 1714 nam,

493 1739 740 1796 Perﬁdiae
770 1754 950 1794 secum
983 1753 1178 1795 sensus
1210 1741 1476 1795 tenuisset
1504 1740 1722 1796 eosdem
1744 1647 1787 1807 ;l

347 1998 458 2044 cat.
489 1988 652 2043 Gent.
691 1984 741 2039 c.
784 1984 886 2040 16:
921 1985 1021 2037 Per
1055 1984 1329 2057 apostolici
1370 1987 1645 2038 sacerdotii
1670 1987 1936 2057 principa-

349 2070 462 2113 tum
495 2058 719 2126 amplior
749 2058 888 2126 facta
930 2066 1001 2109 est
1033 2072 1149 2107 arce
1180 2056 1461 2126 religionis,
1491 2073 1646 2125 quam
1679 2057 1807 2109 solio
1843 2074 1940 2126 po-

350 2125 809 2187 testatis,'scilicet
833 2127 1221 2194 imperatoriae.
1251 2125 1459 2180 Similia
1487 2127 1611 2181 vide
1639 2127 1776 2195 apud
1804 2125 1941 2182 Leo-

350 2214 475 2253 nem
524 2198 657 2264 PP.,
704 2195 753 2253 si
795 2211 901 2250 non
947 2204 1001 2249 et
1044 2196 1157 2251 hate
1194 2197 1307 2266 ipsa
1358 2196 1500 2250 illius
1528 2205 1674 2262 sunt,
1704 2205 1761 2250 ut
1795 2197 1940 2253 docti

352 2268 973 2339 quidam_suspircantur.

420 2339 515 2393 49..
562 2337 789 2391 Orientis
818 2346 1090 2388 rectorum.
1128 2335 1202 2389 De
1232 2334 1517 2389 Palaestina
1566 2337 1775 2404 synodo
1818 2338 1942 2391 Dio-

354 2409 497 2477 spoli
524 2408 703 2461 habita
738 2407 985 2477 loquitur
1034 2410 1234 2460 Auctor
1263 2416 1467 2477 noster.
1512 2406 1624 2460 lluc
1656 2408 1943 2476 perductus

352 2476 532 2533 fuerat
572 2476 841 2545 Pelagius,
886 2476 1147 2529 intentata
1180 2477 1232 2530 in
1282 2476 1457 2539 ipsum
1488 2478 1830 2531 accusatione
1872 2479 1943 2531 ab

355 2548 560 2604 ﬂerote
594 2556 649 2602 et
678 2546 883 2601 Lazaro
909 2546 1178 2615 episcopis
1204 2545 1391 2609 Gallis,
1428 2546 1527 2599 hoc
1558 2545 1818 2614 Aquensi,
1849 2547 1943 2603 illo

353 2634 485 2675 vero
516 2617 845 2683 Arelatensi,
883 2617 1008 2670 licet
1039 2628 1264 2685 utroque
1288 2618 1418 2687 sede
1456 2630 1553 2687 sua
1595 2619 1768 2685 pulso,
1800 2618 1942 2687 quod

352 2690 651 2759 contigisse
678 2688 892 2759 videtur
917 2701 1059 2740 anno
1081 2688 1209 2742 415.
1246 2689 1298 2738 In
1324 2685 1425 2741 hac
1451 2686 1723 2759 Pelagius,
1749 2685 1945 2759 abs-en-

355 2756 598 2814 tibus'ob
625 2756 957 2813 necessarias
994 2770 1185 2811 causas
1232 2757 1662 2824 accusatoribus,
1704 2758 1941 2823 auditus,

354 2830 587 2899 singulis
634 2828 796 2883 oblati
852 2828 921 2899 ab
972 2826 1122 2899 ipsis,
1150 2827 1315 2881 libelli
1359 2826 1623 2899 articulis
1654 2829 1946 2899 artiﬁciose

355 2895 715 2967 respondens,
756 2898 926 2951 multa
968 2896 1311 2951 simulatione
1350 2895 1561 2964 judices
1608 2897 1682 2951 ita
1725 2897 1941 2965 delusit,

358 2983 416 3022 ut
450 2980 629 3023 tamen
658 2969 919 3035 abjuratis
944 2976 995 3021 et
1027 2969 1293 3021 damnatis
1318 2967 1618 3031 erroribus,
1651 2970 1765 3038 ipse
1788 2969 1947 3023 inno-

359 3056 490 3096 cens
516 3048 573 3093 et
602 3048 763 3093 recta:
792 3038 915 3091 ﬁdei
944 3038 1405 3104 pronuntiaretur.

425 3110 517 3166 45.
561 3108 893 3178 Captumque,
932 3107 1360 3178 etcaPelagium
1389 3109 1460 3161 ad
1500 3110 1864 3178 proferendam
1890 3112 1944 3163 in

359 3197 413 3234 se
451 3177 669 3249 suosque
700 3179 1001 3250 sententiam
1040 3177 1440 3250 Palestinorum
1470 3180 1826 3250 episcoporum
1857 3197 1943 3250 sy-

361 3253 525 3303 nodus
555 3248 854 3312 caarctavit,
883 3248 973 3301 lib.
1009 3261 1192 3301 contra
1222 3248 1415 3301 Collat.
1444 3263 1495 3301 c.
1526 3248 1617 3301 Ἦ.

555 3289 1315 3387 ἓᾶἀαῗνὺέιξξὶηξνξεῖιίοῖῖί
1638 3333 1743 3372 ηοη
1775 3318 1943 3373 infre-
1971 3289 2015 3351 Ο

364 3406 533 3460 quens
559 3390 616 3444 in
653 3390 934 3444 haereticos
964 3399 1313 3444 contumaces
1357 3387 1817 3457 appellationibus
1870 3391 1947 3445 uti

365 3461 696 3515 durioribus.

431 3532 519 3587 52.
550 3531 749 3584 Sensus
782 3529 1028 3583 tenuisset
1050 3529 1275 3599 eosdem.
1304 3527 1461 3591 Quia,
1486 3529 1661 3597 inquit
1689 3528 1946 3599 Augusti-

366 3618 483 3663 nus,
508 3601 606 3655 lib.
640 3616 655 3654 ι
684 3611 826 3654 cont.
874 3599 1077 3654 Julian.
1119 3614 1167 3653 c.
1199 3598 1255 3664 5,
1300 3600 1354 3652 id
1398 3599 1538 3667 quod
1585 3598 1797 3670 negavit
1832 3616 1945 3668 ore,

366 3677 515 3725 corde
540 3671 789 3723 ‘servavit.

434 3744 527 3797 55.
567 3740 782 3795 Bcthlei.
814 3738 1014 3794 Vocem
1046 3738 1360 3794 lli-braicam
1394 3737 1657 3793 Bethleem
1698 3740 1762 3793 ad
1795 3738 1945 3793 Lati-

368 3828 488 3895 nam
522 3811 954 3934 legitima-“01]th
977 3808 1207 3877 inflexit,
1232 3810 1469 3879 fecitque
1495 3808 1783 3879 Bethleam,
1802 3810 1946 3866 unde

368 3890 526 3934 Eelill.
612 3894 655 3934 et
718 3897 787 3934 es.

400 3882 526 3937 etiit.
559 3880 787 3935 Bethlet'.

367 3899 526 3951 genii.
559 3899 787 3935 uermes.

435 3953 573 4007 ibid.
628 3949 880 4005 Pra'clari
923 3949 1165 4003 nominis.
1208 3949 1287 4005 0b
1342 3950 1710 4006 celebritatem
1768 3950 1943 4017 fama},

369 4021 507 4077 forte
558 4023 717 4076 etiam
771 4022 841 4075 ob
885 4033 1106 4091 etymon
1149 4020 1385 4075 nominis
1434 4020 1764 4091 Hieronymi,
1794 4022 1945 4091 quasi

371 4092 520 4147 Sacri
551 4092 791 4145 nominis.

436 4165 527 4218 57.
563 4162 849 4229 Mundique
870 4161 1139 4229 magister.
1165 4160 1255 4216 Sic
1280 4159 1347 4215 de
1384 4162 1480 4216 illo
1513 4160 1753 4215 Breviar.
1786 4160 1944 4215 Rom.

369 4234 553 4288 ultima
585 4232 860 4301 Septemb.
898 4230 1228 4299 :Tamquam
1254 4232 1320 4281 ad
1353 4230 1625 4285 oraculum
1670 4246 1733 4301 ea:
1776 4233 1944 4284 omni-

368 4305 456 4357 bus
495 4305 633 4357 orbis
664 4300 811 4356 terra
838 4301 1074 4372 partibus
1120 4302 1186 4372 ad
1216 4302 1385 4372 ipsum
1431 4302 1618 4354 divinae
1660 4300 1949 4372 scriptum

368 4373 672 4444 quastiones
708 4369 1037 4444 explicandis
1078 4371 1453 4444 referebantur.
1485 4371 1650 4444 Illum
1690 4369 1948 4444 Damasus

368 4440 620 4515 pontifex,
653 4443 804 4495 illum
840 4442 899 4495 S.
927 4442 1250 4515 Augustinus
1280 4442 1343 4494 de
1372 4444 1498 4495 locis
1531 4440 1819 4515 Scriptura
1841 4442 1947 4515 dif-

369 4512 615 4582 ﬁcillimis
649 4528 784 4582 sape
824 4512 1103 4573 consuluit,
1134 4524 1344 4582 promer
1369 4515 1482 4580 ejus
1510 4513 1826 4582 singularem
1850 4512 1949 4582 dos

370 4577 608 4654 ctrinam,
638 4592 684 4636 et
713 4577 902 4654 lingute
924 4597 1041 4654 _n_on_
1069 4577 1249 4654 solum
1292 4577 1495 4654 Latinae
1535 4577 1825 4654 efGrthw,
1857 4581 1949 4635 sed

371 4652 641 4707 Hebraith
660 4650 811 4705 etiam
835 4661 880 4705 et
911 4650 1209 4705 Chaldaicis:
1235 4652 1652 4721 intelligentiam.

437 4723 521 4779 58.
566 4722 758 4786 Libris,
790 4723 1093 4791 praesertim
1128 4721 1495 4790 Dialogorum,
1530 4730 1583 4776 et
1611 4721 1851 4788 Epistola
1879 4721 1946 4775 ad

373 4792 795 4863 Ctesiphontem.

442 4860 535 4919 59.
564 4863 818 4917 Dissecuit
845 4881 857 4916 :
880 4860 1183 4932 Nonuadeo,
1217 4860 1290 4915 ob
1317 4862 1692 4932 acrimoniam
1716 4861 1864 4932 styli,
1890 4860 1960 4917 de

374 4946 475 5001 qua
510 4934 711 4987 ibidem
748 4933 902 4987 Brev.
940 4948 953 4984 :
988 4930 1275 5001 Ilareticos
1301 4933 1564 4984 acerrimis
1594 4930 1799 5001 scriptis
1838 4948 1963 4986 exa-

373 5000 584 5071 gitavit;
633 5019 791 5071 quam
838 5003 964 5071 quia
1008 5002 1159 5055 libris
1206 5000 1323 5055 istis
1374 5002 1625 5055 subtilem
1674 5000 1957 5066 quamdam

375 5073 741 5127 callidissima:
764 5074 1037 5126 haereseos
1063 5080 1352 5125 anatomen
1382 5072 1527 5137 fecit,
1551 5071 1788 5140 noscique
1817 5071 1960 5124 dedit

375 5142 525 5213 (utin
554 5159 713 5198 versu
729 5142 994 5212 sequitur)
1027 5144 1137 5209 ipsa
1154 5142 1300 5213 velut
1319 5142 1506 5194 intima
1534 5141 1678 5213 illius
1705 5142 1908 5213 viscera
1939 5159 1952 5194 :

375 5211 557 5283 utpote
583 5230 705 5268 cum
736 5211 957 5267 esSctex
990 5213 1159 5281 iisqui
1183 5211 1300 5283 ejus
1331 5228 1509 5283 sensus
1538 5212 1840 5283 diligentius
1868 5212 1955 5263 in-

376 5280 559 5355 dagare
581 5291 897 5355 potuerunt;
930 5290 1069 5355 teste
1086 5280 1301 5355 synodo
1332 5282 1554 5355 Milevit.
1579 5280 1954 5355 ad‘lpnocent.

376 5302 437 5334 απ
473 5302 559 5338 are
581 5302 897 5355 patuerunt;
930 5302 1069 5336 D8516
1095 5302 1301 5353 SYllUUO
1332 5302 1554 5336 DlllBVll.
1579 5302 1645 5334 au
1670 5302 1741 5334 llll

376 5302 477 5408 ΗΕ
507 5354 731 5422 epistola
764 5355 901 5407 inter
930 5352 1373 5422 Augustinianas.
1402 5351 1622 5422 176,721.
1649 5350 1741 5404 99..

444 5420 730 5478 63._Docto
760 5422 923 5476 bonus
945 5437 1053 5487 ore,
1079 5420 1128 5473 id
1159 5431 1263 5489 est,
1289 5420 1500 5476 erudite
1530 5421 1817 5479 facundus.
1840 5420 1961 5476 Vir-

379 5495 569 5563 giliane
599 5495 829 5561 scilicet,
862 5491 939 5547 uti
971 5491 1188 5545 Eneid.
1215 5506 1268 5545 ιι
1299 5508 1314 5543 :

465 5595 559 5647 Hic
575 5594 739 5657 iaculo
760 5595 937 5656 bonus,
958 5592 1039 5642 hic
1060 5591 1207 5655 longe
1228 5590 1431 5642 fallente
1451 5592 1654 5655 sagitta.

447 5700 585 5755 lhid.
618 5698 878 5755 Sacerdos
904 5696 1103 5752 dicitur
1132 5696 1366 5761 Atticus,
1395 5694 1519 5765 quia
1537 5694 1819 5763 proprium
1850 5702 1963 5752 tum

1572 259 1850 315 canum
1894 260 1979 315 os
2021 259 2369 345 mannis.

1950 383 1994 435 Α

1978 4665 2026 4723 D

2165 373 2280 441 Ipsa
2300 382 2476 427 tamen
2499 389 2771 444 proprium
2790 389 3017 445 germen
3040 374 3345 429 damnando
3360 385 3609 442 necaret,

2176 466 2284 521 Ore
2312 468 2507 521 malam
2544 467 2895 539 exstinguens
2921 468 3190 536 sobolem,
3220 484 3380 540 quam
3427 479 3616 539 protu-

2316 561 2377 614 lit
2397 576 2513 614 ore.

2247 653 2396 707 Tunc
2455 654 2617 707 etiam
2668 653 2876 707 Bethlei
2933 654 3179 721 prmelari
3242 654 3475 711 nominis
3523 653 3615 708 lto-

2318 761 2467 815 spes,

2180 836 2407 891 Hebraeo
2432 837 2593 891 simul
2623 846 2676 891 et
2705 836 2889 899 Graio,
2921 835 3181 906 Latioque
3213 849 3477 891 venustus

2181 928 2429 996 Eloquio,
2451 944 2659 981 morum
2684 928 3017 993 exemplum,
3045 928 3337 993 mundique
3361 928 3618 996 magister

2180 1021 2545 1083 HIBRIINYIUS,
2581 1020 2731 1074 libris
2772 1019 2929 1075 valde
2968 1021 3363 1075 excellentibus
3405 1021 3617 1075 hostem

2180 1112 2472 1175 Dissecuit,
2501 1111 2758 1181 noscique
2788 1110 2939 1165 dedit
2961 1126 3068 1180 quo
3093 1104 3306 1165 turbine
3333 1126 3515 1165 veram

2073 1203 2142 1259 60
2185 1203 2397 1258 Vellent
2426 1212 2629 1257 exortae
2654 1204 2826 1258 lucem
2856 1203 3157 1258 obscurare
3185 1203 3451 1258 tcnebrm.

2249 1294 2390 1360 Quid
2421 1296 2627 1362 loquar,
2660 1303 2715 1348 et
2742 1310 2929 1348 curam
2966 1309 3157 1364 magna
3188 1310 3345 1365 quam
3376 1294 3542 1363 gessit
3568 1295 3621 1349 in

2324 1385 2457 1438 urbe

2183 1476 2675 1545 Constantinopoli,
2700 1476 2861 1531 docto
2892 1476 3067 1530 bonus
3098 1490 3193 1530 ore
3221 1475 3484 1531 sacerdos

2185 1567 2437 1632 ATTICUS,
2466 1569 2682 1637 antiqua
2709 1568 2913 1638 legatos
2936 1568 3317 1623 haereticorum

2189 1657 2532 1713 Confutando
2554 1660 2693 1713 ﬁde?
2722 1660 2797 1713 De
2825 1673 2932 1729 qua
2962 1669 3091 1713 tunc
3119 1660 3279 1728 impia
3311 1658 3497 1722 corda,

2084 1749 2153 1805 65
2199 1750 2455 1818 Quamvis
2485 1765 2545 1806 se
2575 1750 2809 1807 obducta
2851 1759 3096 1822 tegerent
3139 1750 3407 1806 velamine
3452 1749 3624 1805 forma

2069 651 2139 705 55

610 1915 851 1998 uidquidn
868 1930 969 1998 non
1000 1914 1382 1998 possideanelc.
1415 1914 1489 1968 Ita
1522 1915 1689 1998 lib..."
1734 1914 1800 1997 de
1824 1916 1927 1998 Vo.

2053 1935 2155 1998 erat
2192 1928 2463 1996 episcopis
2510 1942 2725 1994 nomen,
2757 1930 2900 1998 quod
2934 1946 3076 1988 nunc
3119 1946 3151 1988 e
3180 1941 3377 1988 contra
3399 1947 3500 1989 usu
3522 1934 3625 1991 Ec-

2043 1996 2353 2071 clesiastjco
2376 1999 2619 2053 relictum
2646 1996 2999 2071 presbyteris.

2116 2067 2205 2142 64.
2242 2068 2318 2123 De
2360 2086 2481 2142 qua.
2513 2086 2609 2125 seu
2640 2067 2667 2122 a
2700 2067 2843 2140 qua';
2876 2087 3073 2142 nempe
3111 2074 3257 2139 urbe,
3288 2087 3395 2129 non
3445 2083 3624 2131 autem

2043 2137 2170 2206 ﬁde,
2200 2150 2255 2200 ut
2286 2141 2462 2213 putari
2503 2137 3062 2213 possetCCompletur
3109 2137 3251 2198 vero
3288 2149 3625 2201 constructio

2046 2222 2142 2275 per
2166 2210 2469 2282 sequentia.
2500 2209 2699 2282 Tacite
2739 2209 2961 2267 tulerant
3005 2224 3261 2269 tormenta
3299 2215 3535 2282 repulsae.
3572 2217 3626 2272 Id

2044 2288 2149 2352 εει,
2183 2279 2404 2352 inauditi
2438 2281 2641 2352 repulsi
2683 2295 2780 2336 seu
2835 2286 3046 2352 expulsi
3096 2294 3240 2339 sunt.
3292 2279 3427 2339 Cum
3478 2287 3621 2341 enim

2045 2347 2343 2424 Pelagiani,
2370 2361 2490 2424 post
2511 2350 2711 2424 losimi
2738 2347 3083 2419 sententiam,
3113 2354 3476 2424 imperialibus
3495 2372 3628 2424 quo-

2044 2433 2150 2485 que
2195 2419 2432 2494 decretis
2480 2421 2611 2494 sede
2660 2435 2757 2475 sua
2808 2425 3077 2478 exturbati
3128 2419 3332 2490 essent,
3364 2419 3623 2494 quosdam

2045 2503 2263 2559 suorum
2311 2489 2835 2559 Constantinopolim
2884 2497 3165 2555 miserunt.
3198 2495 3287 2549 ubi
3318 2489 3519 2551 erroris
3543 2502 3626 2552 sui

2045 2558 2376 2634 impietatem
2405 2560 2833 2634 dissimulantes,
2866 2577 2926 2619 se
2955 2579 3279 2634 causamque
3308 2581 3457 2619 suam
3496 2566 3627 2622 falsa

2044 2630 2226 2697 specie
2252 2631 2616 2685 abduxerunt.
2637 2632 2839 2686 Verum
2873 2635 2923 2686 in
2955 2649 3015 2687 ea
3047 2630 3267 2690 civitate
3288 2635 3445 2689 beato
3466 2636 3629 2691 Joan-

2045 2701 2098 2751 ni
2125 2696 2514 2771 Chrysostomo
2559 2701 2772 2756 Atticus
2816 2716 3173 2769 successerat,
3206 2706 3354 2759 illius
3395 2706 3519 2760 ﬁdei
3546 2708 3628 2761 di-

2044 2784 2182 2838 gnus
2219 2772 2522 2838 aemulator,
2559 2773 2649 2840 qui
2689 2773 2790 2825 hoc
2822 2773 2873 2825 in
2910 2788 3038 2828 casu
3078 2776 3303 2829 scientia
3332 2789 3429 2829 sua
3468 2777 3627 2830 simul

2045 2850 2099 2915 et
2131 2840 2423 2915 episcopali
2449 2842 2646 2915 virtute
2666 2842 2941 2915 adhibita,
2969 2860 3156 2898 eorum
3188 2845 3511 2915 legationem
3539 2861 3625 2900 re-

2043 2909 2194 2983 jccit,
2226 2912 2499 2979 antiquam
2531 2913 2636 2967 illis
2666 2912 2926 2967 Ecclesiae
2968 2915 3128 2969 ﬁdem
3172 2909 3474 2983 opponens,
3497 2931 3623 2971 eos-

2046 2981 2275 3051 demque
2297 2989 2402 3034 tam
2434 2983 2635 3037 acriter
2661 2983 2959 3039 insectatus
2987 2996 3095 3051 est,
3120 2997 3179 3040 ut
3202 2981 3270 3042 ne
3298 2987 3625 3041 consistendi

2045 3050 2260 3122 quidem
2289 3052 2340 3105 in
2368 3053 2499 3107 urbe
2526 3053 2798 3106 licentiam
2830 3053 3006 3112 daret.
3036 3050 3265 3122 Quinam
3293 3066 3474 3111 autem
3514 3056 3629 3111 fne-

2048 3122 2155 3195 rint
2179 3120 2736 3195 haereticorumlegati
2763 3139 2865 3177 non
2893 3120 3099 3195 liquet“;
3133 3129 3235 3180 nisi
3260 3127 3403 3195 quod
3432 3128 3629 3181 Marius

2047 3190 2311 3265 Mercator
2337 3192 2527 3265 ducem
2559 3190 2776 3265 illorum
2830 3190 2998 3261 ponat
3043 3190 3377 3262 leestium,
3408 3196 3478 3251 de
3522 3212 3628 3265 quo

2050 3262 2207 3325 paulo
2238 3272 2360 3329 post
2396 3264 2607 3317 initium
2653 3261 3065 3319 Commonitorii
3112 3267 3183 3320 ita
3223 3261 3416 3321 scribit
3452 3282 3468 3320 :
3500 3261 3627 3320 Post

2050 3332 2365 3404 aliquantos,
2398 3331 2592 3401 inquit,
2624 3350 2788 3387 annos
2812 3334 3086 3404 (nimirum
3116 3353 3144 3390 a
3176 3337 3630 3391 condemnatione

2050 3400 2145 3453 sua
2194 3400 2630 3474 Carthaginensi,
2668 3400 2891 3458 Paulino
2921 3406 3152 3461 diacono
3183 3409 3492 3474 accusante)
3535 3406 3628 3461 sub

2050 3488 2278 3548 s._rn_rm.
2303 3473 2475 3548 Attico
2504 3475 2765 3545 epismpo,
2799 3476 2972 3548 urbem
2994 3476 3106 3531 ΟΡ.
3131 3479 3313 3548 petiit;
3347 3478 3434 3531 ubi
3468 3477 3523 3531 in
3560 3479 3633 3530 si-

2050 3541 2742 3618 milibus_detectus,'rmagrto
2769 3547 2940 3599 studio
2966 3541 3408 3603 sancti'illiusiviri
3436 3565 3469 3603 a
3495 3562 3630 3618 prta.

2051 3612 2189 3665 dicta
2212 3615 2351 3666 alma
2380 3614 2501 3669 urbe
2523 3612 2762 3668 detrusus
2792 3626 2888 3672 est.

2120 3684 2208 3737 65.
2236 3683 2481 3752 Lugdun.
2515 3685 2681 3740 editio
2712 3687 2825 3740 sola
2855 3702 2871 3741 :

2144 3794 2371 3861 Quamvis
2391 3810 2445 3846 se
2470 3797 2680 3861 obducto
2702 3804 2937 3858 tegerent
2955 3799 3198 3849 velamine
3220 3800 3389 3861 forma,

2140 3856 2318 3907 Judicii
2342 3864 2393 3907 et
2413 3859 2574 3908 tacitae
2599 3856 2805 3908 tulerint
2824 3867 3063 3909 tormenta
3090 3862 3322 3923 repulsae.

2054 3958 2330 4084 ιῖξιὲίιέεηεε
2370 3958 2797 4026 Lovan.,Duac.
2853 3968 2909 4017 et
2952 3959 3145 4016 Colon.
3184 3970 3239 4017 et
3283 3962 3406 4017 alite
3454 3971 3633 4032 poste-

2054 4046 2096 4084 τι
2139 4045 2163 4083 r
2253 4043 2270 4083 :

2052 4044 2226 4084 l'lOl‘eI
2253 4043 2270 4083 ἓ

2144 4120 2370 4185 Quamvis
2392 4132 2447 4168 se
2466 4120 2677 4185 obducta
2691 4127 2928 4183 tegerent
2949 4120 3194 4172 velamine
3212 4121 3383 4185 forma,

2144 4181 2325 4232 Judicii
2349 4188 2403 4231 et
2428 4183 2589 4232 tacita:
2612 4181 2829 4233 tulerant
2852 4188 3093 4233 tormenta
3118 4183 3346 4246 repulsae.

2125 4287 2229 4343 Pro
2266 4288 2460 4357 quibus
2492 4288 2815 4359 novissimus
2843 4288 3005 4359 hujus
3034 4290 3291 4343 carminis
3320 4290 3493 4345 editor
3522 4290 3629 4349 Lo-

2059 4360 2333 4413 vaniensis
2365 4360 2555 4414 doctor
2578 4368 2634 4413 et
2654 4358 2933 4429 professor
2961 4360 3140 4429 regius
3166 4360 3270 4430 legi
3302 4363 3417 4415 vult
3442 4378 3457 4414 :

2142 4466 2371 4531 Quamvis
2392 4479 2455 4531 se,
2470 4466 2689 4531 obducta
2708 4473 2944 4531 tegerent
2964 4468 3206 4519 velamine
3222 4470 3391 4521 forma

2140 4528 2338 4590 Judicii,
2365 4530 2527 4579 tacita
2548 4528 3035 4580 tulerunt'tormenta
3064 4530 3295 4592 repulsae.

2126 4640 2331 4711 ltajam
2360 4656 2431 4695 ex
2461 4640 2772 4709 conjectura
2811 4640 3106 4695 emendans
3151 4641 3328 4696 locum
3372 4643 3634 4699 hactenus

2063 4713 2555 4778 corruptissimum,
2579 4726 2702 4764 cum
2734 4720 3039 4778 opportune
3076 4711 3331 4768 incidisse
3359 4728 3419 4769 se
3455 4725 3640 4770 narrat

2062 4782 2118 4836 in
2148 4782 2478 4855 scriptorem
2513 4781 2835 4855 modcrnum
2859 4781 2948 4855 sic
2965 4795 3177 4850 quoque
3218 4784 3517 4855 legentem;
3548 4788 3636 4855 qui

2061 4853 2213 4920 quasi
2242 4848 2349 4907 non
2378 4850 2514 4904 satis
2540 4852 2666 4903 fisus
2698 4850 2796 4921 hac
2824 4848 3478 4921 lectionessupradictam
3504 4848 3637 4909 alibi

2063 4922 2369 4977 insinuabat
2388 4936 2509 4974 cum
2532 4934 2664 4992 voce
2686 4920 2934 4992 tulerunt.
2966 4920 3255 4992 Subjttngit
3288 4938 3500 4992 quoque
3527 4925 3638 4977 dis—

2067 4993 2266 5064 plicere
2307 5004 2527 5064 prorsus
2568 4989 2668 5064 sibi
2710 4990 2849 5064 istud
2881 5000 2950 5064 et,
2983 4990 3125 5064 quod
3177 4989 3459 5061 irrepsisse
3485 5001 3636 5064 putat

2063 5062 2380 5131 supplenda:
2410 5061 2691 5114 sententiae
2723 5060 2922 5131 alioqui
2967 5061 3193 5125 mutilat,
3217 5060 3337 5116 cum
3386 5060 3500 5131 pro'
3523 5064 3640 5116 Vir-

2060 5129 2283 5202 giliano,
2308 5130 2553 5194 tulerunt,
2581 5129 2832 5202 imperita
2871 5130 3249 5188 emendatione
3273 5129 3635 5202 legi'cmptum

2063 5200 2165 5263 est,
2192 5200 2428 5264 tulerint,
2454 5208 2546 5254 aut
2576 5201 2824 5253 tulerant.

2135 5271 2271 5326 Ibid.
2303 5269 2500 5323 Forma
2522 5271 2738 5340 judicii.
2768 5268 2999 5341 Speciem
3037 5268 3231 5341 judicii
3260 5270 3468 5327 diceret
3488 5270 3639 5327 Taci-

2065 5352 2151 5396 tus
2183 5359 2197 5394 :
2230 5341 2325 5396 sed
2353 5339 2540 5395 noster
2570 5350 2745 5393 metro
2790 5339 2998 5394 servire
3039 5339 3249 5395 'debuit.
3276 5340 3423 5395 Hanc
3462 5353 3638 5398 autem

2061 5412 2246 5482 judicii
2289 5411 2523 5482 speciem
2571 5410 2707 5482 forte
2740 5408 2879 5482 idem
2922 5408 3187 5482 Mercator
3230 5411 3487 5482 insinuat,
3518 5429 3639 5471 cum

2066 5478 2335 5551 signiﬁcat
2381 5481 2690 5536 leestium
2749 5479 2799 5531 in
2850 5478 3062 5546 synodo
3116 5478 3523 5551 Cprthaginen'si
3573 5484 3639 5537 ad

2066 5547 2251 5608 sedem
2289 5552 2648 5626 _apo_sto|icam_
2690 5547 3167 5626 provocasse,_sed
3214 5547 3415 5626 mutata
3446 5553 3640 5626 deinde

2069 5617 2357 5688 sententia,
2374 5617 2889 5683 Constantinopolim
2913 5618 3096 5688 specie
3114 5622 3492 5688 appellationis
3512 5639 3641 5679 con-

2073 5696 2294 5763 fugisse.
2327 5686 2450 5747 llaec
2480 5703 2637 5754 supra
2669 5688 2866 5742 citatus
2897 5686 3087 5743 doctor
3109 5687 3314 5748 Lovan.
