4088 6176
501 196 608 253 ws
1732 199 1788 253 s.
1837 196 2175 254 PROSPERI
2218 195 2545 265 AQUlTANl
3668 198 3767 252 tas

500 315 604 371 100
642 312 863 370 lusanas
891 312 1142 383 pepulere
1165 311 1331 377 feras,
1368 311 1629 367 industria
1657 311 1853 380 major,
2105 319 2152 376 Α
2325 309 2526 364 Fronte
2578 309 2825 378 placent,
2876 322 2998 378 quae
3050 307 3156 363 line
3208 310 3414 373 latent;
3472 323 3549 363 sic
3595 312 3772 366 lauds

641 407 813 477 Majus
837 422 993 477 opus,
1021 415 1192 459 totum
1226 405 1574 473 praestantius
1603 402 1801 459 imbuit
1830 403 2043 457 orbem.
2466 416 2650 454 amore

638 497 771 554 Nam
836 510 1179 567 quocumque
1234 494 1459 564 gradum
1518 493 1792 549 convertit
1850 492 2082 547 callidus
2328 493 2595 548 Virtutum
2638 492 2875 547 studium
2916 491 3320 560 corrumpitur,
3361 502 3525 562 atque
3565 494 3634 549 ab
3666 495 3769 549 ho-

776 588 948 643 hostis
977 627 994 652 ,
1850 616 1851 619 η
2468 592 2622 639 nesto

639 680 860 747 Quaque
891 693 989 746 per
1020 676 1276 747 ambages
1308 691 1508 745 auceps
1539 675 1645 731 iter
1685 677 1793 746 egit
1818 684 2038 745 opertas
2058 713 2076 741 ,
2186 676 2288 735 125
2328 678 2599 747 Principio
2628 678 2678 731 in
2708 676 2894 731 vitium
2926 678 3105 731 exitur
3134 676 3453 745 plerumque
3487 679 3723 733 tumoris
3751 694 3769 736 :

642 770 806 838 llujus
834 768 901 822 ab
931 783 1156 822 occursu
1187 775 1271 821 est
1299 776 1625 837 prteventus,
1656 767 1802 821 mille
1836 766 2043 821 viarum
2325 769 2442 835 Quo
2464 768 2678 838 quidam
2710 768 2965 822 inﬂantur
2988 782 3130 821 nunc
3160 768 3415 836 turpiter,
3460 778 3623 839 atque
3671 785 3770 839 pe.

498 864 603 919 105
640 862 856 917 lnsidiis
879 862 1083 915 aditum
1114 875 1219 915 non
1250 860 1916 937 repperientibus'ullum.
2474 861 2669 928 rempti

632 953 874 1023 Cumque
921 954 1051 1009 foris
1098 952 1276 1007 rabies
1324 952 1607 1007 avidorum
1650 953 1871 1007 exclusa
1924 951 2081 1021 lupo-
2330 954 2487 1025 129
2526 952 2799 1023 Dogmatis
2833 952 3132 1008 exstinctas
3170 960 3379 1007 tentant
3408 954 3654 1009 animare
3696 953 3752 1010 fa

779 1059 899 1100 rum
2466 1043 2649 1107 villas;

634 1138 950 1202 Frenderet,
976 1136 1137 1205 inque
1167 1150 1358 1191 omnes
1392 1134 1675 1191 mendacia
1703 1142 1951 1190 verteret
1980 1149 2077 1188 ar-
2324 1131 2459 1185 Dum
2493 1132 2802 1186 libertatem
2830 1130 3065 1201 arbitrii,
3095 1132 3454 1200 effectumque
3475 1131 3695 1188 valendi

775 1240 897 1286 tes:
2326 1224 2380 1276 In
2414 1223 2683 1277 naturalis
2710 1233 2891 1277 motus
2923 1226 3121 1277 virtute
3145 1225 3405 1287 locantes,

632 1322 710 1377 Ne
740 1330 952 1375 mentes
974 1320 1203 1374 ullarum
1251 1319 1432 1373 ovium
1475 1332 1825 1387 corrumpere
1849 1326 2036 1388 posset
2058 1359 2074 1384 ,
2182 1314 2286 1372 130
2322 1315 2456 1367 Tum
2482 1314 2618 1367 bona
2650 1330 2919 1383 quemque
2941 1315 3137 1369 docent
3162 1316 3361 1369 sectari
3393 1329 3550 1381 posse
3570 1326 3763 1385 suopte

631 1413 746 1468 Neu
774 1412 939 1467 dubia
966 1412 1201 1479 obliquis
1229 1411 1472 1465 turbaret
1498 1410 1663 1466 corda
1691 1410 1969 1480 querelis;
2322 1404 2573 1473 Ingenio,
2629 1420 2790 1471 quam
2839 1419 3002 1475 posse
3050 1407 3237 1461 subest
3277 1407 3471 1475 cuique
3519 1407 3570 1460 in
3620 1410 3761 1462 mala

495 1506 597 1561 110
636 1503 793 1558 Istius
821 1516 918 1557 ore
938 1502 1041 1556 viri
1072 1502 1206 1557 fecit
1230 1501 1407 1567 Deus;
1442 1501 1598 1557 istius
1629 1516 1725 1556 ore
2462 1495 2610 1549 ferri.

630 1594 879 1652 Flumina
921 1592 1187 1648 librorum
1234 1592 1493 1648 mundum
1525 1591 1790 1649 efﬂuxere
1830 1606 1930 1664 per
1958 1606 2076 1648 om-
2391 1589 2409 1610 ‘
2432 1586 2579 1652 Quoo
2600 1586 2690 1656 qui
2714 1584 3026 1650 conﬁrmas,
3048 1586 3261 1653 quinam
3288 1586 3515 1643 distabis
3543 1590 3613 1643 ab
3632 1590 3759 1658 illis,

770 1699 893 1739 nem
919 1723 937 1751 ,
2100 1689 2147 1748 Β
2322 1679 2421 1746 Qui
2452 1680 2672 1743 dicunt,
2707 1681 2855 1735 nullo
2884 1682 3087 1749 peccati
3120 1682 3340 1736 vulnere
3370 1683 3554 1737 laesum

632 1776 763 1846 Quae
791 1776 952 1830 mites
983 1774 1323 1847 humilesque
1356 1776 1580 1845 bibunt,
1612 1778 1929 1850 campisque
1956 1777 2075 1834 ani—
2319 1772 2574 1827 Naturale
2605 1772 2826 1840 bonum,
2854 1789 3082 1843 cumque
3115 1773 3203 1827 illo
3234 1776 3437 1830 lumine
3466 1778 3619 1832 nasci

771 1881 981 1920 morum
2180 1862 2283 1919 155
2320 1863 2472 1918 Nunc
2498 1878 2689 1919 omnes
2720 1862 3148 1933 ltomines,quod
3177 1866 3359 1934 primis
3382 1869 3760 1936 ingeneratum

630 1955 855 2013 Certant
882 1957 1063 2012 vitalis
1088 1956 1348 2013 doctrinae
1379 1958 1673 2015 immittere
1701 1960 1871 2015 rivos.
2453 1954 2579 2009 est?

700 2054 721 2073 ⁸
749 2048 959 2112 Jauous
992 2048 1309 2117 procellosus
1339 2050 1567 2119 disjecto
1600 2051 1815 2107 turbine
1856 2050 2066 2121 noctis,
2319 2046 2397 2098 An
2428 2059 2559 2099 vero
2588 2045 2837 2115 excerpis
2870 2045 3138 2115 Quadam.
3169 2062 3287 2111 uuae
3313 2059 3470 2117 parte
3503 2050 3676 2105 recisa

492 2140 595 2197 115
632 2140 787 2194 Heu!
822 2154 957 2193 nova
987 2139 1149 2205 bella,
1184 2140 1309 2195 novi
1347 2152 1536 2208 partus
1559 2142 1807 2197 oriuntur
1850 2142 1903 2197 in
1946 2142 2067 2213 ipso
2317 2135 2615 2203 Suscipias,
2637 2136 2924 2205 cordisque
2954 2137 3075 2190 sinu
3106 2149 3328 2207 purgata
3360 2142 3662 2192 reCtttttlas?

631 2230 848 2287 Secum
878 2230 1066 2283 matris
1094 2230 1297 2299 gremio
1323 2248 1336 2283 :
1366 2247 1483 2299 quae
1513 2246 1759 2287 crescere
1803 2233 1947 2287 natis
2316 2227 2411 2282 Dic
2431 2227 2594 2297 igitur
2622 2226 2877 2298 quidnam
2924 2228 3050 2283 inde
3084 2228 3308 2297 probes,
3348 2230 3473 2299 quid
3508 2246 3645 2285 vero
3676 2249 3760 2287 re-

630 2320 757 2375 Vi<a
783 2321 905 2386 sibi,
936 2319 1150 2373 discors
1178 2319 1363 2375 horret
1386 2335 1720 2393 consurgere
1747 2336 1969 2392 germen
1997 2361 2014 2389 ,
2458 2318 2621 2383 l‘utes,

632 2414 934 2483 Degeneres
980 2413 1226 2481 pavitans
1257 2412 1479 2470 inimico
1508 2431 1576 2468 ex
1604 2417 1811 2469 semine
1856 2414 2019 2470 fretus
2043 2454 2061 2480 ,
2316 2413 2383 2467 Et
2413 2411 2481 2467 de
2514 2411 2785 2467 damnatis
2811 2412 2936 2482 quid
2980 2413 3051 2465 sit
3092 2413 3234 2482 quod
3274 2414 3503 2469 crimine
3551 2416 3755 2472 solvas.

631 2504 690 2559 lu
716 2503 910 2573 quibus
938 2514 1063 2557 ante
1092 2503 1207 2569 diu,
1240 2506 1424 2573 specie
1456 2504 1695 2569 fallente,
1725 2506 1993 2575 benignus
2176 2505 2279 2562 NO
2315 2508 2394 2559 An
2428 2505 2673 2559 dextram
2717 2505 2865 2573 pacis
2892 2505 3071 2573 palam
3114 2506 3243 2561 dare
3285 2517 3335 2561 te
3377 2509 3537 2575 pudet
3576 2512 3760 2565 hosti?

494 2597 594 2653 120
633 2597 855 2651 Errarat
881 2596 1161 2667 genitricis
1183 2611 1353 2662 amor,
1384 2611 1506 2651 cum
1538 2597 1769 2651 obducta
1797 2598 2005 2653 decoris
2314 2596 2422 2651 Nec
2454 2605 2624 2650 tutum
2650 2604 2733 2649 est
2757 2596 2865 2649 ulla
2898 2598 3081 2664 pulsos
3108 2611 3178 2650 ex
3208 2608 3358 2664 parte
3392 2600 3525 2651 tueri

632 2689 891 2754 Moribus,
926 2698 1167 2744 externa:
1192 2690 1379 2759 stirpis
1412 2697 1684 2760 tegeretur
1714 2691 1891 2761 origo.
2318 2686 2688 2758 Simpliciter?
2707 2688 2854 2753 Quos
2871 2703 2975 2739 non
2996 2687 3210 2741 dubitas
3229 2690 3517 2743 excludere
3536 2691 3755 2759 templo,

632 2780 724 2836 Sic
749 2794 900 2834 VERIS
921 2780 1151 2835 subeunt
1175 2779 1330 2846 falsa,
1360 2792 1413 2835 et
1447 2778 1757 2836 discrimine
1777 2796 1924 2835 cazco
1944 2823 1961 2849 ,
2317 2780 2472 2835 Pelle
2519 2780 2724 2833 animo.
2755 2777 2899 2833 Nova
2935 2786 2987 2832 te
3014 2778 3283 2833 discordia
3316 2780 3508 2833 dividit
3540 2780 3635 2834 abs
3664 2790 3716 2835 te
3744 2800 3755 2833 :

566 2895 691 2950 “‘2.
750 2894 878 2959 Qua:
900 2893 1045 2945 mites
1090 2891 1406 2959 humilesque
1436 2894 1628 2945 bibunt.
1679 2894 1828 2945 Doct.
1880 2892 2009 2946 Lov.
2044 2908 2057 2944 :
2091 2891 2136 2958 (ζ
2167 2908 2269 2959 qna
2295 2891 2515 2945 notione
2532 2890 2764 2958 Prosper
2791 2890 3105 2959 plerumque
3135 2891 3220 2944 ltic
3252 2900 3431 2945 utatur
3462 2892 3561 2946 hoc
3593 2908 3760 2947 Voca-

496 2967 723 3035 Oblique
753 2962 1449 3035 taxatadversariossuus,
1517 2975 1737 3035 countra
1770 2961 1979 3035 feroces
2008 2974 2063 3016 et
2172 2963 2297 3017 bulo
2320 2978 2471 3015 :raro
2488 2962 2702 3035 quidem
2727 2962 2933 3035 vulgari
2961 2962 3069 3022 illa.
3097 2977 3189 3029 pro
3204 2961 3259 3035 vi
3273 2962 3603 3035 intelligendi
3626 2980 3641 3022 ;
3666 2965 3757 3018 sed

496 3031 797 3107 ειιρεξέῠος,Δ
816 3033 1010 3107 quibus
1036 3032 1223 3107 eadem
1271 3034 1492 3107 ﬂumina
1520 3033 1908 3107 Augustiniana
1960 3048 2064 3086 non
2174 3048 2359 3107 noceo
2385 3047 2487 3101 qua
2519 3031 2888 3107 idem7pass7im
2917 3039 3094 3107 exstat
3120 3032 3261 3107 apud
3285 3032 3454 3107 bonos
3482 3044 3757 3097 auctores,

498 3101 727 3176 sapiant.
756 3101 908 3167 Nam,
941 3105 1017 3156 ait
1045 3104 1203 3176 alter,
1239 3105 1421 3176 mitem
1453 3101 1909 3176 atqucltumilem
1939 3118 2067 3176 esse
2170 3104 2425 3176 nimirum
2471 3116 2570 3170 pro
2612 3101 2685 3176 rei
2729 3101 2991 3176 cujusque
3044 3102 3241 3154 indole.
3285 3104 3597 3176 Suspicatus
3639 3120 3758 3157 sum

500 3170 710 3246 oportet
733 3178 822 3243 qtti
857 3174 1140 3246 Augustini
1167 3173 1409 3226 doctrina
1434 3172 1501 3226 de
1525 3175 1691 3242 gratia
1720 3174 1983 3246 delectari
2005 3188 2068 3227 ac
2170 3171 2789 3246 profacultatevolendi
2835 3170 3090 3246 positum,
3124 3188 3299 3246 neque
3330 3174 3473 3246 male
3506 3175 3577 3225 ita
3603 3189 3761 3229 acce-

500 3242 789 3302 salttbriter
811 3244 954 3313 pasci
983 3245 1208 3295 voluerit
1233 3260 1247 3309 ;
1281 3246 1521 3313 adeoque
1548 3258 1699 3297 mens
1728 3243 1939 3302 elatior.
1970 3259 2069 3298 nec
2173 3245 2316 3311 peris
2341 3242 2651 3313 sallemlioc
2675 3243 2821 3313 loco:
2846 3242 2936 3294 sed
2962 3250 3085 3294 sunt
3107 3243 3337 3295 alialoca
3353 3243 3546 3310 quibus
3570 3259 3638 3297 ne
3657 3246 3762 3300 hoc

499 3332 611 3373 sua:
633 3317 732 3370 sibi
781 3312 1164 3368 imbecillitatis
1215 3312 1344 3367 satis
1382 3314 1618 3377 conscia,
1651 3318 1717 3367 ab
1747 3328 1809 3369 ea
1865 3314 2068 3369 resiliat
2170 3315 2386 3383 quidem
2409 3312 2861 3383 qttadret.Ptttem
2889 3312 3047 3378 igitur
3070 3323 3171 3363 tam
3194 3313 3299 3366 late
3326 3313 3487 3376 sumi,
3515 3321 3761 3369 uttotam

500 3398 664 3456 atque
691 3383 1233 3456 oﬂendaturnecesse
1258 3395 1358 3456 est.
1398 3452 1430 3456 _
1478 3454 1485 3456 7
1562 3453 1570 3456 7
1648 3453 1657 3456 _
1771 3452 1782 3456 _
1850 3451 1885 3456 _
1955 3453 1963 3456 _
2171 3382 3025 3456 menteunquaintelligitetqua
3049 3384 3271 3456 appetit,
3292 3397 3384 3456 sua
3408 3384 3761 3456 significatio-

570 3450 593 3481 δ
619 3456 799 3509 ΟΑρυτ
838 3455 923 3508 ιγ.
956 3452 1275 3506 Exstinctam
1296 3454 1349 3505 in
1390 3452 1685 3521 Pelagianis
1732 3452 1792 3504 ab
1839 3451 2071 3507 Ecclesia
2172 3468 2239 3507 ne
2259 3450 2670 3521 complectatur.
2692 3453 2867 3521 Atque
2887 3450 2999 3504 hate
3016 3454 3179 3505 semel
3201 3450 3473 3505 monuisse
3496 3454 3757 3507 sufﬁciat.

499 3527 754 3590 heresim,
782 3527 836 3577 in
869 3524 1301 3593 Semipelagianis
1329 3520 1622 3576 revivisCere
1651 3526 1877 3593 coepisse.
1908 3521 2071 3575 Error
2244 3527 2262 3546 ⁶
2291 3522 2471 3576 CAPUT
2500 3520 2565 3575 γ.
2600 3520 2731 3593 Illos
2749 3538 2780 3574 a
2802 3520 3099 3587 Pelagianis
3130 3538 3229 3575 non
3259 3524 3570 3589 discrepare,
3603 3526 3763 3579 adeo.

501 3591 1048 3665 Semipelagianarum.
1071 3592 1343 3665 7A/fectum
1371 3595 1491 3646 bene
1528 3595 1727 3646 valendi
1754 3592 1949 3646 homini
1977 3610 2071 3647 na-
2172 3610 2267 3663 que
2287 3593 2484 3665 publice
2509 3607 2624 3644 cum
2653 3591 2757 3665 illis
2783 3608 2958 3665 pacem
2989 3593 3347 3665 inireaebere.

502 3661 718 3721 turalem
746 3661 871 3729 esse,
896 3674 949 3717 ut
974 3661 1110 3735 male
1135 3664 1356 3717 valendi.
1447 3733 1457 3735 7
1522 3734 1529 3735 7
1614 3734 1621 3735 7
1947 3734 1975 3735 77
2184 3661 2191 3663 ⁷
2247 3664 2372 3717 15⁸2.
2413 3661 2582 3735 Lugd.
2613 3661 2807 3727 editio,
2847 3663 2936 3731 qui
2978 3678 3081 3715 non
3105 3662 3316 3715 distabis
3344 3678 3364 3725 ;
3388 3672 3446 3717 et
3483 3665 3535 3716 in
3559 3679 3754 3735 marg,

575 3737 700 3791 116.
736 3735 940 3789 Matris.
970 3732 1253 3799 Ecclesite,
1285 3749 1404 3803 qua:
1444 3733 1716 3788 inducitur
1742 3744 1804 3789 ut
1851 3734 2069 3797 mulier,
2179 3745 2233 3789 tu
2263 3750 2365 3786 non
2396 3734 2627 3803 (listabis.

500 3806 587 3863 cui
608 3808 790 3875 stirpis
817 3806 1027 3869 alienae,
1063 3818 1252 3873 nempe
1279 3800 1607 3874 Pelagianae,
1659 3807 1816 3861 l‘mtus
1842 3807 1914 3861 ita
1965 3805 2073 3857 sint
2247 3804 2367 3857 153.
2398 3802 2559 3856 Nullo
2580 3801 2795 3874 peccati.
2818 3800 2874 3856 Id
2896 3801 3081 3856 dicunt
3111 3800 3382 3871 Pelagiani
3407 3818 3572 3872 supra
3604 3821 3660 3860 v.
3691 3806 3760 3861 10

502 3878 765 3945 suppositi
786 3887 889 3948 ,7ut
931 3889 1027 3948 co_s
1073 3876 1160 3928 diu
1217 3876 1287 3931 ob
1313 3890 1520 3930 morum
1569 3880 1803 3945 speciem
1836 3894 1933 3948 pro
1958 3877 2073 3930 suis
2174 3887 2229 3931 et
2252 3890 2369 3948 seq.

500 3940 768 4002 habuerit.
799 3946 949 3999 Duct.
982 3945 1184 4000 Lovan,
1601 3940 1613 3945 ⁷
1836 3940 1852 3948 ’
2314 3944 2489 4002 Neque
2514 3941 2776 3989 dissimiles
2795 3954 2924 3989 nunc
2943 3944 3134 3991 nascler
3155 3940 3255 4003 illo,
3281 3950 3379 3992 etc.

576 4017 698 4071 120.
734 4016 941 4069 Decoris
965 4015 1208 4068 moribus.
1242 4015 1511 4069 Describit
1540 4016 1742 4070 Auctor
1769 4016 2072 4084 Semipela-
2248 4013 2367 4067 156.
2400 4011 2566 4084 Parte
2607 4012 2771 4065 recisa
2816 4014 3094 4084 suscipias.
3133 4014 3283 4067 Doct.
3323 4014 3529 4068 Lovan.
3559 4030 3574 4067 :
3617 4014 3759 4071 Ilinc

506 4088 693 4156 gianos
719 4086 875 4137 initio
899 4084 1017 4137 libri
1042 4084 1541 4156 c0ttlra7Collat.7ut
1577 4087 1810 4138 habentes
1856 4082 2072 4153 speciem
2177 4082 2733 4156 Semipelagiaqorum
2761 4098 3038 4156 no_men;a
3070 4083 3347 4156 dimidiato
3376 4084 3631 4137 nimirum
3662 4085 3761 4139 Pe-

504 4151 703 4209 birtutis
732 4156 783 4205 in
811 4156 1000 4213 studio,
1045 4163 1097 4205 et
1129 4154 1178 4206 itt
1215 4154 1381 4219 Epist.
1413 4155 1478 4205 ad
1520 4155 1654 4221 Aug.
1704 4156 1831 4207 dicit
1884 4151 2069 4208 ltorum
2179 4153 2519 4222 lagianismo.
2556 4151 2645 4222 Sic
2676 4161 2799 4205 ante
2824 4152 2967 4219 ipsos
2998 4154 3209 4222 quidam
3239 4155 3597 4207 Sensi-Ariani
3628 4156 3760 4210 dicti

505 4227 642 4292 apud
672 4225 1007 4295 simpliciores
1035 4238 1274 4295 quosque
1304 4240 1540 4293 magnam
1571 4220 1677 4295 esse
1715 4225 1779 4277 de
1808 4226 2073 4295 probitatis
2104 4265 2153 4295 η
2179 4220 2324 4289 sunt,
2357 4220 2496 4295 quod
2523 4221 2636 4295 Arii
2667 4223 2930 4295 insaniam
2964 4220 3173 4295 nonnisi
3196 4239 3306 4295 pro
3336 4234 3487 4292 parte
3513 4226 3759 4294 suscipe-

506 4265 930 4361 cgttteiiipltitiotie
957 4265 1333 4363 7retiereniiam,
1384 4265 1532 4346 tium.
1579 4293 1635 4359 2,
1684 4307 1738 4348 et
1764 4265 1865 4348 sub
1914 4293 2072 4347 linem
2100 4265 2154 4324 D
2181 4265 2324 4357 rent:
2357 4265 2459 4347 ἔτιιί
2485 4293 2694 4347 scilicet
2722 4301 2827 4345 tam
2862 4292 2914 4346 hi
2942 4308 3098 4361 quam
3133 4265 3239 4355 illi:
3263 4265 3419 4363 quam
3452 4265 3761 4361 prttdeniis-

508 4364 749 4431 eiusdem
781 4361 1020 4433 epistolre
1050 4363 1123 4415 ait
1152 4363 1249 4415 hos
1276 4364 1476 4416 meritis
1504 4375 1652 4433 utque
1676 4363 1948 4417 honoribus
1978 4365 2081 4416 cla-
2182 4365 2321 4417 sime
2366 4362 2590 4433 iecisse,
2646 4364 2689 4416 si
2738 4363 2875 4415 inter
2917 4374 3094 4433 partes
3149 4361 3472 4419 altercantes
3525 4366 3757 4420 mediam

515 4451 600 4486 ros
628 4434 856 4502 caligine
878 4432 1143 4503 opinionis
1162 4448 1271 4485 sua:
1299 4432 1596 4503 obscurari,
1622 4434 1923 4503 eodemque
1944 4436 2079 4488 allu-
2180 4432 2485 4503 quamdam
2507 4433 2755 4503 iniissent
2784 4432 2927 4503 viam
2956 4432 3229 4503 :77forsitan
3259 4434 3470 4487 adducti
3504 4434 3761 4490 decanta-

502 4504 601 4566 dit,
634 4500 765 4555 intra
791 4520 844 4556 v.
878 4500 981 4556 774
1006 4513 1059 4556 et
1085 4518 1238 4571 seqq.
1584 4500 1591 4503 ν
1835 4500 1847 4503 ’
2181 4500 2249 4558 tis
2274 4504 2390 4557 istis
2413 4518 2429 4556 :
2462 4502 2528 4555 In
2554 4502 2722 4555 medio
2748 4502 2939 4565 uirtus;
2962 4501 3134 4555 Medio
3157 4504 3439 4557 tutissimus
3466 4504 3586 4569 ibis;
3612 4504 3761 4560 Inter

579 4572 698 4643 126.
740 4572 998 4643 Peretnpti
1026 4572 1303 4643 dagntatis,
1334 4584 1440 4627 etc.
1472 4572 1563 4629 Sic
1590 4584 1776 4629 contra
1796 4575 1996 4629 Collat.
2025 4589 2076 4628 c.
2181 4584 2448 4641 utrumque
2476 4571 2621 4635 vola;
2655 4571 2881 4643 Medium
2931 4582 3132 4625 tenuere
3177 4572 3345 4638 Beati,
3390 4582 3496 4628 etc.
3540 4593 3553 4628 :
3604 4576 3761 4643 quasi

504 4641 573 4699 6:
612 4642 750 4715 Quid
779 4643 968 4715 cineres
1018 4641 1251 4715 exstincti
1282 4644 1555 4715 dogmatis
1586 4648 1602 4714 (
1638 4646 1914 4714 Pelagiani
1944 4646 1962 4715 )
1993 4661 2080 4699 re-
2182 4643 2361 4696 media
2395 4644 2536 4695 inter
2573 4642 2853 4695 veritatem
2890 4653 2943 4697 et
2984 4657 3223 4697 errorem
3253 4645 3335 4697 via
3382 4660 3488 4699 non
3538 4641 3759 4715 sit'ipsa

504 4713 744 4782 fovendo,
785 4711 1216 4790 deﬁcientisfutni
1244 4711 1470 4766 nidorem
1509 4716 1560 4768 in
1595 4711 1886 4770 redimitam
1928 4711 2079 4787 ﬂam-
2182 4727 2395 4790 quoque
2424 4727 2672 4790 erronea.

502 4780 635 4855 mam
661 4781 863 4855 conaris
887 4781 1193 4855 accendere?
1278 4852 1287 4855 7
1476 4854 1485 4855 7
1666 4854 1675 4855 7
1928 4780 1937 4787 ’
2185 4780 2366 4855 ζ140.
2419 4780 2565 4855 Paris
2596 4782 2785 4855 palam.
2835 4782 2985 4855 Doct.
3034 4783 3279 4855 Lovan.:
3322 4783 3377 4839 Si
3418 4785 3489 4837 ita
3540 4786 3761 4855 scripsit

577 4853 696 4925 1713.97.
728 4850 1016 4925 ﬂaturalis
1053 4862 1218 4904 motus
1239 4852 1437 4907 virtute.
1467 4854 1619 4908 Doct.
1658 4854 1862 4910 Lovan.
1890 4872 1903 4909 :
1936 4855 2080 4911 Infra
2181 4849 2239 4905 S.
2276 4862 2477 4925 uoster,
2514 4854 2635 4903 boni
2663 4852 2884 4925 consule
2912 4853 3171 4907 diastolen
3218 4853 3271 4907 in
3308 4856 3498 4923 palam,
3530 4871 3597 4911 eo
3622 4849 3761 4925 prae-

500 4936 554 4976 ν.
580 4922 684 4977 925
709 4921 984 4983 disertius,
1014 4928 1299 4973 naturalem
1317 4924 1643 4978 mobilitatem
1668 4934 1825 4980 vocat
1852 4943 1865 4980 :
2180 4924 2366 4994 gerum
2397 4936 2511 4975 aevo
2538 4937 2642 4990 quo
2674 4924 2963 4994 primarum
2997 4921 3320 4992 syllabarum
3344 4921 3758 4994 quantitas'jam

2182 4991 2475 5065 Romanas,
2524 4994 2718 5045 nedum
2768 4990 2998 5065 Gallicas
3027 4990 3212 5049 'aures
3261 4990 3447 5063 fugere
3494 4990 3757 5065 coeperat.

596 5064 659 5119 Ut
682 5067 884 5118 naturali
902 5079 1041 5116 mens
1062 5068 1218 5116 vivida
1242 5068 1528 5120 mobilitate.
2181 5062 2393 5131 Alioqui
2416 5063 2538 5131 lege
2564 5078 2835 5131 pacemque
2864 5063 3052 5130 palam.

2256 5130 2375 5205 141.
2410 5129 2533 5205 Ulla
2556 5129 2725 5194 pulsos
2748 5147 2815 5205 ςετΔ
2830 5129 2991 5197 parte.
3012 5133 3163 5205 Doct.
3188 5132 3390 5187 Ltivan.
3417 5133 3759 5205 :7Complano

506 5200 635 5254 Vide
665 5198 846 5269 igitur,
879 5213 1003 5251 num
1027 5206 1083 5252 et
1114 5196 1199 5251 bic
1228 5196 1511 5266 legendum
1543 5200 1614 5253 sit
1660 5200 1925 5266 Naturali,
1958 5215 2080 5255 meo
2184 5202 2277 5253 tibi
2311 5215 2495 5253 rursus
2524 5200 2660 5252 hanc
2690 5196 2975 5265 salebram,
3012 5201 3199 5255 lector.
3232 5204 3393 5258 Refer
3434 5196 3609 5267 istud:
3650 5208 3760 5259 ulla

499 5280 648 5325 certe
671 5269 943 5341 suffragio.
1525 5336 1575 5341 __
1896 5340 1901 5341 ,
2066 5340 2073 5341 κ

2184 5286 2245 5341 ea:
2273 5280 2445 5341 ραι-ιε.Δ
2468 5284 2571 5322 non
2596 5270 2661 5341 _a_d
2694 5269 2888 5331 pulsos,
2919 5271 3015 5324 sed
3049 5272 3114 5323 ad
3142 5275 3291 5335 tueri,
3327 5275 3510 5341 sicque
3540 5284 3758 5329 senten-

570 5343 693 5396 150.
738 5336 865 5393 Tam
894 5339 1025 5391 bona
1050 5352 1345 5410 _qnemque,
1379 5347 1483 5410 etc.
1520 5336 1785 5410 Similiter
1821 5340 1980 5407 epist.
2011 5340 2078 5391 ad
2186 5336 2310 5410 tiam
2338 5337 2520 5410 accipe
2549 5355 2562 5392 :
2596 5338 2702 5392 Nec
2751 5348 2920 5410 tutum
2950 5351 3033 5395 est
3059 5342 3239 5410 pulsos
3271 5345 3400 5396 istos
3426 5336 3527 5399 'vel
3560 5346 3612 5398 in
3646 5346 3760 5400 ullo

501 5412 724 5478 August.
754 5426 901 5463 num.
929 5411 961 5462 0
987 5425 1001 5463 :
1034 5408 1292 5473 Quantum
1311 5408 1522 5474 quisque
1543 5407 1612 5459 ad
1637 5407 1851 5473 malum,
1881 5420 2077 5461 tantum
2184 5408 2373 5478 saltem
2404 5408 2669 5478 dogmatis
2692 5407 2774 5461 sui
2799 5410 2969 5475 capite
2998 5407 3311 5478 simpliciter
3338 5414 3509 5467 tueri?

505 5474 680 5531 habeat
711 5480 971 5547 facultatis
998 5480 1065 5532 ad
1092 5480 1314 5541 bonum;
1343 5480 1552 5547 parique
1579 5488 1829 5531 momento
1850 5480 2080 5532 animum
2260 5476 2378 5529 ιη.
2424 5474 2717 5530 Επίιιάενε
2774 5474 2962 5547 templo
3000 5496 3017 5532 :
3057 5474 3133 5533 uti
3176 5492 3304 5536 tunc
3350 5484 3598 5538 solebant
3647 5499 3759 5540 non

501 5564 555 5600 se
586 5548 663 5599 vel
684 5548 750 5599 ad
772 5550 891 5600 ritia
926 5550 1004 5601 vel
1023 5550 1090 5600 ad
1119 5550 1326 5601 virtutes
1351 5557 1654 5600 convertere.
2185 5562 2295 5598 sua:
2317 5548 2715 5601 communionis
2738 5547 3002 5614 homines,
3022 5555 3318 5615 praesertim
3348 5554 3392 5608 si
3415 5556 3485 5609 ob
3504 5553 3759 5611 haeresim

575 5617 697 5672 151.
739 5616 978 5684 Ingenio.
1029 5619 1182 5673 Doct.
1230 5618 1432 5673 LOVull.
1472 5635 1484 5669 :
1519 5617 1633 5672 Non
1672 5616 1827 5671 facile
1870 5617 2073 5670 dixeris
2179 5617 2246 5667 ab
2275 5631 2338 5670 ea
2365 5617 2570 5682 praecisi
2605 5629 2805 5673 essent.
2839 5618 2991 5677 Dort.
3024 5620 3227 5676 Lovau.
