4088 6176
443 286 539 343 107

576 399 973 469 Limitibusque
1012 399 1126 453 suis
1156 397 1368 453 steterit
1398 410 1629 451 censura
1672 394 1943 450 salubris:

577 491 847 560 Numquid
880 504 984 544 non
1010 489 1184 558 justus
1208 488 1408 558 poterit
1433 487 1590 541 dolor
1615 485 1798 540 abdita
1832 484 2015 539 cordis

439 583 541 641 195
582 583 870 651 Rumpere,
903 588 957 634 et
987 580 1039 633 in
1081 579 1214 634 tales
1245 581 1472 632 miseros
1503 576 1690 632 excire
1720 573 1973 645 querelas
1995 614 2010 637 ,

578 674 647 731 Ut
686 674 898 727 dicant;
932 671 1190 738 Quaenam
1240 669 1364 736 ista,
1400 667 1613 735 Patres,
1660 666 1715 721 in
1762 664 2016 722 cordibus

720 764 875 819 ahﬂs

575 856 790 913 Iustitia
833 854 959 910 est?
989 869 1095 923 quo
1121 852 1228 907 line
1273 869 1487 923 graves,
1519 868 1625 923 quo
1658 852 1764 909 line
1795 853 2013 917 severi,

576 947 841 1003 Claudere
873 955 1135 1001 terrarum
1167 945 1328 999 nobis
1351 944 1649 1013 persistitis
1677 944 1863 999 orbem
1888 943 1912 997 ’ἒ

578 1041 761 1096 Nosne
780 1056 965 1094 sumus
982 1049 1094 1093 toto
1110 1038 1329 1101 mundo,
1346 1053 1579 1108 quorum
1598 1038 1835 1107 undique
1857 1038 2017 1092 vobis

434 1131 538 1189 ‘200
578 1133 660 1187 Sit
689 1139 940 1198 suspecta
974 1128 1138 1193 lides,
1174 1143 1310 1198 quos
1360 1144 1466 1182 non
1498 1127 1735 1182 tolerare
1762 1128 1977 1197 queatis
2002 1167 2017 1191 ,

576 1225 631 1277 Si
666 1232 848 1277 nostra
883 1236 911 1273 a
934 1235 1119 1276 veSIro
1149 1220 1230 1275 vel
1264 1219 1475 1289 syllaba
1505 1219 1751 1273 dissonet
1777 1218 1913 1273 ore?

576 1316 691 1370 Non
723 1314 902 1369 verbis
920 1314 1028 1380 jam
1064 1328 1161 1367 nos
1186 1310 1595 1381 argumentisve
1623 1318 1875 1375 tuemur;

573 1406 600 1462 .l
611 1407 843 1461 udicium
867 1404 1120 1473 exemplo
1144 1401 1566 1473 petimus.Quod
1592 1417 1724 1471 pace
1743 1412 2019 1466 manente,

577 1499 773 1552 Libera
801 1497 1090 1551 multorum
1120 1509 1225 1550 vox
1252 1495 1465 1558 astruit,
1498 1493 1600 1549 hoc
1622 1494 1740 1549 sine
1774 1493 1914 1548 bello

436 1593 540 1647 205
580 1591 815 1644 (ludatur
848 1588 1025 1642 nobis.
1058 1582 1173 1641 Non
1201 1597 1387 1641 nostra
1413 1584 1628 1639 inventa
1657 1583 1908 1639 fovemus
1933 1624 1949 1648 ,

576 1683 687 1737 Nec
720 1680 909 1750 primis
933 1678 1128 1732 studiis
1159 1677 1491 1731 insistimus:
1523 1689 1652 1731 ecce
1681 1675 1916 1730 recisum
1940 1684 2024 1729 est

580 1773 732 1829 Unde
761 1772 890 1826 olim
934 1779 1210 1825 certamen
1264 1777 1420 1831 erat,
1453 1766 1759 1836 vestrisque
1810 1767 2013 1821 reversi
2053 1774 2093 1833 Β

575 1863 852 1931 Cedimus,
884 1870 938 1916 et
960 1874 1312 1931 quaecumque
1347 1858 1454 1913 illis
1481 1857 1767 1928 placuere,
1816 1857 2017 1926 proba-

726 1969 874 2009 mus.

575 2045 712 2113 Quid
735 2051 985 2112 superest
1013 2039 1229 2109 culpre‘l
1261 2039 1377 2108 Quo
1403 2054 1501 2096 nos
1536 2038 1696 2096 decet
1737 2055 1908 2111 usque
1934 2055 2019 2096 re—

716 2135 883 2206 pelli?
1993 2158 2013 2187 ι

507 2298 630 2354 195.
668 2294 1033 2364 Limitibusque
1052 2293 1160 2364 suis
1188 2293 1381 2346 steterit
1410 2308 1649 2360 censura,
1691 2288 1744 2347 id
1767 2306 1870 2353 est.
1908 2296 2010 2349 lixa

435 2368 697 2427 ωηερε-11
727 2363 962 2421 liomana
997 2374 1053 2419 et
1076 2363 1327 2418 Africana
1364 2364 1653 2419 sententia.
1688 2364 1839 2418 Doct.
1872 2363 2006 2418 Lov.

506 2441 631 2496 197.
661 2438 779 2504 Quo
808 2436 933 2505 ﬁne,
967 2449 1083 2503 pro.
1109 2435 1414 2505 quousque?
1441 2433 1557 2488 Non
1574 2444 1763 2505 autem
1810 2450 1910 2503 pro
1949 2451 2014 2489 eo

434 2511 711 2583 qunddiei
740 2504 900 2571 solet,
932 2522 1031 2583 qua
1053 2504 1539 2583 inteatione.__Doct.
1572 2504 1705 2583 Lov..

506 2578 791 2636 199.1‘oto
834 2572 1051 2643 mundo,
1085 2572 1244 2645 q.d.,
1286 2575 1390 2629 soli
1416 2590 1485 2629 ex
1507 2576 1725 2631 cunctis
1773 2574 2011 2630 homini-

434 2653 553 2709 bus.
596 2653 747 2704 υοιτι.
778 2647 910 2701 Lov.

502 2723 630 2777 “201.
655 2720 715 2776 Si
745 2728 923 2772 nostra
951 2735 982 2771 α
1017 2726 1203 2777 vestro.
1249 2724 1358 2771 etc.
1386 2716 1697 2773 Extenuare
1746 2728 2015 2773 conantur

432 2808 590 2849 suum
621 2792 688 2844 ab
717 2788 1033 2857 ortltodoxis
1059 2785 1448 2857 dissidium(ex
1485 2788 1864 2842 litereticorum
1899 2802 2012 2841 om-

432 2867 583 2919 nium
628 2856 917 2927 ingenio),
946 2857 1101 2925 quasi
1146 2858 1199 2910 in
1241 2856 1420 2911 verbis
1465 2858 1643 2911 solum
1691 2868 1747 2912 et
1790 2859 2017 2912 vocibus

436 2937 623 2989 situm.
682 2928 854 2983 Porro
899 2930 1043 2981 hunc
1087 2941 1303 2980 versum
1360 2927 1561 2994 vulgati
1615 2927 1833 2983 codices
1886 2942 2014 2984 cum

436 3002 695 3075 proximis
723 3000 867 3055 hunc
887 2998 941 3053 in
972 2996 1191 3051 modum
1221 2997 1559 3067 coniungunt
1582 3038 1597 3064 ,

993 3105 1320 3171 ....Quosun_on
1344 3106 1560 3171 tolerare
1581 3109 1808 3171 queatis?

526 3173 579 3223 Si
603 3177 765 3223 nostra
791 3183 817 3219 a
843 3174 1010 3220 vestro
1035 3169 1116 3218 vel
1138 3168 1320 3231 syllaba
1341 3167 1562 3221 dissonet
1582 3167 1694 3232 ore,

527 3236 636 3285 Non
660 3235 826 3284 verbis
840 3234 940 3296 jam
963 3244 1110 3281 nos...

505 3337 614 3391 Nos
636 3334 957 3407 Gallumlid
987 3342 1093 3407 est;
1109 3332 1285 3407 virum
1311 3334 1687 3407 doctissimum
1720 3338 1810 3407 qui
1848 3338 2023 3392 versi-

436 3409 535 3462 bus
562 3415 617 3462 et
639 3422 794 3476 prosa
834 3404 1031 3478 litigas:
1056 3404 1353 3478 Gallicana:
1384 3404 1623 3468 reddidit
1669 3404 1773 3463 hoc
1804 3410 2019 3478 poema)

436 3480 611 3532 secuti
639 3475 847 3533 sumus.
872 3476 1031 3532 Doct.
1066 3475 1272 3529 Lovan.

505 3549 632 3602 203.
658 3544 931 3601 Iudicium
951 3545 1185 3615 exemplo
1214 3545 1473 3607 petimus:
1497 3557 1687 3600 contra
1718 3563 1879 3615 quam
1911 3547 2021 3604 dici

436 3619 595 3679 solet,
612 3633 712 3670 non
726 3614 1109 3687 exemplis,sed
1132 3614 1328 3684 legibus
1340 3615 1599 3687 judicari.
1621 3614 1811 3671 Petttnt
1839 3618 2022 3686 itaque

435 3691 505 3743 de
547 3703 608 3742 se
649 3688 812 3741 statui
865 3685 1429 3757 Semipelagianorum
1457 3688 1730 3757 exemplo,
1766 3701 1821 3742 ut
1864 3691 1909 3743 si
1938 3685 2019 3744 illi

436 3758 809 3819 absolvantur,
833 3758 934 3823 ipsi
965 3771 1180 3825 quoque
1201 3755 1781 3814 babeanturabsoluti.
1813 3759 2023 3814 Editio-

439 3846 533 3902 nes
562 3828 731 3899 Lugd.
760 3828 1049 3902 bovan._et
1078 3828 1243 3882 Duae.
1282 3827 1578 3897 habebant,
1613 3832 1891 3902 extemplo,
1924 3832 2022 3888 sed

437 3898 756 3968 incongrue.
789 3900 941 3954 Doct.
968 3898 1105 3953 Lov.

509 3969 641 4025 Ibid.
691 3969 832 4023 Pace
878 3980 1136 4023 manente.
1178 3968 1234 4023 Id
1266 3977 1386 4034 est,
1434 3968 1585 4023 salva
1632 3971 2022 4027 communione

438 4041 839 4103 Eeclesiastiea,
878 4050 936 4091 ttt
974 4053 1137 4105 supra
1165 4053 1273 4091 non
1307 4038 1499 4092 semel.
1526 4039 1898 4096 Conformiter
1936 4044 2021 4097 in~

436 4111 617 4173 tellige
649 4126 700 4163 v.
725 4124 866 4173 seq.,
895 4110 1005 4161 sine
1036 4107 1195 4161 bello.
1230 4108 1387 4161 Doct.
1420 4108 1553 4161 Lov.

464 4204 469 4207 -
503 4179 634 4233 204.
669 4177 982 4232 Multorum.
1008 4178 1199 4245 Magno
1224 4176 1372 4231 enim
1400 4192 1628 4233 numero
1654 4178 1766 4247 jam
1797 4180 1925 4235 inde
1954 4182 2023 4235 ab

436 4248 597 4303 initio
636 4249 806 4319 fuisse
828 4247 1287 4319 Semipelagianos
1314 4247 1519 4319 Auctor
1542 4263 1756 4319 quoque
1791 4258 2024 4305 testatur

434 4318 704 4391 epist._ad
745 4317 906 4385 Aug.,
936 4316 1073 4370 adeo
1097 4328 1163 4391 ut
1203 4317 1304 4391 sub
1351 4318 1511 4391 tinem
1549 4316 1791 4387 ejusdem
1823 4337 2022 4391 paucos

437 4388 820 4464 dicatleorum
850 4388 1276 4464 comparatione)
1310 4389 1551 4464 perfecta;
1581 4391 1766 4464 gratia:
1803 4388 2023 4464 iutrepi-

1670 280 1729 336 S.
1772 278 2110 334 PROSPERI
2151 275 2473 345 AQUITANI

2043 402 2091 453 Α
2117 391 2226 446 210
2263 392 2318 445 Si
2342 405 2474 445 vero
2507 390 2621 445 hate
2646 392 2831 456 etiam,
2848 403 2968 459 qum
2992 404 3091 445 nos
3109 388 3194 459 pia
3216 385 3486 451 ducimus,
3513 384 3708 441 absunt

3604 264 3709 324 108

2261 482 2307 536 Α
2338 481 2504 546 veris,
2537 491 2591 537 et
2619 491 2799 537 vestra
2831 483 2936 536 illis
2967 482 3106 537 bene
3133 495 3261 536 cura
3291 485 3596 547 repugnat;

2260 571 2369 628 Cur
2400 582 2551 628 extra
2577 571 2833 627 invidiam
2861 587 3183 643 pmnamque
3207 567 3415 626 erroris
3442 565 3705 622 habentur

2266 662 2367 731 Qui
2394 663 2646 718 damnata
2672 662 2902 730 docent,
2939 674 2993 718 et
3021 677 3120 732 per
3153 661 3304 717 clara
3334 656 3529 727 oppida
3572 657 3669 710 tuli
3690 695 3707 720 ν

2270 756 2425 828 135
2456 755 2555 810 His
2582 772 2807 826 magnos
2842 756 3073 826 implent
3117 753 3347 825 populos
3375 791 3391 816 ,
3441 762 3564 818 qua:
3608 761 3711 801 nos

2402 847 2753 917 perhibemus

2120 938 2227 995 215
2266 938 2585 1006 Plectimur,
2614 948 2669 994 et
2691 938 2839 993 nulla
2865 938 3100 993 sinimur
3125 935 3422 991 consistere
3444 938 3591 985 terra
3614 930 3638 983 1

2338 1029 2465 1084 llaec
2490 1030 2544 1083 in
2574 1029 2884 1099 pontiﬁcum
2926 1036 3115 1082 sancto
3139 1027 3458 1094 deprompta
3488 1030 3705 1081 senatu,

2268 1123 2437 1191 Quam
2479 1137 2665 1177 curam
2697 1122 3007 1192 exigerent,
3043 1129 3098 1174 et
3128 1134 3248 1189 qua:
3276 1116 3493 1172 decreta
3523 1126 3713 1171 move-

2406 1223 2548 1281 rent,

2271 1305 2561 1375 Perspicis.
2594 1304 2676 1360 An
2705 1304 2960 1374 quoniam
2992 1304 3145 1375 culpa
3174 1318 3399 1360 securus
3426 1312 3611 1376 operta

2268 1400 2382 1452 Non
2412 1399 2675 1468 premeris
2696 1397 2931 1468 synodo,
2947 1411 3050 1451 nec
3072 1408 3123 1450 te
3139 1410 3314 1465 paena:
3336 1407 3513 1453 metus
3532 1409 3708 1467 urget,

2125 1491 2230 1547 2‘20
2273 1489 2498 1558 Spernis
2526 1489 2791 1559 propositi
2821 1490 3060 1559 speciem
3089 1491 3317 1544 terroris
3337 1530 3353 1552 ,
3384 1499 3440 1544 et
3476 1489 3671 1544 isthmc
3695 1531 3711 1556 ,

2268 1585 2435 1639 Plena
2465 1583 2612 1637 velut
2638 1583 2795 1637 vanis
2824 1581 3132 1637 simulacris
3154 1583 3362 1636 somnia
3394 1582 3580 1638 rides?

2270 1677 2411 1746 Ergo
2440 1676 2798 1746 gerendorum
2832 1690 3050 1741 eventu,
3081 1685 3136 1731 et
3158 1676 3263 1730 line
3295 1684 3521 1740 remoto,

2269 1769 2393 1823 Hch
2418 1778 2624 1823 tantum
2650 1767 2703 1821 in
2734 1766 2972 1822 medium
3004 1781 3123 1837 quae
3140 1765 3250 1835 jam
3283 1775 3407 1820 sunt
3433 1765 3712 1834 gesta'vo-

2404 1874 2590 1914 cemus
2612 1877 2625 1912 ἒ

2264 1953 2328 2009 Ut
2362 1953 2517 2008 facile
2547 1968 2611 2007 es
2642 1951 2749 2006 illis
2774 1952 2936 2021 quale
2966 1950 3069 2005 lioc
3091 1950 3164 2005 sit
3190 1949 3534 2015 discutiatur,

2118 2046 2226 2103 225
2266 2045 2419 2112 Quod
2449 2045 2817 2113 disceptantes
2842 2043 3044 2098 dudum
3077 2042 3132 2097 in
3162 2042 3373 2098 diversa
3406 2056 3705 2096 movemur.

2113 2309 2277 2353 cant:
2309 2299 2427 2354 Non
2452 2299 2641 2354 eadem
2672 2301 2783 2367 jam
2809 2308 2893 2354 est
2939 2307 3124 2353 nostra
3165 2299 3409 2353 doctrina
3454 2313 3576 2366 qum
3598 2299 3708 2367 pri-

2114 2385 2258 2424 mum
2286 2384 2409 2423 eum
2437 2384 2534 2424 nos
2574 2370 2916 2435 damnastis;
2958 2384 3088 2425 ecce
3136 2371 3263 2425 inde
3307 2371 3598 2424 reciditnus
3642 2383 3708 2422 ea

2115 2439 2184 2495 de
2213 2440 2411 2506 quibus
2438 2441 2687 2509 quiESIin,
2721 2442 2821 2494 ista
2869 2441 3129 2496 nimirum
3176 2455 3336 2509 supra
3369 2448 3701 2503 memorata,

2115 2527 2236 2580 cap.
2259 2511 2320 2574 -8,
2354 2520 2467 2564 toto
2487 2510 2827 2580 paragrapho
2852 2511 2908 2565 2.
2936 2511 3090 2565 Doct.
3124 2510 3259 2567 Lov.

2186 2579 2311 2636 208.
2380 2582 2729 2651 Quacumque
2776 2580 2917 2636 illis:
2964 2596 3159 2651 nempe
3210 2579 3657 2651 Semipelagiaﬁnis
3685 2623 3703 2647 ,

2117 2666 2253 2722 quos
2292 2652 2469 2722 adhuc
2516 2666 2612 2722 pro
2642 2650 2833 2705 uestris
2858 2691 2888 2722 ,ί
2922 2666 3019 2706 seu
3057 2650 3260 2706 vestras
3302 2650 3708 2704 communionis

2120 2721 2357 2775 habetis.
2390 2721 2678 2776 Jam'enim
2712 2737 2833 2791 cap.
2867 2721 2901 2778 8
2930 2732 3146 2789 paratos
3176 2737 3236 2778 se
3264 2729 3461 2790 gerunt
3482 2723 3577 2775 toti
3614 2722 3709 2772 hu-

2123 2807 2239 2845 rutn
2270 2792 2530 2847 doctrinae
2557 2790 2942 2849 subscribere:
2992 2790 3226 2862 Quinque
3264 2794 3473 2861 placent
3524 2791 3667 2845 vobis
3689 2832 3705 2853 ,

2122 2863 2299 2923 aiunt,
2328 2864 2706 2929 amplectimur.

2192 2930 2321 2987 209.
2366 2933 2505 2999 Quid
2536 2934 2807 3004 superest?
2834 2941 2943 2988 etc.
2977 2931 3189 3004 Yulgati
3220 2930 3475 3004 (Lugd,
3498 2931 3705 2985 Lovan.

2126 3002 2294 3075 Duae.
2326 3015 2376 3057 et
2397 3004 2581 3075 _Colon
2609 3005 2629 3075 )
2660 3003 2938 3058 ferebant:
2972 3002 3112 3069 Quid
3132 3000 3363 3074 superest
3391 3000 3581 3071 culpa,
3607 3018 3711 3070 quo

2126 3090 2219 3127 nos
2244 3072 2416 3127 decet?
2440 3085 2545 3128 etc.
2564 3117 2578 3140 ,

2048 3117 2093 3179 ο
2195 3144 2305 3210 Sic,
2339 3152 2514 3214 utquo
2558 3117 2705 3199 esset
2734 3144 2870 3199 sexti
2905 3158 3063 3198 casus
3090 3145 3400 3207 relativum,
3438 3144 3709 3199 afﬁceret-

2122 3228 2228 3281 qtte
2248 3214 2373 3283 quid
2394 3216 2581 3282 culpat.
2615 3214 2726 3269 Nos
2747 3226 2922 3268 autem
2952 3215 3022 3267 ita
3046 3216 3413 3285 restituimus,
3450 3220 3524 3272 uti
3555 3226 3707 3285 puta-

2124 3300 2243 3338 mus
2271 3286 2338 3339 ab
2365 3289 2597 3340 Auctore
2629 3287 2890 3355 scriptum
2921 3299 2989 3340 ex
3018 3284 3237 3341 Etteid.
3261 3301 3330 3340 v:

2216 3414 2311 3474 Qui
2334 3415 2441 3465 linis
2459 3416 2653 3468 standi?
2676 3427 2774 3479 quo
2795 3428 2877 3467 me
2902 3415 3045 3467 decet
3074 3431 3232 3480 usque
3256 3418 3458 3469 teneri?

2123 3548 2210 3620 ubi
2254 3549 2541 3617 perspicua
2570 3558 2655 3603 est
2697 3549 2885 3603 tmesis
2936 3551 2988 3604 in
3034 3566 3320 3620 quousque.
3374 3552 3529 3606 Doct.
3575 3553 3706 3608 Lov.

2124 3619 2278 3674 Hunc
2306 3634 2527 3674 sensum
2542 3628 2764 3674 secutus
2788 3629 2872 3674 est
2888 3635 3105 3691 quoque
3130 3619 3421 3676 translator
3439 3623 3706 3679 Gallicus.

2193 3690 2320 3745 210.
2358 3692 2486 3756 Quae
2526 3707 2638 3757 nos,
2669 3692 2919 3744 nimirum
2971 3708 3077 3745 una
3106 3706 3229 3745 cunt
3259 3695 3458 3755 uestris,
3484 3709 3580 3747 seu
3612 3697 3711 3749 Su-

2124 3760 2537 3830 mipelagianis;
2572 3764 3019 3834 agiturinamque
3065 3762 3135 3817 de
3181 3763 3449 3831 dogmatis
3494 3766 3710 3834 utrique

2122 3842 2287 3888 secta:
2312 3832 2709 3887 communibus.
2743 3832 2896 3887 Doct.
2932 3834 3064 3885 Lov.

2194 3903 2321 3975 215.
2356 3901 2623 3975 Per_clara_
2652 3903 2879 3975 oppida,
2898 3912 2953 3975 et
2980 3918 3034 3956 ν.
3068 3918 3186 3972 seq.
3214 3903 3703 3975 Magnosyopulos.

2125 3972 2389 4026 Videlicet
2417 3970 2693 4034 Massilia,
2722 3971 2799 4025 uel
2829 3974 2949 4026 aliis
3000 3970 3159 4027 etiam
3186 3970 3325 4027 locis
3340 3977 3397 4028 in
3423 3970 3618 4041 Callia,
3653 3988 3710 4029 tit

2123 4043 2195 4096 ait
2229 4042 2464 4096 Hilarius
2484 4044 2710 4109 epistola
2738 4045 2802 4095 ad
2832 4042 3215 4111 Augustinum.
3244 4046 3377 4099 Hinc
3406 4048 3566 4099 etiam
3600 4058 3709 4100 tota

2123 4112 2288 4185 (actio
2323 4111 2725 4185 Massiliensium
2751 4128 2944 4185 nomen
2966 4116 3196 4185 accepit.
3224 4125 3278 4168 et
3304 4121 3506 4170 Auctor
3532 4117 3703 4185 quod-

2122 4182 2244 4235 dam
2286 4182 2606 4249 opusculum
2645 4191 2834 4237 contra
2866 4180 3115 4247 Capitula
3148 4183 3423 4239 Gallorum
3468 4180 3707 4251 scripsit.

2125 4252 2425 4325 Respondit
2467 4253 2691 4325 quidem;
2724 4253 2808 4306 ltic
2849 4254 3014 4307 etiam
3045 4255 3110 4307 ad
3151 4268 3415 4325 excerpta
3462 4257 3711 4310 Genuem

2122 4324 2295 4395 sium;
2325 4322 2419 4395 sed
2463 4324 2515 4377 bi
2548 4323 2966 4395 Semipelagiani
3000 4342 3102 4379 ιιυιι
3134 4322 3334 4390 erant,
3357 4335 3415 4378 ut
3454 4341 3709 4395 excerpta

2126 4393 2214 4447 illa
2248 4394 2487 4448 indicant
2511 4410 2526 4448 :
2553 4404 2881 4463 quapropter
2912 4394 3114 4449 Italiam
3142 4399 3211 4451 ab
3240 4397 3340 4451 hac
3371 4397 3491 4452 labe
3518 4393 3712 4452 immu-

440 4457 533 4547 ἀρε
562 4457 1307 4547 deposui-esptitaxitnejcum
1342 4457 1738 4547 laeua-ingenti
1778 4457 2020 4547 patentia
2049 4488 2102 4547 Β
2129 4464 2442 4547 nem‘iuisse
2479 4457 2789 4547 credidero.
2822 4465 2975 4547 Doct.
3011 4466 3213 4547 Lo_vau.

436 4538 493 4581 et
518 4529 687 4590 gratia
716 4528 999 4591 niteretur,
1035 4537 1092 4581 ut
1125 4528 1265 4583 idem
1297 4528 1556 4584 ostendit.
1586 4530 1743 4586 Doct.
1776 4533 1908 4587 Lov.

504 4598 633 4654 205.
667 4595 883 4669 Inventa
911 4614 1027 4661 sua,
1070 4607 1201 4652 etv.
1229 4614 1347 4669 seq.
1387 4597 1566 4653 Prima
1590 4602 1787 4667 studia,
1821 4612 2021 4657 vocant

436 4669 611 4736 prima
658 4668 909 4737 dogmata
947 4681 1143 4738 supra,
1174 4668 1380 4739 capyl,
1413 4685 1703 4741 expressa;
1755 4674 1909 4742 quasi
1940 4676 2023 4727 di-

1436 4893 1833 4999 PARS
1928 4812 2710 5005 mutavi—Li.

2194 4534 2643 4607 225.7Movemur.
2673 4534 2859 4589 Gallus
2902 4535 3239 4607 (translator)
3276 4552 3565 4603 vocamur;
3611 4552 3711 4591 nec

2127 4604 2374 4659 fortassis
2402 4606 2729 4674 incongrue,
2773 4608 2872 4659 nisi
2908 4604 3099 4661 tertius
3130 4604 3276 4663 retro
3304 4623 3491 4664 versus
3512 4610 3707 4664 eodem

2129 4675 2323 4730 iterum
2354 4677 2523 4731 verbo
2552 4676 2918 4732 clauderetur.
2951 4677 3105 4733 Doct.
3140 4678 3344 4733 Lovau.

2448 4814 2828 4824 *ᾑ-

3372 4819 3683 4834 -ῄ

1840 5165 2305 5216 ARGUMENTUM.

492 5251 749 5314 Praecipua
768 5245 957 5314 Pelagii
983 5245 1227 5309 dogmata,
1246 5245 1324 5294 vel
1350 5247 1363 5294 i

1402 5247 1470 5294 sis
1493 5246 1759 5320 fatentibus
1784 5249 2215 5320 semipelagianis,
2242 5250 2542 5320 alrEcclesja
2567 5254 2809 5320 damnata,
2832 5259 3092 5320 percurrit.
3112 5258 3237 5307 Tum
3263 5262 3488 5320 proponit
3515 5260 3709 5312 illorum

495 5261 749 5314 Praecipua
771 5261 957 5308 retagn
983 5261 1227 5309 dogmata,
1246 5261 1324 5294 vet
1350 5261 1470 5356 ιὸδις
1493 5261 1759 5319 tatenuuus
1784 5261 2215 5312 semipetagiants,
2242 5261 2303 5300 ab
2328 5261 2542 5302 Ecclesta
2567 5261 2809 5313 damnata,
2832 5261 3092 5315 percurrit.
3112 5261 3237 5307 Tum
3263 5262 3488 5320 proponit
3515 5261 3709 5312 illorum

434 5314 726 5375 doctrinam,
749 5307 887 5419 euris
903 5309 1012 5379 dua:
1029 5314 1197 5369 partes
1211 5316 1354 5380 sunt:
1409 5321 1475 5382 na.
1490 5316 1589 5367 est,
1615 5313 1858 5359 universis
1883 5324 2082 5370 prorsus
2130 5313 2405 5385 hominibus
2437 5312 2605 5362 oﬂ'erri
2632 5317 2838 5376 gratiam
2862 5331 2888 5364 a
2911 5318 3038 5379 Deo,
3063 5321 3145 5381 qui
3168 5321 3274 5369 vult
3296 5334 3469 5369 omnes
3488 5323 3713 5375 homines

434 5375 599 5419 salvos
617 5371 739 5419 ﬁeri.
765 5372 806 5419 Δ
827 5379 932 5419 tera
954 5370 1164 5419 ilbeﬂllll
1188 5370 1444 5419 arbitrium
1465 5384 1513 5419 In
1536 5381 1683 5417 causa
1707 5382 1820 5419 esse
1842 5385 1929 5419 cur
1954 5386 2083 5419 unus
2106 5381 2312 5419 gratiam
2339 5375 2678 5419 amplectatur-
2701 5376 2827 5419 alter
2843 5387 3038 5419 resnnat
3059 5395 3071 5419 ς
3098 5394 3222 5419 nan
3248 5391 3537 5419 τιον-ἢρνημαί
3588 5384 3713 5419 ειη..-

433 5375 599 5423 salvos
617 5371 739 5423 ﬁeri.
765 5372 806 5421 A

827 5379 932 5443 tera
954 5370 1164 5443 liberum
1188 5370 1444 5443 arbitrium
1465 5371 1683 5443 incausa
1707 5382 1820 5419 esse
1842 5385 1929 5421 cur
1954 5386 2083 5443 unus
2105 5376 2312 5443 gratiam
2339 5370 2679 5443 amplectatur,
2701 5376 2827 5426 alter
2843 5370 3222 5440 respuat;'unus
3248 5391 3561 5443 perseveret,
3588 5370 3713 5432 alter

434 5448 530 5505 non
548 5439 859 5505 perseveret,
881 5445 943 5504 eo
965 5431 1090 5504 quod
1111 5432 1282 5505 gratia:
1301 5444 1442 5505 Opem
1467 5432 1568 5505 sibi
1581 5443 1869 5505 comparare
1911 5431 2191 5505 neglexerit
2203 5474 2225 5505 ,ι
2241 5436 2380 5505 quod
2394 5431 2567 5485 omnes
2603 5431 2818 5505 possunt,
2836 5431 2953 5505 curii
2976 5454 3036 5505 ex
3060 5431 3385 5504 'primig'enite
3409 5431 3716 5505 integritatis

433 5493 659 5555 reliquiis
676 5495 796 5555 satis
811 5495 983 5543 virium
1010 5495 1057 5542 in
1086 5502 1255 5555 natura
1278 5495 1522 5543 residuum
1546 5493 1779 5555 t‘uerit_ad
1803 5506 1951 5555 opem

1529 5496 1951 5568 'fueriit'adopetn
1974 5496 2066 5545 Dei
2088 5496 2460 5568 desiderandam
2496 5506 2553 5568 et
2592 5496 2955 5568 postulantium._
2978 5496 3199 5568 Primam
3222 5496 3425 5568 partem
3462 5496 3710 5568 dngratia

433 5514 528 5545 re“
564 5514 659 5543 “I15
676 5514 796 5543 suus
811 5514 983 5543 Vll'luul
1011 5514 1057 5542 Ill
1086 5514 1255 5541 natura
1278 5514 1522 5543 Γῦδιαυυυι
1548 5514 1696 5541 ιυυινιι
1720 5514 1779 5540 ξιυ
1803 5514 1951 5555 opem
1974 5514 2066 5545 υθι
2088 5514 2460 5545 uesmet’anuam
2502 5514 2553 5545 ΕΙ.

432 5514 660 5605 omtiibus
675 5553 834 5604 oblata
857 5568 947 5616 per
970 5567 1112 5619 quam
1136 5554 1256 5604 salvi
1280 5567 1390 5604 esse
1416 5556 1614 5617 possint,
1641 5552 1827 5619 refellit
1851 5564 1953 5605 tum
1986 5557 2217 5619 exemplo
2243 5571 2415 5607 eorum
2441 5514 2622 5610 its-ﬁdeli

2612 5563 2709 5610 inm
2732 5564 2815 5621 qui
2838 5564 2901 5611 de
2931 5564 3041 5613 lidei
3061 5563 3305 5625 mysteriis
3328 5567 3447 5615 niliil
3476 5563 3707 5625 umquam

434 5618 713 5670 audierunt.
724 5628 966 5687 nquosqtte
980 5616 1105 5663 adeo
1129 5621 1320 5687 certum
1341 5616 1423 5666 est
1452 5631 1546 5687 non
1572 5617 1900 5687 pot‘uisse_nec
1925 5620 2097 5687 gratiae
2116 5616 2211 5667 nec
2227 5619 2409 5687 salutis_
2423 5633 2536 5669 esse
2564 5616 2849 5684 participes;
2875 5632 2976 5687 tum
2999 5627 3089 5674 hac
3109 5616 3323 5687 ratione,
3351 5629 3481 5685 quod
3505 5631 3543 5676 si
3574 5616 3713 5680 licus

434 5691 607 5751 omne}
626 5678 820 5751 penitus
841 5677 1307 5751 bom'i‘nes,_netni't_te
1332 5686 1561 5751 excepto,
1594 5678 1754 5751 salvos
1788 5677 2309 5751 ΔΙίεξιιὶ’γεξιιςιηοιιεειεξε
2342 5677 2668 5751 salvaren'tur,
2704 5677 2814 5732 cum
2840 5677 2974 5735 haud
3016 5688 3164 5751 dubie
3190 5677 3447 5750 impleatur
3468 5677 3706 5751 quidquid

437 5740 537 5792 vult
558 5736 895 5803 omnipotens.
924 5736 985 5787 Ut
1018 5746 1182 5789 autem
1203 5738 1405 5790 alteram
1430 5736 1615 5804 partem
1639 5740 1879 5802 confutet,
1900 5741 1996 5792 duo
2031 5742 2159 5793 facit.
2196 5742 2415 5792 Primum
2452 5736 2669 5807 quidem,
2708 5760 2804 5808 qua
2845 5756 3033 5799 ratione
3074 5750 3123 5797 in
3147 5736 3323 5800 animis
3338 5736 3708 5815 nostrisg'ratia
