4088 6176
452 305 541 356 ιιι

727 509 913 555 rantur

590 594 906 655 Praetereat,
930 589 1016 643 cui
1048 602 1154 642 non
1183 599 1410 657 regnum
1440 585 1715 654 vitamque
1744 584 1954 640 beatam

445 694 551 748 275
594 684 871 756 lmpertire
899 680 1059 737 velit?
1079 678 1190 735 Nec
1216 679 1359 734 enim
1391 676 1476 732 vel
1503 686 1745 745 tempore
1767 684 1955 730 nostro

584 777 846 835 Omnibus
866 773 921 828 in
948 772 1107 828 terris
1132 770 1245 841 jam
1274 777 1483 825 certum
1508 776 1594 824 est
1630 766 1965 821 insinuatum

588 864 793 923 Christi
819 862 1154 932 evangelium
1175 877 1190 914 :
1215 874 1283 916 ne
1310 859 1482 913 dicam
1514 858 1730 914 exordia
1757 859 1883 913 doni

585 960 702 1014 Non
732 955 977 1027 potuisse
1006 952 1167 1009 simul
1197 959 1308 1006 toto
1331 950 1622 1006 decurrere
1653 950 1874 1005 mundo.

591 1049 685 1104 llla
713 1045 929 1116 quidem
958 1042 1026 1098 ad
1051 1051 1274 1098 cunctos
1296 1039 1426 1096 ferri
1448 1049 1572 1095 sunt
1594 1040 1743 1111 jussa
1769 1040 1898 1096 :sed
1922 1054 2028 1095 uno

445 1142 550 1197 280
586 1141 859 1208 Tempore
876 1152 983 1192 non
1005 1136 1203 1205 agitur,
1234 1133 1378 1204 quod
1405 1141 1652 1203 tempore
1675 1135 1875 1189 dicitur
1896 1149 2023 1189 uno.

588 1232 835 1299 Dumque
854 1228 972 1283 suis
993 1226 1168 1287 aditus
1193 1226 1425 1280 Domino
1448 1225 1717 1295 pandente
1741 1225 2023 1291 ministris,

585 1321 851 1377 Crescunt
881 1318 1153 1388 primitiae,
1186 1314 1386 1371 fuerint
1416 1316 1639 1372 omnino
1665 1331 1888 1373 necesse
1908 1327 1992 1372 est

585 1412 843 1480 Quaedam
876 1420 1144 1465 terrarum
1173 1415 1381 1476 partes,
1411 1407 1502 1462 ubi
1536 1407 1705 1477 gratia
1738 1407 1975 1463 nondum

586 1504 761 1561 Corda
793 1503 1070 1557 hominum
1102 1500 1340 1555 tenebris
1368 1500 1677 1556 absolverat
1708 1501 2022 1571 impietatis,

449 1598 556 1653 285
593 1595 661 1651 Et
685 1595 799 1650 dira
830 1592 1103 1648 innumeri
1128 1590 1362 1646 demersi
1388 1602 1545 1646 nocte
1570 1592 1850 1660 peribant,

590 1690 723 1744 Cum
750 1686 931 1740 multae
950 1690 1171 1753 accepto
1194 1681 1461 1751 fulgerent
1491 1681 1691 1738 lumine
1721 1691 1953 1737 mentes.

1688 291 1745 349 8.
1791 287 2127 347 PROSPERI
2166 288 2490 358 AQUITANI

586 388 801 467 Nullum
845 409 1065 464 omnino
1095 404 1366 462 hominem
1397 402 1464 458 dc
1491 403 1698 459 cunctis
1733 403 1820 472 qui
1860 416 2022 473 gene-
2051 405 2103 464 Α

3603 289 3711 345 112

2270 402 2652 456 Demoiistrare
2694 400 2864 467 Deus;
2913 416 3009 456 sua
3051 416 3321 473 quemque
3362 401 3587 459 adversa
3616 418 3710 460 vo-

2416 495 2593 549 luntas
2620 534 2634 560 ,

2268 586 2491 656 Arguat,
2522 597 2580 642 et
2607 587 2762 657 culpa
2793 587 3120 658 obstringat,
3152 591 3278 659 quia
3301 589 3504 645 lumine
3530 590 3710 660 primo

2126 675 2234 731 295
2272 676 2374 731 Per
2403 678 2531 732 vitia
2559 692 2850 747 oppresso,
2882 679 2953 734 sit
2982 678 3121 734 facta
3151 679 3370 750 indigna
3395 679 3677 737 secundo?

2277 767 2428 840 14],
2461 769 2613 837 Quod
2643 772 2687 825 si
2720 769 2969 826 ﬁrmatur
2989 810 3004 837 ,
3037 771 3398 842 nequidquam
3421 771 3707 843 plectimus

2412 860 2554 925 illus,

2268 950 2369 1015 Qui
2403 953 2607 1007 nullum
2640 954 2881 1009 innatum
2918 952 3107 1009 vitium
3145 954 3490 1010 nascentibus
3534 956 3705 1023 aiunt,

2270 1040 2636 1114 Incolumique
2656 1059 2849 1101 omnes
2875 1059 2996 1100 cum
3029 1044 3279 1101 libertate
3305 1047 3478 1102 creari
3514 1064 3531 1102 :

2268 1131 2456 1187 Gratia
2488 1148 2622 1203 quos
2650 1134 2850 1191 Christi
2881 1134 3197 1190 meritorum
3218 1136 3466 1191 examine
3490 1134 3637 1204 juSto

2128 1220 2232 1277 500
2274 1223 2464 1293 Eligat,
2495 1232 2550 1280 et
2578 1224 2769 1295 dignos
2799 1228 2906 1279 vita
2936 1235 3117 1293 vocet,
3138 1225 3494 1295 accipiatque.

2266 1312 2507 1385 Namque
2546 1328 2831 1386 utrumque
2885 1316 3046 1372 simul
3097 1318 3311 1388 sapitis,
3351 1317 3440 1387 qui
3503 1315 3708 1384 dicitis,

2404 1406 2606 1462 Omnes

2272 1496 2536 1552 Omnibus
2574 1497 2814 1553 oblatum
2850 1498 3088 1568 potuisse
3117 1499 3452 1568 apprendere
3487 1514 3707 1568 munus,

2271 1585 2487 1642 Natura:
2517 1589 2771 1658 quoniam
2796 1602 2904 1644 non
2925 1588 2995 1645 sit
3023 1587 3266 1645 detracta
3293 1588 3541 1655 facultas,

2269 1678 2379 1734 Nec
2405 1681 2523 1736 sine
2545 1681 2750 1751 iustitia
2780 1694 3001 1752 pereant
3025 1682 3119 1752 qui
3150 1682 3349 1737 mentis
3374 1681 3637 1737 honorem

658 1782 679 1803 ‘
708 1777 788 1832 AN
812 1774 1023 1830 bonitas
1044 1773 1223 1827 divina
1246 1772 1458 1843 quidem
1484 1786 1589 1827 non
1612 1772 1817 1827 destitit
1836 1786 2026 1828 omnes
2058 1776 2103 1837 Β
2130 1770 2234 1827 503
2272 1771 2539 1829 Sordibus
2567 1774 2848 1829 obruerint
2878 1774 3153 1837 vitiorum.
3181 1783 3241 1829 ut
3276 1775 3460 1829 lumen
3501 1774 3570 1831 ab
3596 1774 3713 1829 alto

584 1868 740 1924 Velle
752 1881 944 1921 vocare
960 1865 1231 1930 homines,
1251 1864 1346 1920 sed
1362 1879 1466 1917 non
1496 1863 1657 1918 simul
1671 1872 1794 1932 apta
1809 1863 2027 1919 fuerunt

589 1959 791 2026 Corda,
820 1958 1016 2028 quibus
1047 1964 1269 2025 possent
1294 1953 1530 2009 conferri
1560 1954 1700 2009 dona
1731 1953 1951 2018 salutis;

448 2052 552 2107 290
594 2053 724 2106 Dum
741 2064 953 2105 morum
969 2047 1185 2102 obsistit
1199 2046 1384 2101 feritas
1401 2045 1710 2101 truculenta
1729 2047 2023 2117 magistris,

502 2122 524 2136 “
587 2142 944 2211 Difficilesque
965 2140 1116 2195 aditu
1147 2138 1657 2208 transcurritgratia
1689 2148 1877 2209 gentes
1904 2156 1917 2192 :

594 2236 660 2292 Ut
686 2234 938 2306 quoniam
966 2234 1137 2289 lucem
1168 2231 1350 2287 offerri
1382 2231 1657 2298 voluisset,
1687 2240 1743 2286 et
1766 2230 1900 2301 ipsis

512 2441 641 2495 275.
684 2436 795 2491 Nec
838 2436 995 2499 enim,
1026 2442 1129 2487 etc-
1164 2430 1377 2486 Videsis
1408 2429 1549 2484 idem
1592 2436 1973 2500 argumentum
2000 2469 2016 2495 ,

446 2508 787 2580 respnns.iad
809 2505 973 2580 cagt.
1006 2503 1226 2580 Gall._c.
1344 2502 1506 2580 Doet;
1530 2500 1665 2554 Lov.

516 2568 641 2635 €237.
690 2578 843 2642 Doni,
880 2568 1170 2644 Evangelii
1201 2592 1213 2629 :
1240 2573 1379 2628 sicut
1423 2570 1561 2626 infra
1602 2586 1654 2623 ν.
1695 2568 1823 2638 289,
1872 2569 2024 2625 Dona

446 2652 645 2723 salutis.
676 2649 837 2723 Dect.
865 2646 999 2700 [ιον.
1049 2713 1088 2723 __
1134 2722 1139 2723 ί
1330 2714 1342 2723 ,
1711 2710 1744 2723 -.

513 2721 641 2776 284.
682 2719 999 2772 Absolverat.
1049 2713 1282 2776 Fateor,
1330 2714 1383 2766 in
1423 2711 1580 2766 editis
1635 2711 2027 2780 antiquioribus

446 2807 565 2847 esse
592 2791 924 2853 Absorpserat
953 2802 971 2839 :
997 2784 1092 2839 sed
1114 2791 1375 2853 repugnat
1402 2782 1699 2847 sententia;
1723 2791 1773 2836 et
1800 2782 2029 2836 creden-

449 2869 576 2916 dum
602 2872 683 2915 est
708 2859 796 2913 hic
817 2856 1078 2923 scriptum
1108 2854 1273 2907 fuisse
1301 2855 1518 2907 tenebris
1547 2853 1849 2913 absolverat,
1884 2855 2030 2923 sicut

448 2933 586 2987 infra
619 2946 673 2984 v.
714 2929 841 2995 881,
877 2922 1134 2993 Poenaque
1163 2923 1441 2995 absolvere.
1470 2923 1623 2976 Doct.
1646 2922 1850 2995 Lovan.
1879 2922 2025 2976 Idem

448 3004 559 3074 iam,
578 3010 701 3055 ante
726 3015 795 3074 εξ
823 2992 1133 3074 eqnjwttira
1157 3004 1302 3074 certa
1331 2992 1619 3074 indicatum
1645 2992 2025 3074 aotraductore.

453 3062 741 3139 iitriusque
766 3062 968 3138 judicio
991 3065 1221 3139 fulti,et
1244 3064 1465 3131 insuper
1492 3064 1734 3139 doctoris
1754 3062 2026 3131 exemplo,

453 3146 590 3198 hanc
615 3132 801 3196 vocent
832 3138 1001 3193 textui
1033 3137 1320 3190 restituere
1351 3148 1457 3188 non
1489 3132 1873 3188 dubitavimus.

526 3213 660 3267 Ibid.
714 3210 1043 3281 Impietatis‘:
1074 3220 1172 3276 pro
1216 3204 1573 3281 infidelitate,
1597 3211 1675 3281 _ut
1711 3218 1816 3281 non
1847 3202 2027 3281 _solum

456 3284 576 3338 libri
609 3282 768 3345 sacri,
796 3273 900 3333 sed
938 3273 1096 3331 etiam
1128 3273 1406 3345 prophana
1442 3273 1659 3345 judicia
1685 3277 1812 3327 olim
1847 3275 2024 3343 loque-

451 3356 665 3409 bantur.
698 3344 831 3405 illuc
856 3344 1147 3403 Christiani
1170 3346 1443 3416 impietatis
1465 3360 1563 3416 seu
1587 3344 1865 3398 atheotetos
1887 3345 2037 3398 dant-

452 3425 561 3477 nati
590 3426 647 3489 (a
681 3421 899 3490 paganis
927 3415 1295 3490 errantibus).
1340 3416 1495 3490 Doct.
1526 3415 1661 3490 Lov,

521 3501 538 3517 '
577 3483 893 3548 Cau'ur'Xll.
930 3488 1195 3557 Respond.
1226 3484 1538 3555 Semipelag.
1566 3484 1763 3557 Quibus
1784 3483 1912 3551 ﬁdes
1932 3499 2035 3537 non

449 3574 523 3617 est
550 3563 880 3622 annuutiata,
909 3576 1016 3622 eos,
1047 3559 1238 3610 lumine
1268 3564 1468 3609 natura:
1491 3571 1579 3621 per
1606 3556 1729 3608 vitia
1756 3569 2031 3622 Oppresso,

450 3647 593 3702 aptas
628 3649 726 3686 non
775 3632 927 3702 fuisse
971 3629 1149 3702 quibus
1176 3627 1330 3702 dona
1352 3624 1935 3702 salutisconferrentur.
1960 3654 2035 3702 :—

451 3693 715 3775 Confutat.
755 3693 853 3768 Qui
893 3693 993 3754 hoc
1013 3701 1185 3775 dicunt
1212 3699 1265 3750 in
1297 3697 1428 3749 duas
1457 3693 1660 3775 Pelagii
1697 3694 1910 3749 htereses
1953 3695 2035 3747 in-

449 3765 618 3829 cidere
643 3791 660 3828 :
688 3775 746 3827 1ο
773 3765 1017 3826 naturam
1057 3771 1332 3822 humanam
1360 3783 1458 3819 non
1486 3765 1603 3820 esse
1619 3765 1824 3831 larsam,
1862 3775 2035 3835 utpote

449 3863 563 3915 qua:
587 3846 805 3914 gratiam
836 3852 1091 3915 appetere,
1108 3836 1352 3915 seque_ad
1374 3854 1487 3915 eam
1517 3851 1814 3907 prteparare
1839 3838 2035 3907 possit;

449 3909 507 3970 55'
541 3909 779 3971 Giatiam
822 3909 1116 3968 seettndum
1148 3911 1334 3965 merita
1366 3909 1503 3963 dari.

516 3987 643 4042 288.
686 3985 788 4041 Sed
828 4001 928 4037 non
958 3981 1131 4036 simul.
1165 3981 1256 4035 Sic
1296 3979 1457 4045 epist.
1490 3977 1553 4031 ad
1580 3978 1760 4031 Ruﬁn.
1792 3991 1912 4045 cap.
1942 3976 2027 4031 15.

448 4060 527 4110 An
557 4056 832 4109 dicendum
854 4064 948 4117 est,
983 4049 1173 4117 inquit,
1204 4048 1454 4101 uoluntati
1487 4047 1581 4100 Dei
1611 4048 1861 4117 humanas
1896 4047 2033 4099 obsi-

448 4143 578 4180 stere
603 4125 908 4187 voluntates,
936 4116 988 4175 et
1021 4116 1123 4173 tam
1151 4120 1284 4186 {eros
1326 4126 1527 4186 tamque
1557 4116 1906 4170 intractabiles
1932 4117 2030 4187 rho-

448 4212 561 4247 rum
589 4195 850 4247 hominum
876 4186 1071 4254 mores,
1100 4198 1153 4243 ut
1184 4188 1514 4256 Euangelium
1546 4187 1658 4239 ideo
1681 4202 1779 4238 non
1814 4186 2031 4240 audiant

452 4266 594 4331 (hnc
622 4263 906 4337 est,_ipsis
949 4278 1053 4315 non
1100 4257 1476 4337 praedicetur),
1518 4258 1639 4337 quia
1660 4256 2027 4337 .prtedicationt'

448 4326 609 4402 impia
632 4326 909 4387 corda-non
934 4326 1177 4401 pateant?
1204 4328 1356 4402 Quod
1378 4326 1633 4402 effugium
1658 4326 1854 4381 ibidem
1877 4340 2028 4394 egre-

448 4397 532 4473 gie
559 4419 771 4471 quoque
802 4397 1169 4473 praecluditur.
1204 4397 1591 4473 Docl._Lova_n.

518 4466 639 4530 200.
687 4466 970 4543 Magistris.
996 4472 1050 4526 Id
1076 4482 1183 4538 est,
1210 4468 1675 4543 prmdicatoribus.
1701 4466 1855 4543 _Doct.
1887 4467 2019 4543 Lor.

518 4545 643 4599 291.
687 4535 1047 4598 Transcurrit:
1071 4535 1178 4596 non
1203 4535 1299 4609 pro
1327 4540 1598 4611 percurrit,
1618 4545 1681 4611 _ut
1701 4535 1862 4611 infra,
1886 4540 2021 4605 581;

450 4615 542 4668 sed
578 4628 671 4680 pro
701 4616 1066 4682 prwtercurrit,
1107 4608 1213 4665 seu,
1249 4608 1511 4679 praeterit;
1549 4609 1723 4677 agitur
1759 4608 1906 4663 enim
1955 4611 2024 4665 de

450 4685 722 4754 gentibus,
754 4697 908 4752 quas,
937 4692 996 4735 ut
1022 4683 1219 4736 dicitur
1250 4682 1385 4735 infra
1413 4682 1520 4736 650
1551 4697 1562 4731 :

546 4786 705 4839 Gratia
732 4781 955 4845 neglexit
982 4782 1229 4844 degentes
1250 4784 1418 4831 mortis
1438 4784 1486 4831 in
1511 4784 1703 4845 umbra.

1377 4845 1541 4907 (Doct.
1579 4844 1719 4906 ιον.)

520 4948 649 5003 295.
685 4946 1077 5023 Dentonslrare,
1103 4958 1205 5023 e_tc.
1241 4945 1462 5002 Phrasis
1478 4949 1620 5023 dura
1641 4991 1657 5015 ,
1689 4966 1791 5007 nec
1816 4952 2034 5023 sapiens

450 5020 700 5087 Prtisperi
744 5016 1301 5091 facilitatetn:_Pttteni
1346 5019 1566 5091 omnino
1616 5016 1929 5091 legendum,
1963 5024 2034 5080 Se

448 5085 775 5155 monstrare;
807 5095 864 5140 ut
889 5085 1094 5156 periodi
1125 5100 1314 5140 sensus
1339 5088 1430 5153 sit,
1466 5089 1632 5142 Deum
1666 5085 1926 5148 omnibus
1947 5096 2030 5148 lu-

448 5175 565 5213 cem
589 5158 823 5231 oblatam
851 5155 1106 5223 valuisse,
1129 5170 1192 5211 ac
1208 5171 1267 5209 re
1292 5156 1404 5225 ipsa
1428 5158 1708 5231 obtulisse,
1735 5178 1838 5230 qua
1866 5179 2027 5219 unum

448 5234 641 5282 saltem
676 5229 841 5282 Deum
871 5241 1058 5282 verum
1098 5238 1494 5294 agnoscerent;
1536 5239 1698 5297 atque
1738 5232 1842 5285 illis
1872 5234 2026 5287 suffi-

449 5302 658 5353 cientcr
698 5314 757 5353 se
801 5299 974 5366 ipsum
1017 5306 1466 5352 monstrassezat
1510 5301 1671 5353 etiam
1721 5301 2025 5357 oblaturum

450 5370 617 5422 fuisse
663 5369 834 5422 lucem
883 5368 1178 5435 Evangelii,
1212 5382 1314 5438 qua
1356 5380 1548 5422 caetera
1575 5370 1640 5421 ad
1677 5370 1793 5438 ejus
1822 5373 2025 5427 cultum

452 5439 777 5504 pertinentia
802 5447 1111 5503 noscerent,
1143 5438 1242 5492 nisi
1278 5438 1445 5503 prima
1487 5438 1591 5492 ista
1633 5438 1753 5494 luce
1785 5457 1880 5508 per
1901 5444 2025 5498 vitia

449 5521 729 5577 oppressa,
762 5521 821 5561 se
850 5508 1017 5561 altera
1051 5508 1140 5561 illa
1177 5508 1427 5577 indignos
1465 5509 1851 5565 reddidissent.
1904 5512 2025 5566 Est-

446 5593 551 5645 quc
599 5578 753 5652 plane
783 5577 1075 5652 conformis
1104 5578 1271 5652 locus
1303 5579 1540 5652 auctoris
1582 5579 1742 5649 epist.
1788 5581 1853 5634 ad
1888 5584 2021 5652 Aug.

446 5656 568 5715 post
616 5646 854 5718 medium,
882 5663 897 5700 :
927 5647 1371 5718 Quandoquidem,
1416 5650 1562 5704 aiunt
1582 5646 1629 5718 ,⁷
1656 5646 2024 5708 ἱηεπιιεαὺίιὲδ

447 5719 566 5779 sint,
599 5718 685 5791 qui
714 5729 757 5769 et
790 5716 855 5767 ad
887 5718 1036 5769 unius
1065 5719 1170 5768 ueri
1197 5716 1295 5770 Dei
1324 5722 1515 5774 cultum
1545 5716 1803 5790 patuerint
1840 5723 2026 5778 instrui

2053 4673 2107 4736 D
2201 4676 2734 4747 302._Apprenﬁdere,
2782 4690 2884 4741 pro
2909 4692 2965 4732 as

2272 1864 2544 1920 Emissum
2574 1865 2791 1936 indigna
2822 1866 2991 1921 nollet
3017 1865 3363 1935 requiescere
3388 1864 3539 1921 sede.

2273 1956 2383 2022 Sic,
2415 1957 2560 2026 quod
2590 1957 2863 2013 nascendo
2892 1965 2975 2014 est
3000 1971 3190 2023 unum,
3213 1955 3421 2012 distare
3446 1956 3707 2021 volendo;

2275 2048 2341 2105 Ut
2367 2048 2620 2105 meritum
2650 2048 2717 2105 ad
2748 2063 2947 2120 paucos
2970 2089 2986 2115 ,
3044 2059 3345 2118 naturaque
3390 2056 3602 2118 spectet
3641 2049 3708 2103 ad

2413 2153 2624 2196 omnes.
2806 2152 2811 2157 ’

2341 2234 2361 2253 ⁸
2416 2230 2525 2287 Sen
2545 2241 2728 2288 tamen
2755 2231 2877 2288 haec
2902 2231 3082 2301 aliqua
3107 2230 3153 2287 si
3185 2230 3266 2287 vis
3289 2230 3501 2287 ratione
3527 2229 3709 2294 tueri,

2125 2429 2463 2502 intelligentia
2482 2430 2729 2499 naturali,
2751 2442 2798 2485 et
2819 2428 3158 2502 Evangelium
3176 2432 3293 2487 ideo
3314 2448 3415 2487 non
3433 2434 3709 2501 audierint,

2128 2500 2261 2574 quia
2278 2500 2587 2574 riecjuerint
2615 2504 2883 2574 recepturi.
2926 2500 3087 2574 Doct.
3102 2501 3234 2574 Lov.

2200 2568 2326 2626 294.
2366 2568 2583 2625 Lumine
2612 2568 2775 2640 primo
2798 2588 2817 2627 :
2840 2588 3037 2641 nempe
3073 2572 3408 2642 intelligmtia
3437 2574 3666 2627 naturali
3691 2614 3708 2637 ,

2132 2642 2233 2712 i._sta
2260 2642 2328 2694 de
2355 2658 2458 2710 qua
2486 2644 2607 2705 loco
2634 2652 2828 2705 cntato;
2856 2657 2904 2696 v.
2934 2658 3048 2709 seq.
3079 2658 3213 2697 vero
3241 2644 3493 2709 secundo,
3523 2644 3577 2700 id
3598 2653 3704 2712 est,

2133 2709 2432 2775 Evangelia,
2465 2723 2520 2766 ut
2553 2712 2774 2768 ibidem.
2802 2712 2955 2769 Doct.
2984 2712 3191 2767 Lovan.
3514 2748 3529 2762 .

2204 2780 2328 2852 291.
2367 2780 2648 2852 lunatum,
2688 2784 2865 2852 potius
2885 2798 3043 2851 quam
3084 2783 3312 2850 illatum,
3336 2793 3395 2838 ut
3422 2783 3557 2850 alii;
3599 2793 3711 2840 tum

2132 2852 2276 2919 quod
2301 2849 2462 2916 infra,
2494 2867 2546 2907 v.
2580 2849 2704 2919 826,
2729 2849 2981 2908 similiter
3012 2853 3237 2923 legatur,
3296 2869 3431 2908 nunc
3456 2849 3613 2909 talem
3633 2871 3712 2911 nt-

2132 2936 2313 2987 NASCI,
2349 2933 2491 2987 etc.;
2540 2932 2649 2976 tum
2681 2923 2825 2991 quod
2864 2923 2951 2977 illa
2985 2922 3071 2978 hic
3110 2924 3348 2977 innatum
3390 2926 3710 2982 nascentibus

2132 2992 2239 3045 sibi
2268 2992 2635 3048 concinnitate
2670 2993 2900 3059 quadam
2942 3005 3258 3061 congruant.
3313 2995 3469 3052 Doct.
3502 2996 3707 3052 Lovan.

2134 3061 2246 3116 Hoc
2275 3063 2328 3116 in
2361 3063 2603 3131 margine
2636 3074 2887 3117 notarant
2928 3063 3056 3118 edit.
3102 3066 3400 3120 anteriores
3439 3075 3495 3121 et
3521 3082 3709 3121 emen-

2134 3131 2356 3187 daverat
2392 3132 2499 3189 iam
2527 3134 2818 3189 translator
2844 3134 3263 3189 eruditissimus.

2206 3200 2327 3276 ξω.
2373 3200 2655 3276 Utrumque
2677 3203 2834 3258 simul
2856 3205 3036 3271 sapitis
3055 3244 3072 3269 ,
3107 3219 3229 3260 cum
3260 3204 3560 3276 Pelagianis
3588 3221 3603 3260 :
3631 3206 3712 3260 vi-

2058 3250 2103 3314 C
2135 3250 2327 3345 aerias;
2356 3250 3711 3345 εἶ⁷ᾲῖιόὶῖῙιόἕιῖὲιῖεὲῖιῖὧῖὀοόῖὺἧιῖ,’έῐῗιίἧὶίἰῖεὲιίἴε

2136 3343 2240 3396 ista
2264 3343 2518 3415 libertate
2548 3354 2875 3411 nascantur,
2926 3355 2984 3398 et
3019 3345 3160 3415 quod
3201 3350 3369 3415 gratia
3417 3343 3579 3402 vocet
3614 3362 3711 3402 eos

2136 3427 2270 3482 quos
2300 3414 2616 3468 meritorum
2644 3414 2895 3470 examine
2916 3414 3065 3483 justo
3096 3414 3297 3471 invenit
3322 3418 3605 3471 vocatione
3628 3418 3712 3471 di-

2135 3497 2290 3555 gnos.
2345 3483 2588 3538 Primum
2630 3500 2825 3553 nempe
2863 3486 3079 3554 sapiunt
3111 3494 3468 3555 asseruntque
3502 3488 3712 3541 duobus

2135 3554 2377 3625 versibus
2406 3555 2687 3621 proximis,
2714 3556 2944 3610 alterum
2965 3571 3092 3610 vero
3112 3557 3323 3611 caeteris
3336 3554 3706 3625 sequentibus.

2135 3623 2372 3697 Quodrut
2394 3625 2592 3697 clarius
2622 3625 2889 3686 videatur,
2908 3624 3114 3697 iuvabit
3134 3626 3353 3697 eosdem
3392 3623 3586 3689 versus
3614 3643 3713 3697 per

2134 3709 2194 3749 se
2209 3696 2343 3767 satis
2362 3694 2646 3767 obscuros,
2666 3696 2819 3752 brevi
2843 3695 3474 3767 paraphrasielucidare.
3503 3694 3703 3767 itaque.
3752 3700 3755 3709 '

2206 3764 2342 3819 lbid.
2377 3765 2564 3820 Omnes
2592 3767 2825 3821 omnibus
2852 3764 3101 3819 oblatum.
3169 3765 3224 3819 Id
3252 3778 3367 3828 est,
3400 3764 3714 3822 omnesna-

2136 3835 2313 3890 tiones
2343 3846 2396 3889 et
2424 3840 2669 3891 homines
2686 3837 2992 3892 suiarbitrii
3025 3835 3215 3891 merito
3234 3838 3471 3903 potuisse
3487 3838 3706 3893 efficere

2132 3917 2190 3960 ut
2217 3907 2316 3960 sibi
2348 3907 2695 3976 Evangelium
2726 3906 3177 3961 annuntiaretur:
3217 3904 3469 3961 nimirum
3496 3923 3601 3962 non
3623 3909 3712 3962 ad-

2132 3974 2399 4047 mittendo
2421 3974 2724 4047 obstantem
2753 3977 2935 4031 cordis
2966 3977 3242 4038 duritiem.
3287 3991 3606 4047 morumque
3633 3979 3710 4033 fe-

2130 4046 2346 4099 ritatem
2373 4046 2623 4115 (quando
2652 4047 2864 4115 quidem
2896 4048 3156 4112 integram
3184 4047 3251 4101 ad
3299 4047 3351 4101 id
3402 4048 3708 4102 libertatem

2130 4128 2238 4188 non
2276 4114 2635 4188 amisissent).
2672 4114 2843 4172 ’Adeo
2883 4128 2952 4188 ut
2986 4120 3077 4185 qui
3117 4116 3394 4188 auditione
3432 4118 3712 4188 Evangelii

2129 4185 2371 4258 frustrati
2394 4196 2541 4258 sunt,
2588 4185 2705 4242 eam
2735 4187 3058 4258 praeciseob
3090 4201 3308 4241 causam
3336 4186 3428 4242 illa
3460 4189 3568 4241 sint
3589 4185 3713 4242 'tru-

2128 4255 2302 4327 sttjati,
2331 4257 2455 4326 quia
2486 4256 2702 4326 dignum
2735 4255 3026 4325 Evangelia
3044 4257 3217 4311 locum
3248 4260 3304 4310 in
3340 4272 3401 4311 se
3438 4258 3553 4313 suis
3582 4273 3712 4327 pro-

2130 4324 2259 4392 priis
2290 4324 2497 4381 meritis
2519 4324 2625 4382 non
2656 4324 3044 4397 praepararunt.
3078 4328 3253 4396 Atque
3283 4327 3355 4397 ita
3389 4327 3505 4383 ﬁeri
3536 4324 3600 4381 ut
3618 4330 3710 4397 qui

2127 4397 2304 4467 nativa
2337 4398 2543 4453 arbitrii
2590 4396 2838 4454 libertate
2866 4405 2994 4452 sunt
3018 4400 3276 4467 mquales,
3306 4396 3510 4465 dispari
3559 4396 3713 4466 ejus-

2125 4466 2248 4520 dem
2273 4481 2370 4522 usu
2402 4470 2698 4538 inaequales
2726 4468 3065 4538 efficiantur:
3086 4466 3271 4538 sitque
3301 4471 3556 4522 meritum
3577 4482 3713 4536 pau-

2125 4549 2333 4603 corum,
2367 4537 2495 4592 licet
2524 4536 2785 4595 naturalis
2812 4537 3052 4594 merendi
3082 4536 3312 4592 facultas
3338 4538 3409 4592 sit
3433 4540 3703 4593 omnium.

2123 4605 2278 4660 Doct.
2321 4605 2523 4662 Lovan.

3055 4675 3110 4729 ui
3141 4675 3233 4747 (ut
3255 4678 3419 4732 etiam
3453 4692 3511 4732 ν.
3532 4677 3668 4746 845)
3695 4718 3713 4743 .

2138 4758 2228 4799 est
2255 4745 3246 4812 inclinantisLatinitatisvocabulum,
3287 4748 3501 4802 tandem
3547 4749 3713 4803 etiam

2143 4816 2427 4871 vernacula
2469 4832 2714 4885 usurpari
2758 4831 2995 4886 ceptum
3042 4830 3141 4885 pro
3188 4817 3475 4872 addiscere.
3522 4818 3713 4875 Obiter

2138 4896 2319 4941 autem
2348 4887 2523 4941 notari
2557 4896 2740 4955 potest
2763 4886 3035 4956 quomodo
3081 4886 3222 4941 hunc
3258 4886 3576 4942 infinitivum
3608 4892 3715 4943 Au-

2139 4966 2261 5011 ctor
2280 4957 2461 5026 phrasi
2482 4957 2580 5011 sibi
2608 4958 2853 5012 familiari
2887 4956 3144 5011 continuo
3166 4964 3338 5028 mutet
3378 4959 3429 5010 in
3457 4957 3717 5028 subjecti-

2139 5042 2262 5080 vum
2285 5066 2300 5090 ,
2352 5042 2471 5080 cum
2505 5038 2628 5097 post
2676 5042 2890 5083 versum
2941 5026 3313 5097 interpositum
3344 5029 3519 5097 pergit
3549 5026 3572 5081 ί
3600 5026 3715 5081 Nec

2138 5098 2247 5151 sine
2264 5097 2473 5165 justitia
2500 5096 2731 5165 pereant.
2757 5107 2843 5152 etc
2871 5136 2888 5159 .
2922 5113 3038 5164 pro,
3073 5097 3260 5163 perire.
3292 5096 3459 5151 Doct.’
3478 5098 3610 5153 Lov.

2211 5168 2228 5190 ‘
2268 5170 2449 5221 CAPUT
2492 5165 2631 5222 XIII.
2689 5166 2926 5220 Ostendit
2980 5184 3084 5219 non
3139 5169 3292 5220 talem
3341 5183 3449 5222 esse
3497 5168 3553 5219 in
3600 5166 3715 5222 Deo

2132 5236 2369 5289 salvandi
2413 5252 2583 5289 omnes
2620 5237 2937 5290 voluntatem
2977 5235 3180 5305 qualem
3230 5236 3310 5290 illi
3334 5237 3587 5291 volebant.
3638 5237 3718 5292 Eo

2132 5306 2270 5375 quod
2294 5321 2395 5359 non
2415 5321 2588 5359 omnes
2614 5323 2669 5360 re
2684 5310 2798 5376 ipsa
2820 5306 3102 5370 salvantur,
3124 5314 3212 5360 aut
3224 5306 3293 5359 ad
3314 5307 3470 5376 [idem
3486 5308 3718 5375 veniant,

2134 5374 2181 5429 et
2211 5383 2253 5428 si
2277 5376 2526 5447 quidquid
2550 5377 2656 5429 vult
2686 5374 2826 5447 Deus
2856 5376 2998 5429 haud
3021 5376 3171 5429 dubie
3195 5374 3489 5447 impleatur.
3516 5407 3588 5418 —-
3614 5374 3719 5432 ne.

2132 5445 2321 5514 spond.
2359 5445 2677 5517 Semipelag.
2711 5446 2848 5501 Deus
2873 5461 3044 5500 omnes
3071 5448 3175 5499 vult
3204 5445 3420 5513 saluere,
3452 5464 3613 5517 neque
3645 5459 3719 5502 ta-

2134 5533 2249 5569 men
2275 5531 2447 5571 omnes
2474 5517 2763 5583 salvantur,
2790 5517 2911 5585 quia
2941 5518 3036 5570 hoc
3076 5517 3232 5585 libero
3261 5519 3476 5572 arbitrio
3508 5520 3599 5571 alii
3622 5536 3717 5571 υο-

2131 5588 2267 5650 lunt,
2298 5585 2390 5639 alii
2416 5588 2629 5657 _nolunt.
2662 5617 2734 5629 --
2760 5587 3027 5657 Confutat.
3063 5584 3492 5656 Indignissimum
3524 5599 3599 5643 est
3635 5606 3726 5643 vo-

2131 5658 2382 5709 luntatem
2405 5655 2627 5711 hominis
2654 5655 2904 5726 impedire
2942 5674 3003 5711 ne
3026 5658 3122 5725 ﬁat
3160 5655 3299 5727 quod
3328 5659 3433 5712 uult
3463 5656 3725 5730 Omnipo-

2132 5736 2261 5780 (ειη.
