4088 6176
382 359 485 415 127

514 474 602 529 Ille
631 491 695 530 ex
731 477 946 546 injustis
973 478 1146 548 justos
1179 479 1334 545 facit,
1370 481 1508 534 indit
1537 497 1777 536 amorem

510 568 624 632 Quo
651 570 963 624 redametur
1001 585 1208 637 amans,
1255 584 1310 627 et
1339 588 1495 627 amor
1522 590 1683 644 quem
1713 577 1958 632 conserit

652 677 767 730 Ipse
799 674 902 716 est.
1773 728 1782 737 η

362 751 469 807 395
513 749 662 804 llunc
732 753 910 821 itaque
965 753 1256 820 allectum,
1305 770 1413 826 quo
1470 768 1690 812 sumunt
1744 739 1952 814 mortua

654 843 818 896 vitam
847 885 860 906 ,

504 933 623 1000 Quo
651 934 890 988 tenebrte
933 935 1066 988 liunt
1117 937 1292 992 lumen
1317 980 1330 1004 ,
1361 955 1468 1008 quo
1505 941 1778 996 immunda
1811 944 1951 998 nite-

644 1034 836 1091 scunt,

501 1119 620 1181 Quo
649 1117 799 1171 stulti
831 1133 1022 1187 sapere
1050 1119 1344 1189 incipiunt,
1368 1123 1605 1192 aegrique
1632 1125 1946 1192 valescunt,

498 1209 672 1264 Nemo
700 1210 788 1264 alii
819 1210 938 1276 dat,
965 1225 1126 1266 nemo
1146 1212 1282 1278 sibi,
1313 1229 1419 1268 non
1450 1215 1626 1270 littera
1657 1215 1836 1286 Legis,

499 1301 610 1356 Nec
643 1302 906 1357 naturalis
953 1303 1237 1372 sapientia,
1265 1319 1384 1374 qua:
1411 1307 1579 1361 semel
1610 1315 1727 1360 acta

355 1393 462 1449 400
502 1395 559 1448 1η
590 1408 850 1465 prteceps,
886 1393 994 1449 labi
1025 1397 1196 1460 novit,
1220 1409 1550 1463 consurgere
1581 1398 1771 1452 nescit.

572 1487 638 1540 Et
664 1487 793 1541 licet
821 1487 1048 1541 eximias
1075 1487 1291 1544 studeat
1319 1489 1526 1556 pollere
1556 1505 1651 1558 per
1672 1502 1836 1544 artes.

497 1576 886 1647 lngeniumque
914 1575 1112 1631 bonum
1149 1582 1425 1647 generosis
1473 1580 1712 1636 moribus
1754 1590 1945 1643 ornet;

493 1668 651 1724 Casca
683 1679 860 1724 tamen
893 1671 1050 1724 linem
1081 1669 1150 1724 ad
1189 1672 1379 1726 mortis
1408 1687 1504 1741 per
1544 1674 1696 1728 devia
1729 1675 1931 1740 currit,

497 1762 609 1818 Nec
633 1763 757 1817 vitae
784 1772 1002 1817 aeterna:
1026 1777 1190 1818 veros
1216 1766 1498 1834 acquirere
1525 1765 1730 1820 fructus

358 1855 463 1911 405
503 1854 582 1910 De
613 1855 744 1908 falsa
772 1856 970 1909 virtute
1010 1864 1220 1925 potest,
1247 1871 1550 1926 vanamque
1576 1857 1789 1913 decoris

490 1946 714 2003 Occidui
746 1947 1016 2015 speciem,
1047 1947 1262 2002 mortali
1297 1948 1472 2016 perdit
1501 1949 1553 2003 in
1581 1965 1716 2004 sevo.

491 2043 668 2096 Omne
691 2041 892 2095 etenim
929 2040 1210 2109 probitatis
1246 2056 1405 2110 opus,
1435 2041 1535 2095 nisi
1569 2043 1776 2098 semine
1802 2057 1944 2098 vera:

493 2132 746 2187 Exoritur
775 2131 934 2198 fidei,
975 2140 1258 2202 peccatum
1292 2144 1396 2201 est,
1443 2136 1603 2203 inque
1631 2143 1834 2188 reatum

491 2223 759 2287 Vertitur,
789 2232 845 2278 et
869 2225 1070 2278 sterilis
1097 2224 1340 2278 cumulat
1369 2225 1468 2277 sibi
1499 2223 1668 2292 gloria
1703 2240 1940 2293 poenam.

565 2317 584 2338 ⁶
615 2314 793 2378 Usque
841 2314 977 2370 adeo
1025 2314 1225 2370 donum
1257 2323 1340 2371 est
1391 2315 1533 2386 quod
1563 2315 1865 2382 credimus,
1891 2325 1942 2371 et

638 2409 761 2463 data
806 2409 984 2477 gratis
1605 2411 1612 2418 ’

494 2501 704 2565 Gratia,
736 2516 840 2554 non
875 2501 1064 2554 merita
1094 2500 1231 2554 ditat
1261 2501 1509 2555 mercede
1537 2513 1755 2555 vocatos
1783 2520 1795 2553 :

490 2592 603 2646 Nec
621 2592 888 2660 justorum
915 2606 1138 2659 operum
1163 2591 1418 2647 discernit
1443 2593 1610 2658 facta;
1638 2593 1728 2645 sed
1754 2607 1941 2647 omnes

493 2683 620 2738 Sola
644 2698 705 2735 ex
734 2683 1022 2736 immundis
1053 2683 1280 2737 mundos
1309 2683 1460 2750 facit,
1487 2698 1648 2754 utque
1679 2686 1940 2754 legentem

499 2774 700 2828 Lectus
750 2783 925 2842 amet,
970 2789 1074 2829 non
1132 2776 1234 2831 hoc
1288 2776 1495 2840 studio,
1548 2777 1642 2831 sed
1718 2793 1944 2832 munere

639 2866 824 2919 sumit.

353 2958 458 3012 M5
499 2956 634 3011 Nam
666 2956 709 3010 si
738 2957 1032 3024 Spectatrix
1071 2957 1388 3012 meritorum
1419 2967 1499 3013 est
1527 2958 1727 3026 gratia,
1755 2968 1810 3012 et
1840 2959 1944 3013 illis

491 3048 565 3104 Se
591 3048 796 3112 tribuit,
817 3063 1043 3116 quorum
1069 3057 1155 3103 est
1180 3050 1395 3102 animus
1421 3050 1715 3118 purgatior,
1735 3058 1790 3103 et
1811 3065 1944 3118 quos

495 3143 599 3196 Per
628 3141 934 3196 libertatem
974 3141 1181 3196 arbitrii
1225 3143 1326 3196 sibi
1356 3144 1595 3211 repperit
1621 3153 1796 3211 aptos,

493 3233 741 3289 Insontes
771 3242 1009 3298 tantum,
1042 3233 1322 3305 justosque
1353 3245 1630 3289 assumere
1655 3236 1804 3290 solos

493 3326 719 3392 Debuit,
741 3335 797 3381 et
824 3327 937 3381 veri
967 3326 1197 3396 cupidos
1214 3368 1228 3389 ,
1255 3342 1320 3382 ac
1350 3337 1498 3382 recta
1523 3328 1786 3383 volentes.

353 3414 452 3474 4ξο
491 3414 788 3471 Perversos
812 3424 1007 3482 autem,
1026 3425 1079 3471 et
1098 3417 1365 3472 scelerum
1388 3417 1733 3473 assuetudine
1751 3427 1932 3489 turpes

352 2313 453 2370 410

419 3576 549 3630 401.
580 3573 648 3628 Et
677 3573 793 3628 licet
824 3576 1055 3641 eximias,
1089 3587 1193 3631 etc.
1219 3576 1310 3631 Sic
1336 3587 1519 3632 contra
1548 3576 1742 3632 Collat.
1765 3576 1939 3632 c.10:

356 3645 576 3700 Etiamsi
607 3645 1040 3700 excellentissimis
1078 3647 1303 3710 artibus,
1343 3657 1388 3699 et
1415 3648 1613 3701 cunctis
1648 3647 1944 3701 mortalium

357 3719 544 3783 polleat
583 3717 902 3780 disciplin-is,
939 3718 1208 3783 iustiﬁcari
1247 3733 1310 3770 es;
1344 3734 1397 3771 se
1439 3733 1540 3771 non
1585 3728 1792 3786 potest:
1823 3719 1943 3787 quia

357 3787 495 3840 bonis
535 3788 642 3840 suis
685 3787 816 3840 male
847 3789 1024 3850 utitur,
1053 3790 1106 3839 in
1144 3789 1323 3856 quibus
1371 3788 1479 3842 sine
1517 3789 1661 3841 cultu
1703 3789 1806 3841 ueri
1848 3787 1946 3842 Dei

356 3858 632 3924 impietatis
663 3857 1097 3925 immundititeque
1144 3858 1481 3921 convincitur,
1513 3869 1560 3911 et
1592 3858 1726 3912 unde
1753 3874 1807 3911 se
1848 3859 1941 3913 de-

358 3929 499 3994 lendi
542 3928 820 3988 existimat,
851 3936 1147 3981 accusatur.
1180 3929 1334 3982 Doct.
1363 3927 1496 3982 Lov.

424 3997 555 4052 405.
591 3997 800 4050 Decoris
848 3999 1046 4051 occidui
1072 4014 1089 4050 :
1113 4001 1300 4052 eadem
1345 3999 1522 4066 pbrasi
1553 4013 1654 4062 qua
1685 3999 1846 4067 epist.
1875 3999 1940 4054 ad

358 4067 750 4121 Demetriadem
784 4084 837 4122 c.
877 4069 932 4130 4,
960 4068 1154 4122 dicitur
1184 4068 1400 4122 honores
1436 4070 1714 4136 occiduas;
1740 4070 1792 4123 id
1823 4077 1939 4132 est,

356 4139 442 4208 qui
489 4140 628 4208 cito‘
659 4145 942 4191 transeunt
989 4139 1366 4208 occiduntque.
1404 4140 1462 4193 In
1496 4140 1734 4206 pluribus
1781 4140 1942 4195 editis

358 4205 580 4275 (Lugd.,
605 4205 765 4274 Lov.,
793 4208 957 4262 Dunc.
982 4219 1038 4262 et
1059 4205 1275 4276 Colonj
1300 4224 1398 4277 pro
1420 4205 1700 4274 vanamque
1719 4209 1935 4275 decoris,

357 4279 552 4346 legitur
582 4294 854 4350 unamque,
879 4278 972 4350 sed
997 4279 1124 4350 vitio
1156 4279 1384 4350 fortasse
1417 4281 1735 4350 typographi
1777 4281 1939 4348 (quod

355 4358 480 4402 ante
502 4349 887 4420 emendaverat
915 4348 1150 4402 Gallicus
1176 4348 1512 4420 translator).
1538 4350 1739 4405 Saltem
1783 4351 1942 4404 lectio

357 4429 539 4472 nostra
573 4419 732 4489 dubia
776 4434 895 4489 esse
926 4435 1029 4471 nou
1080 4429 1287 4486 patest,
1320 4423 1392 4472 ita
1424 4419 1646 4488 prorsus
1687 4433 1942 4489 poscente

361 4489 652 4541 sententia.
688 4488 839 4540 Doct.
872 4488 1079 4543 Lovan.

424 4559 554 4612 408.
592 4555 868 4628 Peccatum
899 4567 994 4616 est.
1029 4559 1253 4614 Locutio
1291 4571 1375 4615 est
1418 4562 1746 4628 apostolica,
1780 4563 1937 4617 Rom.

359 4643 466 4694 xiv,
485 4629 563 4700 23
598 4646 610 4680 :
647 4627 809 4680 Omne
835 4638 1004 4681 autem
1032 4631 1167 4699 quod
1195 4648 1296 4684 non
1325 4642 1398 4684 est
1427 4627 1490 4684 ea:
1527 4632 1650 4700 ﬁde,
1683 4643 1943 4700 peccatum

361 4711 450 4750 est.
481 4699 559 4752 De
586 4713 689 4765 qua
720 4701 936 4752 consule
985 4701 1328 4768 interpretes.
1364 4703 1493 4756 Eam
1523 4699 1736 4757 interim
1769 4705 1939 4760 emol-

363 4768 458 4821 lire
485 4770 700 4822 videtur
731 4769 816 4820 hic
847 4781 1050 4834 uoster,
1074 4785 1194 4824 cum
1223 4770 1370 4826 addit
1397 4791 1410 4824 :

424 4838 560 4909 Ibid.
596 4836 760 4909 Inque
810 4843 1007 4892 reatum
1050 4843 1284 4906 vertitur,
1325 4852 1372 4896 et
1413 4843 1626 4909 sterilis,
1673 4854 1780 4900 etc.
1837 4845 1940 4900 Per

361 4909 498 4976 quod
528 4907 1057 4985 fortassisﬁinsinuat,
1087 4928 1191 4965 non
1223 4913 1396 4980 ipsum
1431 4929 1526 4981 per
1555 4907 1620 4968 se
1638 4929 1774 4983 opus
1798 4915 1938 4985 quod

361 4994 463 5032 non
507 4995 592 5056 ex_
627 4978 732 5032 lide
762 4978 853 5056 lit,_
888 4990 1164 5056 peccatum
1189 4978 1340 5056 esse
1377 4978 1689 5056 oportere,‘
1717 4995 1773 5039 ut
1799 4978 1940 5056 quod

359 5065 503 5125 saepe
552 5051 622 5125 sit
669 5050 943 5125 moraliter
985 5050 1003 5123 (
1019 5052 1095 5105 sic
1126 5052 1327 5125 scbola:
1375 5050 1685 5125 loquuntur)
1737 5050 1830 5110 seti
1874 5072 1940 5111 ex

360 5120 539 5173 officio
576 5120 808 5184 bonum;
835 5121 927 5175 sed
960 5120 1164 5176 reatum
1191 5121 1405 5177 demum
1446 5120 1728 5188 accedere,
1758 5127 1846 5181 ubi
1875 5129 1942 5181 de

361 5190 452 5264 illo
475 5191 1009 5264 ltomo_aliterrquam
1039 5193 1089 5247 in
1121 5193 1348 5246 Domino
1373 5195 1661 5264 gloriatur:
1684 5199 1758 5250 uti
1788 5198 1943 5253 facile

360 5262 605 5315 tntideles
634 5260 703 5315 de
730 5263 888 5317 bonis
923 5263 1221 5332 gloriantur
1249 5260 1397 5320 suis:
1429 5266 1634 5320 Saltem
1666 5283 1770 5321 non
1815 5284 1942 5322 sen-

361 5333 430 5404 sit
471 5331 724 5404 Prosper,
773 5346 947 5404 neque
976 5335 1180 5404 sentire
1207 5338 1413 5404 potuit,
1442 5338 1618 5389 omnia
1649 5352 1810 5403 Opera
1855 5341 1939 5392 in-

364 5398 637 5466 ﬁdelium,
670 5402 721 5454 in
770 5398 1100 5477 r_igbre_quo
1133 5398 1309 5477 podia
1363 5398 1633 5476 theologia
1682 5398 1940 5477 loquitur,

363 5484 482 5524 esse
509 5479 747 5545 peccata.
782 5471 932 5526 Doct.
966 5472 1099 5527 Lov.
1129 5473 1256 5545 Legi
1287 5484 1462 5543 potest
1491 5471 1717 5543 SfAug.
1752 5471 1843 5533 lib.
1870 5471 1942 5543 tv,

363 5552 545 5614 contra
564 5540 962 5614 Julian._t_:ap._1_’),
979 5540 1368 5614 appendfpa'rt.
1388 5561 1448 5609 tt,
1465 5540 1779 5614 pag.257,et
1793 5540 1940 5603 alibi;

437 5616 455 5632 '
483 5611 662 5666 Cum
688 5611 1062 5689 XVII._Ftdes_
1087 5611 1279 5689 donum
1302 5625 1372 5689 est
1400 5611 1607 5685 prorsus
1634 5621 1939 5689 gratuitum.

371 5679 546 5749 Neque
565 5692 637 5736 est
660 5699 722 5736 ea:
747 5686 948 5746 merito,
970 5701 1083 5736 cum
1110 5701 1173 5737 ex
1201 5685 1292 5738 illa
1320 5687 1383 5738 sit
1401 5679 1559 5739 omne
1588 5679 1836 5742 irretitum.

437 5753 558 5825 MSS.
592 5752 860 5822 chentem
892 5756 1050 5825 tectus
1073 5769 1236 5825 :pro,
1283 5756 1571 5825 eligentem
1605 5761 1807 5814 electus
1835 5777 1848 5825 ;
1893 5760 1943 5816 id

373 5829 476 5888 est,
505 5821 673 5877 Deum
699 5824 876 5877 homo.
913 5824 1064 5880 Doct.
1097 5824 1228 5878 Lov.

1311 368 1594 424 CARMEN
1637 370 1726 425 DE
1766 369 2104 428 INGRATIS.
2147 372 2326 431 PARS
2363 375 2706 433 SECUNDA.

1985 491 2038 546 Α

1971 1872 2017 1931 Β

1966 4876 2020 4936 D

3544 388 3646 444 118

2211 485 2504 541 Deturbare
2534 489 2750 556 procul,
2783 491 3060 561 lucemque
3091 509 3284 563 negare
3314 498 3572 556 tenebris.

2202 575 2361 646 Atqui
2394 577 2643 633 Salvator
2673 581 2853 635 mundi
2885 599 2990 636 non
3023 588 3241 652 praemia
3269 587 3431 658 justis

2203 668 2447 736 Solvere,
2473 687 2572 726 nec
2600 674 2747 727 sanis
2773 675 2921 729 venit
2949 677 3197 732 conferre
3229 683 3491 738 medelam
3518 699 3534 737 :

2203 757 2308 814 Sed
2348 761 2489 830 quod
2523 763 2824 831 dispersum
2871 766 3177 833 exciderat,
3208 771 3435 826 fractum
3486 786 3645 845 atquo

2333 853 2571 922 jacebat,

2054 939 2163 996 4°25
2211 941 2370 1015 149
2408 943 2684 1013 Quaerere,
2719 957 2772 1002 et
2803 948 3081 1005 inventum
3114 968 3391 1023 reparare,
3424 972 3487 1011 ac
3517 957 3642 1013 red-

2336 1037 2468 1091 dere
2497 1056 2662 1092 curm.

2267 1131 2285 1150 °
2329 1128 2571 1192 Damone
2604 1147 2669 1186 ne
2698 1134 2981 1204 quisquam
3014 1152 3080 1192 ex
3111 1153 3322 1193 morum
3355 1142 3644 1210 splendore

2335 1233 2557 1290 putetur

2194 1309 2441 1376 Censeri,
2483 1323 2573 1368 aut
2617 1316 2741 1370 fidei
2780 1319 2974 1373 merito
3013 1320 3079 1374 ad
3124 1320 3260 1375 bona
3303 1338 3513 1378 summa
3553 1341 3642 1379 vo-

2337 1403 2474 1467 cari,

2191 1493 2300 1548 Ceu
2331 1510 2437 1549 non
2469 1495 2651 1550 divino
2679 1496 2751 1550 sit
2779 1514 3002 1554 munere
3028 1503 3299 1557 mentibus
3327 1505 3438 1571 ipsa

2196 1590 2456 1658 lnspirata
2486 1589 2650 1655 fides;
2683 1592 2864 1646 recole
2901 1593 3298 1648 innumerabile
3325 1601 3513 1666 vulgus

2049 1678 2154 1734 450
2194 1678 2362 1734 Retro
2407 1693 2600 1734 senum
2654 1689 2707 1734 et
2754 1680 3036 1751 juvenutn,
3083 1685 3173 1752 qui
3217 1700 3360 1739 eteca
3407 1687 3642 1755 turpiter

2335 1780 2414 1818 USI

2194 1858 2466 1912 Libertate
2496 1859 2685 1924 animi,
2713 1875 2810 1930 per
2836 1861 3013 1918 cultus
3040 1864 3457 1936 daemoniorum,

2192 1945 2295 2001 Per
2325 1948 2565 2017 magicas
2592 1961 2762 2015 artes,
2793 1965 2889 2020 per
2912 1967 3152 2009 amorem
3181 1969 3331 2025 rapta
3362 1959 3600 2025 tenendi,

2195 2041 2296 2094 Per
2319 2051 2525 2108 stupra,
2558 2058 2656 2112 per
2682 2045 2863 2100 cmdes
2886 2045 3051 2101 vitam
3081 2047 3284 2103 duxere
3313 2050 3596 2104 uelandam
3621 2069 3633 2104 :

2193 2130 2264 2184 Et
2287 2141 2465 2187 tamen
2497 2133 2848 2190 incumbente
2880 2137 3063 2204 obitu,
3092 2140 3203 2208 jam
3233 2139 3404 2195 limtte
3437 2143 3488 2194 in
3521 2144 3638 2210 ipso

2046 2221 2151 2278 455
2191 2223 2433 2278 Extremi
2465 2225 2648 2294 ﬂatus,
2681 2227 3030 2283 miserantem
3060 2238 3219 2286 nocte
3251 2243 3460 2287 remota

2188 2313 2506 2385 Cognovere
2537 2318 2701 2372 Deum
2724 2335 2740 2383 ;
2772 2321 3182 2391 purgatorisque
3205 2321 3403 2378 lavacri

2190 2406 2428 2469 Munere,
2469 2409 2613 2461 nulla
2646 2411 2769 2462 mali
2803 2412 3096 2480 linquentis
3124 2414 3273 2483 signa
3306 2415 3520 2482 prioris,

2190 2498 2443 2566 Exempli
2469 2499 2670 2553 tnnndo
2703 2511 2977 2556 mutarunt
3004 2512 3208 2558 tartara
3239 2506 3399 2561 caelo.

2187 2589 2318 2655 Quae
2361 2589 2547 2644 merita
2581 2589 2667 2645 hic
2699 2595 2988 2649 numeras?
3017 2594 3072 2650 Si
3112 2597 3470 2664 prmcedenlia
3509 2612 3633 2655 cer-

2330 2693 2425 2732 nas
2442 2722 2458 2746 ,

2044 2771 2150 2823 itu
2191 2769 2390 2838 Impia;
2425 2773 2468 2826 si
2498 2774 2698 2842 quaeris
2725 2783 2846 2844 post
2875 2775 3082 2847 addita,
3113 2779 3258 2832 nulla
3289 2778 3522 2834 luerunt.

2260 2868 2277 2885 ’
2318 2861 2380 2918 Si
2407 2879 2535 2917 vero
2564 2865 2760 2920 merito
2790 2867 3040 2933 ascribis,
3071 2870 3311 2925 voluisse
3337 2873 3545 2927 renasci
3583 2892 3593 2926 :

2189 2953 2394 3020 Nempe
2419 2965 2576 3009 utero
2608 2957 2728 3011 lidei
2757 2970 2904 3026 parta
2936 2969 3021 3014 est
3050 2971 3158 3014 tam
3182 2973 3324 3016 recta
3355 2966 3625 3018 voluntas.

2186 3046 2358 3101 Porro
2388 3047 2544 3101 fidem
2569 3049 2687 3116 quis
2709 3051 2821 3115 dat,
2859 3053 2959 3105 nisi
2989 3053 3200 3122 gratia?
3227 3055 3305 3109 sic
3336 3057 3471 3110 bene
3495 3059 3630 3111 velle

2188 3138 2370 3193 Gratia
2403 3141 2492 3193 dat
2522 3140 2810 3195 tribuendo
2839 3141 2997 3196 fidem
3029 3159 3149 3212 qua:
3181 3144 3388 3200 credita
3418 3159 3631 3214 poscat,

1967 3235 2010 3296 C
2042 3230 2148 3286 445
2186 3231 2427 3300 Quasque
2455 3231 2748 3286 voluntatis
2776 3234 3025 3287 meritum
3052 3243 3220 3299 creet,
3259 3236 3482 3305 ipsaque
3515 3240 3634 3291 solo

2186 3324 2448 3378 Nascatur
2475 3325 2715 3393 spirante
2750 3324 2892 3392 Deo,
2928 3334 3270 3397 mentemque
3299 3327 3628 3396 reformatis,

2185 3415 2261 3470 De
2291 3415 2474 3470 cinere
2505 3416 2702 3484 algenti
2735 3418 2967 3486 sopitum
2999 3419 3225 3474 suscitet
3249 3419 3452 3487 ignem.

2116 3575 2242 3630 414.
2278 3575 2401 3630 Νοη
2435 3574 2532 3629 hoc
2561 3577 2748 3630 studio.
2777 3574 2832 3629 Id
2858 3587 2961 3639 est,
2996 3590 3100 3629 non
3132 3576 3315 3633 labore
3337 3585 3396 3632 et
3417 3580 3631 3643 merito,

2047 3647 2143 3702 sed
2171 3647 2319 3708 dono
2346 3648 2582 3716 gratuito
2611 3649 2823 3715 accipit.
2854 3647 3012 3700 Doct.
3043 3646 3175 3700 Lov.

2115 3716 2243 3772 418.
2273 3717 2446 3772 Solos.
2474 3717 2688 3790 Gallus,
2720 3717 2884 3771 solum
2941 3717 3106 3787 (Editi
3152 3733 3376 3790 omnes,
3423 3719 3632 3790 solos);

2045 3802 2232 3841 verum
2277 3791 2328 3841 in
2381 3787 2558 3840 medio
2589 3801 2802 3851 versus,
2841 3797 3072 3851 tantum,
3123 3797 3178 3843 et
3221 3791 3274 3843 in
3323 3789 3435 3845 ﬁne
3464 3787 3633 3844 solum

2046 3857 2316 3921 displicet.
2360 3856 2513 3910 Doct.
2547 3856 2674 3911 Lov.

2112 3926 2242 3982 424.
2293 3924 2547 3997 F_ractum
2607 3937 2782 3997 atque_
2807 3926 3039 3994 jacebat.
3097 3925 3328 3992 Quidni,
3389 3927 3629 3997 inquies,

2045 3999 2264 4065 scripsi-t
2317 3995 2713 4066 Fractumque?
2763 3995 2867 4051 Sed
2924 3997 3079 4051 libuit
3131 3998 3376 4052 fortassis
3426 3995 3627 4053 imitari

2045 4068 2322 4140 Horatium
2369 4068 2468 4140 lib.
2515 4083 2536 4140 t
2578 4068 2738 4140 epist.
2788 4067 2855 4120 ad
2900 4066 3115 4133 Quinct.
3156 4083 3172 4122 ξ
3214 4067 3438 4137 Renuit,
3479 4079 3632 4140 negat

2045 4150 2199 4208 atque
2225 4139 2486 4194 Sabellus.
2515 4139 2667 4208 Doct.
2696 4137 2902 4192 Lovan.

2118 4214 2135 4233 '
2173 4211 2354 4263 CAPUT
2394 4208 2581 4262 XVIII.
2622 4206 2772 4260 Idem
2798 4223 2862 4261 es
2895 4223 2954 4260 eo
2979 4208 3250 4275 conﬁrmat
3279 4209 3416 4275 quod
3446 4213 3632 4264 multos

2045 4288 2198 4334 antea
2238 4279 2691 4352 ﬂagitiosissimos,
2718 4279 2888 4352 etiam
2919 4279 3142 4332 instante
3185 4278 3325 4332 obitu
3363 4291 3627 4352 susceptus

2046 4353 2325 4420 baptismuﬁs
2353 4351 2421 4402 ad
2450 4351 2630 4420 coelum
2659 4349 2872 4420 miserit.

2115 4418 2242 4475 434.
2279 4419 2470 4473 Limite
2507 4421 2561 4472 in
2607 4419 2738 4486 ipso.
2786 4418 3096 4490 conjiciunt
3138 4418 3306 4490 aliqui
3344 4419 3628 4490 legendum

2046 4491 2248 4545 Limine
2288 4492 2343 4544 in
2385 4492 2530 4561 ipso;
2569 4504 2664 4561 seu
2697 4487 2841 4561 quod
2879 4492 2958 4561 sic
2986 4488 3196 4554 legatur
3225 4487 3473 4561 inftgtfv.
3503 4493 3628 4557 812,

2045 4577 2141 4616 seu
2171 4562 2314 4628 quod
2343 4558 2452 4615 tuin
2483 4560 2758 4625 Virgilius,
2794 4558 2851 4611 in
2881 4559 3168 4614 Pharmac.
3204 4570 3259 4614 et
3290 4559 3513 4617 Aineid.
3558 4579 3591 4616 x
3612 4603 3626 4625 ,

2047 4642 2157 4686 tum
2202 4631 2507 4696 Lucretius,
2547 4631 2644 4684 lib.
2673 4645 2748 4691 vt,
2784 4631 2862 4683 sic
2903 4629 3160 4685 habeant.
3204 4631 3416 4686 Censeo
3452 4643 3630 4686 tamen

2045 4702 2381 4758 retinendam
2424 4700 2561 4754 hanc
2603 4702 2919 4759 lectionem,
2956 4701 3041 4754 cui
3077 4703 3465 4768 correspondet
3503 4704 3630 4755 illud

2044 4775 2099 4826 in
2124 4776 2282 4843 epist.
2313 4773 2380 4826 ad
2405 4771 2582 4824 Rulin.
2607 4787 2728 4841 cap.
2757 4771 2844 4824 17.
2871 4769 2941 4824 In
2970 4772 3081 4841 ipso
3108 4770 3388 4825 exhalandi
3417 4773 3630 4842 spiritus

2045 4845 2166 4913 ﬁne.
2202 4844 2353 4897 Doct.
2385 4843 2517 4896 Lov.

2114 4916 2218 4969 455
2258 4926 2311 4967 et
2349 4929 2465 4980 seq.
2508 4912 2842 4966 Miserantem
2880 4928 3198 5037 augmine;
3240 4928 3298 4981 q.
3343 4913 3400 4967 d.
3451 4930 3464 4965 :
3507 4912 3631 4968 Ideo

2115 4999 2369 5037 anovere.
2401 4984 2525 5037 auia
2553 4983 2919 5037 miserantem.
2997 4993 3101 5036 oet.
3136 4983 3270 5036 Lov.

2047 4999 2369 5053 cognovere,
2401 4984 2525 5053 quia
2553 4983 2919 5038 miserantem.
2946 4983 3101 5037 Doct.
3136 4983 3270 5036 Lov.

2118 5055 2246 5110 459.
2290 5053 2500 5108 Cernas.
2534 5053 2606 5107 Ita
2636 5055 2762 5109 editi
2790 5057 3105 5122 omnes._At
3145 5053 3294 5106 Doct.
3332 5053 3462 5105 Lov.
3498 5054 3632 5107 sub-

2050 5127 2223 5180 stituit
2265 5127 2452 5188 cernis,
2484 5124 2671 5179 dicens
2721 5127 2890 5196 magis
2936 5125 3241 5195 rhythmice
3284 5124 3384 5193 legi
3427 5140 3628 5188 cernas,

2050 5197 2146 5252 sed
2179 5197 2300 5250 ideo
2325 5199 2485 5248 male.

2122 5272 2140 5290 '
2179 5268 2360 5321 Carus-
2401 5266 2542 5320 ΧΙΧ.
2587 5266 2757 5320 Unum
2802 5268 2897 5319 hoc
2943 5266 2997 5318 in
3042 5263 3296 5328 eiusmodi
3342 5263 3628 5317 hominibus

2049 5339 2229 5390 merito
2273 5339 2462 5391 ascribi
2510 5353 2692 5406 posse,
2730 5338 2868 5406 quod
2911 5338 3214 5400 baptismum
3256 5334 3632 5406 desiderarim;

2048 5411 2138 5460 sed
2167 5410 2262 5460 hoc
2290 5403 2599 5461 desiderium
2625 5423 2688 5460 ea:
2716 5403 2836 5474 ﬁde,
2861 5406 3018 5472 ﬁdem
3043 5420 3158 5474 uero
3185 5403 3395 5457 nonnisi
3423 5420 3485 5457 ea:
3513 5420 3634 5473 gra-

2048 5480 2120 5530 tia
2145 5488 2315 5531 ortum
2341 5479 2545 5530 ducere.
2572 5473 2776 5537 Fidem,
2807 5491 2918 5542 qtae
2945 5473 3098 5526 radix
3123 5483 3194 5526 est
3225 5474 3451 5527 omnium
3474 5476 3634 5528 meri.

2048 5557 2242 5612 torum,
2273 5564 2336 5601 ea:
2360 5547 2542 5600 merito
2571 5562 2678 5598 esse
2704 5561 2805 5598 non
2835 5559 2981 5611 posse
3011 5559 3029 5595 :
3059 5544 3196 5611 quod
3226 5543 3290 5595 ab
3319 5543 3415 5596 illa
3441 5562 3541 5596 non
3572 5545 3634 5613 ﬁt

2049 5635 2152 5672 non
2189 5619 2312 5670 bene
2349 5619 2428 5680 ﬁt.
2467 5614 2700 5668 Gratiam
2735 5615 2969 5682 [auditus
3007 5615 3185 5667 evertit
3223 5615 3311 5683 qui
3339 5616 3632 5674 existimat,

2048 5691 2126 5741 vel
2155 5689 2390 5740 meritum
2421 5686 2588 5755 ullum
2619 5694 2738 5755 ante
2774 5685 2927 5750 ﬁdem
2955 5701 3065 5740 esse
3097 5702 3245 5749 posse
3274 5687 3328 5737 in
3355 5686 3500 5755 falsis
3527 5686 3634 5736 vir-

2049 5758 2242 5811 tutibus
2281 5754 2596 5823 inﬁdelium;
2627 5754 2701 5808 vel
2750 5755 2904 5824 ﬁdem
2941 5773 3005 5811 ex
3037 5755 3266 5810 libertate
3303 5755 3504 5810 colendi
3550 5770 3636 5808 ors—

2051 5841 2157 5882 tunt
2188 5827 2392 5895 ducere,
2427 5841 2526 5880 non
2556 5842 2617 5881 ea:
2641 5841 2780 5883 mero
2808 5827 2902 5884 Dei
2931 5831 3092 5882 dono.
