4088 6176
438 376 541 434 H9

579 492 723 565 Ergo
766 494 1052 548 voluntatis
1089 495 1322 563 genitrix
1348 535 1363 559 ,
1404 508 1735 563 eperurnque
1773 494 2005 547 creatrix
2032 496 2086 553 Α

574 586 689 640 Νοιι
713 594 798 640 est
819 599 886 640 ex
909 588 1098 640 merito
1119 602 1134 642 :
1155 586 1406 655 quoniam
1427 585 1569 654 quod
1594 601 1699 637 non
1723 582 1783 637 ﬁt
1804 584 1874 637 ab
1896 583 2007 649 illa,

433 675 538 734 451)
574 680 691 730 Non
719 675 853 730 bene
883 675 942 728 iit
971 693 983 727 :
1015 690 1157 739 ausu
1194 690 1300 729 non
1332 684 1481 729 recto
1510 675 1593 727 via
1624 673 1795 727 limite
1822 672 2010 736 ducit;

575 767 789 833 Quanto
819 765 939 833 plus
962 765 1226 834 graditur,
1252 771 1402 818 tanto
1432 763 1778 833 longinquius
1808 774 1972 816 errat.

574 857 701 912 Sive
731 856 890 924 igitur
915 855 1189 917 meritum,
1223 853 1451 908 credens
1476 854 1737 909 exsistere
1762 865 1919 920 posse

573 947 714 999 Ante
741 944 922 1011 ﬁdem,
954 944 1123 998 donas
1156 942 1446 997 virtutibus
1472 941 1791 1010 impietatis;

576 1033 703 1090 Sive
733 1034 877 1089 illam
906 1034 985 1087 vis
1014 1047 1135 1088 esse
1161 1042 1327 1097 tuam,
1358 1048 1464 1085 non
1498 1045 1723 1084 munere
1748 1029 1925 1083 dantis

433 1123 538 1180 455
577 1124 879 1196 Sumptam,
908 1123 1005 1179 sed
1034 1123 1269 1193 genitam
1291 1123 1360 1177 de
1383 1122 1632 1177 libertate
1656 1119 1905 1184 volendi;

576 1216 787 1270 Nullam
820 1216 983 1269 habet
1013 1215 1065 1268 in
1097 1213 1254 1269 Vobis
1280 1215 1540 1269 salvatrix
1569 1214 1741 1283 gratia
1769 1214 1976 1276 sedem,

580 1304 770 1359 Iullato
801 1304 1019 1360 exclusa
1052 1304 1305 1368 arbitrio,
1335 1304 1475 1373 quod
1506 1302 1686 1357 fronte
1716 1302 1945 1370 superba

580 1393 821 1465 Erigitis,
848 1393 1021 1463 spatio
1048 1401 1107 1446 ut
1135 1391 1346 1461 gravius
1375 1392 1581 1461 majore
1614 1391 1803 1445 ruatis.

654 1490 675 1508 ‘
714 1484 1021 1539 DIVINORUM
1070 1498 1293 1552 cperam
1342 1483 1487 1553 quod
1537 1481 1732 1549 ponitis
1781 1481 1835 1535 in
1882 1479 2022 1535 redi-

720 1574 929 1629 mendis

440 1663 547 1720 660
586 1662 952 1735 Principium?
975 1664 1221 1721 Mandata
1250 1663 1342 1718 Dei
1369 1661 1548 1717 facere
1572 1669 1697 1716 ante
1719 1661 2014 1725 lavacrum,

580 1756 755 1811 Nosse
773 1766 826 1812 et
842 1772 1024 1813 amare
1048 1758 1234 1824 Deum,
1259 1756 1535 1825 promissis
1555 1753 1777 1809 credere
1790 1751 2015 1813 Christi,

585 1850 738 1922 151
776 1849 1052 1917 Quaerere,
1106 1848 1343 1919 pulsare,
1388 1856 1443 1903 et
1487 1856 1691 1917 petere,
1738 1844 2011 1916 proprium
2047 1853 2091 1914 Β

720 1940 969 1996 omnibus
996 1954 1117 1995 esse

579 2029 859 2096 Asseritis,
884 2031 977 2101 qui
1002 2044 1061 2086 se
1090 2029 1340 2085 studeant
1365 2038 1548 2099 aptare
1571 2030 1803 2083 vocanti.

583 2121 740 2176 Anne
769 2122 836 2176 ab
867 2122 1019 2190 aquis
1043 2121 1223 2176 divina
1257 2136 1444 2175 manus
1476 2135 1739 2176 renovnre
1772 2127 2018 2188 receptos

441 2210 548 2267 465
585 2211 799 2281 Incipit,
834 2221 887 2267 et
915 2213 1039 2267 vitae
1068 2227 1224 2267 causa
1249 2221 1333 2266 est
1361 2226 1454 2266 sua
1482 2212 1673 2281 cuique
1697 2212 1974 2279 voluntas;

586 2304 654 2360 Ut
685 2320 893 2359 merces
923 2319 1147 2374 operum
1174 2305 1244 2358 sit
1273 2304 1444 2374 gratia
1472 2303 1842 2373 iudiciumque

586 2394 665 2449 De
696 2396 888 2465 pretio,
915 2410 1020 2465 quo
1044 2395 1186 2465 quod
1208 2395 1406 2449 donum
1434 2394 1754 2465 perhibetur
1778 2394 2019 2448 ematur?

584 2493 664 2540 An
695 2502 823 2541 vero
850 2486 1113 2541 auxilium
1142 2486 1309 2541 verbo
1340 2485 1478 2540 Deus
1509 2486 1745 2550 inchoat,
1774 2494 1826 2539 et
1855 2498 1910 2539 se

590 2577 730 2634 Voce
761 2579 1129 2634 ministrorum
1157 2578 1358 2633 mundo
1385 2578 1628 2632 declarat
1654 2576 1706 2630 in
1735 2576 1877 2630 omni
1914 2593 1926 2627 :

446 2668 552 2726 4⁵10
589 2668 656 2726 Ut
688 2670 937 2740 pulsante
964 2684 1123 2725 aures
1150 2683 1402 2725 sermone
1434 2667 1613 2722 illecta
1643 2668 1910 2733 voluntas,

584 2762 795 2817 Iudicio
828 2773 1121 2832 praecurrat
1151 2776 1335 2830 Opem,
1363 2775 1463 2814 nec
1484 2759 1649 2829 gratia
1675 2759 1784 2827 jam
1811 2759 1883 2812 sit

590 2852 808 2919 Gratia;
841 2868 959 2923 qua:
988 2852 1120 2923 legis
1151 2852 1375 2922 fungens
1396 2852 1534 2916 vice,
1563 2850 1684 2919 jure
1714 2849 1983 2904 monentis

517 2993 644 3047 448.
684 2987 976 3058 Voluntatis
998 2988 1240 3058 genitrix,
1264 3000 1571 3054 operumque
1593 2984 1830 3058 creatrix.
1856 2983 2019 3037 Tam-

451 3063 552 3118 etsi
578 3061 801 3129 epistola
825 3057 891 3112 ad
923 3056 1248 3129 Ru‘tiuunrc.
1273 3058 1587 3129 abonorum
1606 3056 1827 3129 creatrix
1854 3068 2016 3108 voce—

450 3141 538 3186 tur
562 3124 752 3202 gratia,
782 3137 958 3202 tamen
998 3128 1141 3196 quod
1181 3128 1267 3181 hic
1300 3126 1497 3202 dicitur
1526 3124 1591 3177 ad
1621 3124 1778 3202 ﬁdem
1815 3134 1900 3202 est
1934 3140 2018 3177 re-

449 3195 752 3261 ferendum,
782 3199 849 3252 de
873 3212 980 3266 qua
1009 3195 1137 3252 mox
1167 3208 1290 3251 ante
1320 3214 1332 3249 :
1364 3196 1587 3266 Qtueque
1608 3195 1883 3266 voluntatis
1910 3210 2017 3266 me-

447 3274 601 3325 ritum
630 3260 780 3323 creet.
813 3260 940 3321 Iteiu
971 3267 1066 3320 lib.
1099 3284 1116 3321 ι
1142 3268 1210 3322 de
1233 3260 1417 3320 Vocat.
1442 3260 1602 3320 Gent.
1627 3278 1677 3317 c.
1700 3262 1771 3317 93
1796 3282 1808 3315 :
1834 3260 2017 3325 Fides,

447 3358 564 3406 quae
590 3341 737 3393 bona:
762 3337 1035 3391 voluntatis
1061 3347 1108 3390 et
1123 3340 1279 3407 justas
1303 3335 1518 3407 actionis
1548 3342 1618 3388 est
1648 3334 1888 3403 genitrix,
1919 3349 2019 3403 quo

449 3404 562 3478 ipsa
592 3416 729 3478 fonte
758 3416 1021 3478 nascatur,
1053 3404 1158 3463 etc.
1192 3407 1343 3460 Doct.
1380 3404 1513 3478 Lov.

520 3470 648 3535 450.
692 3479 847 3533 Recto
869 3477 947 3529 via
967 3470 1144 3530 limite.
1172 3477 1399 3543 Legerat
1425 3472 1619 3538 Georg.
1654 3487 1690 3525 ιι
1718 3489 1731 3523 :
1764 3470 1915 3525 Secta
1940 3471 2023 3525 via

448 3552 628 3604 limite.
672 3546 863 3617 Adagii
901 3546 1127 3617 formam
1168 3546 1335 3617 habet
1371 3543 1674 3617 sententia;
1702 3557 1860 3608 quam
1900 3543 2021 3597 ideo

448 3637 548 3674 suo
575 3612 888 3673 cliaractEre
913 3616 1272 3670 distinximus.
1309 3615 1459 3668 Dect.
1492 3612 1625 3666 Lov.

520 3691 647 3745 453.
694 3686 980 3742 Virtutibus
1008 3686 1301 3754 impietatis.
1339 3684 1394 3739 Id
1432 3695 1535 3747 est,
1577 3681 1904 3754 inﬁdelitatis
1932 3684 2027 3751 (ut

450 3774 611 3827 supra
641 3775 694 3815 v.
722 3757 895 3828 28H,
926 3772 1022 3812 seu
1056 3751 1256 3827 paratis
1290 3763 1416 3810 ante
1443 3756 1614 3823 ipsam
1648 3751 1831 3807 ﬁdem.
1867 3754 2021 3810 Doct.

449 3829 587 3884 Lov.

525 3906 543 3924 '
563 3899 741 3955 CAPUT
762 3896 883 3953 XX.
905 3896 1154 3951 Errorum
1172 3896 1384 3951 istorum
1408 3904 1649 3964 patronos
1667 3892 1864 3946 nullum
1879 3895 2025 3947 aliud

457 3971 564 4025 Deo
594 3972 855 4039 assignare
884 3968 1193 4039 principium»
1217 3963 1557 4039 reparationis
1587 3963 1845 4039 humanm,
1872 3980 2026 4031 quam

452 4041 589 4104 quod
618 4033 719 4110 perv
739 4037 921 4110 Legem
956 4046 1001 4090 et
1036 4036 1393 4103 praedicatores
1421 4035 1657 4110 humana:
1684 4033 1907 4110 insinuet
1934 4050 2025 4087 vo-

451 4100 659 4173 luntati,
686 4100 994 4174 quwvfacere
1035 4100 1147 4159 eam
1184 4113 1432 4174 oporteat.
1463 4102 1655 4156 Verum
1692 4117 1757 4154 ea:
1789 4100 1887 4174 hac
1912 4119 2030 4155 sen-

452 4172 889 4238 tentia,iv0luntas
915 4176 1135 4243 gratiam
1165 4173 1454 4241 praecurrit,
1487 4184 1655 4243 estque
1676 4172 1842 4241 gratia
1864 4172 2027 4243 instar

453 4249 685 4319 fautulte,
722 4241 1029 4319 necqgratia;
1064 4243 1151 4297 sed
1194 4243 1318 4319 legis
1358 4242 1464 4319 vice
1502 4241 1754 4319 fungitur,
1802 4242 2025 4319 iubendo

452 4310 679 4382 inritum,
694 4332 794 4368 non
815 4310 1053 4368 dbnando
1075 4314 1210 4378 quod
1229 4313 1401 4383 jubet.
1424 4310 1686 4383 Quantum
1710 4312 1815 4383 haec
1834 4310 2028 4383 doctri-

453 4406 520 4441 na
560 4379 888 4453 Pelagianam
924 4384 1154 4438 hwresim
1191 4379 1499 4453 corroboret.
1538 4379 1788 4453 Docendo
1798 4381 2026 4453 initium

451 4460 632 4511 salutis
659 4450 747 4509 seu
772 4454 1084 4508 voluntatem
1110 4452 1350 4507 credendi
1370 4467 1478 4503 esse
1496 4466 1559 4504 ea:
1577 4450 1806 4502 naturali
1827 4451 2028 4504 arbitrii

455 4530 702 4580 libertate.
732 4522 968 4579 Gratiam
994 4540 1111 4578 vero
1138 4523 1270 4577 nihil
1296 4523 1441 4574 aliud
1467 4536 1593 4584 esse,
1622 4536 1771 4581 quam
1797 4521 1957 4589 legem
1980 4530 2027 4573 et

454 4599 762 4650 doctrinam.
815 4593 897 4648 Ea:
936 4596 1030 4648 illa
1075 4596 1215 4663 sequi
1261 4593 1473 4646 Lbcrum
1518 4589 1785 4644 arbitrium
1822 4600 2027 4661 peccato

453 4668 629 4721 laesum
659 4681 762 4718 non
790 4665 963 4732 fuisse.

1665 383 1723 439 S.
1765 379 2095 437 PRUSPERI
2133 379 2461 447 AQUI‘I‘ANI

3588 380 3691 436 I20

2253 491 2439 547 Solum
2476 500 2620 562 agat,
2651 501 2811 560 atque
2851 507 2978 561 agro
3017 506 3139 545 cum
3180 491 3485 560 plautatore
3529 494 3695 548 mini-

2395 592 2550 647 stret,

2255 673 2529 744 Terraque
2557 672 2857 729 seminibus
2896 672 3010 739 det,
3044 687 3149 728 non
3185 672 3351 742 Deus,
3384 674 3692 730 incremen-

2396 774 2539 827 tum;

2115 851 2222 908 475
2262 851 2439 908 Ubere
2464 868 2563 907 ceu
2592 852 2749 922 gleba
2779 851 3060 914 subsistat,
3094 862 3147 906 et
3178 860 3295 906 arte
3321 854 3551 907 colentis

2260 943 2542 997 Exoritura
2566 958 2753 1012 seges;
2776 957 2953 1011 neque
2975 942 3265 1011 quidquam
3285 944 3465 998 cordis
3491 946 3542 997 in
3566 960 3698 1000 arvo

2257 1033 2549 1089 Praasnlcet
2580 1033 2761 1089 divina
2783 1047 2995 1097 manus,
3019 1047 3126 1101 quo
3149 1042 3411 1104 temperet
3436 1050 3623 1104 aequor

2258 1122 2592 1187 Edomitum,
2624 1123 2887 1192 faciatque
2911 1124 3043 1177 satis
3070 1124 3305 1192 gaudere
3335 1127 3612 1192 novates?,

2335 1214 2554 1269 Talibus
2575 1215 2867 1283 assumptis
2891 1214 3106 1267 inimico
3130 1229 3195 1267 ex
3221 1213 3492 1285 dogmate,
3516 1231 3698 1270 nuune

2117 1304 2223 1359 480
2263 1305 2612 1373 Perspicuum
2636 1314 2718 1359 est
2737 1312 2996 1373 quantum
3021 1304 3305 1358 damnatos
3329 1305 3698 1362 confoveatisi

2257 1400 2389 1453 Dum
2418 1400 2631 1468 cuique,
2662 1397 2728 1452 ad
2751 1412 2890 1451 vera:
2917 1398 3178 1465 capienda
3201 1398 3417 1452 exordia
3444 1401 3589 1464 vitm,

2256 1489 2512 1544 Naturam
2542 1488 2791 1544 allectum
2818 1487 2941 1542 ﬁdei
2965 1487 3213 1543 conferre
3240 1487 3483 1553 docetis;

2261 1581 2503 1649 Dumque
2548 1579 2691 1635 aliud
2732 1594 2837 1634 non
2876 1588 2962 1635 est
3003 1579 3279 1634 vobiscum
3320 1580 3492 1650 gratia
3532 1596 3695 1650 quam

2398 1672 2533 1737 Lex,

2263 1763 2541 1831 Quamque
2585 1762 2841 1831 propheta
2885 1776 3135 1830 monens,
3168 1771 3222 1817 et
3258 1778 3416 1832 quam
3453 1763 3700 1819 doctrina

2402 1856 2660 1910 ministri.

2123 1948 2228 2004 485
2269 1948 2487 2004 Scilicet
2513 1954 2571 2002 ut
2600 1947 2707 2003 tale
2733 1948 3014 2002 arbitrium
3044 1948 3366 2018 generaliter
3392 1949 3518 2003 insit

2264 2039 2482 2094 Semine
2511 2038 2765 2094 damnato
2792 2038 2992 2105 genitis
3016 2038 3067 2092 in
3091 2053 3318 2107 corpore
3346 2039 3554 2101 mortis,

2265 2128 2434 2196 Quale
2460 2129 2649 2183 habuit
2675 2128 2912 2183 nondum
2946 2129 3151 2198 peccati
3178 2129 3295 2199 lege
3324 2129 3578 2183 subactus

2268 2219 2482 2275 Primus
2513 2220 2703 2287 homo;
2731 2229 2785 2276 et
2817 2221 3020 2275 nullum
3055 2222 3106 2274 in
3139 2221 3344 2291 prolem
3380 2219 3446 2276 de
3476 2222 3704 2276 vulnere

2404 2311 2597 2366 vulnus

2268 2399 2585 2467 Transierit,
2615 2401 2719 2456 nisi
2748 2416 3067 2469 corpoream
3095 2417 3193 2469 per
3219 2400 3582 2456 conditionem
3608 2416 3640 2462 ε,

2123 2489 2228 2545 ωδ
2267 2490 2397 2558 Quae
2423 2492 2503 2546 sic
2534 2493 2770 2546 exterius
2796 2491 3140 2561 respondeat,
3176 2503 3230 2545 ut
3259 2491 3389 2544 nihil
3416 2490 3561 2545 intus

2263 2580 2569 2646 ltnminuat,
2600 2590 2893 2650 teneatque
2918 2597 3071 2634 suum
3100 2581 3399 2634 substantia
3430 2580 3630 2634 mentis

2269 2672 2651 2741 Splendorem;
2691 2681 2746 2725 et
2776 2673 2918 2726 nulla
2951 2671 3150 2741 poenali
3180 2680 3337 2725 nocte
3367 2678 3659 2740 prematur.

2338 2764 2354 2785 ‘
2396 2768 2603 2817 ADDI'I‘E
2645 2762 2788 2833 quod
2834 2772 3103 2833 superest,
3131 2760 3341 2826 tumidi,
3391 2762 3703 2829 ruituraque

2408 2869 2531 2908 vani

2122 2987 2189 3043 tis
2205 3005 2232 3060 _:
2248 2988 2491 3060 Gratiam
2519 3006 2624 3060 qua
2653 2989 2705 3042 in
2736 2988 2937 3043 Christo
2972 2990 3307 3044 renascimur.
3342 2988 3494 3060 Dect.
3530 2988 3660 3045 Lov.

2191 3057 2316 3112 467.
2358 3057 2581 3131 Donunt
2612 3060 2903 3131 perhibetur
2946 3077 2966 3113 :
3025 3076 3219 3127 nempe
3273 3061 3324 3112 in
3383 3059 3701 3131 Scripturis,

2121 3130 2425 3199 praesertim
2457 3130 2506 3182 iu
2544 3129 2805 3194 Epistolis
2832 3130 3142 3199 apostolicis
3165 3131 3323 3185 Rom.
3356 3144 3386 3182 v
3418 3138 3472 3182 et
3501 3130 3700 3199 Ephes.

2120 3212 2202 3262 ιιι,
2236 3206 2343 3252 etc.
2376 3198 2529 3251 Dect.
2561 3200 2693 3253 Lov.

2123 3266 2590 3392 DotZILJudicio.
2641 3270 2719 3324 Eu
2762 3269 3050 3326 manifesto
3091 3268 3363 3324 Judicium
3410 3271 3701 3326 voluntatis.

2266 3378 2280 3392 .
2352 3353 2442 3392 ον.

2172 3346 2280 3392 σοι.
2311 3346 2442 3392 ιον.

2194 3406 2328 3481 Ibid.
2374 3408 2482 3462 Nec
2521 3412 2688 3480 gratia
2720 3412 2837 3479 jam
2872 3411 2938 3481 sit
2974 3410 3163 3481 gratia.
3203 3408 3319 3463 Non
3361 3426 3423 3463 ea
3470 3412 3702 3474 ratione,

2123 3477 2247 3548 quia
2275 3494 2380 3531 non
2411 3481 2482 3532 sit
2516 3477 2766 3548 gratuita,
2802 3489 2859 3534 ut
2890 3477 3047 3535 Rom.
3082 3495 3161 3542 ιι.
3195 3481 3319 3534 item
3351 3486 3509 3548 epist.
3544 3482 3701 3532 Auct.

2123 3546 2202 3619 ad,
2218 3547 2395 3602 Ruﬁn.
2416 3564 2465 3603 c.
2490 3546 2555 3611 2—;
2582 3550 2676 3603 sed
2703 3552 2828 3619 quia
2857 3550 2937 3619 (ut
2963 3550 3227 3619 sequitur)
3250 3567 3262 3601 :
3292 3546 3421 3603 Jur‘e
3451 3550 3705 3602 monentis

2125 3616 2291 3688 solum
2318 3627 2467 3688 agat;
2491 3620 2632 3687 quod
2666 3616 2771 3673 non
2808 3616 2890 3675 est
2917 3616 3123 3687 gratiae,
3151 3620 3245 3673 sed
3280 3621 3455 3684 Legis.

2193 3686 2321 3761 475.
2353 3686 2531 3761 Ubere
2571 3691 2749 3761 glebae.
2787 3691 2879 3745 Est
2913 3686 3140 3761 Virgilii,
3173 3705 3333 3745 versu
3370 3690 3461 3746 illo
3506 3690 3702 3743 iterum

2125 3760 2357 3827 repetito
2385 3758 2601 3815 ASueid.
2634 3776 2650 3815 ι
2678 3770 2729 3815 et
2762 3776 2817 3815 ιιι
2848 3778 2861 3813 :

2217 3857 2369 3909 Terra
2392 3862 2609 3922 antiqua,
2635 3867 2807 3923 potens
2830 3861 2993 3924 armis,
3020 3870 3166 3924 atque
3189 3861 3348 3911 ubere
3373 3861 3554 3922 glebze.

2127 3959 2197 4014 Ut
2232 3961 2397 4015 mirer
2431 3962 2590 4015 etiam
2626 3961 2838 4015 Gallum
2876 3976 2997 4016 cum
3038 3962 3268 4028 vulgatis
3299 3962 3492 4030 legisse
3521 3960 3692 4030 gleba.

2125 4030 2419 4101 Columella
2454 4039 2628 4083 tamen
2659 4032 2819 4101 etiam
2852 4032 2992 4084 uberi
3022 4033 3167 4101 gleba
3195 4032 3346 4101 dixit.
3384 4032 3533 4084 Doct.
3571 4031 3703 4084 Lov.

2125 4127 2198 4140 -—
2220 4100 2361 4154 Edit.
2392 4100 2563 4169 Lugd.
2594 4100 2754 4153 habet
2782 4101 2933 4154 ubere
2968 4099 3055 4155 seu
3094 4103 3268 4169 glebae.
3302 4099 3518 4163 C0lutt.,
3555 4103 3707 4154 ubere

2127 4185 2215 4224 seu
2243 4170 2412 4241 gleba.
2443 4172 2643 4241 Lovau.
2674 4181 2730 4225 et
2754 4170 2948 4241 Duac.,
2985 4176 3135 4224 ubere
3160 4187 3251 4223 ceu
3281 4170 3447 4240 gleba.

2197 4240 2323 4295 477.
2366 4240 2671 4296 Ρνωειιιεει.
2720 4240 2914 4294 Netum
2961 4250 3045 4295 est
3088 4241 3285 4294 sulcare
3334 4256 3429 4307 pro
3472 4256 3622 4293 arare
3673 4255 3706 4294 a

2128 4311 2303 4435 Baetis
2351 4311 2473 4381 poni
2518 4328 2533 4366 :
2583 4319 2710 4365 tunc
2752 4309 2948 4379 collige
2995 4310 3121 4380 quid
3166 4312 3496 4379 pra'sulcare.
3546 4311 3705 4364 Dom.

2177 4395 2261 4433 ov.

2177 4395 2261 4433 ον.

2199 4449 2331 4523 Ibid.
2371 4448 2636 4523 Temperet
2681 4465 2875 4523 wquor.
2927 4450 3222 4523 SumptumA
3263 4466 3326 4501 ex
3384 4448 3603 4523 (Ene‘d.
3659 4465 3701 4515 ι,

2130 4520 2556 4590 translatumque
2586 4536 2613 4572 a
2644 4536 2703 4575 re
2741 4520 2941 4573 marina
2987 4522 3051 4572 ad
3093 4520 3369 4590 rruSIicant,
3403 4520 3519 4587 ipso
3562 4537 3705 4582 prae-

2129 4602 2291 4643 eunte
2326 4589 2564 4658 Virgilio,
2589 4592 2671 4643 cui
2702 4600 2755 4644 et
2783 4590 2956 4657 campi
2988 4589 3238 4656 planities
3263 4592 3495 4642 nomium
3523 4599 3707 4643 aratro

2130 4661 2338 4713 subacti
2367 4676 2542 4730 (τίμιον
2561 4661 2779 4724 dicitur,
2806 4674 2993 4714 recens
3024 4667 3201 4713 autem
3226 4661 3455 4724 subacti,
3485 4660 3703 4725 novalis,

522 4737 650 4793 459.
692 4728 1013 4807 Diuitiarum,
1041 4740 1147 4807 etc.
1176 4732 1253 4807 Ex
1276 4732 1504 4807 abrupto
1525 4728 1666 4807 aliud
1695 4728 1885 4799 arripit
1914 4744 2025 4785 me-
2051 4748 2102 4807 D
2129 4728 2447 4807 autltovalne’.
2472 4730 2625 4807 Dect.
2660 4730 2789 4807 μιν.

454 4809 619 4872 dium,
648 4806 792 4875 quod
819 4806 891 4858 illi
923 4800 1028 4858 nou
1056 4802 1313 4875 insolens.
1340 4802 1502 4875 ‘Duct.
1532 4800 1665 4853 Lov.

523 4869 648 4932 46L
667 4869 968 4929 'Promissis
997 4873 1200 4926 credere
1229 4869 1417 4925 Christi
1446 4887 1465 4924 :
1493 4886 1588 4936 pro
1614 4883 1857 4936 sperare;
1884 4869 2026 4923 sicut

456 4964 600 5003 nosse
631 4945 798 4999 Deum
826 4961 918 5011 pro
944 4942 1176 5007 credere;
1205 4958 1325 4994 nam
1353 4943 1452 5011 hoc
1476 4954 1635 4993 versu
1661 4947 1773 4993 tres
1792 4940 2025 4995 virtutes

455 5018 768 5087 theologica:
794 5010 1187 5087 exprimuntur.
1219 5012 1370 5064 Dom.
1401 5010 1605 5087 bovan.

524 5079 666 5142 46ὶῖ
694 5085 971 5155 Proprium
1002 5083 1231 5155 omnibus
1257 5096 1382 5155 esse.
1408 5082 1480 5133 ita
1505 5079 1676 5155 utilia
1703 5094 1879 5155 per‘se
1903 5093 2025 5146 pos-

454 5160 581 5213 sint.
615 5148 874 5211 Volebant
903 5166 1133 5217 namque
1162 5150 1541 5211 Massilienses,
1573 5150 1653 5201 Ad
1681 5148 2024 5202 conditionem

456 5229 853 5299 uniuscujusque
889 5222 1112 5299 hominis
1142 5219 1507 5299 pertinerent“
1540 5234 1652 5299 per.
1673 5220 2028 5299 discretionem

457 5298 572 5351 boni
609 5288 815 5350 et'mali
856 5296 922 5348 ad
964 5294 1304 5365 cognitionem
1343 5288 1459 5365 Dei,
1497 5298 1546 5340 et
1584 5289 2030 5365 ad_obedientiam

455 5368 813 5420 mandatorum
841 5368 969 5433 ejus,
994 5359 1153 5435 possit
1177 5360 1569 5435 suamdirigere
1595 5359 1927 5435 voluntatem,
1950 5367 2033 5410 at-

454 5453 553 5502 que
581 5438 648 5488 ad
675 5435 806 5489 hanc
830 5427 1045 5505 gratiam
1071 5449 1171 5505 qua
1200 5432 1252 5483 in
1284 5427 1488 5505 Christo
1516 5429 1837 5505 renascimur.
1859 5444 2029 5495 perve-

456 5496 592 5567 nire,
622 5521 713 5576 per
742 5496 1024 5576 naturalem
1052 5496 1245 5576 scilicet
1285 5499 1581 5576 facultatem
1610 5496 1847 5576 petendo_,
1884 5512 2026 5576 qutef

455 5566 637 5637 renda,
663 5573 941 5642 pulsando.
971 5572 1141 5637 Epist.
1172 5566 1422 5625 Auctoris
1448 5568 1515 5623 ad
1541 5568 1683 5637 Aug.
1714 5566 1876 5636 paulo
1907 5574 2028 5635 post

459 5641 717 5700 medium.
742 5643 895 5697 Doct.
919 5641 1057 5696 Lov.

527 5715 655 5770 664.
694 5713 874 5781 Aquis,
911 5708 1195 5781 Baptism_i_.
1236 5708 1387 5781 Tunc
1423 5718 1599 5761 autem
1634 5706 1850 5781 demum
1892 5702 2029 5781 inci-

461 5802 587 5858 pere
610 5774 837 5857 gratiam
861 5774 1109 5839 indicant
1143 5777 1503 5832 Massilienses
1538 5776 1717 5831 verbis
1752 5776 1861 5843 iam
1896 5774 2029 5829 cita-

2128 4870 2173 4924 D
2198 4800 2529 4925 6:8LSatis.
2564 4800 2632 4856 Ut
2660 4798 2809 4869 Virg.
2840 4798 3015 4868 eclog.
3047 4798 3117 4853 3:
3151 4796 3317 4851 Dulce
3344 4798 3469 4851 satis
3496 4797 3704 4852 humor.

2177 4885 2237 4921 (ιο
2268 4910 2281 4921 .
2355 4884 2443 4923 (ιν.

2177 4881 2281 4923 uct.
2313 4881 2443 4923 Lov.

2198 4938 2322 4993 436.
2363 4939 2586 5007 Corpore
2610 4938 2811 4994 mortis.
2844 4938 3060 4992 Pltrasis
3080 4937 3397 5006 apostolica,
3418 4936 3576 4990 Rom.
3606 4950 3707 4997 vn,

2127 5010 2221 5072 ⁸24.
2257 5025 2351 5077 pro
2377 5024 2602 5078 corpore
2630 5009 2787 5062 morti
2824 5009 3077 5078 obnoxio,
3109 5023 3207 5061 nec
3244 5017 3352 5062 tam
3383 5007 3539 5060 morti
3581 5020 3707 5078 cor-

2130 5075 2297 5147 porali
2330 5075 2488 5147 quani
2517 5078 2679 5132 morti
2707 5075 3158 5148 concupiscentia:
3187 5086 3243 5131 et
3269 5079 3401 5146 legis
3434 5076 3708 5130 membro-

2129 5164 2268 5203 rum.
2297 5150 2451 5201 Doct.
2484 5148 2614 5200 Lov.

2202 5218 2329 5272 490.
2372 5216 2718 5282 Respondeat.
2753 5216 2808 5269 Id
2842 5224 2949 5275 est,
2990 5223 3244 5283 appareat
3279 5229 3375 5268 seu
3414 5212 3707 5279 conspicua

2131 5288 2222 5352 sit,
2259 5296 2319 5340 ut
2360 5285 2517 5348 intra,
2559 5301 2611 5337 v.
2649 5286 2755 5338 622
2792 5304 2807 5338 :
2845 5284 3010 5338 Nulla
3043 5287 3132 5339 tibi
3167 5286 3362 5339 arbitrii
3402 5284 3709 5352 respondent

2130 5350 2297 5483 aqua.
2330 5356 2581 5478 Vzirgilitts
2604 5354 2765 5411 etiam
2789 5358 3094 5425 respondere
3121 5372 3217 5426 pro
3243 5357 3505 5426 provenire
3532 5350 3712 5424 posuit

2179 5441 2326 5483 cora.
2423 5442 2438 5479 :

2157 5429 2326 5496 leorg.
2357 5429 2394 5478 2
2423 5442 2438 5479 :

2222 5538 2321 5599 sed
2342 5537 2524 5585 truncis
2545 5536 2669 5588 oleas
2690 5537 2870 5589 melius
2912 5538 3177 5599 propagine
3200 5538 3329 5586 vites

2225 5597 2557 5659 Respondent.

2134 5702 2287 5769 Quod
2315 5719 2382 5755 an
2416 5702 2540 5755 huic
2568 5702 2687 5757 loco
2715 5702 2886 5757 lucem
2913 5700 3103 5756 allerre
3141 5700 3310 5770 possit
3342 5701 3511 5756 lector
3536 5693 3707 5767 dispi-

2136 5784 2260 5827 crat.
2296 5773 2446 5827 Βυει.
2476 5772 2613 5825 Lov.
