4088 6176
275 404 389 461 {Si

1204 398 1486 454 CABMEN
1526 398 1615 455 DE
1656 398 1997 457 INGRATIS.
2040 398 2216 454 PARS
2255 398 2596 458 SECUNDA.

361 517 517 592 153
552 512 872 585 Congerite,
923 521 978 568 et
1040 513 1216 568 causis
1272 528 1465 569 causas
1528 524 1706 583 aptate
1775 529 1864 569 se-
1890 519 1943 576 Α

568 615 823 676 quentes.

272 699 398 756 495
432 698 498 754 Et
525 698 649 767 quia
680 695 756 750 nil
782 693 967 765 prima:
997 694 1158 765 periit
1178 693 1390 749 virtutis
1419 696 1558 765 apud
1586 711 1704 763 vos,

436 792 608 847 Dicite
628 790 698 844 ab
727 787 911 843 illaesis
932 787 1126 840 animis
1154 786 1446 856 procedere
1476 803 1659 843 veram

429 882 730 947 Justitiam,
754 893 923 949 regno
949 877 1190 948 dignam,
1218 878 1464 946 cteloque
1493 878 1771 933 locandam
1806 898 1822 935 :

437 976 507 1033 Ut
535 974 733 1028 frustra
761 972 1008 1025 Christus
1036 970 1105 1023 sit
1152 978 1418 1023 mortuus.
1470 970 1626 1024 Edite
1673 972 1873 1026 multos

431 1065 565 1121 Arte
587 1071 644 1117 et
669 1068 862 1130 sponte
885 1074 980 1114 sua
1005 1065 1221 1112 sanctos
1247 1058 1315 1111 ab
1342 1057 1551 1125 origine
1577 1059 1783 1125 mundi,

280 1157 391 1212 500
432 1156 649 1223 Absque
678 1153 789 1207 Deo
821 1149 1087 1219 placuisse
1137 1148 1250 1202 Deo
1284 1165 1298 1202 :
1331 1147 1656 1215 decretaque
1718 1150 1874 1219 Legis

430 1246 585 1302 Tunc
609 1244 756 1310 data,
781 1257 901 1297 cum
932 1240 1085 1311 pejor
1113 1254 1229 1294 mos
1256 1248 1309 1294 et
1339 1240 1650 1307 corruptior
1674 1250 1806 1294 mtas

428 1338 663 1392 Terrore
691 1333 908 1387 instanti
939 1342 988 1386 et
1018 1329 1305 1385 formidine
1335 1330 1527 1385 mortis
1563 1340 1765 1400 egeret.

434 1428 607 1482 Dicite
632 1425 925 1495 plectentes
951 1422 1155 1491 apices,
1188 1421 1481 1490 mortisque
1506 1421 1783 1475 ministros

433 1519 550 1573 Hoc
574 1516 825 1587 explesse
854 1514 1035 1585 operis
1059 1511 1199 1582 quod
1227 1511 1396 1582 gratia
1436 1512 1778 1566 viviﬁcatrix.

288 1614 399 1670 505
506 1610 661 1665 Nunc
706 1608 884 1677 agite,
940 1614 995 1660 et
1048 1604 1303 1673 quoniam
1372 1600 1535 1657 fuerit
1582 1603 1701 1658 sine
1762 1602 1878 1673 lege

577 1700 833 1756 voluntas

438 1793 656 1854 Libera.
687 1803 847 1859 quam
879 1786 1062 1855 scripti
1109 1784 1353 1841 munibat
1396 1784 1585 1855 pagina
1630 1783 1842 1849 cordis;

440 1884 535 1941 Sic
568 1882 735 1936 vitam
776 1888 1034 1933 teternam
1086 1874 1291 1945 acquiri
1329 1875 1583 1944 potuisse,
1624 1883 1851 1928 vacante

433 1975 550 2031 liae
578 1988 683 2043 ope
711 1987 828 2042 quae
860 1970 1034 2041 legem
1079 1966 1467 2037 supereminet,
1491 1975 1551 2021 ut
1599 1965 1718 2021 sine
1766 1966 1883 2035 lege

436 2068 516 2123 Es
544 2065 775 2122 naturali
805 2062 985 2134 potuit
1012 2061 1215 2116 virtute
1239 2058 1449 2127 capessi
1478 2075 1493 2111 :

291 2161 403 2221 5l0
438 2161 592 2217 Nunc
619 2167 802 2215 autem
825 2156 1016 2212 studiis
1058 2152 1402 2223 vergentibus
1442 2152 1495 2205 in
1520 2151 1657 2205 mala
1692 2150 1880 2216 multa,

433 2251 691 2309 Crevisse
717 2248 1016 2312 auxilium;
1044 2260 1151 2300 non
1186 2259 1293 2314 quo
1337 2252 1607 2307 cessante,
1651 2236 1880 2297 salutem

432 2346 555 2402 Non
584 2351 803 2413 caperet
832 2354 930 2411 per
955 2338 1208 2395 difficiles
1236 2346 1423 2391 natura
1455 2336 1698 2401 labores;

436 2438 547 2495 Sed
572 2452 680 2506 quo
708 2443 932 2490 conatus
960 2446 1183 2503 operum
1208 2429 1537 2498 affectusque
1562 2427 1806 2497 juvante,

438 2527 782 2597 Pr0positam
813 2525 972 2579 citius
1029 2521 1196 2577 ferret
1238 2534 1389 2573 mens
1415 2518 1581 2571 libera
1623 2518 1875 2587 palmam.

292 2622 401 2678 515
439 2620 632 2685 Dicite,
652 2633 773 2673 cum
792 2616 1023 2671 infantes
1046 2623 1401 2679 renovantur,
1426 2626 1531 2665 n0n
1566 2610 1812 2667 renovari

439 2711 686 2766 Insontes
715 2709 944 2775 animas,
975 2714 1027 2760 et
1049 2705 1160 2760 sola
1186 2718 1352 2758 carne
1378 2702 1590 2757 renasci

366 2894 385 2913 ⁴
408 2887 597 2944 CAPUT
634 2887 778 2943 XXI.
806 2888 869 2943 Et
910 2886 1159 2955 quidquid
1191 2896 1437 2957 prmterea
1478 2884 1687 2939 docebat
1735 2883 1885 2957 Pela-

295 2963 436 3033 gius,
462 2960 752 3033 eujusmodi
780 2970 871 3012 est.
889 2954 1165 3033 Hominem
1191 2954 1399 3033 propria
1418 2957 1623 3033 justitia
1650 2954 1884 3033 salutent

294 3026 541 3101 consequi
554 3041 600 3083 et
615 3032 797 3101 calum
809 3030 993 3101 mereri
1005 3043 1165 3101 posse.
1186 3026 1378 3101 M_ul_tos
1388 3027 1599 3101 propria
1613 3026 1804 3101 virtute
1820 3026 1884 3077 ab

298 3095 501 3173 origine
518 3101 693 3153 mundi
712 3099 813 3153 Deo
825 3100 1076 3173 placuisse
1086 3098 1193 3151 sine
1207 3095 1301 3173 Pei
1314 3095 1500 3173 gratia.
1528 3096 1713 3149 Datum
1726 3096 1886 3165 fuisse

298 3166 467 3242 leg'em
496 3187 613 3223 cum
639 3166 979 3242 corruptions
1009 3177 1173 3222 essent
1200 3166 1467 3242 hominum
1500 3183 1686 3229 mores,
1717 3174 1770 3220 ut
1797 3181 1885 3242 eos

297 3238 413 3296 solo
456 3250 647 3310 terrore
675 3238 938 3310 proposito
958 3245 1286 3293 converteret.
1337 3238 1402 3310 Et
1430 3255 1519 3303 per
1545 3255 1656 3292 eam
1686 3238 1884 3310 precati-

1913 1870 1963 1931 Β

3451 399 3553 455 122

2109 514 2359 569 Exterius
2388 514 2547 584 lotos,
2580 530 2687 569 non
2709 514 3095 570 essistentibus
3124 514 3231 571 illis

2111 604 2340 661 Interius
2365 605 2628 662 maculis:
2658 607 2909 676 quoniam
2934 607 3061 663 licet
3081 608 3244 663 edere
3266 616 3431 664 rectas

2110 694 2277 767 Signa
2327 697 2616 753 voluntatis
2658 707 2949 768 nequeant,
2996 708 3176 753 tamen
3220 700 3324 754 hoc
3382 701 3555 772 magis

2253 788 2402 843 omni

1972 877 2076 934 520
2110 877 2285 935 Sorde
2331 889 2562 949 vacent,
2607 893 2773 951 super
2814 882 3052 937 auctoris
3088 882 3231 953 quod
3291 882 3555 939 conditioo

2253 985 2376 1023 nem

2116 1060 2192 1116 De
2214 1061 2429 1130 proprio
2456 1060 2587 1116 nihil
2616 1062 2923 1117 addiderint
2953 1064 3092 1132 quod
3129 1064 3250 1119 fons
3288 1066 3553 1123 aboleret.

2185 1154 2206 1175 ’
2232 1151 2363 1205 Hac
2391 1152 2438 1206 si
2473 1166 2580 1206 non
2633 1152 2825 1207 vestris
2854 1153 3062 1221 spirant
3091 1156 3159 1209 de
3195 1156 3471 1225 cordibus,
3502 1167 3560 1213 et

2260 1255 2357 1295 VOS

2119 1327 2237 1384 Non
2267 1346 2389 1385 cum
2418 1331 2685 1387 damnatis
2714 1332 2900 1388 eadem
2927 1335 3058 1389 ratis
3083 1336 3275 1391 extulit
3299 1338 3408 1392 alto

2122 1420 2433 1490 Mergendos
2457 1425 2670 1494 pelago,
2698 1424 3000 1480 submittite
3032 1426 3144 1480 vela
3174 1429 3400 1482 tumoris
3427 1470 3441 1492 ,

1978 1498 2085 1569 525
2120 1512 2513 1585 Nohiscumque
2542 1516 2769 1570 humiles
2792 1517 3000 1585 placido
3029 1520 3309 1575 consisﬁte
3338 1533 3520 1589 portu.

2122 1602 2283 1658 Edite
2311 1614 2625 1659 constanter
2652 1615 2854 1660 naturae
2879 1606 3103 1663 vulnera
3140 1610 3318 1673 victm,

2119 1694 2344 1749 Esutam
2376 1696 2573 1751 virtute
2594 1696 2849 1763 animam,
2877 1708 3186 1768 caecataque
3211 1698 3393 1755 cordis

2057 1784 2213 1856 155
2252 1784 2502 1852 Lumina,
2557 1788 2694 1841 etin
2747 1800 2960 1855 poenam
3021 1789 3293 1857 pr0priatn
3370 1789 3565 1861 jacnlis

2266 1876 2531 1943 superatis

2126 1965 2408 2023 Armatum
2470 1967 2793 2035 arbitrium,
2867 1983 3158 2040 numquam
3238 1984 3566 2042 consurgere

2268 2073 2448 2129 posse,

1986 2149 2093 2207 5'50
2129 2149 2293 2221 Inque
2320 2165 2489 2207 novos
2520 2152 2701 2221 lapsus
2724 2166 2939 2222 semper
2967 2153 3192 2209 nitendo
3221 2154 3427 2210 revolvi
3458 2171 3471 2207 ;

2129 2239 2229 2297 Cui
2260 2256 2357 2296 sua
2404 2243 2475 2297 sit
2526 2242 2750 2312 laqueus
2784 2243 3045 2312 sapientia
3072 2284 3089 2311 ,
3137 2259 3391 2315 morsque
3436 2245 3566 2299 sub-

2266 2340 2447 2388 actum

2128 2422 2391 2490 Detineat,
2423 2424 2522 2479 nisi
2572 2439 2698 2479 vera
2753 2423 2901 2480 salus
2947 2440 3017 2480 ex
3040 2440 3263 2481 munere
3301 2426 3505 2483 Christi

2126 2516 2301 2581 Adsit,
2324 2525 2379 2571 et
2399 2531 2709 2587 oppressam
2733 2517 2984 2587 dignetur
3010 2519 3181 2587 gratia
3207 2528 3465 2575 mentem.

2200 2610 2325 2664 ‘An
2350 2620 2591 2665 vestrum
2638 2610 2924 2665 sublimem
2974 2612 3212 2666 animum
3260 2614 3424 2683 pudet
3466 2614 3569 2670 ista

2275 2701 2451 2768 fateri,

2054 2884 2282 2958 ‘_CAP03
2305 2882 2473 2958 XXII.
2504 2884 2567 2940 Si
2591 2882 2700 2938 hac
2720 2884 2962 2955 dogmata
2990 2884 3278 2958 Pelagiana
3308 2893 3439 2944 tueri
3464 2908 3570 2945 non

1982 2956 2222 3030 audeant,
2237 2955 2699 3030 Semipelag.,_suos
2716 2957 2869 3030 etiam
2894 2974 3092 3011 errores
3114 2955 3334 3030 abjicere
3362 2962 3564 3025 debere,

1980 3034 2044 3098 et
2072 3027 2246 3095 fateri,
2277 3024 2519 3098 naturain
2556 3028 2629 3079 ita
2655 3024 2992 3095 vulneratam,
3051 3038 3105 3080 ut
3150 3024 3429 3098 numquam
3482 3050 3573 3095 per

1986 3096 2201 3169 liberum
2246 3096 2514 3169 arbitrium
2584 3112 2888 3169 consurgere
2938 3098 3097 3167 possit
3150 3102 3219 3152 ad
3277 3096 3571 3169 faciendam

1974 3168 2257 3237 justitiam,
2302 3165 2392 3221 sed
2422 3164 2631 3218 nitendo
2655 3164 2807 3219 etiam
2835 3164 2957 3222 bene
3006 3185 3177 3238 agere,
3218 3164 3456 3225 in'novos
3494 3173 3571 3226 la-

1989 3254 2111 3306 psus
2132 3251 2330 3306 semper
2347 3237 2653 3306 revolvatur.

300 3295 436 3380 tum,
463 3309 601 3380 quod
630 3295 901 3376 pitesiatur
933 3328 1022 3377 p‘r
1062 3313 1301 3380 gratiam.
1346 3295 1774 3380 [adolescentibus
1810 3306 1886 3358 υἱ·
1910 3295 1957 3357 C
1989 3295 2012 3380 '_
2058 3306 2181 3380 52s,
2206 3295 2446 3380 Pelago,_
2474 3305 2642 3380 Sim“!
2689 3305 2947 3380 agndum.
2985 3307 3065 3380 ad,
3110 3306 3309 3380 Pelagii
3373 3326 3570 3367 nomen

302 3385 389 3434 liis
563 3380 803 3449 gratiam,
822 3378 1224 3445 superadditant,
1256 3395 1358 3431 non
1406 3378 1689 3450 quasisiue
1717 3392 1776 3428 ea
1804 3392 1890 3427 sa-

303 3453 469 3506 lutem
493 3446 681 3503 italum
704 3450 940 3518 consequi
977 3465 1077 3501 non
1106 3457 1311 3515 posset;
1340 3446 1429 3501 sed
1456 3456 1511 3500 ut
1546 3446 1751 3511 facilius
1773 3463 1889 3515 pos-

301 3532 399 3575 set.
431 3519 672 3588 Infantes
701 3522 925 3573 insontes
950 3534 1082 3583 esse,
1101 3529 1149 3573 et
1177 3534 1411 3583 corpore,
1443 3534 1547 3571 non
1576 3518 1773 3583 animo,
1800 3532 1891 3587 per

304 3593 618 3661 baptismum
640 3590 799 3661 ablui.

377 3655 511 3715 I94.
538 3658 723 3713 Causis
752 3673 939 3712 causas
967 3667 1162 3726 aptate,
1189 3668 1293 3713 etc.
1327 3657 1383 3712 Si
1427 3658 1496 3711 ita
1540 3656 1753 3724 scripsit
1787 3655 1891 3709 No-

303 3742 441 3789 ster.
475 3740 527 3785 et
557 3744 664 3783 non
691 3729 893 3797 potius,
921 3746 983 3781 ac
1028 3731 1169 3782 ausis
1216 3746 1368 3781 ansas
1394 3727 1560 3798 (quod
1611 3729 1787 3798 obiter
1813 3728 1890 3779 in-

303 3802 520 3856 dicasse
544 3798 819 3868 sufticiat),
845 3811 955 3852 tum
979 3799 1111 3851 satis
1138 3800 1384 3866 apposite
1406 3797 1642 3849 reddidit
1662 3797 1847 3851 Gallus
1874 3815 1886 3848 :

399 3910 609 3971 .loignes
626 3909 653 3957 lt
676 3922 761 3959 ces
783 3922 985 3971 erreurs
1000 3908 1207 3971 l‘erreur
1230 3910 1310 3971 qui
1336 3908 1411 3955 les
1433 3908 1647 3971 produit,

400 3971 471 4020 La
486 3965 637 4020 cause
663 3972 689 4019 δ
710 3984 793 4021 ses
818 3969 983 4031 eﬂ'ets,
1010 3977 1061 4019 et
1079 3969 1127 4019 le
1148 3965 1284 4018 trouc
1302 3970 1329 4016 is
1345 3965 1442 4016 sou'
1458 3967 1748 4017 fruit.Doct.
1771 3965 1889 4014 Lov.

376 4073 510 4129 498.
542 4073 611 4129 Ut
634 4074 849 4143 frustra.
879 4072 1203 4143 Concinnior
1226 4072 1388 4143 lectio
1406 4087 1565 4141 quam
1593 4087 1713 4141 qua:
1732 4070 1893 4124 habet

306 4155 355 4198 et
383 4145 612 4212 frustra;
635 4142 702 4198 de
728 4159 830 4208 qua
855 4143 1007 4197 Doct.
1039 4142 1240 4197 Lovan.
1274 4142 1363 4197 Sic
1395 4144 1536 4196 malo
1561 4157 1681 4197 cum
1711 4143 1892 4211 vulga-

307 4216 381 4269 tis
402 4229 566 4280 quam
592 4228 712 4268 cum
743 4213 916 4277 Gallo,
948 4222 1005 4266 ut
1036 4213 1250 4282 frustra.
1275 4212 1387 4267 Nec
1424 4229 1547 4267 eum
1604 4214 1763 4267 etiam
1802 4227 1891 4266 se-

307 4300 451 4353 quor
481 4287 531 4337 in
559 4285 804 4339 versione
828 4287 1003 4337 soluta
1023 4283 1141 4338 haec
1185 4283 1600 4353 conjungentetn
1647 4297 1767 4336 cum
1801 4297 1891 4336 se-

308 4352 624 4421 quentibus,
652 4354 830 4425 quasi
874 4354 1151 4425 legisset}
1198 4365 1252 4407 ut
1290 4352 1502 4425 frustra
1547 4352 1781 4407 Christus
1827 4353 1893 4406 sit

306 4436 568 4490 mortuus,
595 4424 748 4488 edite,
782 4434 887 4477 etc.
918 4424 1072 4477 Doct.
1102 4423 1235 4478 Lov.

383 4498 638 4549 Attamen
669 4510 733 4548 ex
766 4493 1196 4561 interpunctione
1249 4502 1398 4563 patet
1436 4493 1607 4563 ipsum
1634 4492 1699 4563 ad
1739 4500 1892 4546 ante-

310 4565 460 4617 riora
498 4564 812 4617 retulissein
840 4565 1079 4617 versibus
1099 4573 1205 4618 tam
1230 4564 1435 4619 Latinis
1458 4562 1615 4630 quam
1641 4562 1889 4627 Gallicis;

307 4643 541 4695 excepto
570 4633 712 4699 quod
746 4649 843 4699 pro
873 4634 1132 4702 particula
1160 4643 1206 4687 et
1238 4636 1477 4701 posuerit
1505 4644 1557 4687 ut
1581 4635 1633 4685 in
1662 4632 1883 4685 Latinis.

385 4701 514 4758 505.
548 4702 835 4756 Plectentes
883 4704 1055 4771 apices
1086 4705 1379 4769 mortisque.
1434 4712 1539 4758 etc.
1593 4704 1683 4757 Sic
1732 4712 1889 4755 vocat

312 4774 554 4828 litteram
585 4774 745 4842 Legis
774 4787 842 4826 ex
868 4773 908 4827 Il
937 4775 1064 4828 Cor.
1096 4788 1177 4837 ιιι,
1208 4774 1273 4838 6,
1306 4774 1393 4827 ubi
1421 4775 1610 4828 eadem
1660 4772 1891 4842 occidere

313 4845 537 4905 dic:tur,
557 4856 602 4896 et
627 4841 939 4896 ministratio
968 4844 1147 4913 mortis
1195 4844 1516 4913 appellatur.
1569 4844 1718 4896 Doct.
1752 4841 1886 4913 Lov.

386 4913 514 4967 507.
551 4913 915 4979 Ilepetendtim
945 4913 1032 4967 hic
1062 4911 1430 4977 fuerat'dicite,
1455 4923 1550 4967 aut
1595 4913 1727 4965 edite
1751 4953 1765 4975 ,
1796 4911 1888 4965 sed

313 4984 526 5053 ellipsis
547 4982 901 5053 conveniebat
946 4984 1166 5052 impetui
1216 5000 1323 5053 quo
1369 4986 1485 5038 haec
1530 4982 1889 5052 expostulatio

314 5051 613 5107 ferebatur.
646 5053 802 5108 Doct.
835 5051 969 5106 Lov.

384 5121 527 5177 Ibid.
574 5120 1008 5191 Vacantehacope
1034 5140 1163 5189 qtae,
1189 5132 1293 5177 etc.
1323 5122 1379 5177 Id
1408 5132 1513 5186 est,
1545 5123 1663 5177 sine
1688 5121 1890 5177 auxilio

311 5194 522 5258 gratiae.
556 5192 945 5264 Estdoctrina
977 5194 1384 5256 Pelagianorum
1438 5194 1579 5263 apud
1620 5197 1759 5264 Aug.
1794 5193 1890 5248 lib.

313 5277 366 5316 vr
392 5270 541 5315 cont.
570 5261 768 5315 Julian.
801 5276 851 5315 c.
882 5261 971 5322 24.
1003 5274 1058 5317 et
1082 5264 1200 5317 aliis
1229 5264 1379 5317 locis.

385 5333 513 5386 517.
567 5331 712 5403 Illis.
752 5331 905 5386 Doct.
954 5332 1085 5387 Lov.
1130 5332 1317 5387 scribit
1357 5332 1499 5386 ullis.
1545 5331 1730 5388 Gallus
1775 5332 1896 5403 (ait)

311 5401 461 5466 illis;
491 5404 586 5457 sed
620 5402 773 5468 vitio,
808 5412 955 5470 puto,
981 5403 1375 5472 operariorum,
1405 5418 1529 5458 cum
1568 5403 1624 5457 in
1647 5401 1895 5458 versione

314 5472 477 5525 nobis
495 5483 547 5526 et
575 5472 805 5541 vulgatis
838 5483 1112 5528 consonet.
1142 5473 1295 5527 Dect.
1345 5473 1484 5527 Lov.
1541 5472 1616 5529 De
1652 5476 1896 5527 versione

313 5550 544 5614 utraque
572 5544 939 5614 concedimus.
971 5542 1176 5614 Vulgati
1203 5558 1334 5614 vero
1353 5542 1570 5597 codices
1604 5558 1741 5611 quos
1770 5553 1897 5596 ante

314 5611 500 5665 oculos
531 5611 838 5675 habuimus,
872 5610 1267 5679 Lugd.,'Lov..
1306 5613 1473 5666 Duae.
1502 5622 1557 5666 et
1582 5610 1769 5667 (Zeten.
1802 5614 1898 5667 ha-

318 5682 448 5736 bent
473 5681 582 5735 illis
607 5698 627 5748 ;
657 5697 755 5737 nec
782 5682 1115 5748 antiquiores
1146 5684 1227 5735 his
1261 5683 1360 5751 legi
1389 5681 1675 5735 credimus.

322 5816 369 5873 D
390 5752 780 5876 Auctoris
803 5752 1166 5808 conditionem.
1199 5752 1253 5806 Id
1300 5762 1404 5818 est,
1436 5751 1530 5807 Dei
1570 5751 1896 5808 creationem

370 5837 428 5876 oc
457 5861 472 5876 .
548 5838 638 5876 ov.

370 5830 472 5877 oct.
502 5830 638 5877 Lov.

1918 4674 1969 4733 D

1994 3377 2124 3445 (quo
2153 3378 2269 3431 lusu
2302 3374 2400 3429 nec
2421 3374 2773 3445 Augustinum
2814 3378 3028 3445 quidem
3056 3374 3435 3434 indelectatum
3490 3384 3569 3435 vi-

1989 3447 2203 3521 demus)
2234 3462 2297 3502 ac
2324 3446 2833 3516 insistiturelegauti
2862 3448 3189 3515 metaphora:
3230 3464 3259 3504 a
3280 3451 3573 3521 naviganti-

1990 3517 2090 3571 bus
2116 3527 2362 3580 sumpta.

2061 3588 2185 3641 526.
2234 3586 2572 3653 Constanter;
2615 3602 2671 3657 q.
2703 3587 2757 3641 d.
2797 3604 2810 3640 :
2844 3587 2901 3642 In
2948 3587 3174 3642 fatendis
3222 3600 3426 3644 natura:
3456 3592 3573 3645 vnl-

1991 3659 2211 3711 nerihus
2239 3658 2393 3711 vobis
2416 3658 2544 3725 ipsis
2566 3668 2813 3713 constate
2837 3675 2851 3716 :
2887 3673 2984 3713 nec
3007 3672 3127 3711 cum
3158 3671 3430 3727 peccatum
3459 3663 3574 3716 ori—

1990 3727 2169 3794 ginale
2209 3727 2509 3790 admittitis,
2530 3729 2773 3799 inliciari
2804 3728 2986 3782 velitis
3018 3730 3238 3799 vulnera
3262 3731 3573 3799 difficultatis

1990 3807 2045 3851 et
2072 3799 2397 3867 ignorantia,
2428 3808 2483 3867 ut
2513 3796 2650 3867 Aug.
2693 3808 2870 3862 vocat,
2901 3813 3019 3867 qua:
3070 3798 3211 3852 istud
3263 3796 3569 3855 necessario

1990 3866 2415 3933 consequuntur.
2454 3866 2603 3918 Doct.
2630 3866 2829 3919 Lovan.

2064 3937 2187 3989 528.
2216 3936 2418 3988 laculis
2444 3937 2719 4002 superatis.
2765 3936 2866 4001 Qui
2895 3936 3142 3991 versibus
3174 3944 3230 3992 et
3260 3951 3573 4003 prosatcar-

1991 4020 2114 4076 men
2156 4006 2257 4058 hoc
2302 4004 2536 4076 reddidit
2567 4007 2869 4076 scripserat
2908 4006 3103 4076 jaculis
3144 4009 3452 4076 superantis,
3502 4024 3568 4063 ex

1991 4075 2299 4147 conjectura
2322 4074 2393 4147 ad,
2412 4074 2704 4147 marginem
2726 4077 2855 4130 edit.
2905 4074 3104 4147 Ludg.,
3133 4074 3289 4141 Lov.,
3323 4077 3484 4132 Duae.
3517 4090 3576 4134 et

1990 4143 2179 4219 Colon.
2213 4144 2473 4213 apposita.
2506 4144 2657 4219 Dect.
2682 4146 2811 4201 Lov.
2836 4148 3002 4215 probe
3026 4143 3125 4217 legi
3145 4147 3381 4202 defendit
3408 4165 3563 4219 supe-

1991 4218 2119 4270 ratis
2151 4230 2371 4283 :neque
2399 4228 2532 4282 opus
2550 4213 2720 4287 fuisse
2765 4213 3011 4284 quaerere
3054 4213 3367 4287 superantis,
3411 4213 3571 4272 niini-

1993 4302 2113 4340 rum
2140 4287 2371 4357 diaboli,
2395 4286 2739 4357 utquidame
2766 4290 3013 4355 vulgatis,
3039 4289 3257 4357 ipseque
3283 4287 3417 4342 adeo
3439 4288 3568 4344 Gal-

1992 4358 2099 4410 lus.
2135 4356 2257 4409 Mali
2296 4355 2492 4410 ominis
2513 4356 2638 4409 olim
2700 4356 2993 4410 habebatur
3039 4355 3207 4412 armis
3240 4358 3352 4425 jam
3401 4359 3573 4413 semel

1993 4426 2218 4496 devictis
2240 4441 2485 4496 pugnare
2518 4443 2531 4478 :
2562 4426 2685 4479 hinc
2707 4426 2844 4496 apud
2859 4425 3099 4481 Tacitum
3132 4428 3329 4480 llistor.
3353 4428 3445 4481 lih.
3476 4444 3530 4482 ιιι
3556 4446 3571 4484 :

1992 4494 2203 4550 Caecina
2234 4495 2327 4549 ille
2354 4496 2708 4549 temeritatem
2742 4494 2909 4551 ivrc'ra
2950 4513 3090 4552 tum
3140 4498 3473 4551 tractantium
3495 4500 3571 4551 in-

1992 4582 2199 4620 cusans.
2228 4566 2515 4638 Quidergo
2542 4567 2584 4619 si
2613 4564 2806 4638 Noster
2834 4582 2901 4620 ex
2922 4567 3037 4638 hoc
3070 4568 3188 4621 loco
3209 4568 3391 4638 jacula
3420 4585 3573 4635 supc-

1992 4647 2107 4710 rata
2134 4633 2577 4710 pe_t_ierit?__Certe
2606 4651 2670 4690 es
2695 4633 3297 4710 eodemhistoricorhm
3333 4633 3571 4710 principe

1994 4707 2149 4775 plura
2171 4708 2272 4761 alia
2296 4705 2471 4776 petiit,
2504 4716 2686 4776 atque,
2713 4706 2846 4759 illud
2895 4707 3156 4773 imprimis
3178 4749 3193 4771 ,
3240 4707 3383 4776 quod
3415 4705 3575 4776 supra

1990 4778 2057 4830 ad
2083 4777 2293 4830 initium
2325 4775 2503 4843 operis
2534 4775 2836 4834 citavimns.
2900 4776 2987 4829 ubi
3040 4775 3370 4831 Britanniam
3410 4775 3577 4831 secre-

1992 4856 2100 4918 tum
2125 4846 2314 4918 Oceani
2342 4845 2659 4918 appellavit.
2691 4844 2845 4918 Quod
2882 4857 3059 4900 autem
3100 4851 3165 4918 in
3206 4864 3404 4918 prunam
3454 4866 3574 4918 pro-

1990 4917 2157 4986 priam
2198 4916 2489 4986 arbitrium.
2503 4916 2696 4981 jacnlis
2731 4916 2850 4971 istis
2873 4917 3139 4986 superatis
3169 4916 3434 4970 artnatnm
3456 4916 3461 4918 ⁷
3484 4918 3571 4971 di-

1991 4985 2162 5057 catur,
2197 4985 2437 5057 fortassis
2467 4986 2648 5057 lumen
2679 4987 2906 5057 accipiet
2930 4985 2961 5043 e
2985 4986 3135 5041 Rami
3160 4989 3575 5057 apophtegmate

1991 5056 2057 5108 ad
2089 5056 2216 5109 illud
2275 5054 2421 5123 Virg.
2470 5055 2661 5124 Ecloga
2703 5056 2781 5111 9:
2826 5055 2980 5109 Nunc
3016 5058 3134 5109 victi
3188 5054 3421 5112 tristes":
3461 5056 3575 5119 Sic,

1992 5127 2091 5189 ait,
2135 5124 2368 5180 Bremius
2412 5124 2874 5197 Sulpitioganrum
2902 5127 3234 5197 appendenti,
3284 5139 3333 5179 et
3373 5128 3578 5196 roganti

1995 5212 2088 5249 cur
2113 5212 2283 5249 ensem
2310 5213 2414 5250 una
2443 5212 2558 5249 cum
2582 5195 2782 5251 baltlteo
2826 5195 3035 5250 exutum
3084 5197 3310 5249 lancibus
3351 5195 3580 5264 appone-

1996 5275 2108 5329 ret;
2140 5266 2277 5332 Quid
2293 5270 2424 5320 enim
2446 5265 2593 5320 aliud
2614 5266 2830 5336 (inquit)
2862 5268 2959 5320 nisi
2980 5267 3127 5319 dolor
3170 5266 3346 5336 victis?
3370 5264 3436 5318 In
3465 5282 3575 5335 pc-

1998 5352 2115 5389 nam
2142 5338 2414 5404 igiturzid
2463 5348 2567 5399 εει.
2619 5335 2859 5391 dolOrem
2909 5338 3195 5403 proprium,
3248 5335 3394 5404 dum
3423 5350 3575 5389 arma

1998 5420 2094 5530 tua
2117 5408 2269 5529 νῦιιίε
2296 5407 2509 5530 nlonnisi
2530 5406 2705 5461 dolori
2726 5416 2873 5479 sunt,
2897 5406 2987 5461 ubi
3008 5406 3316 5474 conspectui
3339 5403 3579 5460 offerun-

2024 5491 2107 5530 ur.
2180 5486 2285 5530 θοι.
2363 5493 2451 5530 ον.

2001 5484 2107 5530 tur.
2134 5484 2285 5530 Duel.
2320 5484 2451 5530 Lov.

2072 5549 2092 5570 ‘
2112 5546 2293 5601 Carur
2324 5546 2509 5601 XXIII.
2543 5544 2671 5613 Eos,
2699 5548 2743 5600 si
2765 5546 2872 5599 Itazc
2910 5544 3144 5612 conﬁteri
3183 5554 3437 5609 recusent,
3485 5544 3582 5600 Pe-

2000 5614 2222 5686 lagianis
2245 5632 2424 5687 pacem
2457 5633 2644 5687 negare
2670 5632 2773 5669 non
2807 5629 2990 5687 posse,
3040 5615 3335 5682 quibuscum
3381 5632 3437 5669 re
3466 5632 3582 5669 vera

1999 5683 2339 5739 consentiant.
2371 5683 2547 5740 Verbis
2575 5686 2714 5740 enim
2737 5684 2862 5741 solis
2888 5683 3203 5754 discrepare,
3231 5686 3354 5739 dum
3392 5701 3585 5755 cogun-

2004 5764 2086 5806 tur
2105 5757 2292 5821 dicere,
2344 5765 2550 5823 peccato
2597 5755 2725 5809 Αάω
2771 5771 2957 5824 corpus
3005 5766 3235 5809 nostrum
3304 5754 3465 5808 morti
3493 5754 3579 5806 ob-

2005 5828 2215 5880 noxium
2241 5828 2434 5897 factum
2452 5843 2580 5895 esse,
2614 5843 2716 5883 non
2741 5836 2915 5882 autem
2936 5828 3161 5881 animam
3200 5834 3404 5897 peccato
3434 5825 3581 5879 uitia-
