4088 6176
565 383 665 439 ιῖἹ

705 494 878 548 Aures
904 490 1120 560 vipereo
1141 502 1354 543 rursum
1375 485 1620 557 praebere
1650 497 1898 539 susurro.

708 582 919 638 Parcite
939 582 1007 637 de
1037 580 1220 635 fractis
1248 592 1592 647 praecerpere
1619 576 1783 630 noxia
1809 587 1966 643 poma

565 677 670 733 (300
709 676 928 731 Arbitrii
960 674 1126 728 ramis
1162 691 1176 724 :
1215 686 1321 725 non
1348 670 1464 724 haec
1496 683 1589 724 vos
1621 681 1747 722 esca
1783 666 2072 728 relormat,

706 769 816 823 Nec
846 767 1081 835 speciem
1111 762 1339 832 angelici
1379 760 1550 814 nutrit
1577 759 1732 814 cibus
1773 757 1868 810 ille
1907 754 2144 811 decoris.

708 858 814 914 Sed
857 857 1148 911 vetitorum
1177 852 1401 916 avidos,
1429 858 1485 905 et
1520 858 1654 902 tetra
1697 847 1805 901 bile
1836 854 2103 900 tumentes
2128 887 2143 911 ,

710 952 786 1005 De
816 948 1067 1002 fastiditae
1095 944 1282 1013 procul
1311 941 1509 1009 abripit
1530 941 1725 994 arbore
1753 939 1894 992 vitae.

714 1041 884 1108 Hujus
897 1053 999 1106 cpe
1015 1046 1068 1091 et
1081 1036 1103 1089 Γ
1103 1045 1254 1089 ructu
1268 1031 1596 1088 vescendum
1610 1041 1714 1094 est,
1735 1039 1792 1083 ut
1805 1028 2149 1082 revalescens

569 1132 674 1187 605
713 1127 988 1198 Languida
1020 1141 1195 1188 mens,
1226 1124 1388 1177 etiam
1421 1121 1653 1190 propriis
1682 1121 1819 1174 bene
1843 1118 2045 1171 viribus
2070 1117 2148 1170 uti

712 1221 910 1286 Possit,
931 1228 986 1273 et
1003 1218 1054 1271 in
1074 1215 1290 1270 Christo
1314 1212 1550 1267 inveniat
1570 1213 1713 1279 quod
1738 1208 1972 1279 perdidit
1989 1208 2041 1262 in
2065 1222 2146 1262 se.

779 1315 798 1335 '
836 1310 948 1363 Non
982 1309 1165 1377 igitur,
1210 1301 1456 1374 quisquis
1489 1301 1690 1357 terreni
1720 1309 1873 1354 veste
1911 1297 2148 1366 parentis

715 1400 971 1462 Exueris,
1004 1397 1236 1464 priscum
1268 1402 1473 1446 natura:
1502 1391 1682 1459 perdis
1709 1391 1968 1444 honorem
1989 1426 2006 1453 ,

713 1489 818 1544 Sed
853 1488 1052 1555 recipis
1085 1503 1098 1538 :
1132 1487 1212 1539 sic
1233 1484 1518 1553 acquirens
1538 1482 1732 1550 quibus
1753 1491 1880 1534 ante
1901 1477 2146 1545 carebas,

572 1582 678 1636 610
718 1581 785 1635 Ut
815 1588 901 1633 tua
935 1579 1061 1640 sint,
1093 1578 1137 1631 si
1168 1575 1381 1631 collatis
1412 1583 1563 1628 utare
1595 1572 1866 1636 modeste,

715 1674 780 1726 Et
799 1672 941 1741 quod
968 1669 1155 1734 habes,
1177 1669 1278 1722 hoc
1309 1676 1358 1720 te
1376 1675 1655 1734 acceptum
1681 1663 1900 1718 fatearis
1925 1663 2148 1717 habere.

713 1762 858 1817 Fons
893 1761 1053 1830 igitur
1088 1759 1262 1813 meriti
1297 1766 1381 1812 est
1426 1757 1563 1810 lucis
1594 1755 1756 1809 Pater
1788 1770 1804 1819 ;
1844 1754 1970 1808 inde
2007 1753 2149 1822 quod

848 1852 901 1906 in
927 1867 1028 1906 nos

716 1944 1000 2009 Fluxerit,
1048 1942 1152 1997 hoc
1195 1940 1353 1996 nobis
1401 1937 1670 2008 majorum
1721 1947 1806 1992 est
1845 1950 2010 1991 causa
2051 1936 2152 1991 bo-

852 2049 1042 2089 norum
1062 2074 1078 2099 ,

713 2127 849 2181 Dum
878 2123 1124 2195 largitori
1154 2136 1249 2176 sua
1280 2120 1575 2186 reddimus,
1610 2133 1763 2187 atque
1792 2117 1976 2171 relatis

573 2217 680 2272 6l5
718 2218 1015 2285 Augemur,
1050 2221 1401 2279 nostrumque
1428 2209 1628 2263 bonum
1664 2208 1722 2261 ﬁt
1752 2207 1920 2276 gloria
1950 2204 2152 2259 dantis.

783 2311 803 2332 ⁹
840 2307 947 2361 Seu
962 2303 1322 2375 quijudicium
1341 2300 1568 2363 arbitrii,
1587 2299 1944 2363 meritumque
1960 2297 2150 2361 tueris,

714 2400 920 2468 Quique
948 2396 1223 2450 hominum
1249 2392 1442 2448 studiis
1464 2391 1688 2445 ascribis
1709 2390 1848 2442 dona
1868 2388 2112 2442 vocantis
2135 2405 2149 2440 :

718 2491 986 2545 InI'anlum
1011 2489 1260 2542 discerne
1291 2485 1523 2548 animos,
1557 2491 1611 2536 et
1638 2481 1847 2535 dissere
1875 2480 2060 2547 quales

718 2583 976 2644 Affectus,
1002 2579 1297 2649 qualesque
1321 2577 1551 2630 habeant
1573 2575 1687 2628 haec
1711 2580 1930 2641 pectora
1954 2580 2152 2625 motus.

792 2675 864 2728 Da
891 2672 1090 2728 teneris
1119 2685 1318 2735 mores,
1351 2679 1406 2723 et
1434 2669 1682 2722 libertate
1706 2663 1925 2719 volendi

716 2767 949 2831 Instrue,
980 2767 1067 2819 vix
1099 2779 1246 2817 aurae
1270 2762 1449 2816 tenuis
1484 2761 1741 2827 lactisque
1770 2770 2018 2826 capaces.

717 2856 872 2911 Nulla
902 2855 994 2908 tibi
1023 2853 1232 2908 arbitrii
1261 2851 1594 2919 respondent
1615 2849 1762 2918 signa
1783 2890 1798 2912 ,
1832 2861 1932 2900 nec
1963 2846 2086 2898 ullis

721 2947 1022 3002 Dissociare
1040 2961 1194 3014 pares
1217 2944 1424 2997 meritis
1447 2949 1600 3010 potes
1627 2958 1638 2993 :
1671 2938 1924 2992 omnibus
1950 2953 2053 2991 una
2073 2943 2157 2990 est

718 3037 940 3100 Natura,
968 3046 1021 3090 et
1040 3038 1239 3105 pariter
1261 3041 1532 3102 nequeunt
1552 3033 1690 3086 bona
1718 3031 1803 3085 vel
1829 3031 1966 3083 mala
1992 3029 2152 3084 velle.

580 3132 685 3187 625
721 3131 784 3185 Et
815 3139 992 3186 tamen
1023 3145 1088 3184 ex
1122 3129 1238 3183 istis
1272 3126 1574 3182 miseratrix
1602 3124 1768 3192 gratia
1800 3121 2056 3192 quosdam

577 2676 681 2732 620

723 3223 920 3292 Eligit,
960 3229 1014 3275 ct
1040 3236 1253 3274 rursum
1299 3219 1511 3287 genitos
1543 3216 1865 3284 baptismate
1898 3213 2155 3268 transfert
2183 3207 2226 3267 C

720 3313 780 3368 In
809 3328 1030 3382 regnum
1054 3323 1339 3376 mtcruum,
1364 3309 1545 3362 multis
1574 3309 1625 3361 in
1656 3315 1828 3360 morte
1855 3305 2087 3369 reliCIis,

725 3404 962 3470 Quorum
994 3417 1154 3456 causa
1189 3401 1284 3455 fuit
1313 3400 1503 3453 similis
1533 3401 1600 3454 de
1626 3399 1848 3453 vulnere
1873 3397 2083 3452 eodem.

802 3497 822 3518 ⁶
859 3495 971 3549 Νη
997 3494 1204 3549 meritis
1228 3492 1370 3547 istud
1395 3492 1599 3561 poteris
1625 3500 1811 3560 aptare
1834 3498 2155 3559 parentum:

587 3672 774 3726 laesum
806 3671 1087 3724 arbitrium
1117 3669 1294 3726 arbori
1320 3669 1526 3735 vetiue,
1555 3677 1610 3724 et
1636 3670 1802 3738 gratia
1834 3669 2009 3725 arbori
2034 3670 2156 3723 vita:

586 3745 895 3805 conlertur;
954 3756 1016 3795 ac
1065 3742 1288 3809 proinde
1337 3755 1498 3807 opera
1555 3742 1738 3808 gratia:
1792 3749 1846 3794 et
1900 3741 2106 3794 arbitrii
2140 3781 2154 3805 ,

588 3816 864 3879 utriusque
895 3812 1048 3866 istius
1074 3811 1284 3864 arboris
1315 3810 1604 3875 fructibus;
1637 3811 1870 3880 denique
1896 3811 2159 3866 reforma-

588 3885 665 3935 tio
710 3883 964 3948 interior,
1015 3897 1172 3950 quam
1227 3881 1544 3950 Pelagianos
1592 3897 1658 3934 ex
1704 3883 1908 3934 Viribus
1952 3881 2160 3935 arbitrii

592 3953 964 4021 promittebat,
999 3952 1456 4005 transformatioui
1502 3952 1555 4005 in
1585 3951 1716 4005 deos
1764 3967 1859 4005 seu
1904 3952 2157 4020 angelos,

591 4039 750 4092 quam
765 4039 828 4076 ex
844 4024 1041 4092 arbore
1057 4023 1218 4074 vetita
1237 4022 1582 4092 promittebat
1597 4036 1838 4088 serpens.
1855 4021 2008 4092 Doct.
2027 4021 2157 4074 Lov.

664 4093 798 4144 Ibid.
833 4091 1119 4144 Desnescite
1139 4101 1340 4155 captas,
1364 4098 1469 4144 etc.
1497 4091 1707 4144 Notasis
1729 4091 1944 4145 sibilum
1975 4090 2167 4144 littera:

593 4161 915 4229 serpentium
942 4200 956 4221 ,
987 4175 1107 4212 cum
1137 4176 1380 4212 susurrus
1407 4163 1635 4222 vipereus
1665 4161 2048 4228 exprimendus
2075 4173 2169 4213 ve-

594 4231 688 4284 nit.
734 4233 882 4282 Doct.
916 4229 1047 4283 Lov.

663 4299 787 4354 599.
815 4299 1158 4369 Prmcerpere.
1184 4298 1297 4352 Non
1323 4307 1526 4356 temere
1547 4300 1616 4354 ita
1631 4299 1785 4362 dixit,
1809 4299 1987 4366 potius
2009 4313 2169 4367 quam

593 4371 881 4436 decerpere.
929 4369 1020 4424 Sic
1055 4371 1197 4423 enim
1229 4369 1419 4424 melius
1465 4371 1730 4425 indicatur
1759 4370 2168 4436 Pelagianorum

595 4455 660 4494 ac
707 4440 1258 4508 Semipelagianorum
1304 4455 1500 4505 error,
1557 4442 1730 4507 primo
1786 4441 2166 4509 requirentium

595 4509 823 4565 fructum
871 4509 1117 4575 arbitrii,
1147 4525 1304 4580 quem
1333 4510 1531 4566 deinde
1561 4511 1766 4567 fructus
1804 4513 1993 4580 gratia:
2025 4510 2170 4565 exci-

595 4592 765 4648 peret.
800 4583 950 4634 Doct.
980 4581 1113 4634 Lov.

664 4650 786 4703 603.
814 4650 891 4703 De
925 4651 1258 4714 fastidium...
1288 4651 1423 4704 vita.
1456 4651 1616 4706 Forte
1646 4661 1701 4707 et
1728 4651 1815 4706 hic
1842 4659 2171 4719 praepostera

595 4720 830 4791 rhythmi
860 4719 1201 4773 aﬂectatioue
1235 4721 1501 4775 turbatum
1531 4721 2174 4791 est,scripscritquejAu-

595 4801 730 4852 ctor,
755 4790 816 4842 de
841 4791 1095 4858 fastidita.
1124 4791 1324 4843 Saltem
1344 4791 1488 4845 illius
1511 4807 1630 4846 πενο
1653 4802 1933 4854 versus.ut
1954 4801 2170 4856 vocant,

595 4861 866 4914 Leouinus
886 4861 1061 4913 adhuc
1085 4861 1136 4912 in
1162 4861 1292 4913 vitio
1313 4873 1450 4926 erat,
1476 4863 1772 4930 mediaeque
1794 4862 2009 4915 demum
2030 4865 2172 4915 aetati

593 4930 891 5054 gebebatur
918 4932 1033 4983 haec
1066 4929 1293 4984 barbara
1324 4939 1379 4985 et
1421 4931 1647 4987 Gothica
1687 4929 1972 5002 elegantia.
2015 4932 2173 4985 Doct.

638 5015 730 5054 ov.

638 5015 730 5054 07.

618 5067 622 5072 ’
668 5077 684 5093 ⁶
710 5070 900 5141 CAPUT,
917 5067 1104 5123 X-XIX.
1133 5066 1313 5123 Gratia
1337 5069 1527 5123 Christi
1550 5087 1651 5124 non
1673 5072 1949 5141 perdimus,
1985 5071 2073 5123 sed
2095 5087 2178 5123 re—

593 5141 812 5209 cipimus
825 5140 1098 5208 pristinum
1113 5151 1313 5192 natura:
1339 5142 1600 5206 honorem,
1620 5158 1679 5195 ea
1693 5143 1861 5210 gratia
1884 5141 2179 5194 meritorum

594 5213 645 5262 in
669 5213 809 5265 nobis
826 5219 897 5264 est
924 5210 1252 5280 principium,
1271 5225 1384 5279 qua:
1403 5225 1464 5281 eo
1485 5213 1647 5281 magis
1673 5221 2016 5279 crescuntquo
2034 5211 2178 5264 illam

599 5281 844 5335 humilius
886 5283 1162 5351 accipimus
1188 5289 1234 5331 et
1266 5280 1854 5351 accipiendoaugemus.

667 5351 792 5406 6H.
826 5349 1004 5420 quue
1023 5351 1197 5405 relatis
1225 5365 1496 5419 augentur.
1529 5349 1640 5406 Dco
1661 5349 1811 5404 hanc
1859 5349 2176 5404 relationem

598 5425 753 5474 novis
775 5422 931 5476 donis
954 5434 1291 5486 munerantc,
1319 5429 1374 5473 ut
1401 5427 1549 5474 recte
1571 5422 1753 5476 Gallus
1776 5421 2019 5490 exponit.
2045 5420 2181 5474 Hinc

597 5490 791 5560 collige
813 5492 941 5559 quid
969 5495 1057 5546 sit.

671 5558 797 5613 (illi.
831 5558 1178 5630 Nostrumque
1208 5561 1394 5613 bonum
1426 5558 1483 5628 ﬁt
1510 5558 1681 5627 gloria
1708 5561 1875 5613 dantis
1907 5573 1926 5612 .'
1956 5572 2051 5613 seu
2085 5573 2182 5630 p07

599 5630 706 5680 tius
748 5643 779 5683 e
825 5640 1014 5699 contra
1059 5627 1159 5696 (sic
1207 5633 1350 5683 enim
1399 5627 1715 5684 inverteuda
1756 5638 1840 5685 est
1890 5627 2179 5699 sententia)

637 5699 770 5752 loriu
798 5697 992 5768 dantis,
1026 5701 1121 5754 Dei
1151 5699 1385 5762 scilicet,
1412 5699 1468 5766 ﬁt
1516 5700 1699 5754 bonum
1741 5709 1987 5754 nostrum.
2021 5697 2179 5756 Doct.

645 5780 734 5826 ον.

1802 370 1862 427 S.
1903 363 2238 426 PBO‘SPEN
2276 361 2600 432 AQLITANI

2166 480 2220 540 Α
2247 478 2352 533 650
2396 477 2551 549 163
2591 473 2700 530 Ceu
2745 474 2830 543 pia
2882 473 3145 544 profuerit
3190 472 3520 530 redimendis
3550 485 3686 531 cura
3723 474 3832 530 bo-

2195 4474 2250 4535 D

3732 351 3840 408 £28

2531 580 2722 620 norum

2393 605 2798 723 Abstiileriiqiie
2827 654 2947 708 aliis
2973 652 3149 708 aliena
3180 652 3388 722 ignavia
3416 653 3616 719 vitam;

2391 748 2525 802 Cum
2558 746 2744 800 videas
2785 745 2988 799 multos
3032 746 3234 800 sanctis
3275 743 3615 814 genitoribus
3643 753 3840 811 ortos,

2392 837 2549 892 Nullo
2569 835 2766 891 salvari
2790 836 2968 889 studio
2994 835 3233 904 potuisse
3255 849 3477 890 suorum
3509 853 3522 888 :

2393 927 2776 997 Expositisque
2801 927 2923 983 aliis
2943 929 3013 981 ob
3041 928 3216 996 turpia
3247 928 3475 982 crimina
3500 937 3760 996 matrum,

2250 1021 2355 1076 655
2393 1021 2608 1076 Missam
2632 1029 2976 1075 externorum
3003 1034 3211 1084 curam,
3235 1035 3358 1089 quae
3384 1031 3624 1076 stercore
3649 1031 3839 1091 raptos

2391 1110 2494 1164 Per
2524 1109 2727 1165 fontem
2755 1110 2882 1164 vita:
2904 1109 3113 1164 caelesti
3136 1111 3369 1164 traderet
3393 1111 3548 1164 aulae.

2465 1202 2630 1268 Quid.
2661 1204 2708 1257 si
2749 1202 3026 1258 diversum
3080 1202 3223 1257 hunc
3260 1202 3460 1269 tinem,
3508 1217 3615 1273 quo
3659 1205 3835 1274 gratia

2528 1293 2731 1348 Christi

2394 1384 2570 1441 Unum
2600 1386 2707 1440 alio
2737 1393 2997 1453 pereunte
3027 1384 3180 1455 legit,
3214 1385 3486 1456 donatque
3513 1389 3688 1443 salute
3707 1431 3722 1454 ,

2392 1477 2448 1531 In
2479 1479 2709 1547 geminis
2737 1479 2900 1533 etiam
2929 1478 3148 1532 videas?
3185 1476 3330 1547 quod
3363 1479 3556 1534 dividis
3585 1495 3701 1535 uno

2252 1565 2357 1623 6-10
2397 1567 2666 1637 Tempore
2695 1576 2990 1636 conceptos
3034 1576 3194 1635 atque
3221 1582 3328 1621 uno
3358 1577 3598 1638 tempore
3641 1581 3828 1637 natos,

2393 1658 2512 1714 Non
2540 1660 2678 1715 ullos
2705 1668 2861 1729 potes
2887 1657 3096 1713 arbitrii
3134 1659 3470 1726 praetendere
3499 1673 3698 1716 motus.

2394 1748 2584 1802 Cessat
2604 1763 2762 1816 opus,
2783 1757 2961 1803 cessat
2986 1749 3261 1815 meritum,
3285 1749 3419 1804 nihil
3435 1750 3614 1804 editur
3636 1753 3830 1821 impar.

2400 1838 2507 1894 Sed
2555 1839 2696 1894 Deus
2728 1847 2784 1893 et
2825 1840 2957 1894 tales
2980 1839 3271 1906 discernit,
3301 1855 3408 1910 quo
3445 1856 3595 1912 mage
3629 1843 3834 1898 Christi

2398 1930 2636 1985 Excellat
2670 1930 2902 1994 bonitas,
2935 1945 3056 1999 quae
3079 1931 3194 1986 sola
3226 1942 3310 1986 est
3338 1947 3499 1988 causa
3529 1935 3737 1988 vocatis

2255 2016 2362 2072 645
2406 2019 2470 2072 Ει
2497 2018 2617 2072 tidei
2650 2028 2705 2073 et
2731 2018 2910 2072 meriti
2943 2034 2957 2072 :
2995 2022 3247 2088 quoniam
3273 2021 3545 2088 Sapientia
3575 2023 3728 2077 dives

2398 2107 2507 2162 lloc
2531 2108 2693 2162 etiam
2726 2107 2909 2161 tribuit
2934 2109 3116 2162 multis
3137 2149 3152 2171 ,
3181 2118 3239 2162 ut
3269 2121 3449 2164 sancta
3481 2114 3749 2178 operatis,

2398 2196 2456 2252 In
2489 2197 2648 2252 tinem
2676 2197 2820 2261 vitae,
2855 2198 3008 2252 ﬁeret
3038 2198 3105 2253 de
3133 2214 3358 2254 munere
3387 2216 3607 2255 merces.

2472 2290 2489 2309 ⁵
2518 2285 2630 2340 Non
2652 2296 2833 2340 autem
2863 2297 3031 2354 recte,
3062 2303 3160 2344 nec
3189 2304 3313 2344 vere
3335 2290 3553 2355 dicitur,
3583 2292 3715 2346 illo:

2397 2376 2496 2441 Qui
2519 2384 2642 2429 sunt
2665 2384 2912 2431 exsortes
2943 2377 3114 2431 divini
3145 2371 3404 2444 muneris,
3429 2389 3482 2434 et
3508 2396 3644 2450 quos

2259 2470 2361 2524 (‘50
2397 2468 2579 2523 Gratia
2605 2469 2834 2538 neglexit
2860 2469 3117 2536 degentes
3156 2471 3346 2525 mortis
3376 2472 3428 2525 iu
3459 2473 3642 2526 umbra
3670 2515 3684 2539 ,

2398 2561 2608 2615 Peccati
2653 2575 2757 2614 non
2786 2575 2905 2615 esse
2935 2575 3075 2623 reos.
3105 2563 3228 2630 quia
3258 2573 3404 2617 recta
3435 2565 3652 2633 gerendi

2399 2655 2514 2709 Non
2539 2655 2660 2709 data
2693 2655 2762 2708 sit
2787 2654 2977 2709 virtus.
3012 2654 3228 2709 Naturae
3257 2657 3522 2724 compede
3556 2657 3764 2712 vinctos

2401 2745 2764 2800 Procubuisse
2793 2755 3023 2814 negant,
3062 2759 3162 2799 nec
3201 2747 3269 2800 ab
3301 2760 3405 2801 uno
3440 2747 3681 2816 germine
3718 2763 3840 2804 cre-

2540 2838 2674 2892 dunt

2400 2929 2753 2999 Omnigenam
2782 2926 2988 2996 prolem
3011 2941 3130 2982 cum
3157 2943 3315 2996 pmna
3344 2939 3397 2982 et
3417 2931 3644 2985 crimine
3665 2933 3838 2986 nasci.

2257 3021 2359 3078 655
2400 3019 2550 3086 Quod
2577 3019 2667 3089 qui
2691 3033 2798 3073 non
2823 3018 3023 3083 renuit,
3049 3018 3191 3073 videt
3218 3018 3376 3087 hujus
3401 3021 3636 3088 pondera
3663 3022 3842 3091 culpa:

2400 3113 2531 3164 Tam
2563 3110 2736 3165 valida
2767 3111 2968 3180 pariter
2996 3110 3212 3165 miseris
3243 3111 3552 3168 incumbere
3576 3113 3752 3176 mole,

2403 3204 2477 3260 Ut
2527 3204 2572 3258 si
2615 3203 2760 3257 nulla
2809 3203 2970 3256 etiam
3017 3203 3289 3257 cumulent
3334 3204 3508 3272 mala,
3552 3205 3618 3258 sit
3659 3215 3843 3262 tamen

2552 3310 2716 3350 unum
2748 3295 2849 3348 hoc

2409 3389 2695 3446 Sufﬁciens
2735 3389 2944 3456 scelus,
2996 3386 3062 3441 ad
3108 3395 3336 3442 mortem
3381 3388 3650 3443 nascendo
3689 3389 3846 3444 luen-

2547 3480 2691 3534 dam.

2333 3673 2352 3694 ⁰
2378 3669 2556 3723 CAPUT
2602 3665 2771 3721 XXX.
2817 3665 2900 3720 Ea:
2926 3665 3149 3736 parvulis
3179 3667 3356 3720 statim
3389 3677 3501 3737 post
3539 3668 3848 3736 baptismum

2262 3740 2594 3792 morientibus
2634 3737 2913 3791 clarissime
2951 3737 3167 3807 perspici
3205 3739 3430 3806 gratiam
3475 3755 3576 3791 non
3607 3740 3720 3792 dari
3764 3759 3849 3792 se-

2262 3810 2485 3862 cundum
2515 3807 2752 3862 humana:
2777 3808 3050 3860 voluntatis
3081 3807 3253 3860 studia
3274 3848 3289 3873 ,
3315 3808 3404 3862 sed
3429 3811 3709 3862 secundum
3743 3811 3840 3864 Dei

2264 3879 2650 3948 beneplacitum.

2335 3951 2458 4003 (illi.
2487 3949 2750 4001 Judicium
2778 3947 2995 4000 arbitrii.
3029 3947 3145 4002 Jam
3167 3947 3624 4016 supra,judicium
3653 3949 3842 4002 volun-

2268 4020 2404 4084 tatis,
2438 4019 2744 4071 vocavimus
2770 4026 2824 4070 et
2853 4019 3216 4084 exposuimus.
3250 4019 3409 4072 Doct.
3439 4017 3569 4071 Lov.

2342 4093 2361 4111 "
2389 4091 2566 4142 CAPUT
2580 4086 2770 4140 XXXI.
2790 4085 3102 4140 Eorumdem
3115 4089 3329 4140 salutem
3343 4104 3443 4140 non
3457 4104 3563 4141 esse
3578 4098 3851 4154 parentum

2269 4159 2486 4219 meritis,
2506 4174 2593 4210 nec
2614 4158 2992 4209 damnationem
3016 4159 3273 4210 demeritis
3292 4157 3668 4209 ascribendam.
3697 4160 3852 4220 Quod

2271 4231 2496 4282 maxime
2525 4239 2659 4297 patet
2690 4227 2742 4278 in
2772 4227 3014 4297 geminis,
3052 4243 3270 4295 quorum
3299 4230 3430 4279 alter
3461 4229 3745 4287 baptizatur
3774 4232 3854 4280 in-

2274 4300 2493 4358 terdum,
2524 4299 2653 4350 alter
2675 4298 2783 4350 sine
2812 4297 3056 4366 baptismo
3077 4298 3312 4358 moritur,
3339 4297 3454 4350 sola
3482 4298 3673 4352 Christi
3701 4301 3854 4351 mises

2273 4370 2497 4422 ricordia
2525 4385 2608 4421 eos
2635 4369 2971 4420 discernente.
3011 4366 3206 4420 Eadem
3232 4368 3583 4420 misericordia
3611 4369 3726 4420 aliis
3758 4370 3855 4419 tri-

2275 4439 2357 4492 bui
2411 4441 2563 4507 [idem
2584 4480 2598 4504 ,
2629 4454 2727 4507 qua
2761 4437 2881 4490 bene
2911 4446 3202 4506 operentur,
3235 4453 3295 4491 ac
3329 4439 3525 4491 meritis
3567 4449 3854 4506 augeantur

2273 4526 2430 4577 usque
2451 4512 2502 4562 in
2533 4509 2708 4577 finem.

2276 4649 2317 4705 ι
2347 4579 2472 4635 658.
2506 4579 2687 4650 Legit,
2721 4587 2778 4632 ut
2807 4577 2934 4632 alibi
2975 4577 3273 4646 saepissime
3298 4621 3313 4645 ,
3346 4593 3444 4648 pro
3487 4577 3650 4650 eligit.
3694 4577 3852 4632 Doct.

2320 4665 2405 4704 ov.

2320 4665 2405 4704 ον.

2348 4719 2472 4772 645.
2499 4718 2768 4786 Sapientia
2789 4717 2946 4783 dives,
2980 4729 3084 4771 etc.
3117 4718 3255 4771 Editi
3279 4718 3520 4787 plerique
3540 4719 3588 4769 in
3611 4719 3856 4783 margine

2348 4733 2472 4772 045.
2499 4733 2768 4786 sapientia
2789 4733 2946 4783 ames,
2980 4733 3084 4771 etc.
3118 4733 3255 4771 nam
3279 4733 3520 4841 plerique
3541 4733 3588 4769 in
3611 4733 3856 4783 margine

2277 4791 2516 4842 indicant
2553 4787 2744 4855 respici
2793 4788 2858 4840 ad
2906 4789 3080 4842 locum
3112 4788 3240 4856 Sap.
3299 4802 3370 4850 iv,
3452 4804 3480 4841 e
3524 4787 3674 4842 Justo
3703 4832 3717 4850 ,
3767 4790 3857 4857 qui

2276 4870 2453 4928 raptus
2479 4866 2551 4911 est
2596 4873 2660 4910 ne
2688 4857 2885 4928 malitia
2913 4867 3131 4911 mutaret
3161 4857 3477 4928 intellectum
3507 4860 3642 4928 ejus.
3690 4857 3758 4913 Ut
3800 4869 3859 4912 ut

2279 4927 2379 4993 sit,
2409 4929 2676 4994 Sapientia
2705 4927 2791 4980 hic
2820 4928 3132 4996 intelligitur
3156 4929 3390 4981 inereata
3411 4967 3426 4992 ,
3461 4927 3574 4996 ipSa
3600 4929 3857 4983 videlicet

2281 4997 2625 5054 Providentia
2676 4997 2814 5069 Dei,
2863 4999 2947 5053 vel
3001 5001 3085 5068 (ut
3124 4997 3278 5053 Gallo
3320 4998 3585 5065 placuisse
3616 4998 3858 5069 videtur)

2279 5070 2542 5124 Christus.
2582 5069 2730 5121 Doct.
2763 5068 2893 5120 Lov.

2351 5138 2577 5210 ‘Cspur
2630 5137 2846 5210 XXXII.
2883 5136 3111 5210 obiectio
3143 5134 3205 5190 II
3245 5135 3554 5210 Semipelag.
3588 5137 3650 5190 Si
3689 5141 3860 5210 gratia

2281 5208 2348 5262 ad
2373 5209 2494 5260 bene
2516 5208 2771 5276 agendum
2795 5209 3001 5259 cumino
3027 5208 3307 5261 necessaria
3329 5218 3423 5265 est.
3449 5223 3604 5274 eaque
3624 5208 3729 5262 non
3753 5226 3862 5262 om-

2281 5279 2430 5331 nibus
2450 5278 2617 5348 detur,
2653 5276 2847 5348 peccati
2870 5293 2981 5330 reas
3000 5295 3101 5331 non
3132 5282 3262 5348 fore,
3292 5279 3473 5346 quibus
3500 5279 3624 5330 bene
3647 5281 3862 5347 gerendi

2281 5363 2384 5401 non
2425 5349 2549 5399 data
2589 5347 2764 5415 fuerit.
2810 5345 3140 5417 Responsio}
3170 5345 3630 5417 lloc'argumcnto
3651 5345 3864 5404 irursus

2283 5419 2456 5486 negari
2483 5426 2748 5489 peccatum
2778 5417 3048 5489 originale.
3084 5417 3226 5470 Nam
3258 5432 3315 5470 eo
3353 5416 3462 5469 solo
3494 5429 3701 5484 peccato
3747 5437 3863 5472 reos

2283 5489 2424 5540 nasci
2471 5503 2643 5540 omnes
2685 5487 2910 5542 homines
2949 5503 3012 5540 ac
3055 5489 3236 5557 dignos
3277 5496 3439 5541 marte
3468 5489 3665 5541 etiamsi
3715 5489 3863 5541 nulla

2283 5559 2495 5628 prapria
2525 5559 2715 5628 scelera
2739 5559 2786 5613 ei
2811 5557 3110 5627 adjecerint.

2285 5626 2328 5754 'L
2354 5628 2482 5684 655.
2516 5627 2722 5698 Negant
2753 5643 2773 5683 :
2801 5626 2891 5697 qui
2925 5642 3118 5696 nempe
3145 5627 3218 5682 ita
3249 5627 3662 5683 ratiocinentur.
3699 5626 3861 5680 Doct.

2330 5713 2418 5752 ον.

2330 5713 2418 5752 ον.

2358 5764 2482 5822 658.
2526 5766 2800 5823 Nascendo
2844 5765 3100 5822 tuendam.
3154 5766 3306 5822 Doct.
3359 5765 3490 5826 Lor.
3551 5783 3566 5821 :
3626 5764 3863 5820 Turbata
