4098 6180
590 270 684 328 ιδι
732 224 735 227 Α

730 378 884 451 167
916 377 1124 445 Proque
1150 374 1307 430 malis
1348 373 1487 427 bona
1532 368 1768 427 restituit
1791 407 1807 434 ,
1854 382 1961 423 non
2011 368 2158 420 inve-
2188 375 2232 431 Α

868 467 1062 522 uieudo

726 559 877 627 Quod
906 558 1100 612 merito
1126 556 1348 623 legeret.
1380 553 1473 608 sed
1502 551 1714 606 donans
1738 563 1845 618 quo
1875 548 2164 617 legeretur,

586 650 691 705 700
728 647 797 704 Ut
819 648 886 701 de
910 647 1180 713 perceptis
1213 644 1449 711 prodiret
1476 656 1635 695 causa
1664 638 1940 700 merendi;
2150 648 2151 651 ‘

727 740 903 798 Deque
933 737 1068 789 datis
1096 736 1148 789 in
1177 734 1375 796 danda,
1399 731 1603 802 gradus
1631 729 1889 782 industria
1914 737 2165 779 crescens

721 828 1036 890 Scauderet,
1067 833 1227 895 atque
1274 825 1479 878 bonum
1528 823 1680 876 ﬁeret
1727 820 1868 874 Deus
1911 818 2162 871 omnibus

865 934 1053 973 unum.

796 1010 827 1047 “
855 1009 965 1065 Cua
995 1024 1123 1062 vero
1154 1007 1367 1061 humani
1400 1005 1612 1075 generis
1649 1003 1718 1058 de
1758 1003 2005 1072 germine
2051 1008 2167 1053 toto

725 1100 854 1153 Pars
880 1098 1123 1166 qnzedatn
1153 1097 1205 1151 in
1234 1095 1448 1151 Christo
1492 1109 1706 1150 rursum
1748 1091 2049 1163 generantia
2091 1091 2167 1143 le-

866 1199 1047 1259 gatur,

583 1280 688 1335 705
726 1280 854 1334 Pars
887 1287 1097 1350 pereat,
1126 1293 1254 1332 cum
1297 1291 1459 1332 causa
1501 1275 1688 1330 eadem
1724 1272 1890 1328 simul
1929 1272 2167 1341 implicet

864 1386 1051 1425 omnes
1065 1412 1081 1437 ,

790 1463 902 1518 Nec
924 1463 1297 1516 discernantur
1324 1461 1540 1523 merito,
1564 1459 1653 1529 qui
1682 1473 1906 1513 munere
1934 1457 2163 1521 distant;

720 1553 836 1607 Non
866 1554 994 1606 satis
1018 1552 1277 1606 audemus
1300 1550 1554 1615 scrutari,
1585 1565 1684 1605 nec
1708 1565 1807 1619 per
1838 1559 2059 1617 opertas

723 1644 803 1698 Ire
834 1644 967 1710 vias,
1001 1643 1274 1710 callesque
1304 1642 1468 1708 gradu
1500 1641 1710 1709 pulsare
1737 1649 1993 1694 remotos.

722 1734 883 1788 Multa
896 1732 1093 1788 etenim
1109 1732 1247 1786 bene
1260 1742 1395 1786 tecta
1413 1732 1598 1794 latent,
1617 1730 1926 1798 nescitaqna
1942 1739 2181 1798 prosunt,
2196 1730 2241 1787 Β

584 1824 687 1879 710
728 1825 857 1878 Dum
888 1832 1157 1877 mansueta
1194 1821 1322 1875 ﬁdes
1353 1821 1595 1889 quadam
1624 1821 1787 1875 dilata
1816 1821 2060 1876 modem:

723 1914 986 1976 Sustinet,
1016 1923 1069 1967 et
1099 1913 1250 1966 nullo
1280 1912 1486 1981 ignorat
1515 1925 1619 1965 non
1651 1910 1794 1965 edita
1824 1911 2042 1964 damno.

789 2004 877 2060 Sic
902 2003 1112 2072 quando
1142 2004 1368 2058 electum
1396 2016 1464 2056 ex
1492 2001 1701 2057 cunctis
1741 2001 1994 2070 pupulum
2026 2000 2166 2055 Deus

862 2112 1025 2150 unum

722 2188 911 2258 Leges,
944 2186 1132 2253 sacris,
1164 2186 1385 2257 templo,
1414 2195 1721 2257 unguento,
1762 2184 2035 2255 signisque
2076 2184 2161 2239 l‘o-

862 2282 1015 2334 vehat
1036 2296 1051 2341 ;

721 2371 875 2439 Quod
923 2370 1020 2424 fuit
1068 2369 1379 2437 occultum,
1426 2367 1718 2438 mundique
1758 2367 1813 2421 in
1862 2365 1972 2422 ﬁne
2027 2377 2167 2422 rete-

860 2473 1005 2517 ctum
1034 2469 1135 2529 est,

582 2558 686 2614 7l5
723 2556 835 2611 Non
864 2556 1050 2610 aberat
1076 2554 1285 2610 nescire
1316 2565 1503 2608 omnes
1532 2553 1853 2622 quandoque
1895 2552 2164 2607 vocandas

717 2647 772 2700 lu
796 2661 1014 2715 regnum
1040 2651 1299 2699 aeternum
1323 2652 1533 2713 gentes,
1559 2651 1834 2711 totumque
1857 2652 1949 2711 per
1972 2643 2157 2696 orbem

721 2738 1033 2792 Dnnandum
1056 2735 1197 2806 quod
1222 2750 1342 2799 spes
1369 2750 1547 2801 parva:
1572 2746 1697 2789 tunc
1718 2734 1886 2803 plebis
1907 2733 2153 2788 habebit.

792 2831 885 2885 Sic
914 2840 1182 2899 postrema
1211 2827 1329 2881 dies
1356 2842 1456 2897 qua
1492 2828 1672 2882 mundi
1712 2826 1978 2881 clauditur
2024 2835 2156 2879 tetas

574 3002 868 3061 servationi
894 3002 1163 3071 Lugdnn.,
1193 3000 1351 3063 Lov.,
1384 2998 1543 3055 Duae.
1576 3009 1631 3055 et
1658 2999 1852 3053 Colon.

651 3076 775 3130 699.
804 3077 915 3141 Quo
936 3070 1181 3139 legeretur
1204 3087 1222 3124 :
1246 3073 1443 3136 Nempe
1468 3072 1604 3124 Deus
1635 3087 1662 3122 a
1686 3071 1864 3133 nobis,
1889 3080 1945 3141 ut
1958 3070 2153 3141 _Gallus

578 3139 863 3200 intellexit.
896 3143 1000 3199 Sed
1030 3156 1215 3197 contra
1244 3150 1330 3197 est
1351 3141 1479 3194 illud
1508 3142 1895 3207 evangelicum,
1921 3139 2042 3194 Non
2068 3157 2155 3195 vos

575 3230 658 3269 me
686 3215 929 3283 elegistis,
958 3214 1045 3266 sed
1085 3228 1176 3281 ego
1205 3212 1333 3282 elegi
1373 3226 1499 3283 vos:
1545 3221 1784 3283 propter,
1808 3212 1949 3283 quod
1996 3213 2155 3265 etiam

579 3280 801 3348 Auctor,
829 3298 951 3337 cum
976 3280 1588 3350 treqdcnterielectionis
1628 3281 1931 3335 meminerit
1955 3320 1969 3342 .
2002 3297 2155 3334 num-

575 3369 734 3422 quam
759 3364 932 3407 tamen
957 3352 1056 3422 nisi
1083 3352 1198 3420 ejus
1222 3364 1326 3420 qua
1352 3366 1381 3404 a
1400 3350 1511 3405 Deo
1540 3351 1637 3416 ipsi
1674 3350 1939 3422 eligimur.
1970 3350 2154 3419 Itaque

577 3420 677 3493 quo
716 3424 961 3493 legeretur
984 3463 1000 3493 ,
1040 3421 1091 3474 id
1134 3430 1254 3493 est,
1306 3436 1411 3493 quo
1452 3422 1629 3493 merito
1654 3436 1684 3473 a
1714 3434 1771 3493 se
1799 3420 1923 3493 eligi
1951 3432 2152 3489 posset.

578 3492 710 3548 Nam
743 3489 800 3545 re
826 3508 951 3546 vera
983 3491 1120 3544 Deus
1152 3491 1202 3543 in
1236 3489 1389 3544 nobis
1418 3492 1665 3543 meritum
1708 3489 1853 3554 eligit
1881 3534 1894 3552 ,
1945 3505 2008 3542 ac
2058 3507 2155 3546 nus

578 3564 645 3616 ad
693 3562 938 3616 meritum
966 3604 981 3628 ,
1031 3561 1127 3615 sed
1169 3558 1308 3626 quod
1357 3560 1582 3628 ipsemet
1622 3560 1801 3611 donat.
1842 3558 1959 3613 Uno
1988 3563 2155 3614 verbo

579 3634 708 3703 (quo
738 3641 904 3703 totum
933 3626 1538 3703 versiculu‘mexpono),
1576 3629 1715 3703 Dens
1755 3631 2026 3703 meritum
2049 3646 2155 3699 quo

579 3698 678 3754 nos
705 3701 867 3769 eligat
892 3716 995 3754 non
1027 3699 1231 3752 invenit
1261 3700 1311 3752 in
1344 3700 1519 3762 nobis,
1546 3698 1644 3752 sed
1675 3700 1903 3769 ipsemet
1931 3698 2074 3762 facit,
2099 3709 2156 3753 et

576 3768 821 3825 faciendo
850 3771 1016 3840 eligit.
1047 3769 1122 3822 De
1149 3770 1408 3840 electione
1439 3783 1537 3837 ago
1567 3784 1688 3837 quae
1716 3768 1772 3820 ﬁt
1804 3768 1855 3820 in
1880 3776 2152 3840 tempore,

579 3856 684 3893 non
733 3839 1058 3908 autent’qua
1107 3839 1264 3894 electi
1316 3852 1499 3895 sumus
1546 3848 1669 3893 ante
1713 3839 2152 3893 constitutionem

510 3914 513 3919 ’
578 3910 781 3963 mundi.
816 3910 967 3963 Doct.
999 3909 1129 3962 [μην.

647 3981 667 4001 ⁸
701 3980 880 4033 CAPUT
910 3977 1125 4031 XXXV.
1163 3977 1509 4035 Scrutandum
1540 3993 1642 4030 non
1673 3992 1778 4031 esse
1820 3993 1913 4030 cur
1953 3994 2015 4030 ex
2048 3986 2154 4031 toto

575 4065 754 4119 genere
782 4049 1002 4100 humano
1031 4062 1150 4117 pars
1180 4066 1281 4101 una
1310 4050 1565 4119 eligatur,
1586 4049 1746 4119 altera
1783 4050 1971 4118 rejecta
1990 4088 2004 4110 ,
2040 4049 2155 4119 licet

574 4117 751 4169 eadem
781 4134 938 4170 causa
958 4132 1126 4169 omnes
1150 4119 1392 4185 implicet.
1424 4118 1524 4169 Cur
1550 4117 1602 4167 id
1622 4117 1857 4184 ignorare
1882 4132 1981 4167 non
2004 4117 2150 4172 obsit.

579 4186 727 4240 Sicut
756 4188 846 4238 nec
876 4188 1045 4239 oberat
1076 4184 1227 4254 Aolim'
1262 4188 1453 4238 nescire
1497 4201 1670 4239 omnes
1716 4195 1880 4253 gentes
1930 4185 2040 4254 fore
2085 4184 2152 4239 ad

575 4257 727 4324 ﬁdem
755 4257 1027 4308 vocandas.
1062 4252 1171 4307 Nec
1192 4271 1324 4308 nunc
1342 4258 1545 4322 quando
1568 4252 1785 4307 mundus
1808 4252 2029 4320 ﬁnietur.
2062 4256 2153 4310 Vel

574 4340 689 4389 qua
718 4326 780 4378 sit
804 4332 958 4378 tanta:
986 4326 1035 4375 in
1075 4341 1252 4395 genere
1297 4325 1520 4377 humano
1564 4325 1816 4377 varietatis
1855 4341 2008 4376 causa
2032 4367 2047 4389 ,
2098 4336 2153 4379 ut

577 4394 693 4447 licet
736 4395 912 4448 eadem
955 4396 1020 4447 sit
1058 4394 1282 4465 amnium
1330 4403 1511 4447 natura
1538 4437 1551 4459 ,
1602 4410 1733 4446 unus
1761 4402 1924 4465 tamen
1956 4409 2147 4465 regnet,

573 4465 703 4517 alter
775 4465 985 4529 serviat,
1016 4472 1128 4531 etc.
1168 4463 1294 4519 Cum
1321 4472 1393 4516 tot
1425 4465 1726 4517 variatarum
1766 4463 2151 4532 manifestarum

575 4549 748 4588 cause:
792 4534 1020 4597 lateant,
1063 4550 1208 4586 nemo
1249 4543 1413 4587 tamen
1453 4536 1619 4602 arguit
1677 4548 1849 4585 earum
1897 4544 2151 4589 auctorem

573 4602 759 4675 Deum.
787 4603 970 4675 Merito
996 4604 1157 4656 Deum
1179 4605 1393 4658 voluisse
1418 4615 1472 4675 ut
1496 4620 1584 4656 nos
1612 4604 1786 4675 lateret
1811 4603 1999 4655 divina:
2018 4622 2152 4675 pra:—

570 4672 921 4739 destinationis
961 4689 1203 4725 arcanum
1253 4674 1495 4739 quamdiu
1524 4676 1574 4724 in
1601 4672 1693 4725 hac
1718 4674 1818 4725 vita
1848 4672 2045 4726 sumus.

645 4743 765 4795 704.
814 4738 1081 4812 Legatur:
1128 4738 1314 4799 rursus
1360 4754 1417 4798 ut
1462 4745 1699 4813 passim,
1762 4752 1857 4809 pro
1904 4742 2145 4811 eligatur.

575 4809 726 4865 Doct.
761 4810 892 4865 Lov.

621 4823 726 4866 θοι.
762 4823 892 4865 Ιλθν.

642 4882 745 4936 706
796 4880 905 4934 Nec
931 4879 1287 4936 discernantur
1326 4880 1528 4936 merito.
1556 4881 1817 4936 Videlicet
1840 4892 1964 4937 ante
1989 4881 2146 4937 iidem

566 4961 622 5005 et
649 4952 891 5019 gratiam.
922 4952 1078 5007 Doct.
1111 4950 1243 5005 Lov.

644 5022 777 5074 lbi'l.
812 5020 1028 5074 Munere
1050 5038 1069 5075 :
1103 5032 1356 5089 perpetuo
1383 5022 1470 5075 hic
1496 5037 1591 5089 pro
1620 5020 1782 5085 dono,
1809 5038 1914 5077 non
1946 5020 2145 5085 ofﬁcio,

569 5092 664 5146 sed
695 5106 951 5161 nusquam
983 5092 1147 5145 l‘erme
1179 5101 1282 5144 tam
1309 5094 1553 5161 ambigue
1581 5104 1738 5160 quam
1768 5096 1867 5146 hoc
1899 5093 2037 5145 loco.

641 5163 696 5215 7t
718 5162 761 5214 Ι.
795 5159 915 5213 Νοη
945 5161 1098 5214 edita.
1133 5160 1221 5216 Sic
1250 5177 1431 5215 rursus
1459 5158 1506 5215 v.
1544 5158 1664 5226 756,
1697 5162 1831 5215 edita
1862 5180 1960 5214 non
1988 5163 2069 5215 sit.
2102 5158 2145 5214 Ε

565 5240 752 5284 contra
796 5244 955 5297 supra
976 5270 993 5295 ,
1030 5246 1084 5284 ν.
1117 5231 1217 5295 86,
1260 5232 1397 5286 edita
1428 5230 1651 5301 linguis;
1681 5244 1732 5285 et
1768 5248 1819 5285 ν.
1856 5233 1976 5293 151,
2008 5232 2143 5301 edita

568 5301 713 5353 nobis
741 5341 753 5361 ,
800 5311 902 5355 etc.
933 5340 948 5360 ,
995 5315 1182 5367 nempe
1212 5303 1345 5353 edita
1372 5317 1464 5368 pro
1499 5300 1760 5354 declarata
1793 5316 1887 5353 seu
1919 5300 2141 5354 manife-

567 5383 736 5435 stata;
770 5386 871 5422 non
895 5371 1032 5423 edita
1056 5385 1184 5424 vero
1212 5382 1306 5439 pro
1334 5370 1560 5423 occulta.
1585 5370 1737 5423 Doct.
1771 5369 1899 5423 Lov.

635 5441 759 5492 71:.
796 5439 884 5491 Sic
909 5441 1136 5508 quando,
1163 5438 1266 5492 etc.
1301 5440 1472 5507 Epist.
1506 5440 1569 5492 ad
1607 5440 1724 5492 Ruf.
1762 5454 1810 5491 c.
1866 5438 1932 5492 16
1961 5456 1972 5489 :
2006 5439 2139 5504 Quia

565 5518 609 5559 rt
634 5513 684 5558 in
708 5510 1045 5579 (interioribus
1068 5509 1297 5569 stvculis,
1328 5510 1535 5576 quando
1581 5512 1642 5561 de
1672 5511 1820 5579 unius
1849 5510 2008 5579 gentis
2046 5526 2138 5570 po-

564 5581 687 5641 pnto
706 5577 994 5629 dicc'batur:
1013 5579 1176 5631 Notus
1196 5581 1248 5631 in
1264 5579 1449 5633 Judwa
1468 5579 1626 5638 Deus,
1644 5580 1694 5631 in
1715 5577 1878 5632 Israel
1897 5595 2133 5647 magnum

562 5662 744 5700 nomen
781 5651 924 5713 ejus:
948 5652 1119 5709 futura
1145 5652 1365 5716 gentium
1394 5652 1574 5705 latebat
1603 5652 1776 5705 electio
1801 5667 1818 5714 ;
1845 5661 1889 5702 et
1911 5657 2136 5719 postmo-

1810 260 1872 319 S.
1913 256 2129 315 PROSI’
2140 256 2256 310 EN
2298 251 2627 319 AOUITANI

2182 4666 2229 4724 υ

3752 242 3860 302 132

2402 363 2616 416 Notitiae
2646 369 2844 416 nostra:
2874 375 2982 415 non
3010 370 3092 415 est
3116 360 3279 425 data;
3322 371 3425 413 nec
3473 367 3648 412 tamen
3691 356 3857 425 hujus

2267 452 2372 508 7:20
2408 455 2617 507 Secreti
2650 453 2937 521 impatiens
2965 461 3271 506 sanctorum
3305 444 3458 503 turba
3487 448 3710 502 laborat.

2470 542 2587 611 Ipsa
2617 556 2830 611 quoque
2861 542 3074 596 humani
3102 541 3315 609 generis
3341 538 3571 593 carnalis
3598 540 3773 608 origo,

2402 633 2572 700 Quam
2600 635 2791 688 multas
2825 633 2977 688 vario
3017 634 3355 702 circumtegit
3390 632 3581 686 ordine
3618 631 3842 688 cattsas!

2404 721 2645 793 Cumque
2670 740 2862 779 omnes
2893 725 2962 779 de
2992 723 3261 779 fermento
3290 723 3548 792 producat
3585 725 3775 778 eodem

2412 816 2525 868 Una
2556 830 2770 881 manus,
2804 831 2904 870 nec
2922 815 3158 869 diversis
3180 816 3446 869 elementa
3474 826 3758 883 parentum

2264 904 2369 959 725
2412 906 2692 974 Principiis
2715 916 2947 961 coeant:
2976 908 3107 960 limo
3130 905 3373 974 procedit
3397 910 3465 959 ab
3494 922 3603 961 uno

2409 999 2597 1067 Dispar
2618 1013 2775 1069 opus,
2806 1009 2975 1053 mutat
3000 1014 3261 1054 numeros
3291 1014 3384 1067 per
3409 1000 3627 1055 vascula
3668 1000 3847 1068 lictor,

2407 1092 2789 1160 historiamque
2819 1107 2977 1145 uasat
3005 1093 3272 1147 discernit
3294 1092 3417 1161 jure
3444 1095 3699 1149 creantis.

2409 1182 2551 1250 Ergo
2576 1182 2764 1237 eadem
2790 1191 2977 1236 neutra
3004 1185 3216 1247 animae,
3246 1190 3543 1252 naturaque
3568 1185 3748 1239 carnis

2409 1273 2640 1329 Diversis
2666 1274 2926 1328 mundum
2955 1274 3056 1328 sub
3082 1273 3478 1329 conditionibus
3503 1276 3683 1330 intrat.

2266 1363 2368 1418 730
2407 1364 2500 1416 His
2530 1378 2752 1433 regnare
2770 1364 2956 1417 datum
2977 1372 3081 1429 est,
3112 1365 3233 1418 illos
3258 1366 3460 1419 servire
3486 1379 3706 1420 necesse
3726 1377 3804 1419 est
3831 1384 3847 1421 :

2411 1453 2520 1532 llos
2545 1454 2727 1515 dec0r,
2758 1464 2812 1507 et
2843 1456 2982 1509 vires
3010 1453 3199 1508 validae
3218 1492 3234 1520 ,
3265 1453 3558 1524 viridisque
3592 1462 3849 1511 senectus

2415 1546 2575 1617 169
2609 1546 2866 1614 Suscipit,
2897 1545 2997 1601 hos
3026 1547 3236 1614 Species
3263 1545 3547 1617 inhonora,
3570 1556 3625 1601 et
3664 1548 3844 1604 debile

2484 1684 2503 1697 .
2546 1650 2771 1703 corpus:

2410 1726 2506 1781 His
2535 1730 2673 1796 viget
2706 1727 2979 1795 ingenium
3011 1726 3287 1796 praeclaris
3312 1726 3521 1780 artibus
3548 1738 3752 1797 aptum,

2414 1818 2613 1872 Horum
2634 1820 2785 1872 tarda
2817 1820 3013 1887 premit
3039 1818 3249 1887 gelidus
3272 1819 3570 1885 pracordia
3595 1820 3846 1889 sanguis:

2267 1910 2372 1965 735
2409 1909 2679 1975 Quosdam
2711 1924 2813 1964 nec
2851 1910 3031 1964 licitus
3057 1909 3206 1963 calor
3236 1909 3423 1964 incitat
3464 1909 3533 1964 ad
3575 1926 3846 1981 generan-

2546 2000 2696 2054 dum.
3518 2053 3526 2059 .

2406 2092 2505 2147 Ast
2525 2092 2617 2146 alii
2655 2094 2898 2146 insanum
2921 2100 3192 2161 nequeunt
3212 2090 3432 2146 frenare
3460 2090 3735 2146 furorem:

2410 2184 2564 2239 Hunc
2609 2184 2794 2239 mitem
2832 2195 2886 2240 et
2932 2183 3196 2252 placidum
3242 2183 3532 2254 tranquilla
3580 2183 3847 2239 modestia

2548 2275 2736 2338 comit,

2411 2369 2454 2390 “
2478 2364 2703 2439 [Supple
2731 2365 2813 2417 hic
2835 2364 3116 2434 Asperitas
3146 2366 3306 2419 istum
3327 2363 3467 2436 genii
3491 2364 3848 2421 intractabilis

2552 2454 2753 2526 urget.]

2478 2547 2575 2602 His
2609 2554 2665 2602 et
2693 2546 2844 2601 mille
2870 2545 3042 2601 modis
3072 2559 3255 2602 semen
3286 2547 3619 2603 variantibus
3648 2562 3843 2615 unum,

2405 2638 2685 2711 Impariles
2712 2641 2947 2694 subeunt
2982 2639 3237 2694 distincta
3266 2640 3486 2694 exordia
3513 2639 3734 2694 formas.

2266 2732 2369 2787 740
2406 2731 2514 2787 Nec
2545 2738 2726 2785 tamen
2775 2731 2893 2786 inec
2928 2730 3067 2785 inter
3107 2738 3214 2784 tam
3247 2735 3668 2802 compugnantla
3698 2731 3844 2802 quis-

2539 2836 2700 2892 quam

2251 2998 2378 3056 dum
2407 3000 2628 3054 irmotnit
2656 3000 2793 3068 quod
2846 3001 3126 3055 revelatum
3158 3010 3283 3055 ante
3327 3018 3428 3056 non
3485 3004 3671 3070 fuerat,
3711 3005 3842 3059 sicin

2254 3072 2386 3124 dixit
2437 3071 2711 3142 Apostolus
2736 3086 2755 3123 :
2793 3071 2943 3142 Quod
2994 3072 3112 3125 aliis
3165 3074 3574 3142 generationibus
3618 3091 3721 3128 non
3766 3084 3839 3129 est

2254 3141 2510 3212 agnitum,
2534 3151 2638 3195 etc.
2668 3141 2820 3206 Quod
2843 3153 3021 3212 tamen
3050 3143 3120 3196 ita
3151 3141 3427 3196 dumtaxat
3463 3145 3835 3212 accipiendum

2255 3211 2490 3276 videtur,
2520 3220 2580 3264 ut
2606 3220 2711 3264 non
2736 3212 2933 3278 passim
2960 3211 3088 3264 olim
3119 3213 3361 3266 homines
3382 3211 3593 3267 scirent
3638 3229 3836 3269 vocan-

2182 3308 2227 3368 C
2256 3281 2354 3368 “is
2373 3282 2933 3368 ὶ¹ίε1υὲ¹3ι¹ἓίέηεξθξῑιῗὲτ
2988 3296 3176 3368 tam“
3193 3282 3419 3368 βὶῖίῖίιέιί.
3452 3283 3753 3368 "metu.
3785 3287 3837 3368 ‘4

2257 3351 2483 3421 scivisse
2511 3359 2568 3404 et
2586 3352 2952 3421 iprtedtcasse,
2990 3365 3063 3404 ex
3118 3351 3359 3418 professo
3410 3354 3668 3421 probatur
3702 3356 3843 3411 libro

2255 3419 2325 3474 de
2354 3420 2542 3474 Vocat.
2570 3420 2732 3473 Gent.
2762 3434 2880 3486 cap.
2907 3420 2993 3474 18.
3022 3420 3175 3474 Doct.
3209 3421 3409 3475 Lovan.

2330 3489 2452 3543 7M.
2477 3489 2765 3555 lundique
2790 3490 2845 3542 in
2886 3490 3121 3557 ﬁnemon
3167 3505 3261 3556 pro
3301 3503 3567 3558 postrema
3618 3492 3724 3556 die,
3770 3494 3844 3549 de

2255 3572 2358 3627 qua
2382 3570 2506 3632 mos
2532 3574 2585 3612 v.
2636 3558 2773 3621 718;
2822 3560 2922 3632 sed
2978 3574 3077 3627 pro
3122 3567 3392 3632 ‘tempore
3442 3576 3593 3617 novat
3656 3565 3838 3632 Legis,

2255 3645 2374 3697 qua:
2402 3631 2585 3683 ultima
2611 3640 2694 3682 est
2723 3628 2906 3682 mundi
2934 3638 3086 3682 astas.
3118 3628 3271 3683 Doct.
3303 3631 3502 3685 Lovan.

2328 3697 2453 3752 725.
2477 3697 2739 3759 Procedit,
2764 3713 2872 3769 non
2903 3698 3162 3767 procedat,
3188 3708 3247 3752 ut
3292 3700 3403 3762 alii,
3451 3701 3521 3755 ita
3576 3715 3839 3769 posvente

2254 3770 2519 3837 sententia
2554 3782 2677 3822 cum
2717 3768 2896 3822 verbis
2948 3782 3069 3835 quae
3132 3783 3446 3837 sequuntur.
3495 3768 3645 3825 Doct.
3699 3772 3833 3829 Lov.

2256 3836 2497 3917 Procedit
2524 3840 2856 3917 notarunt-in
2887 3839 3128 3907 margine
3156 3837 3312 3907 Lov.,
3350 3840 3515 3896 Duac.
3546 3851 3599 3895 et
3642 3843 3834 3897 Colon.

2256 3908 2556 3962 inseruerat
2583 3908 2751 3961 textui
2776 3908 3058 3973 interpres.

2326 3978 2449 4047 750.
2476 3977 2665 4029 Datum
2683 3986 2776 4039 est,
2802 3977 2936 4047 illos.
2964 3977 3115 4030 Doct.
3140 3977 3268 4030 [ιον.
3287 3979 3387 4047 legi
3410 3981 3836 4045 mavultdatnm:

2253 4046 2489 4118 astillos.
2513 4047 2617 4118 Alii
2640 4060 2761 4098 cum
2792 4044 2971 4110 Gallo,
3000 4047 3187 4100 Datum
3208 4058 3281 4101 est
3313 4044 3526 4118 (inquit)
3548 4054 3684 4114 illos,
3719 4044 3832 4107 etc.

2254 4116 2358 4189 Sed
2392 4118 2517 4189 mihi
2542 4117 2777 4189 placere
2806 4131 2911 4189 non
2943 4125 3120 4189 potest
3158 4116 3455 4189 importuna
3502 4116 3589 4174 illa
3629 4124 3835 4189 repeti-

2256 4186 2327 4237 tio
2354 4186 2497 4239 verbi
2521 4185 2841 4239 snbstautivi
2867 4187 2918 4238 in
2945 4185 3123 4239 medio
3149 4198 3203 4239 et
3232 4185 3335 4241 line
3361 4204 3546 4243 versus
3571 4210 3584 4241 :
3613 4185 3706 4244 cui
3735 4195 3835 4242 acl-

2251 4254 2318 4308 de
2344 4255 2481 4322 qund
2508 4256 2884 4321 conjunctione
2903 4264 2981 4308 ast
3000 4254 3190 4310 eodem
3221 4258 3380 4312 modo
3409 4269 3586 4313 utatur
3627 4261 3837 4315 Aut-tur

2254 4342 2374 4378 tnox
2409 4324 2565 4385 infra,
2595 4340 2645 4377 v.
2673 4326 2799 4379 736.

2322 4396 2443 4448 754.
2456 4392 2670 4466 Gelidus
2691 4395 2977 4463 praecordia
2993 4394 3225 4466 sanguis,
3239 4404 3346 4450 etc.
3365 4396 3645 4466 Virgiliana
3666 4399 3837 4466 phra—

2254 4464 2350 4529 sis,
2383 4480 2485 4534 qua
2516 4465 2681 4519 hebes
2708 4466 2975 4534 ingenium
3000 4464 3311 4520 denotatur.
3337 4467 3429 4521 Sic
3452 4464 3646 4539 Georg.
3671 4464 3753 4523 tt:

2345 4596 2570 4659 Frigidus
2590 4600 2837 4650 obstiterit
2858 4600 3038 4650 circum
3073 4602 3341 4661 praecordia
3366 4606 3582 4667 sanguis.

2261 4722 2357 4776 Ubi
2387 4722 2616 4798 allusum
2644 4733 2831 4798 putant
2859 4725 2926 4779 ad
2957 4729 3299 4798 sententiam,
3321 4727 3677 4798 Empedoclis,
3707 4730 3832 4783 ani~

2257 4808 2401 4865 nium
2428 4792 2862 4865 cordi_sul'fus_um
2886 4798 3196 4865 sanguinem
3220 4792 3600 4865 exiStiniautis,
3624 4792 3683 4851 ut
3704 4800 3821 4854 Cic.

2254 4858 2475 4915 Tuscul.
2506 4877 2544 4917 ι.
2580 4862 2729 4917 Doct.
2758 4863 2892 4918 Lov.

2328 4940 2449 4994 756.
2480 4939 2744 5016 Ευτονειη,
2778 4956 2971 5010 nempe
3001 4944 3264 5009 libidinis;
3290 4945 3340 4998 lii
3370 4946 3513 5016 enim
3537 4946 3601 4999 de
3628 4947 3831 5016 quibus

2255 5013 2508 5083 praesenti
2541 5026 2718 5083 versu,
2739 5021 3091 5083 opponuntur
3120 5015 3223 5068 illis
3244 5017 3309 5068 de
3329 5015 3520 5083 quibus
3550 5013 3779 5083 przcccd.
3805 5034 3828 5073 :

2260 5080 2521 5145 Quosdam
2556 5096 2646 5133 nec
2665 5081 2837 5134 licitas
2858 5083 3020 5149 calor,
3043 5094 3148 5138 etc.
3180 5080 3374 5138 Doctor
3398 5080 3602 5138 Lovan.

2321 5163 2362 5184 “
2388 5161 2483 5214 llic
2509 5161 2914 5216 desiderabatur
2936 5165 3136 5232 quinta:
3160 5165 3441 5218 antithesis
3456 5167 3828 5228 complemen-

2248 5238 2383 5293 tum,
2437 5232 2515 5284 nti
2561 5233 2719 5284 etiam
2767 5234 3073 5286 doctissima
3118 5249 3304 5287 manus
3351 5235 3419 5287 ad
3460 5248 3634 5288 meum
3675 5232 3829 5292 Galli

2248 5300 2522 5372 exemplar
2543 5312 2908 5372 annotaverat.
2927 5304 3111 5357 Gallus
3128 5305 3239 5372 ipse
3262 5304 3314 5357 in
3330 5315 3555 5370 utraque
3570 5307 3829 5363 versione

2247 5371 2612 5437 sitppleverat,
2636 5386 2733 5423 nos
2754 5373 2803 5424 in
2835 5371 3261 5442 L-ntinisquoque
3283 5375 3635 5441 supplendum
3666 5374 3826 5429 duxi-

2248 5455 2397 5510 tnus:
2424 5456 2488 5492 an
2509 5452 2674 5510 recte,
2696 5451 2751 5493 tu
2780 5442 2963 5506 lector,
2995 5444 3212 5496 videris.
3240 5443 3596 5510 Asperitntem
3629 5447 3826 5499 littera:

2243 5508 2448 5582 canina!
2475 5506 3150 5573 affectavitnus,utiAuctor
3177 5506 3371 5566 leniunt
3397 5513 3825 5582 liquidaruman

2246 5579 2524 5652 mollitiem
2564 5583 2691 5652 inv.
2720 5583 3063 5647 prrecedenti,
3092 5595 3155 5635 ac
3178 5598 3370 5652 rursus
3391 5579 3512 5637 ante
3541 5584 3591 5635 in
3616 5579 3826 5652 frenare

2240 5644 2464 5715 furorem
2483 5644 2731 5706 eamdem
2757 5652 3102 5721 asperitatem
3131 5649 3362 5709 allectat.
3394 5653 3543 5708 Doct.
3561 5644 3692 5708 Luv.
