4088 6176
262 282 383 340 ἱῦδ

419 395 611 465 Arguit
635 402 934 461 auctorem,
966 395 1055 465 qui
1089 409 1273 449 secum
1304 399 1548 453 continet
1574 397 1735 467 hujus

416 486 615 558 Legem
669 487 889 557 operis,
946 487 1075 541 dum
1118 486 1324 557 judicio
1382 489 1575 558 placita
1632 489 1870 559 explicat

562 593 745 647 sequo,

420 666 488 723 Et
515 682 701 721 rerum
724 680 915 721 causas
944 667 1203 723 obscurat
1221 668 1367 737 justa
1398 677 1661 738 potestas.

489 757 549 815 Si
592 766 867 813 terrenum
922 760 1079 829 igitur
1143 758 1493 831 ﬁgmentum,
1545 759 1868 829 addictaque

563 850 732 904 morti

264 941 385 997 7t5
425 940 741 1011 Progenies,
775 942 849 994 ita
875 940 1127 996 dissimili
1169 939 1485 1010 producitur
1510 948 1653 1004 ortu,

425 1032 492 1088 Ut
513 1048 637 1087 cum
654 1032 834 1101 operis
858 1032 1072 1101 species
1095 1039 1298 1101 pateat,
1316 1042 1492 1087 tamen
1510 1032 1649 1087 edita
1670 1044 1777 1085 non
1799 1029 1869 1085 sit

417 1124 617 1178 Norma
639 1124 934 1179 voluntatis
957 1124 1026 1180 de
1047 1140 1151 1193 qua
1175 1125 1321 1179 venit
1343 1124 1428 1177 hic
1452 1124 1641 1177 modus
1663 1125 1865 1193 impar;

420 1216 560 1285 Quid
593 1217 788 1270 mirum
817 1216 863 1270 si
892 1215 1104 1271 consilii
1127 1232 1288 1286 super
1307 1218 1485 1271 omnia
1509 1216 1687 1285 magni

422 1311 695 1364 Arcanum
732 1310 881 1373 latet,
927 1317 981 1363 et
1011 1310 1205 1379 placito
1234 1310 1547 1363 subducitur
1575 1308 1728 1363 alto?

271 1400 385 1456 750
422 1400 575 1469 Quod
612 1401 739 1455 dum
767 1416 899 1454 vana
929 1399 1100 1455 ﬂuunt
1145 1400 1355 1467 mundi,
1384 1400 1514 1454 dum
1556 1400 1609 1453 in
1638 1414 1869 1470 corpore

564 1492 759 1546 mortis

419 1581 657 1647 Vivitur,
691 1592 746 1638 et
773 1581 934 1653 positi
966 1581 1214 1652 expletur
1240 1588 1514 1637 certamen
1553 1580 1761 1651 agonis,

420 1676 540 1729 Non
566 1675 1005 1746 cognoscendum
1037 1675 1172 1730 texit
1203 1674 1363 1741 Deus,
1398 1672 1692 1743 utiliusque

422 1768 585 1822 Duxit
607 1767 674 1821 ad
706 1781 937 1822 examen
968 1767 1218 1836 quaedam
1245 1766 1429 1820 velare
1462 1766 1692 1835 piorum.

492 1864 510 1882 ‘
543 1859 657 1914 Non
680 1872 809 1929 ergo
839 1858 1108 1914 instamus
1134 1858 1354 1923 clausis,
1396 1872 1499 1912 nec
1527 1867 1713 1927 operta
1746 1871 1869 1927 pro—

560 1950 675 2004 caci

266 2042 381 2097 755
413 2039 682 2109 Urgemus
702 2054 854 2109 cura,
884 2040 1017 2095 satis
1039 2048 1124 2096 est
1146 2054 1313 2107 opera
1342 2038 1742 2110 Omnipotentis

415 2131 681 2196 Cernere,
728 2140 783 2186 et
826 2141 1104 2186 auctorem
1150 2140 1473 2186 cunctorum
1505 2142 1669 2185 nosse
1698 2129 1867 2184 bono-

562 2242 679 2281 rum
705 2242 721 2290 ς

490 2319 611 2387 Quo
639 2319 755 2375 sine
805 2318 879 2373 nil
927 2327 1136 2374 rectum
1180 2331 1337 2373 meus
1367 2317 1607 2373 inchoat.
1656 2313 1868 2371 Audeat

561 2423 751 2465 alueus

345 2549 476 2603 7U.
520 2548 707 2603 Secum
745 2547 989 2601 continet.
1045 2545 1291 2613 lntellige
1321 2544 1459 2598 hanc
1503 2544 1743 2611 phrasim
1796 2558 1863 2596 ex

272 2635 329 2673 ν.
356 2622 450 2686 52,
475 2635 657 2689 supra,
684 2619 771 2673 ubi
795 2621 1066 2679 similiter,
1086 2634 1257 2672 secum
1274 2616 1537 2681 tenuisset,
1564 2623 1674 2669 etc.
1707 2614 1861 2668 Doct.

270 2697 484 2886 $7131.
514 2758 725 2813 Iudicio
770 2758 959 2825 placita
1000 2757 1243 2828 explicat,
1270 2767 1375 2813 etc.
1400 2756 1491 2812 Sic
1539 2754 1697 2825 paulo
1746 2762 1868 2823 post

315 2848 385 2885 lCl
431 2849 445 2883 :

315 2840 445 2885 iett:

375 2920 443 2970 Ut
464 2932 574 2971 cum
590 2920 754 2980 operis
769 2920 963 2982 species
985 2925 1167 2980 pateat.
1195 2923 1357 2968 tamen
1383 2918 1511 2968 edita
1527 2929 1626 2968 nun
1648 2921 1713 2968 sit

370 2982 553 3032 Nomia
570 2982 847 3040 voluntatis,
870 2981 934 3031 de
957 2993 1072 3043 qua,
1098 2990 1194 3031 etc.

350 3088 487 3142 Item
512 3087 604 3139 lib.
634 3100 652 3140 ι
689 3086 757 3140 de
790 3084 923 3138 Voc.
948 3085 1112 3139 Geut.
1144 3102 1193 3139 c.
1224 3086 1292 3141 16
1325 3102 1338 3137 :
1377 3086 1519 3154 Opus
1548 3084 1733 3139 exserit
1762 3085 1865 3155 (sic

268 3158 511 3214 ratituo
538 3171 635 3226 pro
660 3155 857 3224 erexit)
884 3155 1067 3225 pietas,
1098 3172 1305 3209 causam
1332 3158 1570 3209 obscurat
1617 3166 1860 3226 potestas.

270 3234 483 3283 Horum
510 3228 652 3281 enim
682 3230 841 3279 trium
873 3228 1111 3279 locorum
1139 3242 1241 3280 una
1260 3236 1343 3280 est
1363 3229 1659 3281 sententia:
1698 3229 1860 3281 Deum

268 3315 449 3362 opere
489 3309 649 3365 atque
686 3296 1035 3367 exsecutione
1065 3296 1201 3364 ipsa,
1234 3311 1355 3365 qua:
1398 3296 1614 3365 quidem
1648 3312 1865 3367 semper

266 3369 578 3435 justissima
598 3368 692 3428 sit.
717 3366 1008 3421 ostendere
1054 3367 1181 3434 quid
1208 3366 1310 3420 sibi
1338 3371 1410 3420 sit
1441 3367 1725 3433 placitum;
1767 3366 1862 3423 sed

271 3454 379 3508 pro
397 3439 518 3506 jure
544 3441 822 3508 potestatis
848 3451 1115 3507 suprema:
1140 3451 1239 3489 nos
1259 3437 1437 3491 celare
1462 3436 1643 3506 placiti
1669 3440 1751 3492 sui
1776 3455 1864 3493 ra-

271 3506 479 3563 tiones.
512 3508 662 3560 Doct.
687 3506 821 3561 Lov.

351 3580 478 3631 750.
511 3574 737 3641 Corpore
764 3576 963 3629 mortis.
986 3572 1197 3630 Vidcsis
1218 3592 1377 3646 supra
1411 3575 1478 3631 ad
1506 3593 1557 3631 v.
1589 3577 1717 3633 486.

350 3650 475 3703 753.
495 3648 575 3700 Ad
596 3662 872 3700 examen...
889 3647 1088 3715 piorum
1104 3663 1122 3699 :
1143 3662 1247 3700 non
1266 3659 1323 3701 ut
1345 3647 1418 3701 illi
1443 3663 1505 3701 ea
1528 3649 1858 3715 exatninent,

272 3720 375 3775 sed
408 3733 503 3783 per
533 3719 621 3770 illa
654 3718 829 3783 potius
866 3729 895 3768 a
929 3716 1039 3768 Deo
1068 3718 1447 3771 examinentur
1482 3726 1536 3771 et
1564 3723 1861 3784 probentur

274 3804 444 3859 quam
472 3786 862 3859 niniigtmsiut
896 3787 1124 3859 humiles
1146 3798 1201 3859 et
1234 3787 1438 3842 lideles.
1465 3788 1620 3842 Dect.
1654 3788 1786 3843 Lov.

356 3858 579 3913 'Csrur
609 3854 853 3911 XXXVI.
900 3854 1100 3909 Relicta
1146 3856 1257 3909 Deo
1291 3873 1599 3913 arcanorum
1647 3876 1858 3914 suorum

272 3929 923 3997 conscientia,agnoscatur
935 3942 1065 3979 unus
1081 3935 1376 3980 cunctorum
1397 3940 1573 3982 auctor
1593 3928 1858 3985 bonorum.

276 3999 461 4069 Usque
483 3999 551 4050 ad
579 3994 845 4069 minimum
873 3994 1311 4069 bonreAvoluntatis
1333 3999 1555 4069 initium.
1594 4000 1862 4069 Desipiunt

271 4066 567 4140 qui—Paulo
599 4069 700 4140 ipsi
740 4066 1144 4140 inscrutabilem,
1169 4083 1261 4120 cur
1288 4068 1341 4120 hi
1374 4070 1542 4140 potius
1584 4066 1734 4138 quam
1780 4071 1863 4125 illi

275 4138 373 4208 per
395 4139 615 4208 gratiam
644 4138 1313 4208 liberentur,qutestionem,
1345 4154 1437 4204 per
1462 4139 1615 4208 liberi
1659 4140 1863 4195 arbitrii

272 4206 411 4264 sane
436 4217 485 4261 et
511 4208 647 4261 nolle
672 4224 726 4261 se
746 4206 939 4261 solvere
958 4222 1104 4277 posse
1124 4208 1419 4281 opinantur.
1448 4207 1566 4281 Non
1591 4225 1738 4281 posse
1764 4211 1863 4266 Dei

273 4281 535 4355 judicium
565 4295 672 4355 non
685 4293 791 4331 esse
820 4293 1040 4355 acquum,
1068 4280 1297 4343 quamvis
1345 4280 1600 4355 occultum
1625 4283 1710 4345 sit,
1744 4297 1859 4355 cum

272 4348 516 4403 manibus
544 4348 779 4401 meritum
808 4348 876 4399 ad
904 4356 1114 4399 mortem
1138 4359 1375 4417 suppetat
1404 4350 1480 4402 vel
1508 4367 1570 4404 ex
1597 4368 1699 4404 uno
1747 4352 1857 4403 ori-

1237 285 1523 342 CARMEN
1569 286 1656 342 DE
1698 285 2044 344 INGBATIS.
2085 283 2261 341 PARS
2295 283 2575 341 TERTIA.

1893 403 1940 459 Α

3454 285 3558 343 156

2116 393 2370 463 Impietas
2402 394 2610 449 tumido
2630 393 2864 451 arbitrio
2892 397 3210 453 subnectere
3237 408 3429 451 causas

2118 483 2428 537 Divinorum
2454 497 2710 554 cperum:
2742 500 2841 539 nos
2858 500 2979 540 cum
3009 490 3290 541 manitesta
3314 487 3562 541 videmus

1971 568 2078 629 760
2114 573 2263 627 Dona
2314 573 2432 635 Dei.
2464 587 2694 643 quorum
2732 585 2819 629 est
2856 574 2981 630 fons
3026 590 3185 645 unus,
3220 590 3432 630 summa
3462 590 3559 630 vo-

2259 665 2461 735 luntas,

2114 754 2249 809 Cum
2283 756 2450 810 Paulo
2484 756 2770 811 tremuisse
2810 756 2980 825 juvat,
3009 756 3393 827 stupidnmque
3440 774 3559 813 mo-

2254 846 2408 901 deste

2119 936 2273 1009 171
2319 937 2577 991 Invictum
2619 937 2686 992 ad
2729 938 2930 993 solium
2976 938 3185 997 Christi
3226 939 3561 1011 suspendere

2253 1042 2473 1084 nutum:
3116 1096 3121 1107 Ι

2112 1120 2283 1189 Cujus
2308 1122 2571 1191 judicium
2600 1122 2679 1178 sic
2710 1122 3062 1179 inscrutabile
3093 1131 3149 1179 et
3172 1125 3339 1179 altum

2114 1216 2376 1279 Dicimus.
2406 1227 2462 1270 nt
2493 1233 2657 1271 verax
2690 1230 2909 1288 prorem;
2943 1217 3212 1274 fateamur
3240 1228 3293 1274 et
3321 1233 3559 1287 arquum.

1971 1307 2075 1363 765
2114 1306 2244 1363 Nam
2290 1310 2537 1364 meritum
2580 1308 2645 1363 ad
2698 1320 2929 1365 mortem
2973 1311 3314 1366 subeundam
3363 1313 3561 1368 suttirit
3610 1308 3611 1311 “

2254 1417 2452 1466 ιιιιιιιιι;

2115 1491 2195 1546 Ad
2222 1491 2414 1554 vitam,
2444 1489 2546 1545 nisi
2579 1492 2719 1561 quod
2749 1490 2961 1545 donarit
2986 1490 3179 1560 gratia,
3213 1494 3439 1549 nullum.

2186 1582 2309 1637 ‘Tu
2341 1597 2493 1651 vero,
2524 1598 2559 1638 ο
2607 1598 2741 1636 nova
2783 1597 2938 1652 gens,
2992 1586 3193 1639 vetaris
3226 1602 3344 1655 quae
3390 1588 3561 1658 stirpe

2250 1673 2469 1727 oleastri

2122 1766 2373 1829 Velleris,
2404 1774 2458 1819 et
2482 1779 2649 1819 sacrae
2679 1766 2843 1820 ramis
2874 1766 3123 1821 inolescis
3157 1767 3332 1834 olivie,

2120 1854 2378 1921 Qnmrere
2406 1854 2647 1907 formata:
2679 1856 2846 1909 sentis
2880 1866 2929 1911 te
2958 1856 3163 1912 hondis
3194 1861 3455 1915 honorem

1977 1946 2081 2001 770
2120 1946 2235 2000 Non
2266 1945 2442 1999 studio
2472 1946 2704 2012 cmpisse
2730 1955 2841 2012 tuo,
2873 1947 2967 2001 sed
2992 1948 3115 2017 jure
3146 1953 3381 2019 potentis

2119 2042 2382 2112 Agricolas
2409 2044 2662 2099 insertim
2693 2043 2923 2102 fecundo
2945 2048 3127 2104 vivere
3154 2050 3297 2118 ligno
3321 2065 3335 2101 :

2121 2132 2288 2188 Vince
2309 2135 2663 2202 superborum
2693 2134 2873 2198 ﬂatus,
2905 2145 2961 2190 et
2992 2153 3127 2192 vana
3152 2138 3422 2193 furentum

2115 2221 2443 2279 Turbinibus
2473 2226 2648 2281 stabili
2681 2226 2832 2283 tortis
2864 2227 3064 2298 pietate
3102 2231 3294 2285 resiste
3324 2249 3337 2283 :

2113 2316 2224 2372 Nec
2248 2317 2341 2372 tibi
2368 2316 2572 2372 fallacis
2591 2319 2851 2390 subrepat
2881 2322 3057 2392 imago
3084 2323 3321 2387 decoris,

1976 2407 2083 2463 775
2120 2407 2336 2463 Nullum
2358 2424 2423 2464 ex
2447 2411 2532 2464 bis
2554 2425 2742 2465 errare
2762 2420 2940 2481 putes.
2964 2412 3114 2468 Licet
3138 2414 3192 2468 in
3216 2428 3377 2469 cruce
3389 2414 3553 2469 vitam

2110 2540 2194 2617 rel
2216 2543 2400 2617 gratiis
2432 2560 2609 2617 quam”
2632 2544 2839 2598 meritus
2879 2546 2943 2598 sit
2969 2547 3197 2612 ascribit,
3236 2550 3553 2617 proﬁcientia

1970 2612 2142 2678 deﬁcit
2166 2615 2419 2665 currendo
2443 2615 2655 2666 recedit.

2044 2681 2349 2757 767._N_osa
2374 2698 2516 2750 gens.
2551 2684 2678 2757 _Non
2706 2683 2999 2757 alloquitur
3037 2686 3279 2753 Ingratos
3324 2687 3407 2757 (ut
3433 2691 3555 2757 qui-

1971 2752 2093 2804 dum
2115 2752 2513 2826 existimarunt,
2544 2755 2679 2807 torte
2710 2754 2920 2821 decepti
2963 2752 3117 2809 voce"
3138 2773 3291 2819 riora,
3333 2752 3464 2826 ante
3496 2760 3550 2814 in

1974 2826 2168 2895 malam
2200 2832 2407 2895 partem
2463 2824 2771 2893 frequenter
2805 2826 3087 2895 accipitur)
3112 2842 3129 2889 ;
3156 2829 3245 2881 sed
3292 2824 3550 2883 orthodo-

1976 2908 2100 2965 xum
2128 2892 2381 2965 Ecclesiae
2400 2892 2684 2961 populum;
2718 2910 2912 2948 novum
2944 2892 3124 2963 utique
3147 2902 3551 2965 comparatione

1971 2963 2203 3026 Judzaici,
2231 2962 2314 3017 cui
2348 2966 2449 3017 hoc
2481 2964 2600 3017 loco
2635 2965 2947 3033 opponitur.
2984 2962 3131 3021 Dect.
3168 2962 3298 3022 Lov.

2047 3034 2173 3107 768.
2208 3033 2445 3107 Vellet-is.
2480 3034 2645 3090 Verb.
2690 3050 2786 3104 pro
2806 3037 3068 3107 ravelleris.
3108 3038 3414 3107 Virgiliaue.
3454 3040 3555 3095 Al-

1973 3104 2173 3157 luditnr
2215 3106 2279 3157 ad
2312 3104 2472 3161 Rom.
2505 3120 2579 3169 xl,
2607 3106 2693 3170 17,
2728 3106 2813 3160 ubi
2843 3109 2911 3161 de
2938 3119 3100 3174 gente
3139 3104 3471 3168 Jndaaornm.
3496 3121 3557 3165 ut

1968 3175 2589 3248 aliumetdegentili‘ut
2641 3178 2863 3229 oleastro
2920 3180 3221 3233 disseritur.
3272 3180 3403 3233 Vide
3437 3187 3553 3248 ejus

1968 3244 2070 3297 loci
2101 3245 2489 3319 expositionem
2516 3244 2844 3303 luculentam
2872 3248 3013 3317 apud
3042 3253 3176 3319 Aug.
3202 3249 3257 3303 in
3285 3244 3551 3319 psalmum

1967 3327 2130 3367 usu.
2158 3315 2312 3368 Duct.
2347 3316 2475 3369 Low.

2038 3385 2163 3440 709.
2193 3383 2457 3439 Formam:
2486 3386 2709 3455 frondis,
2739 3402 2931 3451 nempe
2957 3388 3245 3456 o'eaginre;
3283 3400 3339 3443 ut
3358 3392 3554 3445 distiu-

1966 3457 2360 3535 guitur_contra
2387 3457 2655 3535 tramitem
2702 3459 2947 3525 oleastri,
2987 3460 3136 3514 velut
3182 3461 3470 3516 informem
3496 3472 3556 3517 et

1964 3525 2355 3593 imperfectam.
2385 3528 2535 3581 Uoct.
2568 3527 2699 3582 Lov.

1982 3664 1997 3672 _
2038 3593 2160 3647 772.
2187 3596 2559 3672 superborum.
2587 3598 2999 3672 hlassiliensium
3029 3600 3331 3668 epitheton,
3362 3612 3416 3654 et
3437 3603 3557 3672 qui-

1964 3664 2086 3740 dem
2119 3680 2150 3719 e
2188 3664 2399 3721 duabus
2432 3669 2697 3735 primariis
2744 3685 2927 3722 unnm.
2958 3664 3201 3724 Alterum
3237 3664 3428 3740 nempe
3455 3664 3557 3725 'cst

1964 3732 2329 3811 Ingratorum;
2356 3732 2516 3811 ambo
2536 3748 2713 3811 autem
2738 3740 3067 3811 conjunctini
3102 3740 3266 3795 habes
3289 3732 3470 3811 supra,
3499 3742 3552 3796 in

1964 3805 2208 3871 Prmfat.,
2239 3816 2293 3861 et
2318 3823 2368 3858 v.
2401 3806 2524 3861 684.
2569 3810 2717 3861 Doct.
2753 3809 2885 3861 Lov.

1962 3943 1989 3999 r
2025 3875 2140 3998 774
2168 3884 2225 3932 et
2249 3891 2366 3946 seq.
2400 3876 2633 3944 Decoris,
2659 3876 2884 3943 nullum,
2916 3888 3021 3932 etc.
3051 3880 3322 3933 Hactenus
3354 3881 3551 3937 lectum

1989 3961 2039 3999 ut
2078 3963 2091 3998 :

1989 3955 2091 4000 υιιε

2478 4038 2794 4100 ....Subrepat
2819 4041 2975 4101 imago
2998 4040 3208 4091 decoris.

2207 4099 2401 4149 Nullum
2420 4112 2484 4149 ex
2509 4102 2584 4150 bis
2614 4099 2784 4150 errare
2810 4099 2954 4161 putes
2968 4102 2994 4153 ?

1962 4180 2074 4237 Nec
2104 4182 2514 4253 interrogationi
2554 4194 2662 4237 tam
2710 4183 2953 4253 abruptae
3009 4184 3288 4240 dissimilis
3334 4198 3418 4242 est
3460 4190 3551 4245 illa

1962 4267 2146 4322 supra,
2178 4269 2227 4305 ν.
2260 4252 2401 4308 ι59ε

2088 4341 2372 4393 Divinarum
2396 4356 2601 4407 operum
2632 4343 2758 4407 quod
2780 4344 2977 4408 ponitis,
3006 4352 3102 4396 etc.
3122 4344 3149 4394 τ

274 4422 415 4499 ginis
457 4428 683 4489 peccato.
725 4416 943 4471 Nullum
966 4418 1033 4469 ad
1060 4416 1212 4472 vitam
1252 4420 1353 4471 nisi
1387 4423 1523 4488 quod
1568 4424 1737 4491 gratia
1774 4424 1872 4475 do-
1900 4425 1953 4485 Ι)
1978 4424 2178 4499 Tamen
2205 4427 2728 4499 locumicorruptum
2752 4442 2872 4481 esse
2902 4443 3022 4482 cum
3053 4428 3207 4482 Callo
3226 4431 3421 4491 sentio.
3462 4433 3554 4499 qui

1982 4498 2083 4549 hoc
2104 4496 2499 4550 hemi~tichium
2526 4513 2648 4551 cum
2686 4499 2952 4564 superiori
2998 4513 3153 4552 versu
3182 4499 3319 4555 forte
3352 4496 3553 4558 debere

526 4556 1252 4641 Quosineactcxblagnince
1285 4558 1522 4641 abutitur
1553 4560 1737 4641 pu_tido
1781 4562 1874 4617 illo
1974 4565 2225 4641 conjungi
2253 4574 2512 4621 autumat.
2548 4556 2908 4641 Optaremqne
2955 4568 3156 4641 (pergit
3200 4570 3357 4641 Doct.
3389 4556 3551 4641 Lovlj

280 4629 493 4702 Virgilii
530 4630 874 4685 hemistichio
902 4628 966 4682 ad
999 4630 1347 4683 Macenatem
1375 4628 1572 4702 Georg.
1605 4631 1665 4688 ὃς

470 4719 546 4771 Te
566 4722 676 4770 sine
694 4719 761 4769 nil
776 4719 927 4770 altum
947 4732 1089 4768 mens
1114 4720 1321 4771 inchoat.

281 4804 365 4860 Ex
398 4819 508 4875 quo
535 4805 696 4859 etiam
743 4812 893 4871 patet
922 4804 1204 4875 legendum
1234 4813 1452 4869 rectum,
1487 4806 1561 4859 uti
1618 4805 1870 4874 Virgilius

277 4870 433 4929 dixit
454 4876 648 4939 altum;
678 4870 782 4945 non
806 4870 1157 4943 autetui'recti,
1188 4884 1245 4928 ut
1270 4875 1537 4930 habebant
1556 4870 1737 4945 plures
1752 4877 1866 4933 edi-

279 4945 482 5000 tiones.
516 4947 663 4998 Iioct.
700 4944 834 4997 Lov.
1560 4944 1567 4945 '
1622 4970 1627 4975 -

353 5016 483 5071 758.
511 5014 737 5067 Arbitrio
756 5013 1050 5067 subnectere
1076 5030 1280 5080 causas,
1311 5023 1415 5069 etc.
1449 5016 1624 5070 Dictio
1654 5027 1734 5071 est
1772 5017 1797 5070 ,Ι
1809 5034 1870 5071 ιι-

276 5086 488 5139 venalis
537 5087 586 5137 iu
639 5086 743 5139 line
770 5083 883 5140 Sat.
915 5086 969 5149 5,
1019 5086 1105 5138 ubi
1135 5086 1290 5154 legis,
1321 5087 1619 5139 subnectere
1661 5104 1862 5155 causas,

278 5156 497 5210 tametsi
523 5155 679 5225 longe
705 5155 817 5209 alio
843 5170 1002 5208 sensu
1027 5156 1104 5221 (ut
1142 5159 1282 5209 Solet
1311 5154 1505 5209 Noster
1530 5170 1556 5207 a
1590 5154 1864 5211 veteribus

279 5242 389 5281 non
424 5226 649 5293 perinde
671 5239 862 5280 sensus
887 5238 950 5277 ac
976 5228 1197 5291 phrases
1219 5228 1446 5279 mutuari
1469 5229 1508 5294 ).
1541 5228 1618 5280 Ad
1646 5243 1861 5281 sensum

276 5306 463 5350 autem
490 5296 633 5366 quod
662 5298 875 5366 attinget,
904 5296 1011 5361 peti
1056 5294 1101 5347 is
1131 5302 1311 5364 potest
1332 5309 1395 5350 es
1424 5298 1582 5349 simili
1633 5298 1748 5349 loco
1794 5300 1862 5352 ad

275 5368 445 5436 capit.
472 5365 714 5437 8'Gallor
733 5383 745 5418 :
764 5365 955 5419 Causas
977 5379 1092 5437 vero
1124 5379 1335 5433 operum
1356 5376 1403 5419 et
1420 5368 1737 5437 judiciorum
1767 5366 1865 5423 Dei

273 5433 365 5507 qui
385 5452 451 5489 ea:
471 5445 574 5488 toto
594 5436 662 5489 ad
688 5435 938 5507 huntanas
965 5433 1247 5507 voluntates
1271 5444 1318 5507 et
1342 5433 1566 5491 actiones
1589 5439 1860 5507 νεῖον-ιη...

274 5503 325 5559 et
352 5507 762 5576 dispensationes
787 5503 881 5576 Dei
906 5520 968 5558 ea:
996 5505 1138 5558 liberi
1168 5505 1367 5560 arbitrii
1394 5509 1496 5560 vult
1524 5503 1863 5564 mutabilitate

272 5574 492 5639 variari,
515 5587 623 5630 etc.
656 5577 809 5629 Dect.
838 5574 968 5628 Lov.

346 5651 369 5673 ‘
393 5650 580 5702 Carm
610 5644 874 5701 XXXVII.
908 5644 1165 5715 Quantum
1199 5646 1296 5699 viri
1324 5646 1501 5715 ﬁdeles
1527 5651 1589 5702 ab
1628 5648 1860 5704 hostibus

271 5722 458 5787 gratiis
485 5718 583 5773 sibi
611 5732 786 5772 cavere
805 5716 1036 5769 debeant.
1063 5714 1381 5789 Quicumque
1404 5720 1610 5774 virtutes
1634 5736 1755 5775 suas
1785 5723 1860 5774 vel

1972 4649 2095 4712 cum
2126 4635 2311 4691 eodem
2330 4650 2466 4712 _m_s_s_.
2493 4651 2685 4712 opem:
2709 4636 2804 4712 sed
2832 4635 3099 4712 Quasi—inhi
3126 4654 3194 4694 ne
3216 4640 3399 4694 Romae
3428 4635 3553 4712 qui;

1972 4706 2092 4779 dem
2121 4720 2309 4761 omnes
2330 4706 2685 4779 bibliothecas
2712 4708 3059 4779 celebriores.
3092 4711 3365 4779 ipsamque
3385 4706 3551 4768 eiam

1979 4774 2307 4850 Yaticanam,
2330 4778 2682 4850 perlustranti
2710 4778 2993 4850 obtingere
3013 4774 3201 4844 potuit.
3234 4774 3399 4850 Igitur
3432 4792 3553 4838 meo

1969 4846 2165 4905 Marte,
2191 4862 2296 4900 non
2328 4848 2495 4901 invito
2529 4847 2704 4909 Gallo,
2753 4848 2823 4901 ita
2870 4846 3098 4911 restitui,
3133 4858 3189 4904 ut
3217 4846 3323 4905 duo
3355 4850 3407 4903 hi
3433 4867 3555 4905 ver-

1968 4929 2061 4971 sus
2078 4916 2183 4989 sibi
2212 4919 2540 4989 cohaereant.
2573 4917 2858 4973 subaudita
2887 4928 3063 4973 tamen
3096 4920 3237 4974 inter
3266 4930 3553 4989 utrumque

1967 4988 2347 5061 conjunctione
2375 4997 2449 5041 ut.
2476 4987 2726 5043 Dubitavi
2772 4989 2957 5057 etiam,
3000 5006 3130 5044 num
3162 4993 3303 5047 torte
3340 4987 3555 5061 integer

1969 5071 2157 5111 versus
2184 5056 2604 5125 desideraretur,
2635 5073 2688 5113 v.
2712 5070 2765 5129 g.
2792 5077 2803 5112 :

2063 5146 2129 5196 Ut
2146 5148 2261 5209 quia
2285 5148 2559 5210 conspicuis
2579 5155 2693 5199 sunt
2718 5150 2952 5210 moribus,
2983 5157 3131 5213 atque
3150 5153 3392 5216 probatis;

1966 5228 2085 5281 sine
2115 5229 2511 5301 quoiproferto.
2557 5242 2647 5283 aut
2676 5232 2858 5293 simili,
2914 5247 3021 5288 non
3068 5236 3199 5287 satis
3257 5235 3548 5301 indicatur,

1964 5300 2305 5371 quassit‘illa
2335 5300 2541 5368 fallacis
2572 5302 2744 5371 imago
2772 5302 2994 5371 decoris.

2035 5367 2418 5442 775._Licetin
2438 5387 2609 5435 cruce,
2641 5367 2748 5442 eic.
2784 5369 2946 5439 Igitur
2977 5372 3063 5423 ubi
3108 5372 3259 5435 illud,
3312 5371 3545 5442 inquies,

1963 5440 2357 5508 evangelicum,
2371 5439 2454 5494 Ea:
2474 5441 2724 5509 fructibus
2750 5456 2925 5495 eorum
2946 5443 3256 5510 cognoscetis
3275 5459 3361 5497 eos
3378 5439 3402 5497 ?
3419 5439 3547 5501 Siue

1964 5510 2129 5564 dubio
2154 5511 2298 5565 enim
2332 5514 2581 5565 nonnulla
2611 5512 2870 5565 doctrinm
2904 5511 3149 5578 probatio
3178 5527 3357 5568 mores
3387 5524 3542 5569 sunt:

1964 5582 2057 5634 sed
2091 5596 2189 5636 nec
2217 5582 2266 5635 id
2319 5591 2480 5650 negat
2531 5582 2615 5653 hic
2658 5580 2875 5653 Noster,
2910 5583 3074 5653 immo
3119 5584 3297 5651 potius
3331 5588 3543 5653 probat,

1962 5666 2084 5705 cum
2139 5653 2477 5707 detracturus
2527 5650 2970 5719 Semipelagianis
3005 5650 3141 5707 hanc
3180 5650 3402 5718 larvam,
3436 5672 3543 5710 non

1964 5736 2082 5777 eam
2109 5722 2209 5777 init
2250 5724 2410 5787 viam,
2444 5730 2501 5775 ut
2529 5722 2675 5776 dicat
2705 5734 2885 5776 mores
2915 5723 3050 5777 nihil
3073 5724 3317 5780 conferre
3344 5727 3408 5778 ad
3441 5726 3538 5781 duo
