4088 6176
407 189 519 246 157

561 298 741 358 lntima
769 301 974 369 viperei
1003 300 1287 357 foveantur
1311 303 1521 358 viscera
1547 305 1775 358 sensus?

397 393 512 449 805
551 391 594 447 Ο
623 392 764 447 bene
801 393 945 462 quod
978 394 1078 448 diri
1109 395 1312 449 erroris
1345 396 1516 449 malus
1544 397 1635 451 ille
1662 394 1916 465 magister

550 482 707 538 Nullo
739 485 980 551 praelevit
1022 485 1239 540 lcthalia
1278 487 1466 554 pocula
1497 487 1656 542 melle
1687 504 1702 540 :

547 573 653 629 Sed
685 590 792 627 non
823 575 1068 644 ambigua
1111 575 1376 630 infectum
1406 577 1618 631 feritate
1649 592 1913 630 venenum

547 661 804 730 Protulit,
835 673 889 718 et
911 674 1072 734 gustu
1099 665 1250 719 virus
1281 666 1484 720 detexit
1523 667 1746 723 amaro!

546 753 679 808 Nam
711 753 756 807 si
785 754 1086 823 argumenti
1109 755 1401 824 primordia
1425 770 1532 810 non
1562 766 1842 811 onerasset

395 844 506 899 ΜΟ
547 844 641 898 His
663 860 782 912 qua:
803 845 1054 915 discipuli
1069 846 1416 915 dempserunt
1443 847 1772 916 callidiores,

549 935 864 991 innumeras
898 936 1064 992 dubio
1090 937 1332 1002 cepisset
1362 939 1622 1006 plasmate
1658 946 1866 993 mentes
1894 955 1910 1004 ;

551 1025 684 1092 Quae
713 1024 841 1080 dum
867 1027 1036 1080 multa
1057 1027 1240 1081 vident
1269 1027 1516 1082 informia
1546 1027 1732 1082 limine
1754 1026 1808 1082 in
1838 1027 1975 1097 ipso,

548 1115 780 1170 Horrida
813 1116 1065 1171 terriﬁca:
1093 1116 1368 1170 declinant
1396 1116 1532 1171 atria
1563 1115 1772 1170 mortis.

546 1208 657 1263 Nec
677 1209 787 1277 jam
818 1210 926 1263 illis
949 1218 1172 1278 possunt
1190 1211 1356 1264 attriti
1382 1209 1610 1264 illudere
1632 1207 1799 1274 fures,

392 1299 509 1356 8l5
552 1299 790 1366 Quorum
816 1314 923 1370 quo
955 1301 1179 1355 tendant
1212 1307 1376 1368 artes,
1421 1307 1584 1368 atque
1612 1297 1759 1353 unde
1797 1295 1980 1353 orian-

689 1400 796 1458 tur,

545 1480 664 1538 Non
718 1481 894 1536 dubiis
930 1489 1238 1552 promptum
1284 1490 1370 1538 est
1417 1481 1588 1538 cuivis
1646 1494 1978 1553 cognoscere

685 1575 872 1644 signis.

625 1669 654 1701 "
685 1666 797 1721 Non
829 1666 989 1735 igitur
1019 1681 1144 1722 cum
1175 1666 1443 1722 damnatis
1473 1669 1676 1724 sentire
1707 1667 1971 1732 videntur,
2006 1666 2054 1728 Β

543 1756 682 1812 Cum
715 1759 898 1812 dicunt
944 1767 1173 1814 mortem
1221 1759 1276 1814 in
1315 1768 1542 1814 cunctos
1586 1757 1843 1815 transisse
1883 1773 1975 1828 per

687 1863 853 1902 unum

540 1937 782 1992 Primum
831 1937 1142 2006 hominem,
1206 1939 1360 2009 cujus
1401 1937 1609 1994 crimen
1656 1936 1974 2008 resperserit

683 2042 871 2083 omnes

396 2119 505 2176 830
544 2119 656 2175 Nec
680 2133 1001 2190 quemquam
1028 2119 1083 2176 in
1112 2119 1277 2175 vitam
1303 2127 1561 2176 aeternam
1585 2120 1690 2175 nisi
1717 2117 1862 2175 fonte
1885 2132 1971 2172 re-

686 2220 867 2264 natum

548 2299 840 2354 Venturum
871 2316 884 2354 :
918 2299 1250 2371 infantesque
1278 2317 1401 2358 reos
1431 2303 1534 2356 hoc
1557 2315 1782 2357 munere
1810 2299 1972 2366 solvi,

397 2462 677 2518 cliviorem
703 2458 868 2533 fuisse
889 2462 946 2533 S.
980 2470 1166 2516 nostro
1194 2463 1326 2516 hanc
1359 2462 1620 2533 systolen,
1652 2461 1793 2531 quod
1830 2458 1966 2533 forte

397 2534 602 2602 putarit
633 2532 862 2598 primam
891 2532 941 2585 in
973 2533 1176 2602 squaleo
1227 2529 1411 2586 natura
1465 2548 1560 2587 sua
1600 2529 1840 2595 brevem,
1872 2529 1966 2602 de-

399 2598 544 2655 inuiu
571 2602 710 2669 apud
734 2611 982 2655 auctores
1009 2598 1253 2670 produci,
1279 2604 1365 2655 ubi
1398 2604 1575 2656 littera
1615 2604 1652 2666 ι,
1705 2603 1758 2654 in
1789 2598 1967 2670 medio

397 2667 726 2740 duplica—tur.
759 2670 840 2723 Ad
869 2667 1044 2725 nervos
1074 2686 1249 2725 autem
1281 2673 1420 2741 quod
1451 2674 1658 2735 attinet,
1710 2672 1821 2738 jam
1845 2667 1966 2735 cepi

397 2744 487 2808 qui
512 2742 588 2794 illi
621 2741 685 2793 de
704 2750 818 2794 cute
849 2743 960 2794 tolli
993 2743 1274 2807 dicantur;
1308 2742 1558 2795 nimirum
1584 2743 1628 2795 si
1669 2748 1848 2795 cutem
1877 2753 1964 2808 ac-

399 2807 609 2880 ceprris
632 2825 729 2878 pro
757 2813 901 2865 omni
932 2812 1021 2865 illo
1075 2821 1379 2880 tegumento
1411 2811 1664 2866 exteriori
1710 2823 1817 2879 quo
1856 2807 1962 2880 vis-

401 2879 524 2934 cera
555 2881 914 2944 OCCultantur,
945 2879 1195 2949 quodque
1224 2891 1277 2935 et
1319 2897 1532 2946 nervos,
1563 2891 1616 2935 et
1672 2879 1966 2942 musculos,

401 2966 588 3013 venas,
616 2961 723 3003 etc.
753 2965 767 3013 ;
796 2951 1027 3018 denique
1058 2952 1226 3016 ipsam
1274 2961 1448 3004 cutem
1506 2949 1718 3019 proprie
1768 2949 1968 3019 dictam

402 3022 802 3087 complectitur.
833 3021 965 3074 Nam
997 3021 1266 3074 fatendum
1298 3020 1510 3088 quidem
1539 3018 1642 3084 esi,
1683 3018 1972 3086 improprie

403 3090 644 3145 locutum
675 3088 923 3143 Nostrum
952 3109 965 3144 :
997 3092 1088 3145 sed
1118 3095 1248 3143 tanti
1272 3100 1387 3143 erat
1434 3092 1626 3143 imitari
1672 3089 1842 3143 Ovidii
1891 3088 1971 3140 lo-

402 3175 521 3214 cum
557 3160 774 3214 Metam.
827 3176 877 3214 x:
925 3160 977 3213 in
1010 3162 1118 3213 lab.
1167 3161 1234 3214 de
1285 3161 1493 3228 Marsya
1540 3159 1836 3223 excoriato,
1885 3156 1974 3210 ubi

404 3230 631 3326 perinde
657 3238 716 3283 ut
740 3228 848 3296 hic,
869 3239 923 3285 et
946 3233 1099 3295 cutis,
1129 3240 1184 3285 et
1204 3246 1492 3295 nervorum,
1517 3240 1571 3283 et
1616 3229 1862 3284 viscerum
1891 3236 1973 3282 est
2007 3264 2052 3326 Ο

404 3301 608 3355 mentio
636 3315 649 3352 :

706 3387 840 3452 Cutis
863 3393 939 3437 est
964 3388 1154 3452 (inquit)
1175 3402 1386 3439 summos
1408 3389 1597 3452 direpta
1623 3401 1711 3452 per
1735 3394 1888 3450 artus,

527 3450 828 3510 Detectique
853 3457 1019 3510 patent
1046 3450 1199 3502 nervi.

704 3511 937 3559 Saltantia
964 3513 1145 3560 viscera
1173 3523 1355 3572 posses,

532 3571 593 3620 Et
612 3572 918 3634 pellucentes
933 3570 1192 3622 numerare
1217 3575 1265 3621 in
1287 3577 1489 3634 pectore
1511 3570 1672 3623 libras.

475 3675 606 3730 806.
639 3675 802 3729 Nullo
831 3676 1075 3742 pralevit,
1109 3686 1216 3730 etc.
1249 3676 1327 3730 En
1364 3677 1556 3730 iterum
1606 3676 1778 3731 mellis
1807 3676 1982 3730 molli-

409 3747 536 3800 lieni
560 3761 866 3814 expressam
901 3746 1263 3812 multiplicatis
1295 3746 1333 3800 ll
1360 3764 1372 3799 :
1403 3757 1460 3800 ut
1484 3761 1515 3800 e
1543 3757 1728 3800 contra
1755 3761 1807 3799 v.
1843 3761 1982 3812 pran-

408 3818 532 3869 ced.
578 3816 678 3868 diri
733 3816 919 3870 erroris
977 3817 1216 3885 magister
1268 3819 1513 3883 asperius
1558 3816 1782 3885 exprimi
1821 3814 1982 3885 haud

410 3887 790 4009 [Dinllllquuam
816 3884 1259 3940 concurrentibus
1288 3895 1365 3940 tot
1415 3886 1608 3940 litteris
1635 3884 1866 3941 caninis
1909 3901 1982 3938 rr.

455 3965 565 4008 oct.
635 3971 719 4008 ον.

455 3965 565 4008 oct.
592 3965 719 4008 Lov.

479 4025 609 4079 808.
652 4024 818 4078 Gustu
842 4040 1038 4078 amaro.
1065 4024 1284 4095 Legitur
1307 4025 1501 4093 Georg.
1526 4041 1563 4080 ll
1587 4042 1601 4079 :

535 4117 599 4163 At
618 4129 756 4175 sapor
780 4115 1004 4165 indicium
1029 4115 1171 4166 faciet
1189 4117 1488 4177 manifestus,
1514 4125 1661 4167 etora

537 4177 708 4225 Tristia
734 4183 1007 4226 tentantum
1029 4191 1176 4227 sensu
1200 4180 1445 4241 torquebit
1466 4193 1644 4228 amaro.

484 4259 579 4314 Sic
606 4258 772 4327 ipsius
792 4272 907 4312 aevo
947 4259 1188 4328 legebant
1211 4262 1426 4327 plures:
1458 4261 1600 4315 unde
1639 4260 1848 4315 veniam
1877 4275 1988 4315 me-

414 4342 566 4384 retur
598 4330 868 4383 sermonis
892 4339 994 4381 tam
1027 4329 1325 4397 improprii,
1358 4345 1464 4398 quo
1488 4331 1572 4383 hic
1611 4332 1775 4384 utitur
1802 4350 1814 4384 :
1865 4346 1986 4383 nam

414 4399 602 4466 procul
626 4398 786 4452 dubio
809 4399 938 4470 satis
962 4401 1249 4470 vernacule
1270 4411 1422 4470 gustu
1453 4401 1628 4469 posuit
1657 4415 1754 4470 pro
1779 4417 1986 4467 sapore.

413 4470 692 4540 (Steterunt
719 4467 887 4540 hodie
903 4479 1017 4534 post
1054 4467 1315 4540 Agelliuiu
1345 4467 1482 4522 lib.‘t
1511 4485 1632 4535 cap.
1658 4467 1744 4537 12,
1785 4474 1986 4540 passim

413 4539 751 4608 grammatici
779 4539 850 4592 ita
879 4538 1056 4606 legunt
1085 4538 1227 4592 hunc
1261 4539 1463 4607 Virgilii
1489 4541 1663 4594 locum
1691 4556 1706 4597 :

869 4627 1026 4676 Sensu
1053 4628 1300 4689 torquebit
1333 4641 1512 4677 amaro.

481 4711 610 4767 810.
646 4709 917 4780 Discipuli,
955 4711 1333 4773 Massilienses,
1359 4712 1551 4778 quibus
1585 4713 1780 4776 passim
1829 4714 1982 4767 Pela-

414 4783 582 4853 gium,
613 4795 673 4853 ac
698 4779 1010 4853 Pelagianos
1049 4784 1313 4849 magistros
1340 4783 1601 4835 attribuit.

481 4849 773 4906 8H.Jam.
814 4851 1068 4904 Videlicet
1121 4860 1238 4920 post
1290 4860 1367 4904 tot
1413 4853 1886 4906 condemnationes
1932 4861 1989 4905 et

416 4923 833 5001 proscriptiones
884 4925 1174 4989 solemnes,
1226 4921 1308 4975 Vt'l
1355 4934 1505 4976 certe
1550 4925 1703 4992 jam,
1750 4937 1870 4977 cum
1913 4931 1989 4977 tot

415 4998 821 5060 conspiciuntur

859 5082 1080 5131 Informia
1105 5081 1269 5131 limine
1293 5084 1340 5130 in
1370 5085 1488 5146 ipso.

416 5168 616 5222 Saltem
650 5166 799 5234 signa
828 5165 941 5224 illa,
968 5166 1035 5217 de
1066 5165 1259 5230 quibus
1289 5165 1446 5217 tertio
1495 5173 1614 5232 post
1657 5177 1861 5234 versu._
1882 5177 1989 5217 non

416 5239 516 5288 alia
567 5232 798 5305 putarim
841 5250 996 5304 quam
1029 5235 1122 5286 ista
1157 5235 1415 5300 informia,
1449 5250 1565 5302 quae
1593 5235 1811 5305 bteresis
1839 5232 1993 5286 Pela-

415 5303 896 5377 giana'quasiips’a
931 5305 1102 5357 fronte
1123 5305 1451 5377 prmietebnt.
1486 5303 1705 5357 Interim
1739 5318 1832 5377 pro
1852 5305 1988 5373 jam,

417 5374 624 5443 iulgati'
646 5377 731 5429 hic
753 5376 935 5441 legunt
966 5384 1090 5442 tam,
1153 5385 1205 5426 ut
1255 5374 1606 5442 conjungatur
1637 5374 1813 5444 (puto)
1864 5388 1989 5426 cum

420 5449 608 5501 Attriti.
636 5447 786 5499 Doct.
813 5445 943 5497 Lov.

488 5518 608 5571 816.
642 5517 968 5583 Cognoscere.
1015 5513 1085 5566 lta
1116 5512 1423 5581 legendum,
1458 5524 1510 5567 et
1553 5528 1658 5566 non
1690 5527 1980 5583 agnoscere,

422 5599 477 5641 ut
500 5588 583 5640 alii
617 5588 962 5658 (quamquam
1014 5599 1198 5637 revela
1250 5583 1301 5636 in
1353 5584 1494 5638 tenui
1536 5584 1686 5638 labor
1735 5585 1860 5654 cst),
1891 5584 1984 5638 de-

646 5680 921 5741 ΡΑτιιοι.
1003 5678 1092 5737 LI.

1386 194 1670 251 CARMEN
1712 194 1801 248 DE
1842 192 2185 249 INGRATIS.
2228 193 2400 248 PARS
2437 193 2738 260 QUARTA.

2010 306 2064 364 Α
2230 302 2377 369 Quos
2402 303 2568 372 prima
2592 303 2659 356 ad
2682 312 2907 358 mortem
2952 307 3278 375 generaliter
3306 311 3433 365 edat
3481 315 3658 384 origo.

2235 393 2341 449 Sed
2394 407 2517 448 cum
2549 393 2812 450 damnatis
2853 398 3085 465 sapiunt,
3130 400 3490 472 damnataque
3537 419 3661 472 pro-

2372 491 2542 548 munt,

2230 572 2362 626 Cum
2431 573 2645 640 dicunt,
2720 575 2847 628 nihil
2907 590 3027 632 esse
3075 579 3268 635 animis
3318 597 3415 651 per
3467 584 3661 643 vulnus

2368 665 2573 718 avitum

2091 756 2193 810 825
2237 756 2390 825 177
2417 756 2717 811 Detractum
2745 758 2975 828 decoris,
3008 762 3462 835 splendoremque
3480 769 3656 824 omni-

2361 847 2470 900 bus
2498 847 2647 901 illum

2226 936 2378 990 Nunc
2402 937 2560 991 talem
2593 938 2821 1007 innasci,
2852 941 3024 1008 qualis
3054 941 3157 997 fuit
3178 954 3301 1000 ante
3331 948 3564 1008 ruinam.

2223 1025 2361 1080 Hinc
2391 1026 2696 1081 libertatem
2724 1029 2933 1084 arbitrii
2963 1031 3267 1088 discernere
3289 1051 3422 1091 sano

2221 1116 2388 1170 Posse
2416 1116 2576 1170 oculo
2600 1117 2797 1180 cordis,
2822 1118 3079 1188 quidquid
3109 1121 3179 1174 sit
3207 1121 3309 1176 rite
3337 1126 3656 1194 gerendum,

2223 1205 2332 1261 Nec
2360 1207 2534 1262 solum
2562 1207 2627 1261 ad
2655 1206 2782 1261 vitae
2823 1210 3106 1277 praesentis
3150 1215 3432 1270 commoda
3480 1218 3659 1276 solers

2083 1296 2188 1352 850
2226 1295 2487 1352 Sullicere
2516 1297 2814 1366 ingenium,
2844 1313 2952 1368 quo
2980 1314 3040 1356 se
3068 1307 3280 1358 tueatur
3298 1311 3353 1358 et
3389 1315 3578 1374 ornet;

2221 1387 2326 1443 Sed
2355 1389 2581 1443 summis
2610 1387 2774 1443 etiam
2806 1397 3040 1444 mentem
3081 1401 3261 1460 aptam
3294 1397 3654 1466 percipiendis

2223 1477 2568 1546 IEternisque
2594 1477 2770 1540 bonis,
2802 1489 2995 1546 sponte
3024 1480 3090 1534 ad
3117 1483 3359 1538 ccelestia
3389 1485 3516 1542 ferri
3543 1506 3555 1540 :

2223 1569 2431 1639 Perque
2470 1568 2614 1623 viam
2652 1570 2718 1624 ad
2760 1567 3055 1639 Christum,
3096 1588 3254 1644 quam
3281 1575 3471 1634 fecerit
3514 1581 3652 1652 ipsa,

2361 1673 2569 1714 venire.

2298 1749 2435 1803 Hinc
2453 1747 2724 1804 hominem
2749 1749 2914 1804 multa
2932 1753 3066 1807 recti
3082 1757 3430 1814 assuetudine
3443 1761 3653 1819 ﬁrmum

2083 1839 2186 1896 835
2222 1840 2388 1894 Posse
2417 1852 2718 1907 repugnare
2744 1840 3007 1908 adversis,
3044 1856 3140 1897 nec
3160 1845 3357 1901 cedere
3387 1851 3579 1917 poenis,

2225 1931 2367 1999 Quas
2403 1929 2723 1998 superandae
2751 1931 2943 1986 animai
2985 1947 3080 2001 per
3107 1949 3325 1991 carnem
3357 1941 3655 1999 admoverit

2366 2021 2556 2085 hostis,

2231 2112 2449 2168 Auxilio
2479 2111 2801 2167 abscedente
2827 2112 2942 2181 Dei,
2975 2116 3063 2184 qui
3092 2116 3307 2174 deserat
3332 2129 3454 2191 apte

2222 2203 2544 2273 Utiliterque
2564 2217 2713 2268 suos,
2747 2213 2804 2258 ut
2834 2205 2900 2260 ile
2921 2210 3213 2265 certamine
3242 2215 3432 2282 agonis

2224 2294 2482 2361 Quaesitas
2514 2294 2751 2350 referant
2778 2295 2982 2365 palmas
3007 2315 3019 2350 :
3049 2314 3117 2354 ne
3137 2301 3284 2357 nulla
3318 2304 3525 2372 piorum

2075 2458 2338 2507 monstrat
2383 2464 2581 2574 tversus
2609 2450 2846 2508 Maronis
2884 2452 3082 2523 Georg.
3114 2468 3189 2523 tv,
3230 2456 3372 2512 unde
3418 2457 3504 2514 hic
3550 2474 3647 2516 es-

2075 2537 2291 2574 nressus
2320 2535 2377 2574 Ci
2431 2538 2444 2574 :

2073 2537 2291 2594 pressus
2320 2535 2404 2576 est
2431 2538 2444 2574 :

2197 2653 2333 2714 Quod
2353 2655 2449 2716 jam
2473 2664 2568 2701 non
2591 2649 2752 2702 dubiis
2774 2655 2962 2714 poteris
2981 2666 3279 2716 cognoscere
3296 2657 3470 2719 signis.

2075 2801 2154 2855 Ex
2186 2813 2290 2868 quo
2319 2799 2479 2853 etiam
2514 2796 3109 2876 fortasseﬁdesumptum
3138 2809 3220 2855 est
3256 2800 3382 2857 illud
3400 2808 3539 2876 jam,
3582 2809 3650 2863 de

2071 2886 2176 2942 quo
2204 2879 2322 2942 nota
2355 2867 2711 2942 pcmgedenti._
2730 2868 2877 2942 Dect.
2898 2867 3048 2942 μον.

2145 2946 2163 2965 ο
2193 2941 2373 3014 Cum
2679 2938 2743 3014 4t
2765 2938 3164 3014 Semipelagiani
3191 2942 3523 3014 periculosius
3547 2947 3650 3014 ful-

2075 3012 2207 3083 lunt,
2239 3011 2358 3083 quia
2386 3006 2654 3077 Pelagium
2680 3008 2924 3061 damnare
2963 3006 3214 3083 videntur,
3248 3012 3369 3064 dum
3400 3006 3647 3083 fateniur,

2075 3096 2138 3133 ea:
2169 3080 2364 3152 Artamo
2392 3089 2608 3152 mortem
2640 3088 2687 3129 et
2717 3088 2981 3148 peccatum
3009 3079 3062 3152 in
3092 3095 3265 3132 omnes
3314 3079 3607 3152 transfundi

2076 3150 2329 3222 neminem
2357 3149 2508 3200 vitam
2534 3156 2784 3222 (sternant
2801 3149 3032 3222 consequi
3059 3165 3224 3218 posse,
3252 3151 3353 3204 nisi
3400 3149 3489 3222 per
3524 3155 3654 3220 bap-

2082 3220 2331 3280 tismum;
2382 3226 2429 3287 et
2461 3218 2695 3287 pari-silos
2725 3217 2815 3268 illo
2849 3217 3079 3287 indigere
3118 3228 3172 3270 ut
3219 3235 3249 3271 α
3295 3217 3499 3287 peccato
3552 3217 3656 3278 sol-

2083 3297 2291 3341 cantur.
2317 3286 2421 3338 Sed
2450 3301 2567 3338 cum
2589 3283 2800 3356 Pelagio
2821 3283 3048 3355 sapiunt,
3076 3304 3191 3340 cum
3223 3283 3382 3349 aiunt.
3416 3305 3654 3348 naturam

2082 3361 2187 3411 suis
2215 3358 2403 3410 viribus
2433 3357 2499 3408 ad
2528 3356 2711 3407 bonum
2733 3358 2856 3424 ferri
2886 3372 3050 3423 posse,
3088 3361 3513 3426 quemadmodum
3538 3375 3656 3419 ante

2085 3437 2365 3497 peccatum,
2396 3426 2541 3493 quasi
2571 3426 2808 3499 originali
2834 3436 3038 3499 peccato
3067 3426 3190 3480 [mea
3213 3446 3313 3482 non
3342 3431 3531 3499 fuerit;
3557 3435 3654 3486 imo

2084 3495 2166 3550 mo
2194 3512 2339 3572 posse
2372 3505 2584 3572 sanctos
2637 3495 2907 3572 acerrima:
2955 3495 3658 3572 damonisuoppugnati'ones

2084 3567 2307 3634 prOpriis
2338 3566 2524 3638 viribus
2557 3567 2789 3634 frangere
2814 3582 2833 3629 ,'
2866 3564 3121 3638 Deosuos
3144 3564 3336 3622 utiliter
3375 3564 3653 3638 deserente,

2084 3638 2277 3702 sibique
2306 3637 2433 3702 ipsis
2459 3636 2763 3706 dimittente,
2793 3651 2854 3688 ne
2881 3635 3026 3688 nulla
3053 3637 3153 3689 sint
3181 3654 3352 3691 eorum
3381 3643 3581 3706 merita,
3612 3635 3658 3705 si

2086 3707 2213 3777 nihil
2239 3707 2359 3777 boni
2386 3705 2585 3777 faciunt
2605 3705 2850 3777 nisi_quos
2883 3706 3047 3774 gratia
3075 3706 3127 3758 in
3148 3708 3252 3759 illis
3290 3720 3547 3777 operatur.

2157 3776 2281 3828 822.
2311 3775 2488 3844 Prima
2512 3773 2755 3844 origo.“
2777 3773 3074 3838 est,’prima
3095 3773 3339 3830 nativitas
3363 3780 3656 3836 secundum

2087 3859 2323 3917 carnem.
2358 3853 2415 3896 ut
2442 3843 2784 3911 distinguitur
2809 3853 2993 3917 contra
3017 3845 3293 3897 secundum
3323 3862 3414 3914 per
3454 3849 3656 3917 baptis-

2089 3930 2257 3979 mum,
2284 3915 2350 3967 de
2378 3928 2479 3981 qua
2511 3927 2632 3964 mox
2669 3919 2792 3965 ante
2824 3929 2835 3961 :
2867 3913 2961 3963 nisi
2990 3917 3130 3980 fonte
3167 3913 3417 3968 renatum.
3443 3913 3552 3973 Nisi
3579 3930 3660 3972 ta-

2089 4000 2211 4036 men
2243 3983 2569 4050 simplicius,
2612 3982 2776 4047 prima
2817 3984 2962 4050 origo
2992 3983 3062 4034 sit
3107 3998 3263 4049 quam
3313 3987 3531 4040 trahunt
3572 3991 3658 4042 in-

2089 4053 2262 4107 fantes
2291 4068 2320 4106 a
2351 4053 2512 4120 primo
2545 4062 2798 4117 parente;
2833 4060 2887 4102 ut
2919 4061 3198 4120 prepterea
3228 4053 3388 4108 etiam
3420 4071 3547 4113 mox
3572 4075 3658 4114 se-

2090 4134 2320 4192 quatur:
2350 4137 2438 4192 per
2462 4127 2652 4192 vulnus
2693 4121 2903 4192 avitum.
2936 4125 3083 4192 licet.
3133 4122 3261 4192 Lov.

2160 4191 2739 4268 824.ᾘΝἱ1ι[ιειιε,-ειο.
2773 4189 2906 4244 Vide
2933 4190 3072 4245 idem
3117 4191 3306 4262 dogma
3333 4209 3490 4263 supra
3535 4211 3653 4268 cap,

2092 4261 2143 4328 1,
2168 4271 2222 4316 et
2248 4263 2391 4316 alibi.
2427 4261 2577 4314 Doct.
2609 4259 2816 4312 Lovan.

2162 4333 2287 4386 855.
2330 4331 2444 4384 Nec
2488 4331 2662 4383 cedere
2701 4330 2880 4398 parmis,
2915 4339 3018 4383 etc.
3048 4330 3251 4398 Quippe
3278 4347 3393 4384 cum
3426 4343 3568 4387 tanta
3593 4337 3663 4391 sit

2091 4403 2275 4454 virium
2316 4410 2518 4454 natum
2548 4401 2833 4468 integritas,
2865 4407 2919 4450 ut
2951 4411 3128 4451 contra
3165 4401 3332 4462 ipsum
3370 4404 3653 4470 diabolum,

2092 4473 2437 4536 servitiumque
2466 4474 2600 4541 ejus,
2636 4485 2794 4537 usque
2819 4470 3137 4541 ad_e:ctrema
3158 4470 3411 4535 supplicia
3437 4479 3544 4526 sine
3569 4491 3662 4527 au-

2091 4543 2218 4594 xilio
2251 4541 2345 4594 Dei
2386 4538 2551 4593 valeat
2587 4541 2847 4591 dimicare.
2889 4538 2962 4590 lta
3012 4554 3074 4592 ex
3109 4539 3346 4606 ipsorum
3394 4548 3661 4599 sententia

2024 4633 2073 4691 Ι)
2099 4609 2600 4691 lib..__cont._'Collat_.'
2624 4623 2739 4676 cap.
2770 4608 2856 4691 20.
2891 4607 3040 4691 Dect.
3075 4607 3276 4691 Lovun.

2170 4681 2293 4736 859.
2356 4680 2437 4733 Ne
2493 4680 2672 4745 nulla,
2735 4687 2837 4731 etc.
2899 4678 3044 4731 Doct.
3124 4679 3252 4732 Lov.
3314 4682 3501 4735 scribit
3567 4699 3664 4738 neu

2097 4751 2262 4812 nulla,
2298 4761 2401 4803 etc.
2439 4749 2581 4820 llauc
2611 4764 2668 4801 re
2701 4749 2808 4814 ipsa
2847 4747 3041 4815 (addit)
3076 4746 3240 4820 fuisse
3281 4749 3665 4820 Semipelagia.

2096 4837 2287 4874 norum
2315 4819 2658 4877 sententiam,
2695 4826 2840 4885 patet
2872 4829 2978 4870 tum
3011 4832 3077 4871 ex
3108 4819 3346 4883 pluribus
3375 4821 3518 4884 aliis,
3552 4819 3661 4874 tum

2095 4905 2160 4943 ex
2193 4891 2370 4943 verbis
2399 4888 2686 4942 Collatoris
2717 4888 2834 4940 eod.
2875 4888 2969 4940 lib.
3022 4901 3072 4939 η.
3108 4889 3171 4941 19
3218 4890 3317 4942 sub
3345 4889 3529 4952 tinem,
3573 4892 3661 4944 ubi

2095 4960 2296 5014 deiide
2337 4959 2678 5012 Centurionis
2726 4972 2753 5008 a
2793 4955 3011 5010 Christo
3044 4957 3251 5010 laudata
3302 4961 3372 5010 ait
3405 4975 3416 5010 :
3449 4958 3665 5013 Nullius

2099 5030 2229 5082 enim
2269 5029 2438 5079 laudis
2480 5037 2606 5098 esset
2650 5043 2710 5080 ac
2739 5027 2927 5089 meriti,
2972 5027 3016 5077 si
3042 5027 3096 5078 id
3131 5027 3269 5098 ineo
3295 5027 3666 5098 (CenturiOne)

2101 5099 2348 5150 Dominus
2378 5097 2514 5165 quod
2539 5098 2647 5164 ipse
2669 5098 2959 5160 donaverat,
2990 5097 3310 5162 praetulisset.
3345 5097 3394 5149 id
3424 5106 3526 5160 est,
3556 5097 3665 5164 pra:

2099 5169 2218 5222 aliis
2260 5168 2547 5220 laudasset.
2579 5167 2732 5231 Quod
2781 5177 2957 5219 autem
3000 5166 3084 5219 hic
3113 5180 3234 5219 cum
3277 5166 3499 5234 vulgatis
3532 5168 3663 5234 legi-

2098 5253 2220 5292 mus
2251 5254 2347 5289 neu
2379 5239 2522 5290 nulla
2571 5237 2697 5303 (non
2733 5247 2904 5288 tamen
2951 5236 3150 5303 legerat
3194 5237 3242 5286 in
3272 5235 3666 5302 antiquioribus

2095 5307 2290 5375 Lugd.,
2339 5308 2493 5364 Lov..
2542 5306 2703 5360 Duac.
2750 5314 2807 5359 et
2848 5303 3174 5375 Colon.),et
3203 5304 3383 5375 Gallus
3412 5305 3665 5373 legitne:

2095 5373 2256 5440 male,
2283 5392 2346 5431 ac
2367 5387 2557 5429 contra
2585 5375 2834 5443 l‘rosperi
2859 5383 2912 5428 et
2939 5373 3146 5442 Virgilii
3174 5373 3432 5442 plirasim,
3456 5378 3545 5444 qui
3575 5376 3665 5431 ubi

2093 5459 2150 5500 ut
2178 5456 2270 5499 aut
2301 5463 2362 5499 ne
2407 5447 2704 5513 prmcessit,
2751 5459 2856 5496 non
2885 5444 2991 5510 jam
3039 5444 3271 5512 amplius
3305 5461 3388 5510 ne,
3433 5445 3528 5500 sed
3566 5462 3664 5500 neti

2091 5518 2444 5586 subjungunt,
2487 5516 2637 5584 quasi
2688 5529 2838 5576 neve;
2883 5514 3018 5566 sicut
3059 5529 3168 5578 seu,
3220 5529 3316 5582 pro
3356 5515 3478 5583 sive,
3514 5516 3662 5586 quati

2090 5603 2216 5640 sere.

3192 5676 3231 5734 5
