4098 6180
489 240 591 297 159

486 354 591 413 840
625 353 746 410 Sint
764 352 976 419 merita,
1003 360 1058 408 et
1080 366 1220 408 veras
1248 351 1523 420 priventur
1546 347 1721 403 laudis
1749 349 1985 413 honere;

693 444 747 497 Si
777 442 920 512 quod
952 448 1157 496 natura:
1191 453 1355 493 sensu
1394 439 1711 508 noluntque,
1744 438 2056 507 voluntque,

621 534 1013 603 Przcceptisqne
1042 541 1226 586 tenent
1248 531 1505 601 legalibus
1526 531 1880 595 insinuatum,

622 624 794 677 Divini
826 622 1009 677 auxilii
1039 637 1230 676 manus
1259 622 1363 676 hoc
1388 630 1644 689 operetur
1676 621 1727 673 in
1759 619 1866 674 illis
1895 635 1909 671 :

618 713 729 769 Ceu
756 715 885 769 solis
914 714 1109 770 Christi
1142 712 1353 768 famulis
1379 713 1578 767 virtute
1603 725 1792 766 carere

478 806 582 863 845
619 806 702 863 Sit
744 805 988 876 dignum,
1035 814 1091 860 et
1131 819 1236 860 non
1281 819 1441 875 posse
1472 803 1670 873 probos
1719 800 2057 873 apprendere

754 911 954 962 mores,

613 989 760 1056 Quos
803 988 1116 1057 plerumque
1160 985 1392 1040 habeant
1429 984 1590 1040 etiam
1642 983 1932 1039 simulacra
1962 997 2052 1038 Cu-

763 1080 956 1134 lentes.

686 1174 718 1210 ’⁸
735 1172 896 1228 ΤΑιιΑ
913 1171 1086 1240 lingua
1102 1183 1296 1238 procax
1309 1182 1431 1224 cum
1445 1166 1625 1222 verbis
1638 1165 1809 1220 fundit
1830 1165 2048 1236 ineptis,

611 1263 818 1334 Effuge,
852 1273 907 1316 tu
944 1277 1078 1316 nova
1109 1274 1272 1329 gens,
1304 1259 1525 1312 hostiles
1563 1257 1736 1326 eﬂuge
1762 1272 1976 1321 sensus,

615 1358 681 1409 Et
708 1355 888 1424 procul
917 1367 946 1406 a
977 1353 1180 1420 laqueis
1206 1351 1421 1418 sapiens
1443 1347 1738 1417 abjungere
1765 1348 1976 1402 mortis.

473 1449 576 1503 850
612 1447 858 1502 Christus
906 1445 1053 1499 enim
1101 1451 1193 1497 tua
1231 1439 1440 1511 justitia
1499 1449 1601 1505 est,
1651 1454 1757 1510 quo
1806 1448 1858 1494 te
1908 1440 2047 1495 duce

750 1544 962 1604 oportet

605 1629 856 1690 Currere,
912 1639 981 1680 ne
1029 1636 1244 1689 cursus,
1294 1620 1512 1678 Christo
1570 1621 1711 1689 sine,
1763 1620 1834 1677 sit
1881 1636 2045 1692 vagus

747 1731 917 1772 error.

607 1809 776 1864 Nemo
800 1807 1019 1873 etenim,
1055 1819 1214 1862 nemo
1258 1812 1363 1872 est,
1406 1804 1496 1875 qui
1528 1819 1635 1860 non
1666 1819 1787 1860 cum
1818 1805 2042 1862 vulnere
2076 1784 2120 1843 Β

748 1900 906 1970 primi

601 1994 684 2048 Sit
713 1992 875 2062 patris
902 1991 1144 2061 genitus:
1165 2004 1272 2059 quo
1295 1988 1516 2044 vulnere
1541 2003 1694 2044 mens
1722 1988 1872 2059 prius
1895 1988 2039 2044 intus

604 2084 860 2138 Percussa
891 2092 998 2146 est,
1040 2095 1201 2150 quam
1232 2080 1473 2135 membra
1505 2079 1660 2146 foris,
1704 2094 1828 2136 eum
1855 2091 2038 2136 mente

748 2181 1020 2241 receptum
1051 2179 1136 2226 est

463 2268 566 2324 855
601 2264 754 2334 Quod
783 2265 1001 2334 regione
1025 2262 1133 2333 poli
1162 2260 1388 2331 disjecta
1419 2261 1671 2331 superbia
1700 2261 1890 2317 suasit.

529 2446 653 2503 841.
691 2444 750 2498 Si
786 2442 924 2513 quod
967 2449 1164 2494 natura:
1205 2454 1377 2513 sensu,
1429 2446 1532 2492 etc.
1567 2437 2028 2513 Hanc__lecti_onem

458 2515 654 2584 vulgati
693 2507 938 2584 ferebant
979 2527 1076 2584 pro
1113 2510 1424 2579 conjectura
1474 2508 1756 2584 marginali
1788 2507 2028 2584 :_Gallus

458 2578 602 2641 recte
629 2585 793 2639 textui
833 2578 1064 2644 invexit,
1111 2578 1222 2648 pro
1248 2593 1314 2633 eo
1355 2578 1497 2647 quod
1537 2578 1670 2632 alias
1703 2578 1979 2646 legebatur
2011 2597 2023 2631 :

455 2661 584 2710 sicut
614 2668 810 2708 natura:
846 2666 1070 2716 sensum,
1103 2659 1209 2704 etc.
1242 2648 1471 2703 Sensum
1501 2660 1678 2702 autem
1705 2657 1911 2703 natura:
1943 2664 2028 2704 re.

454 2741 541 2781 cte
579 2727 762 2780 itidem
795 2719 1062 2776 intellexit
1097 2719 1165 2773 de
1194 2718 1398 2773 lumine
1437 2733 1500 2773 ac
1528 2718 1820 2773 dictamine
1870 2728 2020 2773 natu-

453 2797 572 2858 rali,
605 2794 752 2864 quod
773 2793 968 2864 passim
1003 2789 1277 2864 Pelagiani
1309 2805 1432 2843 cum
1463 2789 1574 2864 su_is
1605 2789 1715 2843 illis
1737 2788 2016 2864 discipulis

453 2858 701 2921 sufﬁcere
725 2858 1061 2923 dictitabant,
1107 2860 1296 2913 saltem
1339 2873 1465 2913 cum
1515 2859 1658 2926 Lege
1705 2861 1904 2928 scripta
1935 2858 2026 2928 (de

453 2874 701 2921 sutlicere
725 2874 1061 2923 dictitabant,
1107 2874 1296 2913 sattem
1339 2874 1465 2913 cum
1515 2874 1658 2926 Lege
1705 2874 1904 2982 scripta
1935 2874 2023 2928 tae

452 2953 553 3003 qua
584 2935 672 2988 hic
698 2949 751 2986 v.
783 2929 944 3003 seq),
972 2941 1027 2984 ut
1055 2928 1175 2998 quis
1197 2928 1362 3003 vellet
1384 2928 1659 3003 uelletque
1686 2943 1790 2997 quo
1858 2944 2023 3003 oper:-

454 2997 551 3060 t'et.
585 3003 674 3060 Sic
703 2997 872 3070 supra
895 2997 1094 3070 docent
1121 3013 1238 3070 cap.
1274 2997 1299 3049 1
1330 2997 1358 3069 §
1387 2997 1439 3070 5,
1470 2999 1548 3054 sic
1583 3001 1780 3054 iterum
1810 3013 1930 3070 cap.
1953 2999 2024 3054 29

450 3075 481 3145 ς
507 3076 540 3129 2
568 3085 618 3128 et
642 3069 806 3145 5,_sic
834 3069 1176 3145 et_i_an_t__al_ih_i.
1214 3071 1366 3145 Doct.
1396 3069 1526 3122 Lov.

521 3146 642 3200 8M.
682 3137 790 3197 Ceu
815 3141 938 3196 solis
961 3139 1168 3203 Christi,
1204 3149 1309 3193 etc.
1336 3138 1413 3192 lta
1438 3148 1622 3194 contra
1646 3137 1842 3193 Collat.
1869 3152 1920 3194 c.
1951 3138 2020 3195 6:

448 3215 512 3270 Si
531 3217 645 3269 ideo
683 3212 918 3266 voluntas
947 3227 1047 3263 non
1077 3207 1305 3278 putanda
1334 3217 1408 3262 est
1446 3220 1642 3271 nostra,
1675 3211 1797 3280 quia
1825 3211 2020 3274 forma-

447 3296 548 3351 tur,
580 3285 794 3353 regitur,
816 3281 1128 3353 ordinatur,
1151 3279 1442 3353 imbuitur;
1460 3282 1765 3353 spoliantur
1790 3280 2021 3353 libertate

448 3349 543 3420 ﬁlii
576 3349 691 3415 Dei,
734 3352 825 3423 qui
871 3359 1091 3423 aguntur
1129 3349 1331 3423 Spiritu
1377 3349 1508 3423 Dei;
1551 3351 1769 3423 perdunt
1798 3350 2021 3423 uigorem

445 3423 714 3478 rationalis
747 3420 932 3483 animi,
965 3430 1009 3473 et
1041 3423 1202 3472 omnis
1228 3420 1531 3473 voluntaria
1559 3421 1836 3473 devotionis
1865 3422 2021 3474 laude

444 3491 942 3565 privantur,_quibus
977 3492 1132 3565 datur
1174 3488 1413 3565 Spiritus
1441 3491 1707 3565 sapientia:
1735 3499 1783 3542 et
1820 3489 2021 3565 intelle-

443 3558 578 3629 ctus,
607 3575 712 3618 etc.
735 3558 1005 3615 Hactenus
1035 3558 1256 3614 Auctor.
1290 3558 1480 3612 Christi
1504 3558 1731 3629 famulos
1770 3575 1900 3628 ergo
1933 3561 2017 3614 in—

443 3634 655 3704 telligit,
687 3632 778 3704 qui
797 3634 949 3704 juxta
972 3631 1306 3704 Scripturam
1330 3639 1559 3704 aguntur
1585 3630 1789 3704 Spiritu
1825 3630 1940 3692 Dei,
1963 3642 2018 3685 et

442 3699 640 3774 quibus
669 3699 827 3774 datur
848 3700 1090 3774 Spiritus
1119 3699 1478 3774 sapientiteet
1525 3700 1854 3774 intellectus,
1885 3710 2017 3774 etc...

441 3770 594 3843 quasi
635 3773 815 3828 dicat:
842 3771 900 3828 Si
927 3785 1054 3826 vera
1073 3778 1160 3843 est
1185 3779 1361 3843 vestra
1392 3770 1661 3843 doctrina,
1689 3785 1884 3839 nempe
1911 3771 2019 3824 vir-

442 3838 571 3898 ιίιιὶε
603 3843 757 3898 laude
780 3857 966 3897 carere
995 3838 1253 3909 quidquid
1287 3840 1428 3894 Deus
1455 3841 1507 3894 in
1539 3841 1694 3895 nobis
1717 3838 2016 3908 operatur;

438 3915 599 3982 igitur
654 3914 876 3982 virtutis,
915 3909 1074 3967 laude
1115 3909 1322 3982 carebit
1358 3910 1628 3982 quidquid
1689 3913 1899 3982 egerint
1944 3912 2016 3967 illi

438 3981 1067 4066 quiagunturhstiiritu
1115 3981 1228 4066 Dei,
1276 3981 1370 4066 qui
1413 3992 1593 4066 tamen
1634 3981 1850 4049 proprie
1886 3993 2020 4066 sunt

435 4049 637 4108 Christi
676 4052 856 4107 famuli
884 4070 897 4104 :
923 4053 1084 4120 hique
1115 4051 1218 4105 hoc
1250 4049 1406 4116 pacto
1431 4049 1717 4105 inferiores
1744 4061 1902 4105 erunt
1925 4067 2017 4118 pa-

436 4128 588 4192 ganis
618 4123 771 4192 ipsis,
795 4123 886 4189 qui
909 4123 1059 4190 juxta
1093 4135 1194 4174 vos
1222 4121 1419 4188 saepius
1450 4122 1609 4190 digna
1643 4121 1802 4176 laude
1826 4132 2012 4190 agunt.

441 4195 594 4247 Doct.
629 4195 830 4246 Lovatt.

509 4266 524 4286 ‘
547 4261 728 4316 CsPu'r
758 4256 1202 4330 XL.7Fugiendos
1246 4259 1363 4312 illos
1401 4274 1594 4312 errores
1625 4259 1860 4330 omnibus
1904 4277 2016 4315 vere

437 4331 558 4400 piis.
595 4331 822 4396 Quorum
850 4328 1083 4383 Christus
1118 4339 1192 4384 est
1233 4338 1340 4382 tota
1361 4331 1594 4400 justitia.
1629 4328 1829 4398 Quique
1848 4348 2012 4400 agno-

436 4418 575 4455 scere
599 4400 780 4454 debent
809 4401 963 4467 primi
988 4401 1215 4469 parentis
1232 4401 1442 4453 vulnere
1461 4401 1532 4452 ita
1557 4401 1840 4453 sauciatam
1863 4411 2014 4456 natu-

435 4489 545 4525 ram
593 4470 905 4524 humanam:
933 4480 990 4523 ut
1038 4487 1101 4525 ne
1138 4469 1346 4538 quidem
1393 4471 1569 4524 oculos
1614 4471 1797 4523 mentis
1833 4483 2013 4538 sponte

436 4542 594 4611 possit
628 4542 868 4611 infaltum
891 4540 1146 4611 attollere,
1178 4540 1438 4594 miseriam
1461 4557 1613 4611 suam
1636 4556 1936 4610 agnoscere.

507 4612 635 4666 848.
679 4610 828 4664 Νουα
857 4627 998 4680 gens.
1026 4610 1162 4666 Vide
1187 4623 1354 4678 supra
1377 4611 1443 4665 ad
1469 4625 1521 4663 v.
1555 4609 1678 4664 767.

506 4683 630 4737 855.
673 4681 900 4751 Begionc
927 4681 1032 4751 poti
1061 4680 1298 4751 disjecta.
1333 4681 1389 4734 In
1420 4680 1654 4735 diabolo.
1687 4681 1841 4734 Doct.
1873 4680 2002 4735 Lov.

506 4751 629 4806 859.
674 4748 934 4803 Extollere
975 4750 1030 4802 in
1067 4748 1229 4804 alium
1258 4766 1277 4804 :
1304 4754 1370 4804 ad
1419 4751 1705 4819 petendum
1746 4751 2002 4806 auxilium

433 4831 526 4876 aut
569 4820 923 4890 medicinam;
956 4821 1098 4886 quod
1146 4835 1337 4887 nempe
1361 4821 1555 4875 vulnus
1590 4823 1799 4890 ignoret
1824 4836 2002 4886 suum,

431 4907 516 4956 ac,
549 4899 612 4945 ut
644 4890 771 4944 alibi
801 4889 1032 4963 dicitur,
1077 4893 1423 4963 prosant‘tate
1461 4889 1643 4945 habeat
1667 4892 1805 4960 quod
1837 4908 2005 4963 aegro-

433 4973 542 5016 tare
581 4978 636 5016 se
675 4960 856 5024 nescit,
904 4960 1064 5013 donec
1113 4961 1280 5026 prima
1326 4963 1435 5015 haec
1480 4963 1678 5016 medela
1719 4960 2009 5026 conferatur

430 5045 646 5102 ingrato,
674 5040 778 5084 etc.
812 5029 964 5084 Doct.
998 5030 1136 5084 Lov.

499 5102 532 5132 ⁸
561 5102 742 5156 CAPUT
773 5100 921 5172 XLI.
947 5100 1006 5155 St
1044 5102 1169 5172 quid
1209 5101 1403 5154 homini
1430 5103 1647 5172 supersit
1696 5118 1760 5155 ea;
1801 5104 2009 5172 pristini

427 5181 590 5226 status
619 5171 869 5238 reliquiis,
898 5171 1030 5239 falso
1053 5171 1108 5223 id
1132 5181 1278 5242 putat
1300 5171 1502 5240 sanum,
1521 5182 1669 5242 atque
1690 5171 1811 5226 hinc
1841 5175 2008 5228 solum

426 5242 760 5311 superbiendi
787 5242 1053 5293 materiam
1081 5241 1285 5311 arripit.

496 5314 619 5368 865.
663 5308 730 5364 Et
773 5311 875 5365 vita
923 5311 1144 5382 agenda.
1192 5308 1379 5382 Gallus
1410 5309 1546 5382 legit
1576 5312 1679 5365 vita
1712 5313 1912 5382 agenda
1950 5314 2003 5368 in

425 5393 579 5437 sexto
607 5396 770 5446 casu;
801 5391 860 5435 ut
888 5380 970 5434 sit
985 5395 1178 5436 sensus
1212 5398 1226 5434 :
1261 5381 1304 5435 si
1331 5380 1460 5448 quid
1491 5381 1692 5435 homini
1728 5380 1888 5438 hodie
1910 5399 2001 5437 su-

425 5463 603 5520 perest
631 5451 699 5504 de
729 5451 1004 5520 principiis
1030 5450 1274 5506 felicibus
1303 5452 1463 5520 printi
1496 5461 1690 5519 status,
1723 5462 1778 5505 et
1804 5454 1869 5506 de
1897 5457 2002 5508 vita

424 5523 582 5590 hujus
604 5520 778 5574 exsilii
806 5523 1097 5588 prudenter
1120 5522 1346 5589 agenda.
1383 5521 1538 5589 Quod
1568 5522 1706 5577 adeo
1734 5523 1861 5576 mihi
1895 5540 2000 5577 non

425 5593 706 5660 probatur,
737 5601 790 5643 ιιι
821 5591 1054 5644 retinere
1087 5593 1370 5646 maluerim
1403 5593 1689 5646 lectionem
1725 5593 2001 5660 Vulgatam

426 5677 481 5717 ttt
517 5672 662 5718 recto
701 5674 851 5716 casu.
884 5663 1222 5731 Quamquam
1267 5677 1367 5718 nec
1401 5663 1490 5717 illa
1527 5662 1747 5733 quidem
1776 5665 1888 5720 suis
1918 5667 2001 5720 iu-

1710 236 1771 293 s.
1813 233 2146 292 rnospem
2187 232 2514 304 AQUITANI

3649 239 3753 294 ΗΟ

2303 346 2393 402 Sic
2422 349 2653 409 animus,
2696 348 2782 400 cui
2818 349 2991 401 lumen
3019 355 3138 402 erat
3165 346 3234 402 de
3258 347 3463 402 lumine
3503 362 3737 414 summo.

2307 437 2603 491 Arbitrium
2635 437 2859 490 involvit
2888 437 3155 502 tenebris;
3189 448 3242 491 et
3272 438 3394 492 luce
3421 439 3634 504 relicta,

2313 527 2470 596 179
2488 525 2726 581 Consilio
2753 525 2883 595 legit
2912 534 3068 581 tetrte
3097 528 3410 595 nigrescere
3439 531 3634 584 noctis.

2307 616 2416 671 Nec
2442 618 2551 686 jam
2582 617 2822 686 captivos
2852 619 3040 672 oculos
3065 619 3329 675 extollere
3357 621 3410 674 in
3436 622 3609 676 altum

2162 708 2266 766 860
2302 708 2506 779 Sponte
2552 719 2766 778 potest:
2817 709 3072 780 quoniam
3126 711 3228 766 hoc
3269 714 3434 767 etiam
3478 714 3747 782 spoliante

2446 810 2674 870 tyranno

2300 893 2558 958 Perdidit,
2585 901 2645 946 ut
2671 902 2874 962 quanto
2902 893 3081 963 jaceat
3108 893 3209 948 sub
3237 895 3463 950 vulnere
3487 899 3645 952 norit.

2368 983 2474 1039 *δι
2505 982 2630 1054 quid
2662 984 2806 1038 enim
2830 983 2898 1038 de
2927 983 3203 1053 principiis
3229 983 3471 1040 felicibus
3502 988 3601 1055 illi,

2298 1074 2366 1129 Et
2395 1076 2502 1129 vita
2530 1074 2708 1130 exsilii
2737 1084 2984 1144 superest
3012 1074 3310 1145 prudenter
3339 1077 3567 1146 agenda,

2297 1167 2410 1220 lloc
2437 1180 2648 1230 sanum,
2677 1176 2732 1220 et
2760 1181 2867 1234 quo
2895 1165 2970 1219 nil
3001 1166 3161 1220 fuerit
3184 1167 3469 1222 sublimius
3496 1169 3548 1222 in
3576 1183 3638 1224 se

2152 1258 2258 1314 865
2295 1256 2502 1325 Credit,
2524 1267 2774 1327 amatque
2803 1272 2960 1312 suum
2993 1257 3178 1312 mundi
3201 1259 3462 1328 sapientia
3490 1274 3733 1328 sensum,

2293 1350 2608 1404 Innumeras
2628 1362 2750 1403 sese
2779 1348 2982 1403 claram
3007 1349 3198 1403 mirata
3228 1365 3329 1420 per
3348 1359 3494 1406 artes
3523 1368 3538 1404 :

2295 1440 2448 1508 Quod
2481 1439 2807 1508 conjecturis
2830 1439 3153 1494 sublimibus
3180 1439 3360 1494 abdita
3391 1442 3603 1511 querit,

2286 1531 2437 1599 Quod
2487 1529 2732 1586 meminit
2781 1538 2966 1596 recte,
3027 1530 3169 1597 sapit
3215 1530 3448 1597 acriter,
3500 1534 3730 1589 aestimat

2433 1634 2556 1693 apte
2587 1641 2601 1678 :
3058 1615 3062 1618 ’

2287 1715 2442 1784 Quod
2500 1716 2738 1772 studium
2786 1715 2934 1773 fandi
2980 1716 3256 1785 excoluit,
3319 1717 3460 1787 quod
3522 1718 3729 1790 legibus

2427 1810 2590 1864 urbes

2146 1900 2251 1956 870
2286 1899 2542 1968 Instituit,
2575 1914 2867 1970 moresque
2894 1899 3038 1956 feros
3067 1901 3279 1956 ratione
3312 1900 3527 1966 recidit,

2289 1990 2357 2047 Ut
2389 2005 2561 2059 pernae
2590 2001 2767 2046 metus
2795 1990 2976 2045 officio
3005 1991 3224 2046 certarit
3251 1992 3474 2047 amoris.

2355 2083 2473 2138 iam
2512 2097 2632 2138 eum
2665 2091 2953 2138 exercetur
2996 2084 3256 2148 numeris,
3298 2083 3363 2137 ad
3394 2083 3570 2138 sidera
3601 2085 3725 2140 caeli

2287 2173 2390 2228 Per
2419 2187 2611 2229 cursus
2633 2173 2903 2229 noscenda
2936 2187 3086 2240 suos,
3118 2183 3172 2228 et
3198 2174 3339 2228 scire
3365 2173 3576 2230 videtur

2284 2263 2532 2321 Defectus
2559 2265 2689 2320 solis
2708 2265 2913 2332 varios,
2939 2265 3189 2335 lunatque
3218 2265 3451 2330 labores,

2138 2437 2441 2494 commodis
2469 2447 2620 2494 caret
2648 2455 2662 2492 :
2694 2439 2788 2510 qui
2821 2439 2962 2494 enim
2993 2438 3135 2493 ismd
3162 2437 3305 2510 quod
3335 2439 3601 2510 sequitur,
3626 2441 3725 2494 hoc

2135 2525 2341 2580 sanum,
2377 2519 2517 2575 etc.;
2558 2510 2671 2580 qui,
2707 2509 2947 2578 inquam,
2994 2509 3136 2563 istud
3173 2509 3239 2563 ad
3273 2509 3428 2577 plura
3479 2512 3566 2564 illa
3599 2527 3723 2579 qua:

2135 2579 2561 2651 prtecedunttae
2586 2580 2728 2634 inter
2749 2595 2810 2651 ea
2833 2580 2898 2633 ad
2924 2580 3086 2651 vitam
3115 2580 3412 2650 prudenter
3430 2581 3720 2651 agendam,

2131 2649 2431 2705 referetur?
2460 2650 2623 2705 Certe
2656 2650 2882 2705 nitidius
2913 2650 3109 2704 fuisset
3139 2667 3151 2704 :

2250 2749 2326 2800 Ad
2350 2750 2496 2800 vitam
2520 2750 2682 2800 exsilii
2705 2755 2938 2813 superest
2961 2749 3232 2813 prudenter
3254 2750 3492 2812 agendam
3518 2764 3533 2801 :

2126 2860 2188 2906 ut
2216 2866 2379 2922 supra
2410 2867 2465 2909 v.
2502 2852 2607 2908 829
2632 2869 2646 2906 :

2581 2952 2657 3001 Ad
2683 2953 2792 3002 vitm
2816 2953 3074 3015 presentis
3098 2953 3371 3014 commoda,
3397 2961 3493 3004 etc.

2126 3056 2232 3113 Pro
2253 3059 2484 3114 lectione
2506 3057 2720 3113 interim
2753 3068 2934 3112 nostra
2964 3067 3020 3113 et
3052 3057 3272 3127 Vulgata
3304 3059 3500 3114 tuenda
3529 3059 3713 3117 facere

2126 3137 2305 3197 potest
2334 3129 2482 3196 qttod
2519 3129 2693 3184 soleat
2730 3129 2895 3182 etiam
2927 3129 3054 3182 alibi
3083 3141 3270 3200 auctor
3299 3143 3483 3184 noster
3511 3145 3715 3200 ponere

2126 3200 2459 3268 coniunctim
2502 3202 2680 3266 plura,
2718 3210 2883 3268 atque
2924 3199 2990 3252 ad
3017 3214 3181 3253 unum
3209 3199 3583 3256 dumtaxatex
3619 3203 3712 3269 iis,

2049 3248 2095 3312 C
2127 3248 3585 3340 {satiassatias};atad"asi".;ei;n1.‘a;‘}até.ia
3619 3248 3715 3328 '52:

2125 3342 2368 3409 quentia.
2404 3340 2556 3394 Doct.
2581 3340 2714 3394 Lov.

2194 3410 2320 3466 865.
2363 3410 2532 3465 Suum
2568 3426 2772 3482 sensum
2811 3423 2994 3464 amare
3021 3409 3219 3482 dicitur
3262 3411 3445 3466 mundi
3495 3412 3712 3482 sapien-

2123 3481 2217 3545 tia,
2264 3495 2371 3535 non
2417 3482 2494 3536 uti
2525 3480 2820 3548 vnlgariter
2860 3482 3087 3549 quisque
3116 3479 3318 3535 dicitur
3358 3479 3712 3538 amare'sen-

2121 3565 2238 3604 sum
2261 3565 2445 3614 suum,
2468 3550 2520 3605 id
2547 3559 2651 3622 est,
2679 3550 3000 3605 sententiam
3026 3567 3041 3603 :
3071 3550 3169 3622 sed
3199 3561 3344 3605 amat
3373 3555 3708 3622 miraturque

2120 3635 2338 3675 sensum
2387 3635 2568 3683 suum,
2617 3621 2722 3675 hoc
2763 3630 2845 3676 est
2873 3634 3030 3675 suum
3079 3621 3250 3686 scire;
3282 3631 3338 3675 ut
3367 3633 3477 3676 tum
3509 3638 3575 3676 ex
3619 3621 3710 3678 se-

2119 3691 2434 3761 quentibus,
2479 3701 2591 3744 tum
2617 3707 2683 3745 ex
2724 3690 2882 3746 dictis
2911 3706 3041 3745 mox
3086 3705 3247 3761 supra
3277 3691 3345 3746 ad
3374 3707 3425 3746 v.
3457 3693 3558 3748 841
3590 3696 3706 3748 col-

2119 3760 2210 3829 ligi
2243 3770 2441 3830 potest.
2475 3761 2644 3816 Porro
2669 3761 2845 3814 mundi
2891 3760 3343 3830 sapientia’dictio
3373 3771 3457 3818 est
3483 3773 3704 3832 aposto-

2123 3833 2222 3887 lica
2263 3848 2370 3887 non
2399 3848 2506 3886 uno
2536 3832 2590 3886 in
2623 3833 2762 3886 loco.
2798 3834 2948 3885 Doct.
2978 3832 3110 3885 Lov.

2192 3901 2317 3957 872.
2361 3901 2642 3956 Exercctur
2673 3902 2922 3963 numeris,
2965 3911 3069 3956 etc.
3114 3901 3171 3956 In
3202 3902 3620 3968 mathematicis,
3649 3905 3703 3960 in

2117 3973 2449 4096 ὖιιίιῖυἱργω
2475 3972 2686 4026 caeteris
2719 3972 2824 4026 sibi
2859 3971 3153 4027 humanum
3183 3971 3358 4041 placet
3401 3978 3699 4044 ingenium.

2171 4056 2231 4094 oe
2260 4081 2274 4095 .
2345 4056 2506 4095 ovan.

2171 4052 2274 4095 ttCl.
2301 4052 2506 4095 Lovan.

2189 4112 2314 4166 874.
2357 4109 2597 4180 Defectus
2634 4110 2778 4175 solis,
2823 4119 2928 4166 etc.
2977 4111 3130 4166 Doct.
3160 4112 3294 4169 Lov.
3326 4114 3530 4170 Versus
3562 4115 3674 4171 inte

2122 4195 2219 4252 ger
2248 4181 2507 4252 eCeorg.
2529 4197 2586 4249 tt,
2624 4196 2696 4252 ac,
2738 4182 2850 4236 fere
2875 4197 2906 4236 e
2944 4181 3160 4238 Lucret.
3194 4185 3287 4240 lib.
3316 4200 3373 4248 v,
3401 4200 3561 4252 quem
3592 4202 3700 4241 non

2118 4251 2256 4305 adeo
2292 4251 2485 4324 Noster
2515 4252 2643 4324 huic
2687 4251 2815 4324 loco,
2839 4253 3089 4318 inseruit,
3133 4263 3193 4308 ut
3240 4251 3528 4324 utrumque
3557 4257 3698 4311 hunc

2118 4331 2330 4394 poetam
2377 4322 2758 4394 philosophum
2793 4323 3124 4394 imitaretur,
3166 4341 3324 4394 quam
3371 4322 3566 4379 ut’eos
3610 4334 3698 4394 pte

2115 4391 2383 4447 derideret
2428 4393 2504 4446 uti
2547 4395 2706 4446 nimis
2741 4393 2845 4448 sibi
2884 4391 3260 4461 placentes—in
3304 4395 3403 4449 hac
3447 4391 3694 4450 scientia.

2115 4461 2324 4531 Quippe
2356 4461 2664 4534 Lucretium
2693 4462 2876 4534 videas
2915 4463 3114 4533 ubique
3153 4480 3291 4532 pene
3328 4465 3604 4534 pueriliter
3631 4483 3695 4521 ea

2114 4535 2504 4597 exsultantem;
2551 4533 2827 4600 Virgilium
2871 4549 3086 4604 quoque
3126 4537 3291 4602 paulo
3318 4545 3442 4604 post
3488 4537 3692 4592 dictum

2032 4613 2085 4673 Ῑ)
2113 4616 2352 4667 versum,
2377 4603 2572 4657 mirum
2603 4612 2804 4672 quanto
2830 4603 3022 4658 all‘ectu
3051 4603 3445 4660 exclatnantem
3475 4607 3692 4663 audias:

2234 4700 2376 4750 Felix
2397 4701 2483 4762 qui
2507 4701 2664 4763 potuit
2689 4714 2855 4751 rerum
2879 4714 3179 4765 cognoscere
3203 4717 3391 4753 causas.

2182 4821 2318 4895 Ibid.
2356 4822 2738 4895 Varios.rQuia
2768 4825 2984 4895 quidam
3023 4837 3277 4893 putarunt
3303 4828 3512 4883 facilius
3555 4833 3692 4885 assi-

2111 4894 2262 4969 gnari
2308 4894 2636 4969 uarios__solis
2666 4894 2876 4969 eiectus
2902 4911 3059 4969 quam
3091 4900 3256 4952 t'arios
3295 4900 3518 4967 defectus
3547 4903 3695 4969 (quis

2113 4966 2257 5039 enim
2281 4965 2438 5039 alius,
2469 4963 2743 5039 dixerunt,
2775 4963 3193 5036 solisdefectus,
3217 4963 3374 5035 quam
3403 4972 3447 5024 is
3480 4963 3568 5039 qui
3591 4963 3691 5038 per

2114 5034 2254 5112 luna}
2297 5035 2767 5112 interpositionem
2797 5034 3329 5112 causattts,__eclipsis
3371 5034 3678 5112 dicit-uri),

2111 5118 2211 5180 nec
2235 5103 2453 5180 insuper
2471 5103 2793 5180 familiarem
2814 5106 3056 5180 habuere
3080 5103 3388 5178 Virgilium;
3416 5112 3582 5180 quod,
3610 5103 3689 5168 uti

2111 5174 2360 5243 tlteologo
2391 5176 2521 5244 vitio
2549 5177 2684 5230 verti
2719 5191 2826 5231 non
2849 5179 3037 5244 debet,
3070 5180 3142 5232 ita
3174 5174 3271 5234 nec
3300 5197 3330 5234 e
3367 5174 3686 5237 co'tttra'im-

2110 5245 2326 5320 probari
2348 5259 2408 5320 ea
2439 5243 2775 5320 familiaritas
2805 5263 2964 5317 quam
2995 5243 3094 5303 nec
3118 5248 3216 5305 SS.
3247 5250 3462 5320 quidem
3496 5253 3686 5308 Patres

2110 5316 2305 5390 passim
2355 5314 2625 5390 dedignati
2673 5314 2836 5390 sunt;
2876 5322 3222 5386 conjecerunt
3265 5314 3344 5374 illi
3398 5323 3684 5390 legendum

2108 5383 2688 5460 eiectussotisvarios.
2715 5388 2844 5448 Sed.
2878 5383 3235 5460 praiterquam
3271 5391 3413 5460 quod
3444 5383 3686 5447 defectus

2108 5454 2239 5534 ipse_
2251 5454 2560 5534 ordinarius
2583 5454 2967 5534 sna_v;trie_t_ate
3003 5454 3108 5534 noti
3138 5454 3321 5534 careat
3347 5462 3510 5534 (alius
3539 5465 3684 5517 enim

2110 5525 2315 5600 totalis,
2347 5526 2485 5600 alius
2515 5528 2774 5594 partialis,
2817 5529 2953 5583 alius
2985 5531 3328 5600 universalis,
3353 5525 3491 5586 alius
3518 5547 3685 5599 partl-

2106 5595 2325 5671 cttlaris,
2358 5595 2515 5664 etc.),
2549 5601 2845 5652 notandum
2873 5610 3154 5671 pratterea,
3186 5603 3287 5655 soli
3316 5595 3423 5657 non
3465 5595 3684 5671 prorsus

2108 5665 2358 5722 insolitos
2407 5680 2530 5722 esse
2581 5672 2840 5737 quosdam
2874 5665 3150 5727 'defectus'
3177 5665 3637 5729 extraordinarios
3662 5707 3682 5735 .
