4088 6176
402 249 507 303 Ii!

681 447 813 515 ipsis
838 456 851 506 l

607 541 769 606 ’ρωι
797 540 923 595 licet
969 554 1036 595 ex
1084 540 1261 610 primo
1296 549 1509 595 natura:
1548 539 1845 594 habeantur
1880 537 1979 595 ho-

683 646 811 687 nore
829 646 846 697 ;

536 723 649 779 Non
680 733 856 777 tamen
886 721 953 777 ad
987 735 1167 776 veram
1198 729 1429 791 possunt
1456 720 1756 790 perducere
1786 721 1970 775 vitam.

538 816 812 884 (Denique
828 814 896 868 ab
928 814 1010 867 his
1033 827 1271 882 praeceps
1299 814 1350 866 in
1382 813 1577 867 multas
1594 813 1904 881 relligiones

540 906 696 976 181
730 903 959 967 Decidit,
992 911 1047 957 et
1076 900 1231 957 lactis
1261 902 1416 957 haesit
1442 903 1645 958 factore
1674 904 1910 974 relicto.)

381 997 497 1051 880
534 996 671 1050 Nam
695 998 738 1048 si
767 1009 910 1049 nunc
939 993 1101 1048 etiam
1135 994 1319 1047 illzesis
1346 995 1494 1064 vigor
1522 995 1609 1048 ille
1639 1005 1899 1061 maneret,

532 1086 588 1141 hi
633 1099 740 1155 quo
787 1085 975 1140 insons
1018 1093 1209 1139 natura
1249 1082 1389 1149 fuit;
1436 1098 1531 1138 sua
1579 1098 1846 1155 quemque
1878 1099 1967 1139 vo-

676 1176 853 1229 lunias

527 1266 833 1324 Conciliare
863 1267 993 1331 Deo,
1025 1280 1291 1337 panaque
1320 1265 1601 1323 absolvere
1629 1275 1810 1337 posset
1835 1285 1849 1321 :

528 1360 901 1430 Nequidquam
929 1360 1181 1414 Christus
1211 1368 1437 1414 mortem
1467 1359 1746 1414 moriendo
1770 1359 1961 1430 piaret,

528 1450 815 1506 Peccatum
838 1461 892 1506 et
910 1450 1093 1505 mundi
1124 1450 1348 1520 sanguis
1374 1464 1479 1504 non
1504 1450 1715 1504 tolleret
1736 1449 1893 1519 Agni,

380 1542 492 1597 885
528 1541 640 1596 Nec
661 1556 829 1610 genus
859 1539 1153 1595 humanum
1181 1540 1428 1610 generari
1463 1555 1649 1594 rursus
1675 1548 1861 1608 egeret

526 1632 849 1688 Conditione
879 1647 1014 1686 nova
1046 1648 1060 1685 :
1091 1632 1344 1701 quoniam
1375 1632 1635 1701 sapientia
1666 1647 1820 1701 sana,

525 1722 670 1778 Sana
698 1722 851 1791 fides,
866 1736 1053 1776 sanum
1074 1722 1377 1789 arbitrium,
1392 1737 1541 1777 mens
1560 1723 1726 1777 libera
1748 1722 1958 1791 morbo,
1995 1753 2041 1813 Β

446 1852 451 1857 ι
525 1814 705 1871 Vitam
732 1822 952 1884 agerent
980 1815 1195 1884 dignam
1221 1831 1553 1871 summorum
1585 1818 1925 1889 participatu.

600 1909 620 1930 '
647 1905 757 1961 Sun
781 1914 1042 1975 prostrata
1064 1906 1468 1976 semel.quanto
1492 1916 1682 1962 natura
1700 1908 1959 1978 profundo

376 1995 486 2051 890
525 1995 787 2050 lmmersa
805 2036 820 2062 ,
846 2003 903 2051 et
929 2004 1140 2066 quanta:
1169 1995 1241 2051 sit
1270 1996 1409 2052 mole
1431 2012 1687 2067 oppressa
1714 1998 1881 2054 ruina:
1906 2015 1921 2065 ;

378 2124 519 2178 quos
571 2108 789 2175 eclipsis
838 2110 1055 2166 nomine
1101 2125 1206 2165 non
1257 2125 1531 2165 vocamus.
1582 2110 1674 2166 Sic
1719 2110 1957 2168 famosus

379 2180 851 2252 philosoiihusex
892 2181 1165 2235 hodiernis
1200 2189 1404 2246 narrat,
1450 2181 1625 2235 solem
1670 2183 1959 2252 aliquando

380 2267 466 2324 per
504 2252 688 2324 plures
720 2250 855 2324 dies.
881 2262 1045 2317 atque
1060 2253 1211 2324 adeo
1240 2265 1480 2324 menses,
1508 2260 1561 2305 et
1594 2250 1790 2324 annum
1822 2255 1960 2307 inte-

379 2321 561 2387 grum,
587 2322 781 2374 obtuso
820 2321 1021 2375 lumine
1060 2321 1260 2377 luxisse
1297 2321 1363 2374 ad
1396 2322 1568 2375 instar
1608 2321 1787 2377 lunas:
1819 2324 1959 2390 quod

380 2394 495 2459 ipse
522 2390 697 2459 copia:
725 2401 778 2444 et
821 2390 1170 2460 magnitudini
1216 2392 1461 2445 atIribuit
1505 2406 1691 2446 earum
1730 2395 1962 2447 macula-

383 2478 500 2514 rum
533 2477 671 2530 quas
700 2476 803 2529 ope
848 2461 1122 2527 telesc0pii
1174 2462 1227 2515 iu
1274 2460 1405 2515 solis
1433 2475 1683 2529 corpore,
1732 2479 1838 2519 non
1869 2479 1962 2517 eo-

380 2534 501 2585 dem
535 2543 796 2599 perpetuo
820 2548 1064 2597 innuero,
1092 2531 1457 2601 magnitudine
1476 2541 1529 2585 et
1557 2532 1748 2599 forma,
1776 2533 1963 2587 obser-

380 2617 576 2673 vamus
612 2619 625 2653 :
660 2601 853 2670 quibus
900 2602 1060 2655 etiam
1094 2603 1207 2655 fieri
1241 2612 1411 2670 putat,
1454 2611 1515 2673 ut
1556 2604 1733 2673 stella:
1771 2603 1959 2673 aliqua:

381 2672 524 2739 lixae,
555 2687 689 2741 quas
719 2674 937 2725 totidem
966 2674 1113 2741 soles
1136 2682 1342 2738 censet,
1375 2672 1598 2726 omnino
1620 2672 1955 2741 disparea’nt:

382 2743 460 2797 uti
478 2742 533 2796 in
559 2740 789 2810 septima
804 2742 1073 2796 Pleiadum
1096 2740 1295 2797 factum
1317 2742 1667 2797 esseOvidius
1686 2740 1741 2797 in
1764 2744 1959 2799 fabulis

383 2827 493 2868 non
544 2813 785 2866 fabulose
812 2821 1112 2883 memorat,
1153 2813 1255 2867 etsi
1291 2813 1552 2866 rationem
1584 2814 1700 2883 ipse
1738 2828 1834 2883 pro
1881 2816 1959 2868 in-

383 2885 576 2938 stituto
602 2898 702 2936 suo
730 2882 916 2936 reddat
958 2882 1276 2937 fabulosam.
1320 2884 1386 2936 Et
1412 2883 1533 2952 quia
1563 2882 1632 2937 de
1654 2882 1844 2939 Ovidio
1873 2884 1955 2938 fa-

385 2967 467 3008 cta
496 2952 704 3006 mentio
744 2964 846 3014 est.
887 2968 993 3021 quo
1039 2969 1197 3007 nemo
1229 2954 1560 3023 ingeniosius
1603 2957 1954 3023 phzenomena

386 3024 652 3078 naturalia
681 3023 874 3077 fabulis
901 3026 1013 3077 suis
1042 3024 1333 3078 immiscuit
1358 3040 1374 3079 :
1400 3025 1442 3076 is
1472 3024 1610 3078 idem
1640 3032 1722 3077 est
1746 3027 1857 3094 qui,
1892 3024 1957 3079 ad
1988 3026 2032 3089 C

386 3095 618 3164 defectus
649 3094 1015 3164 nostrosrsolis
1048 3094 1214 3147 varios
1250 3094 1518 3160 alludens,
1546 3094 1745 3149 alicubi
1773 3099 1825 3149 in
1854 3095 1958 3149 Me-

386 3162 725 3225 tamorphosi
756 3163 884 3233 (loci
929 3166 980 3217 in
1015 3164 1422 3233 praesentiarum
1454 3178 1559 3218 non
1603 3166 1843 3233 memini)
1874 3165 1959 3219 in-

387 3235 533 3289 ducit
574 3234 828 3287 Phoebum
875 3237 1058 3288 nescio
1102 3248 1209 3303 quo
1246 3234 1450 3301 pallore
1496 3243 1958 3302 marcescentem;

387 3306 705 3370 diserteque
731 3303 898 3374 addit,
933 3319 1039 3358 non
1070 3306 1230 3358 talem
1261 3304 1405 3358 hunc
1433 3310 1612 3359 tamen
1652 3305 1838 3370 fuisse,
1870 3307 1959 3374 qui

390 3373 896 3442 sororisinterjectu
916 3387 1257 3439 causaretur;
1278 3375 1555 3427 insinuans
1593 3375 1801 3430 scilicet
1825 3373 1993 3431 alias“

387 3445 720 3514 defectionis
741 3446 860 3514 ejus
889 3455 942 3498 et
960 3445 1171 3514 species
1200 3458 1251 3499 et
1282 3459 1493 3497 causas.
1524 3446 1673 3499 Doct.
1705 3446 1834 3499 Lov.

454 3521 474 3541 '
495 3515 683 3569 Caru'r
711 3513 872 3569 XLII.
905 3515 1082 3579 Neque
1114 3531 1178 3568 ex
1201 3515 1306 3568 illis
1340 3514 1567 3583 reliquiis
1593 3516 1663 3569 ad
1692 3530 1861 3570 veram
1889 3516 1966 3570 ei-

389 3600 493 3639 tam
519 3586 733 3653 perdnci
761 3601 1001 3653 umquam
1027 3595 1208 3655 potest.
1250 3584 1313 3639 Si
1337 3587 1515 3637 eadem
1535 3595 1664 3640 esset
1693 3587 1747 3639 in
1778 3597 1965 3639 natura

388 3658 459 3725 eis
482 3670 605 3724 qui:
635 3656 735 3724 fuit
764 3657 816 3708 in
853 3656 1076 3718 Adamo,
1115 3657 1339 3722 seipsum
1377 3656 1592 3725 quisque
1634 3656 1965 3710 reconciliare

391 3723 503 3780 Deo
533 3723 726 3796 posset,
776 3742 837 3778 ac
880 3735 1085 3794 peccato
1131 3723 1405 3780 exsolvere.
1448 3723 1678 3797 Ideoque
1724 3725 1962 3781 Christus

390 3798 550 3865 gratis
577 3804 811 3849 mortuus
838 3797 1033 3864 fuisset.

460 3867 590 3920 878.
637 3865 870 3935 Denique
895 3866 957 3918 ab
995 3866 1093 3929 his,
1135 3876 1240 3919 etc.
1275 3864 1561 3921 Periodnm
1602 3865 1763 3921 nimis
1807 3866 1965 3921 abm-

389 3944 537 4005 ptam
570 3935 878 4008 parenthesi
923 3936 1612 4008 includendamiduximus.
1649 3938 1965 4008 Specialiter

389 4018 571 4059 autem
619 4006 703 4058 illa
753 4008 984 4060 refertur
1030 4007 1263 4061 addicta
1310 4007 1363 4061 in
1398 4007 1501 4061 ﬁne
1538 4022 1660 4076 cap.
1694 4006 1861 4071 'pratc.
1896 4008 1965 4061 de

389 4089 663 4148 astrorum
684 4076 908 4130 scientia
943 4092 959 4130 :
987 4092 1107 4146 qua:
1138 4079 1276 4148 adeo
1318 4093 1423 4131 non
1456 4078 1592 4131 valet
1624 4093 1966 4148 possessores

388 4161 519 4200 suos
543 4145 628 4217 ad
670 4161 852 4199 veram
894 4145 1058 4200 vitam
1089 4147 1401 4215 perducere,
1430 4158 1487 4200 ut
1513 4145 1676 4203 etiam
1704 4148 1963 4217 quosdam

388 4218 453 4269 ad
502 4216 886 4281 idololatriam,
936 4228 1061 4283 puta
1100 4218 1165 4270 ad
1210 4218 1382 4285 ipsum
1424 4217 1643 4273 illorum
1694 4228 1963 4273 astrorum

387 4286 947 4369 cult‘umnpertraserit.
974 4287 1064 4369 (de
1088 4287 1284 4369 quibus
1338 4302 1528 4369 magna
1561 4288 1807 4369 querela.
1835 4290 1961 4358 Sap.

388 4362 530 4452 sui).
569 4357 667 4438 libi
695 4357 949 4452 admirari
983 4358 1111 4452 licet
1151 4358 1366 4452 humani
1396 4357 1961 4452 ingeniipravitaiem:
1993 4394 2040 4452 Β

388 4426 614 4496 Optimis
644 4429 944 4497 quibusque
966 4429 1126 4483 rebus
1166 4439 1270 4482 tam
1298 4426 1550 4497 perverse
1578 4426 1869 4489 abutentis.
1897 4437 1958 4481 ut

388 4497 812 4566 pulcherrimam
847 4502 1148 4569 scientiam,
1184 4499 1439 4569 physicen
1469 4498 1613 4563 dico,
1641 4515 1769 4568 qua,
1800 4515 1866 4553 ex
1893 4501 1957 4553 iis

387 4583 511 4639 quas
538 4570 678 4621 facta
701 4576 847 4639 sunt.
892 4568 1170 4623 Factorem
1202 4568 1325 4637 Opt.
1363 4569 1499 4622 Max.
1532 4569 1848 4639 analogiciss
1877 4571 1956 4621 in-

390 4637 581 4709 venire
622 4650 727 4692 tam
756 4637 912 4693 facile
948 4650 1061 4705 est;
1108 4640 1208 4693 Sibi
1246 4648 1434 4693 contra
1477 4637 1762 4709 ipsumniet
1791 4641 1958 4694 Deum

389 4706 552 4762 faciat
603 4709 885 4773 inservire,
942 4726 1008 4764 ex
1056 4726 1229 4776 eaque
1262 4710 1473 4764 decidat
1499 4706 1627 4763 'non
1668 4713 1719 4763 in
1764 4712 1961 4763 multas

392 4788 606 4850 tantum
632 4781 941 4850 religiones,
982 4789 1039 4832 ut
1084 4781 1171 4834 hic
1215 4780 1408 4834 Noster
1436 4788 1614 4846 notat;
1664 4780 1760 4833 scd
1796 4783 1875 4835 vel
1906 4781 1959 4834 in

390 4848 563 4916 ipsum
596 4848 1006 4918 irreligiositatis
1031 4860 1195 4919 atque
1225 4850 1471 4905 atheismi
1503 4851 1836 4904 barathrum.
1870 4850 1963 4905 Sic

389 4922 587 4987 quippe
619 4921 811 4989 impius
844 4922 932 4974 ille
971 4937 1092 4974 cum
1136 4936 1240 4975 suo
1282 4922 1511 4989 Epicuro
1542 4920 1849 4986 Lucretius,
1882 4922 1964 4974 sic

390 4990 615 5057 l’linius,
661 5005 740 5045 διο
767 4991 863 5045 alii
911 5004 1114 5046 natura:
1154 5000 1341 5061 mysta:
1382 5004 1647 5045 auxerunt
1691 4991 1962 5046 infelicom

388 5062 674 5115 atheorum
703 5077 1023 5115 numerum:
1064 5064 1143 5115 sic
1187 5062 1454 5130 hodieque
1484 5063 1651 5115 nostri
1692 5064 1789 5116 aevi
1830 5063 1963 5117 sati-

388 5133 529 5185 ricus
559 5131 805 5200 ejusdem
836 5132 1122 5198 impietatis
1166 5132 1439 5184 infamiam
1488 5145 1775 5200 aspergere
1805 5132 1966 5185 audet

389 5202 754 5270 physicorum,
784 5216 898 5271 seu,
921 5211 977 5255 ut
1005 5203 1127 5271 ipse
1156 5210 1328 5265 vocat,
1375 5203 1716 5265 medicorum,
1761 5201 1968 5270 profes-

389 5272 522 5341 sioni
555 5284 649 5325 :et
694 5270 909 5341 quidem
950 5272 1075 5324 illud
1107 5270 1352 5325 fortassis
1384 5273 1598 5337 injuria,
1639 5272 1734 5329 sed
1784 5284 1965 5326 tentent

392 5340 573 5405 pudet,
617 5340 780 5410 piget,
824 5342 983 5396 taedet
1021 5341 1239 5411 generis
1289 5342 1535 5405 humani,
1588 5343 1729 5411 quod
1774 5345 1965 5397 saltem

389 5412 626 5480 suspicio
656 5413 743 5467 illa
782 5428 890 5467 non
928 5413 981 5466 in
1021 5413 1159 5466 alios
1187 5417 1365 5481 potius
1388 5428 1581 5466 omnes
1624 5414 1780 5467 cadat
1807 5427 1968 5481 quam

392 5482 444 5553 in
472 5493 567 5535 eos
588 5485 676 5552 qui
713 5484 781 5537 ab
805 5483 907 5537 hoc
944 5483 1089 5536 malo
1119 5483 1433 5553 longissime
1460 5485 1652 5538 abesse
1675 5484 1966 5538 deberent.

393 5550 562 5623 Atque
605 5550 727 5608 haec
773 5554 839 5607 ad
885 5550 1314 5623 prudentissimas
1354 5555 1755 5620 verissimteque
1803 5553 1963 5622 hujus

395 5622 756 5690 l’rosperianas
780 5622 1117 5691 parenthesis
1148 5625 1619 5679 confirmationem
1642 5625 1783 5677 dicta
1822 5626 1961 5688 sint;

396 5702 449 5748 et
472 5693 684 5761 Quident
722 5696 791 5749 ab
814 5711 880 5749 eo
904 5696 995 5762 (ne
1023 5693 1272 5765 physicas
1298 5695 1479 5749 odium
1523 5698 1761 5765 putetur)
1793 5694 1886 5764 qui
1912 5704 1967 5750 et

1351 244 1630 302 CARMEN
1666 244 1756 300 DE
1795 243 2134 301 INGRATIS.
2179 243 2356 299 PARS
2390 243 2699 312 ρυΑιιτΑ.

391 360 512 416 875
546 359 713 428 Quam
764 358 1010 424 speciosa
1061 357 1168 413 sibi
1213 366 1316 425 est,
1358 366 1414 415 et
1435 373 1596 428 quam
1638 358 1884 418 vanescit
1927 359 1981 413 in
2009 368 2062 423 Α

2043 4779 2147 4833 ~ma

3559 245 3660 303 142

2227 356 2468 414 Verbum
2494 356 2657 412 homo
2684 355 2746 412 lit
2765 398 2785 426 ,
2827 371 3118 431 rerumque
3162 367 3312 417 sator
3347 373 3451 417 suo
3472 363 3660 417 condi-

2369 446 2520 501 tione

2219 537 2444 593 Servilia
2474 538 2659 593 forma:
2685 539 2937 610 dignatur
2956 540 3165 611 virgine
3191 543 3361 600 nasci.
3556 590 3562 595 .

2223 629 2391 698 Inque
2417 630 2755 685 inﬁrmorum
2786 643 3008 687 cunctos
3038 632 3367 693 descendere
3386 650 3602 694 sensus.

2222 723 2459 778 Vexatur
2485 726 2674 790 virtus,
2701 726 2964 794 sapientia
2992 726 3296 785 ludificatur
3320 747 3338 785 :

2076 813 2183 869 895
2217 813 2427 869 iustitia
2451 814 2677 883 injustos
2703 816 2915 883 tolerat,
2944 816 3227 875 clementia
3254 835 3429 877 saevos
3461 838 3477 876 :

2218 903 2404 961 Gloria
2429 914 2799 973 contemptum
2827 908 2992 975 subit,
3021 918 3074 964 et
3095 918 3363 967 tormenta
3384 922 3650 983 potestas:

2217 994 2383 1065 Inque
2410 997 2589 1051 crucis
2620 1011 2830 1065 passiam
2861 1000 2989 1053 nulli
3020 1001 3285 1057 violabilis
3310 1019 3533 1075 usquam

2216 1084 2338 1139 Vita
2368 1086 2572 1155 agitur:
2602 1087 2760 1155 cujus
2782 1088 3078 1156 perimatur
3103 1102 3277 1147 morte
3307 1105 3639 1166 peremptor:

2210 1176 2367 1231 Justo
2392 1185 2450 1231 ut
2474 1191 2574 1247 pro
2604 1176 2817 1247 injustis
2840 1178 3014 1234 effuso
3040 1182 3321 1250 sanguine,
3348 1183 3420 1240 sit
3448 1201 3601 1242 mors

2068 1268 2175 1325 900
2211 1267 2383 1324 Unius
2412 1269 2641 1324 insontis
2676 1268 2967 1324 multorum
2995 1271 3101 1325 vita
3128 1286 3365 1328 reorum.

2288 1356 2402 1411 Hoc
2431 1356 2595 1427 igitur
2619 1358 2792 1426 pretio
2817 1359 3014 1425 captivi
3045 1373 3167 1414 cum
3192 1362 3553 1433 redimuntur,

2210 1450 2517 1517 Agnoscant
2542 1448 2686 1517 quali
2706 1450 2943 1509 conclusi
2968 1465 3209 1519 carcere,
3237 1469 3411 1523 quove

2207 1538 2423 1594 Obsessi
2452 1538 2652 1594 fuerint
2677 1540 2897 1607 morbo;
2923 1542 3117 1611 quibus
3143 1544 3434 1614 eripiendis

2208 1629 2461 1686 Succurri
2505 1629 2648 1685 haud
2692 1630 2851 1685 aliter
2891 1632 3068 1701 potuit
3109 1648 3273 1704 quam
3318 1644 3496 1693 morte
3533 1652 3648 1693 me-

2282 1719 2483 1775 dentis.

2068 1810 2173 1869 905
2211 1812 2277 1866 Et
2304 1812 2427 1881 quia
2455 1811 2523 1865 de
2544 1810 2753 1880 magnis
2780 1811 2972 1881 opibus
2997 1814 3254 1869 nonnulla
3283 1827 3594 1888 supersunt,

2208 1903 2340 1970 Quae
2360 1904 2620 1959 decorent
2646 1904 2837 1968 nudos,
2866 1914 2920 1960 et
2946 1922 3066 1973 qua:
3089 1908 3329 1964 solentur
3354 1926 3592 1980 egenos:

2212 1995 2327 2051 Non
2348 1996 2419 2051 ita
2452 2008 2548 2065 pro
2568 1995 2795 2050 summis
2822 1996 3093 2053 oblectent
3122 2000 3303 2054 ultima
3334 1999 3537 2071 lapsos,

2064 2111 2179 2186 ipse
2207 2108 2511 2186 aliquando
2548 2107 2688 2164 hanc
2715 2108 2991 2166 Galateam
3030 2112 3252 2181 amavit,
3281 2114 3448 2170 immo
3474 2115 3639 2186 depe-

2062 2182 2173 2234 riit.
2207 2181 2340 2235 Doct
2369 2180 2499 2234 Lov.
3008 2214 3015 2223 ι

2132 2250 2289 2325 880.-
2316 2250 2521 2325 llltesis.
2568 2247 2722 2325 Doct_.
2757 2248 2891 2325 hev.
2942 2250 3311 2325 legitillassus.
3349 2252 3440 2325 Sic
3479 2271 3641 2325 supra

2064 2337 2113 2374 v.
2142 2321 2238 2376 541
2279 2320 2524 2388 legimus,
2556 2320 2736 2372 mentis
2766 2319 3015 2374 honorem
3050 2320 3267 2375 illtesum
3294 2340 3314 2379 :
3357 2319 3644 2381 Gallus'ta-

2064 2408 2183 2445 men
2215 2390 2355 2463 (nisi
2387 2392 2575 2443 vitium
2604 2391 3012 2463 typorum_est)
3060 2392 3258 2445 illusis.
3305 2394 3413 2449 Nos
3464 2406 3640 2452 tamen

2066 2477 2169 2515 non
2204 2459 2529 2514 mutavimus
2555 2462 2828 2530 antiquam
2866 2459 3152 2515 lectionem
3183 2464 3306 2530 quia
3345 2465 3641 2521 editionum

2061 2532 2426 2595 antiquiorum
2462 2528 2626 2595 Lugd.
2657 2528 2841 2593 ,Lov.
2864 2570 2879 2595 ,
2927 2531 3092 2584 Duac.
3138 2528 3419 2587 et'Colnn.
3459 2545 3644 2590 aucto-

2065 2603 2225 2656 ritate
2264 2599 2519 2663 fulcitur,
2563 2607 2618 2653 et
2661 2614 2879 2654 sensum
2926 2612 3127 2654 rectum
3176 2602 3438 2658 exhibere
3488 2606 3645 2661 nobis

2062 2672 2174 2724 visa
2204 2681 2308 2724 est.

2132 2741 2260 2796 883.
2294 2738 2512 2791 Mortem
2535 2739 2793 2792 moriendo
2821 2739 3008 2809 piaret.
3048 2738 3173 2809 Non
3212 2755 3347 2809 opus
3372 2748 3493 2797 erat
3514 2757 3646 2799 con-

2059 2809 2267 2882 jectnra
2296 2809 2481 2882 ligare:
2507 2810 2687 2882 (quam
2719 2808 2893 2882 tamen
2926 2808 3216 2882 praeferunt
3243 2808 3435 2882 Lugd..
3485 2813 3641 2881 Lov.,

2063 2881 2228 2936 Duac.
2260 2890 2313 2935 et
2340 2878 2581 2948 Colon.)
2613 2894 2628 2932 :
2669 2889 2752 2932 est
2782 2879 2927 2934 enim
2972 2879 3201 2935 imitatio
3238 2878 3395 2939 istius
3422 2878 3642 2940 “ctam.

2063 2966 2177 3017 vni,
2209 2953 2263 3005 in
2291 2950 2537 3020 Meleagri
2567 2949 2740 3003 fabula
2771 2966 2786 3002 :

2618 3048 2749 3098 Mors
2766 3053 2924 3099 morte
2947 3048 3120 3111 pianda
3138 3056 3240 3112 est;

2062 3159 2157 3207 aut
2180 3152 2226 3224 si
2254 3168 2360 3224 non
2386 3152 2492 3224 nisi
2524 3150 2815 3224 Virgiliana
2857 3150 3026 3205 dictio
3049 3151 3104 3205 in
3124 3150 3296 3219 pretio
3320 3159 3433 3219 est;
3457 3167 3645 3224 respe-

2062 3226 2141 3279 xit
2164 3223 2231 3279 ad
2262 3223 2396 3279 illud
2425 3220 2645 3276 Encid.
2675 3236 2713 3274 ll
2747 3238 2761 3273 :

2444 3321 2642 3384 Culpam
2663 3321 2787 3371 hanc
2809 3320 3095 3370 miserorum
3118 3327 3278 3371 morte
3302 3321 3517 3385 piabunt.

2133 3450 2153 3475 ⁶
2181 3445 2364 3500 CAPUT
2388 3442 2570 3499 XLIII.
2607 3441 2692 3497 Ea:
2718 3442 2969 3511 ine/fabili
2994 3442 3090 3498 Dei
3110 3441 3406 3497 humilitate
3428 3460 3531 3513 qua
3550 3444 3643 3500 ho-

2061 3534 2147 3573 mo
2175 3526 2222 3571 et
2248 3517 2399 3569 miser
2422 3516 2534 3581 ﬁeri
2575 3514 2817 3584 dignatus
2843 3522 2939 3578 est,
2979 3523 3037 3566 ut
3067 3513 3322 3567 hominem
3350 3517 3640 3580 redimeret,

2062 3597 2306 3671 agnoscat
2326 3585 2479 3671 homo
2504 3586 2848 3671 cqptivusquo
2872 3598 3075 3671 εφη-ινα
3098 3584 3322 3665 clausus.
3345 3601 3444 3671 quo
3470 3587 3642 3671 morbo

2064 3654 2296 3712 obsessus
2327 3657 2501 3723 fuerit.
2546 3654 2642 3725 Cui
2682 3654 2943 3725 eripienda
2980 3654 3225 3725 nonnisi
3266 3662 3429 3709 morte
3463 3657 3654 3710 medici

2064 3727 2293 3783 succurri
2315 3728 2499 3796 potuit.
2530 3724 2693 3796 Quam
2725 3723 2872 3796 parvi
2900 3723 3137 3796 faciqida
3165 3738 3278 3791 qute
3302 3725 3495 3796 homini
3533 3739 3648 3796 post

2065 3814 2238 3850 casum
2258 3791 2547 3861 supersunt.
2573 3792 2702 3847 Cum
2725 3791 2880 3846 homo
2901 3791 2976 3844 ad
3008 3791 3171 3843 Deum
3197 3794 3522 3857 convertitur,
3554 3795 3647 3849 Dei

2066 3868 2247 3938 gratia
2274 3876 2330 3938 ut
2356 3864 2643 3938 principio,_
2668 3863 2839 3933 potius
2866 3877 3019 3938 quam
3056 3862 3215 3938 iibero
3247 3862 3474 3938 arbitrio
3505 3864 3647 3938 hanc

2065 3931 2415 3991 ascribendam
2460 3931 2813 3986 mutationem.
2869 3932 3018 3996 Quod
3053 3932 3203 3983 homo
3240 3931 3397 3985 libero
3433 3933 3646 3987 arbitrio

2066 4009 2277 4061 nimium
2310 4004 2537 4069 tribuat,
2572 4018 2634 4056 ea:
2673 4002 2764 4054 illa
2788 4001 3027 4070 superbia
3067 4000 3407 4069 proﬁciscitur
3434 4041 3449 4064 ,
3491 4019 3645 4071 quam

2066 4079 2299 4132 diabolus
2326 4074 2502 4143 primis
2534 4072 2826 4143 parentibus
2855 4074 3139 4142 inspiravit.

2140 4146 2267 4202 890.
2298 4140 2502 4200 Ruina.
2534 4140 2660 4196 Vlluc
2689 4157 2855 4212 usque
2887 4140 3263 4212 interrogative
3290 4140 3416 4212 legit
3460 4141 3646 4197 Gallus

2068 4228 2211 4288 (Cum
2244 4215 2570 4288 editionibus
2614 4209 2783 4288 Lov.,'
2814 4212 2977 4288 Duae.
3011 4221 3066 4288 et
3092 4211 3281 4265 Colon.
3310 4212 3329 4280 )
3355 4209 3647 4288 consenti-

2068 4281 2183 4343 rem
2215 4288 2311 4358 (ait
2342 4288 2489 4340 Doct.
2524 4285 2772 4358 Lovan.i.
2803 4282 2847 4336 si
2878 4282 3012 4358 foret
3042 4283 3141 4358 hoc
3182 4296 3359 4358 versu.
3405 4281 3555 4358 Mole
3574 4292 3648 4336 est

2069 4352 2313 4429 oppressa
2338 4397 2352 4418 ,
2395 4368 2503 4429 etc.
2521 4394 2535 4418 ,
2580 4369 2677 4429 pro
2705 4354 2771 4405 sit
2811 4354 2944 4429 mole
2965 4392 2979 4416 ,
3018 4353 3119 4405 nisi
3149 4353 3289 4429 quod
3322 4362 3445 4406 tunc
3471 4352 3648 4429 adhuc

2066 4421 2244 4499 potius
2272 4443 2366 4495 per
2390 4421 2834 4481 exclamationem
2866 4423 3119 4499 iegerem.
3164 4421 3315 4499 Nunc
3352 4431 3531 4499 autem
3558 4423 3648 4476 aio

2061 4492 2286 4566 ellipsin
2310 4510 2434 4551 esse
2464 4535 2479 4561 ,
2513 4511 2613 4549 nec
2651 4508 2768 4549 eam
2796 4493 3017 4566 quidem
3043 4492 3201 4566 adeo
3226 4493 3644 4566 incommodam.

2062 4561 2176 4636 Qui
2209 4570 2373 4631 volet,
2406 4567 2621 4620 interim
2652 4564 3009 4636 suppleat__ex
3053 4561 3294 4636 ejusdem
3324 4564 3645 4636 argumenti

2062 4631 2184 4693 loco
2225 4650 2413 4692 contra
2442 4636 2636 4692 Collat.
2667 4650 2719 4690 c.
2752 4634 2787 4687 9
2828 4651 2843 4685 :
2897 4631 3084 4686 Nonne
3130 4647 3192 4684 ea:
3232 4632 3396 4700 ipsius
3433 4634 3649 4687 remedii

2063 4708 2423 4775 singularitate
2462 4706 2778 4775 apertissime
2819 4712 2990 4773 patet,
3038 4703 3090 4755 in
3131 4718 3282 4775 quam
3331 4702 3641 4775 profundum

2181 4727 2423 4762 uturttate
2462 4727 2778 4775 apertissime
2819 4727 2990 4773 putet,
3038 4727 3090 4755 ιη
3131 4727 3282 4769 quam
3331 4727 3641 4771 prU'ummm

2147 4727 2261 4832 gum
2288 4780 2440 4831 totius
2464 4777 2675 4830 humani
2699 4774 2896 4845 generis
2923 4783 3107 4827 natura
3145 4772 3375 4827 demersa
3410 4775 3473 4845 sit
3491 4773 3647 4845 _illitts

2066 4849 2525 4974 irwtvaricatione,
2567 4848 2622 4899 in
2685 4843 2786 4916 quo
2839 4861 3010 4898 eomes
3057 4843 3437 4914 peccaverunt?
3491 4843 3647 4897 Doct.

2114 4937 2199 4971 (ιν.

2114 4937 2199 4971 (ιν.

2140 4991 2266 5045 897.
2313 4987 2466 5041 Nulli
2507 4985 2761 5040 violabilis
2797 5001 3031 5054 usquam.
3080 4983 3236 5054 Doct.
3292 4982 3493 5054 Lovan.
3524 4982 3653 5052 legit

2069 5076 2333 5130 umquam.
2359 5057 2554 5130 [iullus
2602 5073 2817 5130 usquam
2848 5053 2966 5125 (Vita
3005 5057 3180 5130 etiam
3221 5053 3392 5122 Lugd.
3425 5053 3650 5130 ,_Lo_v._,

2073 5122 2234 5184 huic.
2266 5139 2320 5183 et
2348 5127 2585 5195 C0|ult.).
2622 5122 2779 5180 Putat
2798 5122 2973 5179 autem
3004 5127 3103 5178 hoc
3129 5124 3354 5190 dictum,
3382 5124 3504 5191 quia
3537 5122 3653 5177 Sal-

2070 5211 2225 5254 vatur
2252 5198 2580 5253 inviolabilis
2605 5206 2739 5260 erat,
2775 5196 2876 5249 nisi
2910 5196 3024 5264 ipse
3045 5196 3323 5264 voluisset.

2143 5270 2265 5325 898.
2324 5269 2662 5339 Peremptor:
2710 5261 3431 5339 non>Ia_in-ipsios_@liristi
3491 5278 3656 5339 quam

2072 5340 2287 5406 petieris
2310 5333 2561 5405 humani;
2592 5352 2781 5403 nempe
2820 5336 3086 5406 diabolus,
3120 5334 3208 5402 qui
3230 5333 3386 5386 Josn.
3418 5348 3533 5399 vm,
3561 5336 3652 5397 64.

2075 5405 2335 5463 homicida
2361 5412 2557 5464 dicitur
2577 5408 2638 5462 ab
2664 5408 2830 5459 initio.
2872 5405 3222 5458 Perimendus
3248 5412 3427 5456 autem
3458 5406 3655 5459 dicitur

2075 5480 2462 5549 metaphorice,
2498 5479 2621 5547 quia
2648 5477 2733 5549 (ut
2762 5477 2887 5528 item
2919 5477 2970 5527 in
3003 5474 3327 5549 Evangelia)
3361 5474 3655 5549 ejiciendus

2077 5544 2243 5614 foras,
2276 5567 2339 5604 ac
2370 5544 2750 5603 destruendum
2778 5561 3001 5612 regnum
3033 5544 3171 5613 ejus,
3200 5544 3655 5615 adimondumque

2079 5622 2153 5676 illi
2185 5620 2374 5674 mortis
2421 5617 2720 5685 imperium.
2768 5615 2839 5669 lea
2872 5617 3054 5668 Gallus
3093 5615 3145 5667 io
3192 5630 3351 5684 prosa
3404 5631 3419 5671 :
3470 5618 3654 5670 melius

2078 5706 2238 5762 quam
2263 5692 2319 5746 in
2347 5684 2526 5755 versu,
2555 5688 2642 5742 ubi
2673 5684 2742 5741 de
2770 5696 2942 5742 morte
2972 5687 3243 5758 intelligit.
3269 5687 3422 5742 Doct.
3458 5686 3651 5742 Lovan.
