4088 6176
425 248 526 305 M3

567 363 636 419 Ut
662 361 731 417 de
749 360 1014 432 supplicio
1038 366 1302 423 tumeant,
1332 363 1494 428 atque
1519 355 1710 410 ordine
1739 370 1918 422 verso,

573 452 731 525 183
786 453 903 519 Quo
953 460 1079 508 sunt
1125 447 1303 506 euecti
1342 447 1561 515 miseri,
1612 446 1721 500 sint
1758 445 1882 501 inde
1913 458 2003 500 su-

709 545 884 616 perbi.

422 634 532 694 910
566 633 675 691 Aut
715 650 835 690 cum
867 633 1089 690 hebetes
1111 632 1280 699 visus,
1326 630 1483 700 longa
1512 644 1581 685 ex
1609 627 1839 698 caligine
1880 636 2003 682 tan-

705 725 851 793 dem,

423 821 600 896 [Deest
622 822 704 875 hic
730 818 932 888 aliquid
955 858 973 883 ,
1003 817 1058 870 in
1086 816 1227 870 hunc
1250 829 1458 869 sensum
1481 830 1499 868 :
1522 812 1579 867 In
1611 812 1809 868 callum
1848 811 2007 865 attol-

778 912 916 977 lunt,
943 918 997 965 et
1025 924 1152 964 vera
1182 909 1302 963 luce
1328 908 1577 961 fruuntur
1599 904 1653 975 ς]

565 1003 780 1060 Natura;
808 1003 909 1055 hoc
933 1002 1133 1071 potius,
1157 997 1500 1066 libertatique
1520 994 1757 1061 volendi,

566 1096 736 1164 Quam
765 1093 981 1148 Christo
1009 1092 1283 1146 tribuant:
1316 1102 1384 1143 ne
1410 1087 1618 1142 scilicet
1646 1095 1937 1143 evacuetur

567 1186 791 1243 Arbitrii
806 1186 995 1250 virtus,
1019 1184 1064 1238 si
1092 1182 1232 1237 desit
1252 1190 1396 1235 recta
1417 1177 1652 1249 legendi.

428 1278 535 1336 915
640 1278 753 1333 Hoc
785 1276 1024 1346 patribus
1048 1272 1235 1343 primis
1259 1271 1451 1326 mortis
1477 1278 1625 1324 sator
1651 1268 1955 1323 insinuatus

568 1368 807 1424 Consilio
835 1376 919 1422 est
945 1382 960 1419 :
993 1364 1093 1419 hac
1119 1370 1236 1417 arte
1260 1375 1451 1415 omnes
1482 1359 1773 1429 prostravit
1795 1358 1848 1412 in
1877 1371 2005 1421 uno,

568 1462 705 1516 Dum
731 1458 923 1515 suadet
942 1456 1110 1511 multo
1139 1450 1490 1525 praestantius
1518 1464 1641 1506 esse
1662 1490 1678 1515 ,
1710 1449 1850 1519 quod
1878 1448 2010 1518 ipsis

574 1552 712 1624 (Non
742 1550 1017 1605 tribuente
1061 1546 1189 1601 licet
1212 1542 1464 1612 Domino)
1492 1540 1783 1611 sponderet
1808 1538 2011 1594 haben-

572 1640 840 1789 Prudigsn
844 1729 1083 1792 libertas,
1113 1726 1388 1793 vetitoque
1416 1724 1677 1779 instructa
1705 1720 1899 1792 cupido
1923 1736 1937 1773 :

431 1828 535 1886 920
568 1828 698 1895 Qua
723 1838 866 1879 nunc
891 1837 988 1893 per
1011 1819 1215 1876 veteris
1243 1830 1469 1887 serpens
1497 1814 1719 1885 vestigia
1744 1811 1949 1868 fraudis

571 1919 834 1985 Deceptos
858 1911 1019 1968 simili
1048 1909 1230 1966 studet
1262 1908 1599 1963 inﬂammare
1628 1906 1808 1960 lurore
1836 1921 1851 1958 :

570 2009 641 2065 Ut
669 2006 925 2075 quoniam
963 2002 1249 2074 pulchrum
1282 2006 1367 2056 est
1403 1998 1548 2054 veris
1578 1995 1893 2067 impendere
1914 2009 2008 2051 cu-

706 2111 822 2151 ram

569 2138 903 2254 Justititeq’ue
942 2181 1131 2237 avidos
1171 2180 1315 2237 bona
1344 2192 1508 2236 nosse
1545 2185 1602 2235 et
1630 2176 1769 2234 velle
1792 2175 2008 2233 salubre

773 2288 839 2334 ιε

570 2295 807 2429 ευθάῐῗι
824 2319 1048 2439 ingenio
1076 2365 1336 2436 cujusque
1362 2364 1466 2421 hoc
1487 2363 1627 2420 lucis
1653 2363 1833 2422 inesse

429 2464 534 2522 925
573 2460 892 2531 Ut,naturali
925 2473 1075 2515 mens
1105 2457 1283 2513 vivida
1314 2456 1638 2524 mobilitate,

498 2666 621 2721 908.
662 2660 957 2735 Supplicia,
984 2665 1041 2715 et
1068 2657 1282 2735 quidem
1312 2670 1366 2711 v.
1393 2669 1524 2735 _seq_.
1551 2670 1661 2735 quo.
1687 2664 1806 2711 sunt
1835 2653 2005 2723 e/fecti

427 2738 619 2792 miseri.
650 2734 726 2789 De
743 2726 983 2802 reliquiis
1008 2726 1194 2802 primae
1213 2727 1537 2802 integritatis
1558 2726 1787 2802 dicitur;
1812 2738 2007 2793 nempe

428 2822 548 2863 cum
592 2812 839 2872 respectu
860 2796 931 2856 ad
948 2796 1097 2872 bona
1122 2799 1237 2868 ipsa
1266 2797 1477 2872 primm
1498 2796 1839 2872 integritatis,
1869 2809 2007 2872 quo-

428 2893 548 2933 rum
570 2866 846 2930 dumtaxat
872 2871 1063 2939 exigua
1093 2866 1218 2922 sunt
1260 2866 1538 2939 particula,
1571 2867 1785 2920 caeteris
1811 2866 2009 2919 misere

428 2942 885 3016 deperditis._lloc_
910 2935 1072 3016 sensu
1104 2950 1225 3005 pars
1257 2935 1415 3016 exigu
1427 2950 1451 3016 ξ
1502 2950 1815 3016 magnarum
1844 2950 2009 3016 opum

428 3006 796 3086 quibusiquis
834 3010 1149 3086 ob_cr.imen
1191 3021 1222 3086 a
1267 3006 1511 3086 principe
1558 3007 1854 3086 mulctatus.
1887 3015 2006 3086 est,

428 3076 740 3157 supplicium
765 3085 882 3151 ejus
906 3080 1011 3157 dici
1040 3084 1245 3157 posset,
1267 3076 1400 3157 cum
1443 3079 1558 3157 ipse
1595 3090 1713 3157 eam
1742 3076 2009 3157 aSpiciens
2036 3078 2084 3145 α

428 3145 735 3211 considerat
761 3145 1073 3223 quantillum
1107 3149 1209 3223 sibi
1250 3148 1331 3223 de
1351 3149 1511 3223 tantis
1541 3145 1698 3223 bouis
1723 3149 1960 3223 supersit
1990 3164 2004 3199 :

429 3227 663 3281 maxime
699 3223 746 3277 si
776 3216 899 3292 pars
926 3221 1027 3274 ista
1054 3220 1252 3292 exiguo
1292 3218 1363 3271 sit
1407 3217 1508 3292 ipsi
1552 3218 1714 3292 usui,
1740 3216 2010 3292 etim-me

430 3296 642 3352 nonnisi
683 3293 750 3348 ad
777 3286 1037 3347 'damnum
1065 3286 1361 3353 conducat;
1395 3288 1472 3340 uti
1506 3287 1746 3356 reliquiae
1774 3286 1880 3342 illae
1908 3287 2006 3341 ho-

430 3369 629 3423 minem
659 3364 777 3419 sine
804 3361 898 3417 Dei
919 3360 1117 3415 auxilio
1140 3360 1295 3426 ﬁnem
1323 3358 1393 3409 ad
1423 3359 1600 3411 mortis
1631 3358 1714 3426 (ut
1739 3372 1901 3427 supra
1926 3357 2012 3413 di-

432 3437 573 3491 citur
591 3449 643 3489 ν.
672 3433 827 3502 405),
856 3446 963 3485 non
986 3438 1164 3485 autem
1184 3439 1243 3483 ut
1270 3443 1323 3483 v.
1357 3428 1461 3483 817
1482 3427 1699 3481 additur
1728 3442 1744 3481 :

722 3522 796 3574 Ad
818 3532 985 3573 veram
1008 3524 1209 3580 possunt
1230 3517 1507 3581 perducere
1531 3520 1694 3569 vitam.

503 3607 629 3663 911.
660 3602 999 3661 Manifestum
1026 3601 1225 3655 hiatum
1252 3615 1282 3653 a
1321 3598 1476 3655 Gallo
1511 3599 1600 3654 hic
1627 3608 1867 3655 notatum
1896 3615 2014 3656 mo-

433 3688 544 3734 net.
581 3678 732 3730 Doct.
766 3674 897 3730 Lov.
931 3686 1092 3742 quem
1121 3671 1216 3725 ille
1229 3671 1572 3726 obstruxerat
1593 3670 1697 3726 hoc
1717 3685 1904 3741 versu,

553 3767 611 3818 In
634 3765 809 3818 ctelum
824 3763 1069 3825 attollunt,
1091 3770 1145 3813 et
1162 3774 1280 3812 vera
1298 3761 1409 3811 luce
1430 3760 1675 3811 fruuntur.

432 3853 575 3909 Satis
604 3850 867 3906 concinne
892 3848 1172 3903 enimvero
1190 3889 1205 3914 ,
1234 3844 1329 3900 sed
1360 3844 1444 3898 hic
1472 3844 1631 3899 alium
1660 3858 1691 3898 a
1715 3858 1775 3900 se
1798 3858 2014 3915 quoque

433 3922 718 3979 conﬁctam
748 3936 812 3975 ex
858 3918 988 3987 ipsis
1013 3916 1193 3974 verbis
1225 3915 1471 3984 Prosperi
1498 3915 1731 3987 colligit,
1763 3931 1829 3971 eo
1857 3916 2016 3987 nimi-3

434 4009 552 4049 rum
598 3993 719 4046 loco
768 3984 1147 4044 ubi'eamdem
1196 3987 1307 4040 fere
1354 3984 1674 4040 sententiam
1707 3984 2015 4055 tractat(si

434 4074 612 4117 tamen
640 4063 755 4129 ipse
775 4058 903 4127 est),
920 4060 1082 4129 epist.
1110 4055 1179 4129 ad
1205 4056 1596 4129 Demetriadem
1627 4070 1677 4107 c.
1708 4054 1777 4109 M
1801 4074 1815 4110 :
1841 4057 2014 4121 Sicut,

434 4131 641 4201 inquit,
662 4124 770 4182 arte
794 4124 990 4201 medica
1019 4126 1081 4201 fit
1105 4128 1159 4201 in
1188 4124 1349 4177 oculis
1378 4137 1780 4201 sacrosanctis,
1811 4133 1868 4177 ut
1900 4140 2018 4201 pois-

434 4194 537 4255 sin't
557 4194 727 4254 uidere
754 4197 891 4266 quod
912 4212 1011 4249 non
1036 4195 1204 4247 vident
1234 4231 1248 4245 .
1280 4231 1295 4245 .
1332 4231 1347 4245 .
1376 4231 1388 4246 .
1422 4195 1494 4244 ita
1516 4195 1569 4266 in
1589 4194 1828 4266 cordibus
1854 4194 2019 4251 tardis

437 4282 485 4324 et
516 4263 805 4324 lusu-Inus
827 4282 919 4337 per
938 4265 1193 4334 Spiritum
1222 4273 1457 4337 sanctum
1484 4264 1622 4337 acies
1664 4263 1887 4337 obducta
1917 4273 2020 4337 ter-

473 4342 594 4403 itur,
619 4350 664 4392 et
691 4353 759 4393 ns
785 4333 927 4390 vino
951 4333 1148 4389 Lautus
1178 4333 1454 4403 teneorosa:
1488 4334 1605 4403 jam
1648 4344 1695 4388 et
1733 4333 2018 4400 deﬁcientis

461 4401 658 4464 acerna
704 4422 881 4464 ιυιιι(
925 4418 1223 4461 Αεοινιυιίτ.
1269 4401 1422 4458 Unde
1463 4401 1639 4458 locum
1669 4406 1828 4459 istum
1874 4403 2016 4459 idem

437 4480 593 4535 Doct.
619 4479 752 4534 Lov.
784 4482 864 4533 sic
893 4477 1115 4531 exhibet
1147 4492 1160 4528 :

530 4572 631 4624 Aut
652 4584 761 4621 cum
784 4570 995 4619 hebetes
1010 4570 1165 4631 visus,
1188 4567 1341 4631 longa,
1358 4564 1657 4631 ex_caligine
1681 4565 1877 4615 tandem

527 4634 718 4696 Rrepti,
742 4632 985 4693 accipiunt
1008 4642 1127 4680 vero
1141 4627 1206 4679 de
1229 4627 1413 4679 lumine
1435 4627 1621 4677 lumen.

509 4737 635 4793 9M.
669 4733 813 4788 Desit
840 4743 979 4787 recta
1014 4734 1238 4804 legendi.
1267 4733 1421 4788 Doct.
1454 4732 1588 4791 Lov.
1636 4732 1694 4787 Id
1717 4742 1817 4801 est,
1852 4732 2023 4789 virtus

438 4818 585 4865 recta
609 4806 862 4876 eligendi.
893 4804 984 4859 Sne
1012 4818 1170 4872 supra
1199 4819 1249 4856 v.
1282 4804 1380 4858 651
1407 4815 1461 4858 et
1487 4819 1639 4873 seq.:

996 4893 1195 4953 ....Quia
1213 4901 1346 4943 recta
1364 4896 1589 4957 gerendi.

692 4957 798 5008 Non
830 4956 939 5007 data
967 4958 1031 5006 sit
1068 4958 1241 5006 virtus.

510 5042 635 5099 915.
670 5040 911 5095 Patribus
940 5040 1138 5107 primis.
1188 5037 1502 5109 Dubitantcr
1548 5055 1709 5109 supra
1738 5039 1806 5095 ad
1852 5056 1906 5094 v.
1953 5040 2022 5095 10

438 5113 582 5171 istud
606 5154 621 5178 ,
663 5114 726 5166 de
753 5110 984 5183 patribus
1006 5154 1020 5177 ,
1070 5108 1415 5183 exposuimus
1445 5109 1513 5163 de
1548 5108 1737 5183 primo
1768 5122 1922 5176 patre
1967 5120 2023 5166 et

438 5196 609 5242 matre
638 5202 651 5238 :
693 5179 851 5237 nimis
880 5180 1021 5236 enim
1054 5194 1193 5234 nove
1214 5217 1230 5241 ,
1278 5192 1340 5230 ac
1369 5180 1484 5231 sine
1514 5179 1621 5233 ullo
1650 5182 1844 5234 idoneo
1873 5193 2022 5235 vete-

438 5271 557 5310 rum
605 5254 850 5323 exemplo
901 5252 953 5305 id
995 5249 1193 5323 dictum
1220 5247 1545 5323 Avidebatur.
1624 5252 2016 5323 pnhitationem

440 5341 570 5380 vero
590 5318 805 5379 omnem
838 5322 1040 5378 exemit
1080 5321 1167 5373 hie
1220 5318 1375 5372 locus
1415 5333 1431 5377 ;
1478 5318 1547 5373 de
1592 5320 1775 5388 phrasi
1802 5321 2018 5377 interim

437 5398 769 5466 grammatici
794 5394 1041 5447 viderint.
1068 5391 1220 5466 Doct.
1249 5389 1380 5443 Lov.

510 5464 638 5519 920.
672 5466 797 5528 Qua:
824 5478 979 5526 nunc,
1011 5474 1115 5517 etc.
1156 5461 1377 5515 Versum
1422 5458 1565 5514 hunc
1612 5460 1916 5526 ambiguum
1962 5470 2017 5517 et

439 5535 724 5591 obscurum
756 5534 985 5587 reddunt
1010 5548 1126 5601 qua:
1153 5572 1167 5595 ,
1194 5540 1247 5585 et
1284 5546 1492 5595 serpens
1515 5572 1529 5595 ,
1579 5546 1703 5585 nam
1737 5530 1839 5584 hoc
1862 5532 2014 5599 quis-

442 5607 584 5673 piam
624 5601 786 5673 facile
838 5602 1181 5673 substantive
1212 5602 1515 5669 acciperet;
1567 5601 1694 5656 illud
1726 5616 1883 5673 vero
1908 5617 2015 5673 quo

441 5671 781 5733 referendum
811 5673 903 5738 sit,
930 5685 1035 5726 non
1063 5672 1244 5728 statim
1270 5680 1512 5743 apparet.
1547 5675 1621 5730 Ac
1645 5672 1775 5728 mihi
1797 5671 2011 5743 quidem

1672 242 1731 300 S.
1774 240 2106 299 PROSPERI
2146 237 2473 308 AQUITANI

2027 358 2083 421 Δ

3584 239 3693 298 ιιι

2247 354 2362 407 Νοη
2392 355 2630 423 spirante
2657 354 2788 421 Deo,
2814 353 3015 410 Christi
3043 354 3359 411 exardescat
3386 370 3598 421 amore,

2251 442 2426 514 thue
2454 446 2525 498 ita
2552 445 2811 499 salvatrix
2842 446 2914 500 nil
2940 448 3109 516 gratia
3135 446 3384 502 conferat
3406 448 3547 515 istis,

2250 535 2357 592 Sed
2408 538 2640 605 referat;
2709 538 2990 609 pretioque
3052 538 3259 605 bonos,
3310 554 3418 593 non
3463 553 3699 594 munere

2388 630 2547 684 ditet.

2258 722 2275 743 ⁶
2312 719 2408 775 HIs
2434 719 2503 775 de
2527 720 2821 776 seminibus
2845 720 3014 776 multo
3039 720 3150 790 jam
3181 721 3334 790 plura
3360 721 3631 788 oriuntur,

2109 810 2215 867 950
2253 811 2322 865 Et
2350 812 2618 866 frumenta
2644 812 2791 867 inter
2816 814 2991 881 primo
3020 813 3285 883 turgentia
3316 815 3476 885 lacte,

2250 902 2433 972 Spinis
2464 903 2596 957 fulta
2619 903 2763 958 subit
2792 917 2947 965 seges
2969 904 3189 959 horrida
3211 906 3560 961 zizaniorum.

2321 993 2429 1049 Sed
2448 1008 2547 1049 nos
2566 994 2655 1065 qui
2681 995 2894 1049 Domini
2916 1008 3100 1051 semen
3114 997 3699 1068 sumus,agricolaiqne

2250 1086 2471 1142 Stamus
2498 1100 2623 1156 ope,
2652 1094 2707 1140 et
2724 1099 2919 1153 supera
2942 1085 3147 1155 perﬂari
3179 1087 3406 1142 vivimus
3432 1102 3586 1157 aura,

2251 1175 2467 1245 Viperei
2490 1176 2674 1230 calicis
2701 1184 2917 1245 gustum
2943 1178 3131 1245 procul
3163 1178 3499 1233 excutiamus
3532 1194 3548 1232 :

2110 1268 2217 1325 955
2254 1267 2542 1337 Divinique
2571 1269 2752 1337 operis
2778 1276 3087 1323 constanter
3113 1270 3469 1323 conﬁteamur

2255 1357 2595 1429 Figmentum
2618 1371 2718 1413 nos
2742 1372 2863 1413 esse
2889 1372 3109 1425 novum,
3127 1358 3271 1429 quod
3286 1374 3507 1429 prorsus
3520 1358 3588 1413 ab
3603 1359 3691 1413 illa

2251 1449 2433 1520 Stirpe
2460 1451 2744 1506 vetustatis
2774 1449 3073 1506 discretum
3101 1460 3223 1516 est,
3249 1460 3412 1522 atque
3437 1454 3693 1520 recisum,

2252 1542 2319 1597 Et
2341 1541 2449 1609 jam
2476 1541 2548 1595 sit
2570 1541 2785 1611 penitus
2813 1541 3049 1596 carnalis
3074 1542 3296 1611 originis
3323 1557 3514 1598 exsors
3534 1584 3550 1608 ,

2264 1632 2423 1704 185
2461 1630 2563 1699 Qui
2605 1632 2912 1687 membrum
2938 1639 3023 1687 est
3049 1630 3270 1699 Christi,
3301 1632 3603 1703 capitisque
3641 1633 3695 1689 in

2396 1736 2627 1792 corpore
2653 1722 2827 1777 vivit:

2114 1814 2222 1872 910
2256 1814 2303 1870 Α
2328 1829 2437 1880 quo
2464 1815 2739 1884 subjectos
2772 1815 2926 1885 vigor
2943 1814 3123 1870 omnis
3141 1822 3326 1871 manat
3347 1816 3401 1871 in
3430 1824 3621 1880 artus;

2253 1904 2321 1961 Et
2346 1904 2425 1959 sic
2449 1918 2679 1975 quisque
2707 1918 2808 1959 suo
2836 1913 3158 1976 vegetantur
3185 1906 3238 1960 in
3270 1905 3464 1961 ordine
3490 1914 3695 1975 partes,

2254 1998 2326 2055 Ut
2348 1998 2493 2069 quod
2534 2008 2724 2069 agunt,
2762 2005 2818 2055 et
2855 1997 3137 2067 dispositis
3168 1998 3313 2068 quod
3339 1998 3578 2055 motibus
3601 2012 3698 2054 ex-

2396 2091 2576 2159 plent,

2254 2179 2334 2235 Ex
2358 2179 2456 2234 illo
2482 2180 2713 2249 possint,
2735 2179 2830 2250 qui
2856 2193 3067 2234 summa
3091 2189 3253 2249 atque
3266 2179 3454 2234 ultima
3476 2195 3697 2249 pacans,

2260 2272 2323 2327 Ut
2354 2285 2453 2325 nos
2470 2270 2741 2326 insereret
2762 2271 3011 2337 summis,
3038 2284 3100 2325 se
3127 2270 3349 2325 miscuit
3370 2270 3514 2324 imis.

2327 2364 2358 2400 ⁸
2386 2363 2728 2419 ϐοκτιεελυτ
2778 2364 2940 2435 igitur
2992 2364 3084 2435 qui
3129 2363 3317 2420 dicunt
3350 2379 3471 2420 esse
3499 2380 3699 2420 caven-

2398 2456 2525 2513 dum

2113 2365 2221 2422 945

2110 2654 2282 2725 prima
2305 2652 2483 2730 fronte
2510 2654 2850 2730 referendum
2881 2654 3252 2730 videbaturad
3283 2656 3492 2726 cupido.
3512 2658 3695 2730 Atqui,

2112 2724 2171 2779 ut
2200 2740 2342 2797 nunc
2356 2726 2532 2797 video,
2559 2724 2905 2797 referendum
2922 2725 2988 2779 ad
3006 2728 3220 2795 vestigia
3246 2742 3266 2780 :
3285 2724 3491 2797 serpens
3517 2724 3697 2784 ant-em

2114 2795 2508 2865 participaliter
2536 2796 2753 2865 accipe,
2786 2803 2840 2849 et
2866 2796 2943 2848 sic
2975 2797 3163 2850 ordina
3192 2795 3649 2854 constructionem
3683 2818 3697 2853 :

2116 2864 2219 2940 Per
2246 2880 2382 2940 qua:-
2404 2864 2838 2940 vestigiauueteris
2869 2865 3070 2940 fraudis
3098 2867 3463 2940 nundinarum
3493 2886 3701 2940 serpens

2116 2935 2210 2989 illo
2233 2937 2410 3010 mortis
2434 2945 2574 3010 sator
2594 2936 2851 3010 diabolus,
2872 2936 3105 3007 deceptos
3117 2938 3277 2991 simili
3304 2939 3471 2991 studet
3494 2935 3702 3010 inﬂam-

2117 3021 2259 3077 mare
2280 3008 2489 3077 furore.
2504 3076 2509 3077 ί
2524 3006 2673 3060 Doct.
2690 3006 2845 3077 _Lov.

2185 3074 2313 3148 925.
2347 3074 2667 3148 Hobilitate._
2689 3075 2760 3131 Ut
2784 3091 2971 3144 surira,
2995 3091 3058 3148 ‘v.
3093 3076 3219 3131 592.
3270 3076 3386 3131 Non
3418 3077 3578 3148 igitur
3607 3096 3703 3135 no-

2113 3144 2331 3215 bilitate,
2356 3154 2417 3215 ut
2442 3145 2760 3215 quibusdam
2786 3148 2959 3201 visum
2987 3145 3102 3199 fuit.
3138 3148 3288 3201 Doct.
3320 3144 3450 3201 ιον.

2185 3213 2310 3272 928.
2358 3213 2557 3285 Pretio,
2590 3232 2956 3287 nonimunere.
2989 3217 3042 3270 Id
3073 3225 3179 3284 est,
3210 3220 3460 3275 mercede
3489 3219 3699 3287 debita,

2112 3300 2218 3342 non
2251 3288 2393 3356 dono
2417 3289 2674 3356 gratuito.
2696 3286 2853 3356 Doct.
2887 3287 3019 3342 ιον.

2181 3354 2629 3411 "Csrtrr'XlJV.
2677 3355 2941 3412 Plurimos
2983 3356 3104 3411 inde
3142 3372 3342 3411 errores
3372 3360 3517 3413 oriri.
3553 3360 3695 3426 Quos

2115 3426 2187 3496 pii
2214 3441 2387 3480 omnes
2416 3427 2643 3481 aversari
2670 3426 2873 3483 debent.
2928 3427 3029 3494 Qui
3076 3443 3190 3480 cum
3229 3429 3456 3483 membra
3499 3428 3696 3485 Christi

2114 3496 2239 3559 sint,
2262 3513 2295 3550 a
2320 3498 2487 3559 capite
2513 3512 2607 3550 suo
2632 3499 2732 3549 vim
2759 3513 2958 3551 omnem
2983 3496 3252 3552 hauriunt.

2187 3566 2312 3640 9734.
2349 3566 2554 3640 Viperei
2600 3567 2796 3640 colicis.
2848 3567 2912 3640 id
2929 3579 3044 3632 est,
3092 3582 3123 3622 a
3165 3576 3419 3638 serpente
3449 3570 3702 3640 propina-

2114 3636 2538 3763 ii.vﬂespicitur
2565 3638 2709 3693 enim
2752 3640 2820 3693 ad
2864 3638 3008 3694 dicta
3035 3652 3157 3708 cap.
3205 3636 3503 3709 superiore.
3538 3636 3697 3697 Doct.

2161 3723 2192 3759 0
2236 3748 2249 3761 .

2161 3722 2249 3761 ον.

2186 3777 2313 3833 958.
2346 3774 2535 3845 Etiam
2558 3777 2646 3843 sit,
2674 3785 2780 3833 etc.
2825 3776 3010 3833 Gallus
3049 3779 3422 3847 imperativum
3450 3771 3718 3848 credidit,‘

2116 3849 2494 3931 coniungendo
2506 3850 2728 3931 scilicet
2752 3862 2872 3902 cum
2900 3848 3200 3931 illosupra.
3239 3866 3295 3903 v.
3483 3860 3537 3904 et
3556 3868 3699 3931 seq.,

2116 3920 2527 3991 excutianius‘et
2572 3920 2933 3984 conﬁteamur.
2976 3920 3103 3975 Mihi
3151 3935 3283 3974 vero
3316 3920 3705 3991 rsubjunctivns

2116 3988 2350 4059 videtur,
2379 3988 2662 4059 cohterens
2689 4004 2809 4043 cum
2845 3991 3108 4044 inlinitivo
3133 3988 3440 4047 immediate
3492 4006 3699 4059 prince-

2118 4058 2265 4112 denti
2316 4072 2381 4112 ea
2430 4058 2639 4113 ratione
2685 4074 2788 4126 qua
2834 4062 3033 4128 passim
3087 4060 3173 4115 hic
3200 4060 3395 4116 Noster
3439 4058 3537 4116 hos
3565 4064 3703 4117 duos

2120 4127 2313 4203 m_o_dos
2332 4129 2605 4203 connectit
2629 4146 2645 4203 :_
2677 4129 2813 4183 adeo
2842 4127 2903 4183 'ut
2923 4134 3047 4203 jam
3066 4134 3155 4203 sit_
3167 4142 3271 4185 stet
3298 4146 3394 4199 pro
3406 4133 3523 4202 jam
3549 4148 3657 4188 esse
3681 4149 3702 4199 ;

2120 4198 2224 4271 nisi
2242 4208 2430 4271 tamen
2457 4198 2765 4267 legendum,
2794 4210 2849 4253 ut
2864 4198 2982 4271 ja'm
3008 4202 3091 4254 sit.
3127 4201 3280 4255 Doct.
3301 4198 3440 4255 Lov.

2192 4268 2317 4323 9M.
2369 4268 2638 4333 Summis,
2689 4286 2743 4325 se
2796 4268 2999 4324 miscuit
3047 4272 3183 4326 imis.
3218 4271 3449 4338 Elegans
3499 4271 3704 4328 abusus

2122 4338 2279 4393 istius
2302 4340 2411 4393 triti
2445 4339 2584 4407 apud
2605 4348 2853 4395 auctores
2876 4342 3069 4409 bonos,
3092 4357 3290 4394 summa
3314 4343 3429 4395 imis
3453 4343 3703 4398 miscere:

2124 4424 2221 4479 pro
2243 4423 2454 4464 sursum
2484 4409 2737 4464 deorsum
2761 4411 2939 4464 omnia
2964 4420 3195 4465 vertere.
3225 4410 3381 4464 Doct.
3420 4412 3551 4465 Lov.

2047 4450 2097 4511 D
2191 4479 2224 4511 ξ
2245 4477 2421 4511 Ριιηπιι
2449 4479 2517 4511 Yl
2546 4479 2583 4511 υ
2643 4478 2829 4511 ηνηιηιι
2856 4481 3131 4511 -A:.'..:.....t.‘
3150 4483 3237 4511 nu:
3262 4482 3548 4511 Am:nD:-‘onhl

2191 4479 2224 4515 ³⁸⁸
2245 4477 2421 4535 CAPUT
2449 4479 2607 4535 XLV.
2636 4478 2829 4533 Procul
2854 4481 3131 4550 abjiciendi
3148 4483 3237 4551 qui
3260 4482 3548 4535 existimant
3576 4498 3702 4534 san-

2123 4550 2218 4603 ctis
2246 4551 2447 4620 auferri
2474 4566 2682 4603 causam
2727 4551 3015 4603 obtinenda:
3060 4550 3297 4618 corOntv,
3335 4553 3436 4605 nisi
3473 4553 3699 4605 humana

2122 4621 2178 4673 in
2207 4621 2278 4674 eis
2305 4621 2487 4673 merita
2516 4621 2856 4688 reperiantur.
2891 4620 3069 4673 Virtus
3102 4622 3302 4687 piorum
3334 4638 3434 4675 non
3464 4623 3580 4675 ideo
3601 4624 3697 4675 mi-

2124 4692 2267 4743 noris
2293 4691 2531 4760 facienda
2558 4730 2572 4752 ,
2600 4691 2734 4757 quod
2778 4707 2888 4743 eam
2931 4701 3088 4745 totam
3113 4708 3146 4743 a
3172 4690 3374 4745 Christo
3414 4693 3694 4758 accipiant.

2126 4760 2273 4831 Sicut
2321 4776 2412 4814 nec
2460 4761 2678 4831 caelestis
2721 4761 2891 4830 gloria
2921 4774 3238 4827 sanctorum,
3281 4779 3434 4831 quam
3464 4771 3621 4816 totam
3664 4780 3699 4816 ts

2131 4830 2237 4885 Deo
2266 4832 2471 4895 habent,
2522 4830 2609 4896 qui
2654 4832 2830 4883 omnia
2877 4832 2931 4884 in
2972 4832 3076 4885 illis
3118 4830 3348 4885 omnibus
3396 4842 3491 4888 est.
3526 4832 3696 4887 Multo

2128 4901 2743 4981 niiitus_gravari_0portet
2771 4917 3046 4981 agnoscere
3068 4904 3242 4981 nos_in
3272 4902 3371 4955 hac
3394 4903 3701 4981 ﬂetuspalle

2126 4971 2259 5025 nihil
2288 4971 2408 5025 boui
2445 4972 2543 5025 nisi
2574 4988 2663 5041 per
2691 4971 2910 5041 gratiam
2938 4988 3104 5041 posse.
3156 4972 3266 5025 Nec
3304 4989 3363 5026 ea
3405 4989 3460 5026 re
3498 4972 3700 5026 tollitur

2123 5042 2356 5104 libertas.
2377 5044 2465 5095 sed
2493 5043 2774 5095 restituitur
2796 5057 2857 5094 ac
2883 5044 3173 5097 redimitur.
3200 5042 3269 5097 Ut
3294 5044 3539 5113 quidquid
3562 5052 3697 5099 recte

2123 5114 2251 5183 agit,
2278 5128 2379 5166 non
2406 5113 2504 5183 ipsi
2532 5119 2796 5183 acceptum
2836 5115 3116 5183 referatur.
3162 5113 3251 5165 sed
3276 5116 3454 5182 gratia:
3482 5113 3695 5168 Christi.

2184 5200 2251 5235 on
2279 5182 2431 5235 enim
2458 5189 2656 5253 tantum
2701 5182 2818 5235 boni
2861 5184 3027 5253 operis
3059 5182 3257 5249 {ructus
3298 5184 3518 5252 largitur
3558 5184 3698 5238 Deus

2123 5270 2212 5322 per
2242 5253 2483 5322 gratiam,
2514 5252 2601 5305 sed
2630 5253 2782 5324 etiam
2809 5252 3061 5323 operandi
3088 5254 3399 5324 uoluntatem
3426 5264 3471 5305 et
3504 5255 3697 5324 cogita-

2122 5324 2309 5377 tionem
2332 5330 2591 5395 totamque
2614 5322 2713 5389 pia:
2734 5322 2849 5395 vita:
2872 5326 3073 5377 seriem.
3122 5353 3193 5395 7—-
3242 5323 3491 5395 Objcctio.
3524 5322 3699 5379 semi-

2121 5395 2295 5462 pelag.
2332 5390 2434 5446 Per
2474 5392 2614 5446 hanc
2638 5394 2827 5461 gratia:
2868 5390 3548 5461 prmdicatioueiu'virtutis
3585 5406 3699 5448 stu-

2118 5466 2264 5518 dium
2296 5462 2517 5516 resolvi.
2542 5492 2613 5502 —
2645 5463 2933 5530 Respondet
2964 5474 3141 5517 contra
3166 5466 3276 5517 sine
3304 5466 3470 5534 gratia
3493 5466 3698 5517 nultum

2118 5550 2224 5605 esse
2245 5535 2443 5586 uirtutis
2472 5550 2599 5601 opus
2619 5576 2633 5599 ,
2666 5535 2802 5601 quod
2845 5534 3077 5587 voluntas
3109 5535 3338 5587 humana
3374 5550 3467 5605 per
3486 5552 3538 5588 se
3565 5536 3697 5587 nihil
3729 5569 3733 5572 -

2119 5604 2265 5658 aliud
2288 5605 2444 5673 possit
2469 5621 2626 5676 quam
2647 5621 2903 5676 exerrnre.
2921 5605 3062 5676 Sola
3086 5607 3268 5676 gratia:
3296 5606 3341 5658 vi
3364 5622 3454 5658 nos
3483 5606 3698 5658 idoneos

2119 5676 2233 5745 fieri
2262 5683 2310 5730 ct
2334 5674 2540 5730 accendi
2569 5676 2765 5730 animos
2792 5674 3055 5729 [coruinum
3078 5674 3146 5730 ad
3174 5686 3307 5732 recte
3334 5675 3637 5731 uiuendum.
