4098 6180
512 383 587 439 Ne
616 385 753 439 desit
775 381 980 439 sanctis
1003 380 1286 437 sumenda:
1311 396 1474 436 causa
1513 396 1764 445 coronat,

514 477 573 533 Si
594 493 701 531 non
732 477 971 545 ipsorum
996 476 1133 530 bona
1164 475 1545 543 repperiantur
1573 474 1628 527 in
1654 473 1782 528 illis.

514 568 627 622 Hoc
645 568 846 623 etenim
876 566 1077 620 tumida
1106 564 1270 619 nimis
1293 563 1569 633 impietate
1590 563 1882 631 docentes,

514 660 652 727 Quid
682 659 785 713 nisi
812 658 1018 729 iustitia
1052 670 1150 711 nos
1179 664 1235 711 et
1259 656 1481 722 virtute,
1509 655 1752 724 Deoque,

365 756 479 812 950
519 752 817 823 Dispoliare
835 751 1061 808 volunt:
1086 764 1154 804 ne
1181 749 1276 803 lux
1315 749 1370 803 in
1394 756 1555 804 nocte
1583 758 1869 816 coruscet,

1325 272 1599 329 CARMEN
1636 270 1726 326 DE
1762 269 2103 328 INGRATIS.
2147 271 2320 327 PARS
2356 272 2658 341 QUARTA.

1968 388 2020 446 Α

2185 380 2337 448 Quod
2360 396 2466 437 non
2497 394 2580 439 est
2611 384 2716 440 nisi
2742 395 3019 454 peccatum
3051 401 3160 458 quo
3183 388 3541 444 discrucietur

2186 471 2458 526 Libertas:
2482 474 2547 527 ad
2568 489 2726 544 quam
2744 476 2921 531 solam
2945 477 3088 534 male
3106 486 3256 548 gesta
3283 479 3607 533 recurrunt?

2186 563 2336 633 187
2372 565 2436 617 Et
2461 571 2640 620 tamen
2676 566 2732 622 in
2759 578 2978 627 sanctos
3014 570 3251 626 animum
3280 585 3407 628 cum
3429 566 3610 627 inten-

2289 654 2469 709 dimus
2494 666 2677 725 actus,

2183 742 2318 797 Cum
2350 744 2636 801 desideriis
2664 747 2843 803 carnis
2866 764 3020 807 mens
3040 761 3186 807 casta
3217 760 3505 824 repugnat,

520 842 793 913 Languida
813 857 882 898 ne
904 843 959 897 in
972 842 1116 897 vires
1145 841 1390 908 redeant,
1414 855 1481 896 ne
1501 849 1713 894 mortua
1737 839 1943 893 vivant?
2045 831 2153 886 975
2189 834 2323 886 Cum
2350 836 2605 889 tentatoﬁ
2631 851 2737 891 non
2758 839 3022 907 cedimus,
3053 850 3109 896 et
3138 857 3232 911 per
3255 846 3480 899 acerbas

517 935 621 990 Sed
643 934 800 989 nobis
829 948 1041 988 summo
1067 947 1322 987 verorum
1352 948 1382 987 a
1402 931 1551 987 fonte
1574 930 1839 1005 bonorum

521 1025 746 1079 Haurire
767 1023 903 1089 haec,
922 1038 1118 1092 supero
1132 1032 1188 1077 et
1203 1037 1419 1090 semper
1438 1020 1725 1091 splendore
1747 1020 1943 1087 nitere,

517 1115 697 1170 Gloria
720 1114 827 1179 sit;
853 1129 964 1168 non
990 1128 1113 1181 spes
1145 1115 1196 1167 in
1227 1113 1340 1167 feni
1364 1113 1498 1168 ﬂore
1523 1112 1747 1167 caduco.

371 1208 485 1263 955
518 1206 665 1261 Sicut
694 1205 838 1260 enim
868 1205 1072 1273 palmes
1103 1204 1284 1259 nullos
1311 1204 1450 1258 valet
1478 1202 1640 1258 edere
1668 1202 1877 1257 fructus

522 1298 635 1352 Non
665 1296 720 1350 in
762 1296 871 1350 vite
899 1308 1141 1358 manens,
1170 1308 1290 1362 quae
1317 1293 1386 1347 de
1416 1292 1601 1346 radice
1628 1291 1876 1347 ministra

520 1390 751 1446 Succum
772 1398 895 1457 agat
913 1387 963 1441 iu
986 1385 1230 1450 frondes,
1250 1393 1305 1440 et
1323 1395 1497 1440 musto
1512 1384 1780 1453 compleat
1797 1399 1946 1441 uvas:

518 1480 607 1536 Sic
632 1477 906 1535 infecundi
926 1477 1207 1541 virtutum,
1234 1486 1288 1531 et
1307 1474 1462 1544 fruge
1484 1484 1741 1530 carentes

524 1569 776 1638 Perpetui
803 1567 956 1622 cibus
984 1565 1124 1635 ignis
1148 1574 1346 1620 erunt:
1372 1563 1465 1633 qui
1493 1565 1602 1619 vite
1628 1564 1818 1619 relicta

376 1663 488 1720 960
526 1663 737 1716 Audeat
761 1658 928 1714 effusa
955 1658 1023 1713 de
1049 1657 1297 1712 libertate
1318 1670 1595 1711 comarum

522 1750 735 1816 Fidere,
762 1764 832 1804 ne
850 1748 1053 1803 Christi
1076 1746 1185 1802 sint
1202 1746 1449 1802 ubertate
1485 1744 1729 1801 feraces:

525 1842 591 1896 Et
617 1855 773 1910 mage
792 1854 852 1895 se
877 1838 1104 1893 credunt
1133 1838 1361 1906 propriis
1388 1837 1654 1893 excellere
1682 1851 1874 1906 posse,

522 1932 690 1997 Quam
713 1929 760 1984 si
786 1928 1045 1984 virtutum
1069 1927 1383 1997 placitarum
1404 1927 1478 1981 sit
1501 1927 1643 1982 Deus
1663 1936 1873 1983 auctor.

526 2023 670 2078 Viles
689 2036 821 2091 ergo
847 2026 1039 2090 putent
1062 2033 1121 2074 se
1147 2018 1520 2088 deformesque
1557 2018 1767 2073 futuros
1789 2059 1806 2085 ,

376 2115 491 2172 965
528 2113 660 2169 Cum
687 2109 1082 2167 transformatis
1101 2109 1196 2164 ﬁet
1220 2108 1364 2164 Deus
1388 2110 1545 2165 unica
1573 2109 1771 2163 sanctis

522 2205 710 2261 Gloria
742 2200 1027 2270 :corporei
1057 2214 1157 2255 nec
1176 2199 1285 2268 jam
1310 2212 1565 2269 pressura
1588 2198 1793 2253 laboris

522 2298 779 2351 Conterct
800 2294 1055 2357 incertos,
1072 2291 1166 2347 sed
1190 2292 1243 2345 in
1262 2290 1513 2345 omnibus
1534 2290 1714 2345 omnia
1740 2303 1951 2358 semper

526 2386 771 2440 Christus
785 2382 909 2438 erit.
927 2381 1082 2448 Quod
1124 2383 1169 2436 si
1192 2381 1474 2450 pulchrum
1497 2388 1553 2435 et
1580 2394 1746 2449 super
1770 2380 1949 2447 omnia

636 2490 891 2545 magnum
921 2482 1028 2537 est,

521 2566 630 2621 Cur
658 2566 827 2636 pudet
849 2565 949 2617 hac
979 2563 1141 2617 etiam
1163 2563 1323 2617 ﬂetus
1352 2561 1405 2615 in
1429 2560 1571 2616 valle
1600 2567 1849 2631 potentes

379 2659 488 2715 970
525 2659 656 2712 Esse
676 2656 815 2720 Deo,
843 2653 1232 2724 minimumque
1256 2652 1436 2722 operis
1464 2651 1707 2706 mortalis
1725 2650 1949 2717 habere,

454 2855 577 2910 946.
612 2851 895 2908 Sumenda
936 2866 1093 2903 causa
1122 2863 1341 2902 corome.
1372 2846 1430 2901 ld
1457 2856 1568 2910 est,
1597 2845 1738 2900 ratio
1765 2844 1951 2900 meriti

383 2938 442 2982 et
473 2924 753 2997 ιιιςτοεεόὶς.
780 2921 913 2997 Vide
936 2919 1185 2997 supr_a_ad
1213 2934 1262 2972 v.
1413 2929 1462 2971 et
1489 2932 1604 2986 seq.
1626 2917 1784 2997 Doct.
1811 2916 1950 2996 Lov.

456 2995 579 3050 957.
609 2992 849 3059 Ipsorum
877 2987 1030 3044 bona}
1063 2988 1119 3043 ld
1144 2998 1246 3051 est,
1290 2987 1422 3057 ipsis
1458 2987 1710 3059 propria,
1741 3001 1807 3041 ac
1832 2987 1952 3042 sine

383 3067 572 3134 gratia:
591 3057 790 3117 auxilio
822 3062 989 3115 facta:
1021 3060 1158 3114 sicut
1185 3072 1342 3128 supra
1368 3073 1418 3111 v.
1449 3057 1552 3111 570
1578 3073 1594 3111 ε

478 3154 570 3204 Vel
593 3160 761 3204 nostro
781 3153 955 3202 ascribi
978 3157 1233 3213 nequeunt.
1254 3150 1386 3198 bene
1413 3156 1554 3209 gesta
1576 3147 1749 3195 labori.

2190 923 2375 979 Vexati
2413 939 2624 995 pinnas,
2652 926 2825 984 illaaso
2852 930 3017 986 corde
3045 947 3360 999 manemus;

2187 1014 2459 1070 Libertate
2481 1016 2718 1085 agimus;
2745 1020 2840 1075 sed
2865 1020 3120 1077 libertate
3157 1024 3429 1093 redempta
3456 1065 3472 1091 ,

2185 1103 2285 1158 Cui
2302 1105 2439 1159 Deus
2455 1115 2539 1160 est
2558 1117 2762 1172 rector,
2779 1122 3099 1180 summoque
3112 1127 3178 1167 ex
3196 1114 3400 1167 lumine
3414 1114 3615 1177 lumen,

2194 1194 2332 1258 Vita,
2356 1196 2526 1263 salus,
2543 1197 2743 1264 virtus,
2765 1199 3065 1268 sapientia:
3097 1204 3265 1272 gratia
3289 1204 3489 1259 Christi
3513 1213 3617 1269 est,

2046 1282 2152 1340 980
2188 1283 2301 1350 Qua
2333 1285 2522 1350 currit,
2546 1286 2766 1355 gaudet,
2794 1289 3006 1356 tolerat,
3032 1301 3209 1359 cavet,
3238 1293 3412 1362 eligit,
3435 1294 3618 1360 instat,

2088 1392 2101 1399 '
2187 1373 2395 1440 Credit,
2426 1386 2628 1446 sperat,
2658 1388 2825 1445 amat,
2856 1380 3166 1448 mandatur,
3193 1382 3545 1451 justiﬁeatur.

2262 1465 2317 1521 Si
2345 1466 2476 1536 quid
2506 1468 2649 1523 enim
2686 1469 2818 1524 recti
2857 1470 3129 1539 gerimus,
3166 1472 3427 1540 Domine,
3468 1472 3622 1527 auxi-

2328 1557 2496 1612 liante
2848 1563 2855 1569 '

2191 1646 2266 1703 Te
2284 1649 2558 1717 gerimus;
2588 1658 2644 1705 tu
2672 1652 2834 1708 corda
2876 1667 3096 1719 moves;
3146 1662 3201 1707 tu
3230 1660 3353 1709 vota
3380 1654 3621 1723 petentis

2190 1739 2320 1808 Quae
2339 1741 2471 1797 dare
2485 1743 2588 1809 vis,
2611 1745 2827 1813 tribuis,
2846 1759 3071 1801 servans
3094 1746 3311 1816 largita,
3327 1760 3625 1817 creatisque

2050 1831 2157 1889 985
2196 1834 2272 1889 De
2296 1835 2503 1890 meritis
2516 1837 2727 1906 merita,
2741 1846 2796 1892 et
2811 1839 3093 1894 cumulans
3110 1848 3198 1894 tua
3218 1840 3354 1896 dona
3375 1840 3614 1896 coronis.

2193 1923 2312 1979 Non
2327 1934 2508 1981 autem
2526 1927 2825 1983 hoccuram
2851 1930 3045 1998 minui,
3062 1929 3403 2000 studiumque
3419 1929 3625 1986 resolvi

2194 2014 2489 2085 Virtutum,
2508 2028 2597 2073 aut
2610 2035 2746 2089 opus
2761 2020 2963 2090 ingenii
2976 2029 3193 2089 torpere
3209 2021 3501 2091 putandum
3517 2030 3623 2085 est,

2194 2105 2345 2174 Quod
2371 2107 2510 2163 bona
2539 2118 2851 2166 sanctorum
2896 2120 2985 2167 tua
3016 2119 3162 2182 sunt,
3194 2119 3253 2168 et
3275 2112 3539 2184 quidquid
3570 2114 3625 2167 in

2202 2290 2307 2345 Aut
2344 2304 2565 2359 sanum,
2596 2301 2692 2350 aut
2743 2294 2978 2351 validum
3018 2304 3138 2364 est,
3182 2296 3250 2354 de
3277 2305 3330 2353 te
3356 2297 3539 2367 viget:
3572 2307 3629 2354 ut

2345 2382 2595 2440 videatur

2054 2471 2161 2528 990
2196 2471 2281 2528 Nil
2309 2484 2493 2531 actura
2515 2477 2773 2546 hominis,
2793 2487 2846 2535 te
2863 2487 3053 2537 cuncta
3077 2489 3320 2551 gerente,
3345 2482 3625 2536 voluntas:

2198 2566 2329 2632 Qua:
2350 2569 2467 2625 sine
2480 2579 2532 2624 te
2544 2572 2672 2641 quid
2686 2573 2816 2643 agit,
2834 2574 2938 2628 nisi
2964 2589 3069 2643 quo
3084 2575 3269 2643 procul
3282 2574 3491 2629 exsulet
3502 2590 3529 2627 a
3544 2574 3629 2629 te!

2198 2657 2512 2730 Pracipites
2540 2676 2755 2733 semper
2782 2664 2970 2734 calles,
3003 2675 3057 2719 et
3082 2665 3232 2720 devia
3262 2674 3410 2720 motu

2090 2920 2102 2932 ο
2123 2849 2260 2906 lbid.
2289 2852 2604 2910 Recurrunt.
2632 2855 3019 2932 Sietamquam
3050 2859 3116 2914 ad
3139 2859 3376 2915 nativam
3405 2863 3633 2918 scaturi-

2054 2927 2229 2991 ginem
2266 2939 2439 2991 suam,
2468 2936 2525 2980 ut
2555 2927 2693 2993 apud
2726 2927 2910 2983 Horat.

2179 3012 2407 3064 Naturam
2433 3015 2652 3078 expelias
2672 3016 2824 3081 furca,
2850 3026 3012 3068 tamen
3035 3033 3191 3082 usque
3213 3025 3458 3071 recurret.

2130 3094 2252 3149 977.
2285 3095 2537 3154 Libertate
2562 3100 2841 3170 redempta.
2876 3101 2957 3154 An
2984 3116 3112 3170 ergo
3152 3103 3368 3156 libertas
3415 3102 3629 3167 redimi,

2062 3174 2154 3238 aut
2176 3179 2429 3238 umquam
2468 3183 2572 3238 non
2602 3168 2770 3223 libera
2803 3170 2965 3238 fuisse
3009 3168 3222 3238 potest?
3262 3170 3351 3226 Sic
3378 3172 3629 3226 nimirum

389 3238 590 3291 Eodem
609 3236 1031 3311 modo_i_nte|li_ge
1055 3251 1178 3311 mox
1200 3233 1364 3301 infra,
1392 3232 1518 3298 962,
1544 3232 1684 3287 istud
1714 3231 1957 3301 prapriis,
1988 3246 2036 3310 ρ
2064 3235 2265 3289 diserte
2289 3231 2451 3311 docet
2481 3237 2617 3291 infra
2644 3254 2696 3290 v.
2736 3237 2843 3293 995
2867 3254 2879 3296 :
2930 3231 3073 3292 Tunc
3121 3241 3229 3311 ﬁet,
3250 3242 3395 3311 (cum
3422 3242 3630 3311 gratia)

390 3324 580 3376 nempe
610 3306 922 3360 virtutibus.
946 3306 1100 3359 Doct.
1128 3305 1263 3359 Lov.

458 3398 581 3452 963.
636 3396 973 3449 Placilarum.
1005 3396 1072 3450 At
1101 3410 1220 3463 quae
1248 3394 1457 3447 virtutes
1499 3392 1607 3446 illa:
1647 3393 1874 3463 placitae,
1907 3402 1965 3447 ut

389 3470 612 3539 propriis
640 3466 1023 3539 opponuntur?
1052 3466 1110 3520 Si
1148 3464 1359 3533 Virgilii
1408 3464 1575 3539 dictio
1597 3464 1962 3539 _cousulatur,

390 3532 549 3607 longe
588 3541 634 3591 is
681 3532 945 3607 recedit_a
989 3551 1155 3607 scopo
1202 3532 1424 3598 nestro,
1474 3533 1564 3589 ubi
1596 3532 1735 3588 hanc
1774 3548 1963 3589 vocem

392 3604 615 3677 usurpat
645 3608 762 3660 init.
787 3621 840 3660 tv
862 3604 1105 3672 zEneid.,

651 3697 900 3746 Placitone
925 3698 1072 3746 etiam
1104 3694 1345 3757 pugnabis
1369 3694 1555 3745 amori?

461 3779 829 3846 Praeterquam
851 3776 991 3845 quod
1019 3777 1180 3829 etiam
1211 3775 1537 3846 credendum
1565 3772 1794 3846 non_sit,
1827 3772 1964 3828 Pro-4

390 3864 605 3914 sperum
652 3842 705 3900 in
748 3862 806 3900 re
836 3842 941 3899 tam
986 3854 1166 3898 sancta
1193 3844 1257 3897 ad
1280 3843 1539 3898 tEneidos
1585 3842 1763 3914 potius
1802 3857 1963 3914 quam

391 3912 686 3986 Scriptura!
716 3917 892 3970 locum
932 3914 1166 3986 aliquem
1212 3914 1539 3982 respexisse.
1579 3913 1770 3986 Putem
1803 3912 1965 3986 igitur

392 3990 488 4042 bas
514 3982 747 4042 virtutes
767 3986 991 4056 placitas
1016 3984 1236 4039 easdem
1261 3998 1382 4056 esse
1411 3999 1533 4037 cum
1566 3983 1798 4056 operibus
1821 3982 1966 4056 bouis

396 4059 619 4125 (Ephes.
649 4073 708 4118 tt,
740 4053 826 4124 f0)
859 4070 973 4125 qua:
992 4053 1472 4125 prwparavit_Deus
1494 4063 1549 4105 ut
1575 4055 1630 4106 in
1657 4053 1763 4125 illis
1784 4054 1967 4125 ambu-

391 4122 597 4180 lemus:
638 4141 759 4197 quaa
790 4122 1015 4197 proinde
1052 4122 1255 4195 placitis
1295 4122 1569 4197 dicantur,
1616 4123 1739 4197 quia
1781 4122 1966 4197 divino

392 4192 734 4266 beneplaeito
758 4195 1017 4249 ordinata:
1039 4192 1092 4249 et
1114 4201 1448 4263 praeparate,
1478 4193 1612 4246 utin
1640 4192 1745 4246 illis
1774 4193 1968 4246 ambu-

391 4265 581 4322 lemus.
604 4268 753 4320 Doct.
782 4265 911 4318 Lov.

460 4337 588 4392 966.
614 4335 858 4403 Corporei
884 4334 1089 4387 laboris.
1115 4332 1171 4387 ld
1195 4341 1302 4399 est,
1335 4333 1506 4403 qualis
1527 4331 1578 4385 in
1602 4344 1831 4403 corpore
1859 4329 1965 4385 hoc

391 4420 699 4459 (Bt’ttlt'tltuso
720 4401 953 4471 geritur,
986 4418 1106 4457 cum
1134 4412 1282 4459 tanta
1302 4402 1525 4457 cadendi
1556 4418 1618 4456 ac
1646 4401 1965 4471 delinquen-

391 4477 444 4529 uti
482 4469 865 4529 incertitudine
904 4489 967 4526 ac
1013 4484 1180 4527 metu.
1227 4473 1557 4527 Videbantur
1586 4473 1729 4525 enim
1780 4469 1966 4525 Massi-

392 4547 591 4599 lienses
624 4546 946 4611 prmcipuam
994 4557 1218 4610 operum
1266 4542 1641 4597 excellentiam
1682 4550 1868 4609 petere
1896 4556 1962 4594 ex

394 4615 490 4669 hac
513 4608 723 4668 arbitrii
751 4608 854 4666 sibi
885 4608 1058 4667 relicti
1080 4612 1351 4665 vacillanti
1376 4608 1776 4677 ineertitudine,
1801 4626 1961 4679 quam
1990 4608 2043 4666 Ι)

394 4701 485 4750 per
517 4685 883 4753 operationem
913 4682 1099 4751 gratia:
1128 4682 1418 4737 tollendam
1449 4684 1781 4737 metuebant.
1810 4682 1965 4735 Doct.

392 4754 588 4876 Laelio.
624 4820 998 4891 Minimumque
1027 4821 1196 4887 aperis
1227 4820 1476 4891 mortalis.
1508 4818 1700 4891 Μέθῃ,
1735 4818 1967 4891 peccati,

396 4894 597 4961 inquiet
630 4892 846 4960 aliquis,
897 4892 1194 4961 priesertim
1244 4890 1529 4961 mortiferi.
1563 4890 1706 4943 Belle
1738 4904 1891 4955 sane,
1924 4890 1969 4943 si

397 4959 573 5018 tamen
606 4959 733 5014 sine
753 4963 1038 5028 nugatione
1066 4959 1297 5014 evidenti
1332 4967 1458 5013 tunc
1480 4970 1773 5027 sequatur:

621 5050 758 5109 Quod
787 5063 881 5097 non
899 5055 977 5098 est
998 5050 1087 5098 nisi
1102 5056 1376 5111 peccatum.

392 5136 531 5202 Quid
557 5135 730 5204 ergo?
764 5133 1007 5187 Difticilis
1036 5134 1214 5204 locus;
1252 5147 1411 5204 quem
1435 5146 1555 5204 cum
1585 5131 1666 5183 sui
1698 5130 1969 5185 similibus

392 5201 788 5258 servare'malo
834 5206 884 5255 in
917 5203 1324 5270 appendiculam
1374 5201 1727 5267 theologicam
1754 5243 1769 5265 ,
1804 5216 1965 5269 quam

392 5292 511 5327 cum
535 5273 651 5327 Deo
679 5274 910 5327 meditor
938 5274 990 5324 in
1022 5273 1120 5325 hoc
1152 5270 1397 5335 Prosperi
1426 5285 1643 5323 carmen
1669 5288 1681 5322 :
1726 5272 1852 5322 dum
1882 5271 1967 5325 hic

392 5344 609 5397 interitu
644 5360 810 5413 pergo
841 5343 891 5413 in
925 5341 1132 5395 lusibus
1151 5340 1516 5413 philologieis,
1570 5339 1724 5413 Doct.
1760 5341 1964 5395 Lovan.

414 5413 611 5469 «Sola
638 5409 809 5467 editio
837 5412 1081 5478 Lugdun.
1112 5411 1266 5463 aliter
1309 5410 1469 5463 habet
1499 5409 1641 5463 hunc
1674 5410 1849 5465 locum
1878 5427 1892 5463 :

513 5504 608 5551 Cur
631 5504 773 5564 pudet
799 5504 887 5549 bac
913 5502 1061 5548 etiam
1080 5501 1229 5548 lletus
1250 5500 1296 5564 in
1322 5498 1446 5547 valle
1472 5506 1703 5564 potentes

520 5561 642 5612 Exeo]
665 5564 801 5613 Deo?
821 5565 1115 5622 nimiumque
1138 5563 1299 5623 aperis
1326 5561 1541 5610 mortalis
1562 5562 1780 5613 habere?

519 5626 654 5683 Quod
681 5638 773 5671 non
802 5632 892 5677 est,
921 5630 1014 5670 etc.

467 5689 587 5740 973.
618 5686 800 5741 Solum
828 5702 842 5736 :
874 5701 993 5737 cum
1017 5683 1127 5737 sola
1158 5690 1257 5737 est.
1298 5683 1451 5738 Doct..
1486 5683 1611 5737 ιον,

2068 3321 2247 3359 cursus
2274 3307 2510 3360 ναῖοι...
2542 3323 2731 3362 ιιειειιΑ
2772 3325 3051 3375 uastius,
3087 3307 3187 3364 etc.
3218 3307 3373 3365 Unde
3402 3307 3505 3366 duo
3534 3307 3634 3365 nol

2070 3375 2227 3461 tanda
2253 3393 2279 3461 :7
2312 3386 2368 3431 et
2389 3377 2567 3461 quod
2593 3379 2644 3431 in
2674 3379 3142 3461 sensuirosperi
3168 3381 3319 3461 sine
3344 3381 3518 3461 gratia
3565 3382 3638 3434 sit

2069 3445 2308 3519 libertas.
2351 3456 2407 3501 et
2427 3447 2569 3515 quod
2618 3462 2712 3519 per
2753 3450 2977 3516 gratiam
3025 3445 3135 3519 ipsa
3168 3445 3387 3504 liberta's
3414 3452 3634 3516 insuper

2069 3516 2349 3579 liberetur,
2382 3532 2577 3585 nempe
2603 3518 2668 3571 ad
2711 3519 3000 3573 volendum
3033 3516 3087 3572 ét
3120 3519 3499 3586 perliciendum
3543 3521 3637 3574 ho-

2068 3601 2219 3659 nuni,
2242 3586 2350 3659 Deo
2378 3587 2428 3641 id
2457 3597 2735 3659 Operante,
2767 3588 2908 3642 Phil.
2935 3604 2992 3652 ll,
3025 3589 3113 3650 15.
3146 3590 3216 3643 de
3242 3605 3345 3659 qua
3376 3590 3637 3646 libertatis
3703 3612 3705 3615 ·

2068 3655 2148 3728 (ιιι
2175 3657 2246 3710 ita
2278 3656 2476 3726 dicam)
2497 3655 2765 3712 libertate
2811 3659 3147 3728 intelligendi
3196 3655 3319 3713 sunt
3347 3661 3506 3714 etiam
3535 3659 3634 3716 SS.

2069 3726 2259 3797 Patres
2281 3728 2546 3795 Prospero
2572 3728 2853 3792 comtanci,
2888 3729 2976 3782 ubi
2996 3726 3204 3782 'durius
3235 3744 3638 3797 nonnumquam

2068 3794 2140 3849 ita
2194 3796 2335 3865 loqui
2387 3794 2672 3861 videntur,
2721 3807 2789 3867 ut
2824 3798 3043 3852 libertas
3088 3813 3183 3864 per
3231 3800 3458 3866 primum
3494 3794 3639 3867 ipec-

2067 3874 2242 3935 catum
2305 3867 2532 3930 amissa,
2592 3882 2688 3934 per
2735 3865 2933 3920 Christi
2988 3865 3238 3934 gratiam
3270 3865 3638 3935 recuperetur.

2069 3934 2275 3989 Revera
2306 3935 2450 3989 enim
2493 3935 2612 3989 haec
2662 3944 2744 3990 est
2786 3936 3032 3997 libertas.
3061 3952 3162 4004 qua
3196 3934 3445 3992 libertate
3484 3938 3640 3992 Chri-

2065 4012 2182 4058 stus
2222 4018 2321 4057 nos
2342 4004 2609 4059 liberavit.
2643 4005 2760 4061 Gal.
2787 4020 2860 4070 tv,
2895 4005 2981 4059 51.
3014 4005 3170 4059 Doct.
3198 4007 3399 4060 Lovan.

2137 4073 2269 4139 978.
2297 4073 2392 4127 Cui
2430 4074 2591 4139 Deus,
2624 4084 2729 4129 etc.
2764 4075 2887 4128 llasc
2916 4078 3277 4143 interpunctio
3303 4076 3441 4131 Galli
3479 4079 3643 4132 inter-

2069 4145 2254 4214 pretis,
2272 4146 2733 4199 consentientibus
2752 4145 2948 4214 Lugd.,
2976 4146 3131 4210 Lov.,
3160 4147 3321 4200 Duae.
3340 4157 3394 4200 et
3419 4146 3638 4214 Colon.,

2067 4213 2220 4288 Doct.
2266 4214 2395 4288 [τον.
2433 4230 2538 4268 non
2571 4213 3114 4283 probatur’mnnino.
3151 4215 3253 4271 Pro
3274 4232 3378 4286 qua
3405 4221 3483 4274 sic
3520 4213 3645 4288 pro?-

2066 4284 2301 4337 uuntiari
2325 4292 2479 4352 Optat
2505 4302 2518 4337 :

2587 4375 2684 4423 Sed
2704 4375 2929 4425 libertate
2954 4376 3238 4426 redempta:

2159 4434 2246 4501 Qui
2266 4435 2401 4501 Deus
2424 4440 2712 4501 est_reetor;
2736 4451 3020 4501 summoque
3046 4452 3105 4487 ex
3130 4434 3317 4487 lumine
3341 4438 3532 4501 lumen,

2159 4495 2287 4561 Vita,
2305 4495 2450 4556 salus,
2475 4499 2647 4561 virtus,
2675 4495 3110 4561 sapientiafgratia
3135 4501 3308 4550 Christi
3330 4508 3437 4561 est;

2159 4557 2260 4615 Qua
2281 4562 2453 4617 currit,
2478 4557 2680 4622 gaudet,
2717 4557 2814 4608 etc.

2071 4637 2242 4691 Priori
2266 4639 2677 4708 interpungendi
2706 4641 2867 4693 modo
2887 4640 3080 4695 variari
3107 4641 3238 4697 dicit
3274 4643 3597 4697 sententiam
3628 4661 3638 4695 :

2075 4708 2281 4780 ubi_i'lla
2310 4709 2510 4780 omnia.
2541 4722 2726 4772 rector,
2758 4709 2957 4777 lumen,
2992 4712 3116 4777 vita,
3162 4714 3303 4767 salus
3322 4755 3336 4774 .
3364 4714 3638 4780 sapientia,

2072 4779 2140 4851 de
2160 4778 2281 4851 Deo
2308 4778 2561 4851 dicuntur
2585 4796 2599 4833 :
2628 4780 2771 4848 quod
2796 4780 2923 4833 mihi
2958 4782 3079 4850 (ait)
3110 4784 3286 4837 minus
3305 4778 3638 4851 displiceret,

2074 4848 2170 4901 nisi
2212 4850 2355 4914 quod
2386 4849 2619 4920 dicitur,
2650 4866 2943 4920 summoque
2969 4848 3031 4903 ea:
3061 4848 3274 4913 lumine,
3321 4848 3404 4906 de
3440 4855 3642 4909 lumine

2072 4926 2255 4971 creato
2284 4919 2655 4991 accipiendum
2677 4921 2911 4984 videtur,
2936 4920 3162 4991 ideoque
3178 4933 3231 4974 et
3255 4922 3408 4986 illud,
3439 4933 3493 4976 et
3519 4938 3639 4991 qua:

2074 4996 2397 5058 sequuntur,
2427 4990 2493 5042 ad
2522 4989 2747 5057 gratiam
2772 4993 2949 5058 potius
2971 4990 3247 5058 referenda
3276 5001 3477 5045 essent.

2144 5052 2271 5111 985.
2302 5052 2785 5128 Τιιύοιίρειεηιιὶεξ
2805 5069 2912 5115 etc.
2942 5060 3031 5113 Sic
3055 5070 3175 5114 orat
3200 5052 3444 5115 Ecclesia
3472 5061 3643 5113 domi-

2072 5127 2192 5181 nica
2219 5142 2271 5180 Ix
2305 5138 2424 5195 post
2454 5127 2632 5191 Pent.,
2657 5138 2711 5181 ut
2744 5130 3028 5193 petentibus
3058 5131 3343 5183 desiderata
3369 5131 3639 5197 concedas,

2071 5200 2165 5269 {ac
2181 5212 2264 5269 eos
2290 5212 2406 5269 qius
2430 5199 2520 5269 tibi
2540 5208 2659 5251 sunt
2692 5201 2884 5269 placita
2912 5200 3187 5267 postulare.
3215 5200 3372 5269 Doct.
3399 5198 3528 5250 Lov.

2141 5266 2267 5337 99L
2299 5266 2437 5329 Quid
2456 5269 2582 5337 agit,
2602 5266 2708 5322 etc.
2740 5270 2894 5323 Doct.
2922 5270 3059 5321 Lov.
3086 5269 3291 5334 scribit,
3323 5268 3460 5330 Quid
3480 5268 3642 5337 agat.’

2070 5336 2260 5408 Gallus
2282 5336 2601 5407 (inquitille
2632 5339 2682 5391 in
2708 5340 2853 5408 nota)
2886 5339 3077 5391 iterum
3109 5339 3283 5391 aliter.
3304 5337 3436 5391 Nam
3466 5336 3643 5406 primo

2072 5405 2221 5473 legit,
2266 5405 2391 5476 agit,
2438 5408 2635 5461 deinde
2684 5405 3120 5476 interrogationis
3168 5419 3346 5461 notant
3392 5405 3641 5462 intinem

2081 5490 2266 5547 versus
2286 5477 2491 5531 differt:
2524 5486 2770 5531 neutrum
2805 5477 3025 5545 (fateor)
3054 5479 3189 5531 adeo
3220 5493 3525 5547 perperam,
3553 5492 3645 5532 aut

2078 5546 2186 5618 ullo
2214 5547 2442 5618 notabilis
2485 5548 2772 5601 sententia:
2819 5548 3040 5603 damno.
3080 5548 3219 5604 Edit.
3261 5548 3455 5618 Lugd.,
3484 5548 3642 5615 Lov.,

2080 5616 2239 5670 Duae.
2275 5625 2327 5671 et
2356 5617 2565 5683 Colon.,
2602 5617 2738 5681 Quid
2767 5618 2912 5686 agit?
