4098 6180
342 234 362 284 1
383 233 446 283 ίῐ)

1728 222 2249 280 EPIGRAMMATA.

3508 225 3618 281 150

451 336 3599 363 MM

1409 419 1560 531 S.
1641 416 2573 530 PROSPERI

1761 583 2218 644 A'QUITANI

540 712 570 750 ⁸
601 706 1310 792 EPIGRAMMA
1335 693 1370 750 δ
1399 706 1515 788 ΙΝ
1594 699 2642 788 OBTRECTATOREM
2720 706 3400 790 AUGUSTINI.

499 941 651 1011 191
697 949 720 978 ο
736 938 963 1006 Quidam
983 937 1259 1007 dictiloqui
1292 936 1460 990 libros
1483 935 1629 990 senis
1657 935 1938 1005 Augustini
1965 939 2019 997 Α

567 1031 824 1099 Carpere,
853 1041 909 1086 et
936 1031 1220 1086 adversum
1243 1030 1481 1085 condere
1507 1030 1674 1084 fertur
1703 1043 1862 1096 Opus.

495 1121 678 1194 Usque
729 1124 938 1180 adeone
987 1124 1189 1178 bonum
1239 1123 1541 1193 ingenium,
1585 1131 1641 1178 et
1684 1121 1935 1177 facundia

634 1214 808 1281 dives,

569 1305 856 1362 Ostentare
877 1316 1048 1360 artem
1073 1320 1180 1360 non
1211 1305 1372 1359 aliter
1402 1306 1601 1374 potuit;

496 1395 522 1431 δ
565 1395 619 1449 1η
642 1411 776 1451 nova
811 1406 1106 1466 prostratas
1131 1397 1275 1450 acies
1305 1396 1407 1451 nisi
1431 1396 1568 1450 bella
1597 1397 1788 1463 cieret,

569 1486 839 1557 Impiaque
864 1486 1146 1542 exstinctis
1170 1486 1420 1541 hostibus
1440 1501 1586 1540 arma
1614 1487 1795 1542 daret?

501 1575 626 1630 llazc
654 1592 854 1645 pugna,
886 1578 1154 1644 incentor,
1182 1589 1331 1631 mors
1356 1583 1441 1632 est
1477 1584 1592 1642 tua,
1634 1584 1688 1632 te
1719 1587 1743 1615 °
1767 1576 1940 1648 stylus

641 1667 746 1724 iste

433 1813 461 1837 ⁸
497 1807 574 1860 Ex
604 1806 766 1860 variis
798 1805 858 1861 S.
889 1805 1140 1876 Prosperi
1171 1806 1572 1875 epigrammatis
1591 1807 1936 1930 (iampridem

433 1893 474 1930 -c
499 1877 600 1930 tria
630 1881 829 1930 selecta
868 1885 1013 1930 sunt.
1046 1885 1099 1930 et
1125 1876 1303 1930 iuncta
1336 1877 1560 1930 carmini
1630 1893 1659 1930 e
1687 1877 1936 1930 lustratis.

361 1878 474 1933 hmc
499 1877 600 1948 tria
622 1881 829 1948 selecta
868 1885 1013 1940 sunt,
1046 1885 1099 1930 et
1121 1876 1315 1948 juncta
1336 1877 1560 1931 carmini
1591 1876 1659 1932 de
1687 1877 1936 1948 lngratis.

367 1948 511 2002 llaud
544 1947 706 2001 dubie
734 1947 806 2002 ob
842 1946 1144 2018 argumenti
1174 1945 1530 2002 affinitatem:
1572 1945 1770 2018 quippe
1808 1949 1941 2003 duo-

367 2021 461 2071 bus
494 2018 768 2087 prioribus
800 2018 1036 2072 Joannes
1063 2015 1359 2072 Cassianus
1385 2015 1721 2086 [ingratorum
1754 2020 1941 2087 primi-

363 2089 496 2158 pilns
526 2088 784 2156 exagitari
805 2088 1046 2152 videtur;
1077 2089 1294 2142 tertium
1317 2103 1446 2142 vero
1468 2088 1659 2142 eodem
1684 2091 1938 2157 pertinet,

363 2175 420 2212 ea
461 2159 674 2212 ratione
711 2173 868 2226 quam
907 2159 961 2212 in
1007 2168 1325 2226 argumento
1358 2159 1635 2226 marginali
1677 2160 1832 2223 satis,
1879 2175 1943 2215 ac

2253 933 2507 1000 Conficit,
2531 943 2587 990 et
2609 934 2788 989 verbis
2811 933 3056 1004 perderis
3084 931 3198 1003 ipse
3221 932 3346 988 tuis.

2183 1028 2425 1096 Dumque
2471 1027 2634 1082 doces
2692 1036 2950 1096 quantum
2999 1028 3175 1083 valeat
3220 1041 3372 1082 mens
3417 1025 3616 1090 libera,

2326 1125 2598 1172 monstras

2221 1208 2370 1264 Velle
2395 1217 2542 1263 tuum
2573 1207 2781 1264 tibimet
2807 1209 3062 1264 sufficere
3086 1217 3143 1263 ttt
3165 1221 3374 1278 pereas.

2223 1300 2382 1356 Verte
2410 1301 2659 1371 gradum,
2690 1301 2812 1372 fuge
2842 1297 3181 1370 perniciem;
3210 1308 3515 1368 stratosque
3542 1313 3631 1353 re-

2294 1392 2466 1448 belles

2253 1485 2375 1542 Oris
2405 1485 2689 1556 apostolici
2719 1485 2943 1540 fulmine
2969 1483 3170 1555 ubiqne
3195 1483 3339 1538 vide.

2185 1579 2297 1635 Nec
2323 1588 2377 1634 te
2411 1576 2430 1618 ί
2460 1588 2668 1634 mutato
2695 1578 2921 1634 defendi
2952 1577 3175 1633 nomine
3203 1576 3414 1631 credas.

2265 1672 2325 1730 Si
2351 1681 2630 1744 pastorem
2660 1671 2846 1727 ovium
2877 1671 3076 1726 laedere
3100 1671 3206 1736 vis,
3239 1679 3263 1716 ις
3295 1669 3459 1738 lupus
3486 1682 3564 1722 es.

2121 1808 2143 1849 f
2187 1809 2391 1864 Mutato
2419 1809 2644 1863 nomine.
2675 1808 2777 1876 Qui
2806 1808 2876 1862 ita
2895 1818 3084 1863 contra
3109 1805 3466 1876 Augustinum
3496 1803 3629 1858 scri-

2047 1882 2226 1948 pserit
2269 1895 2370 1949 pro
2397 1880 2632 1948 lngratis
2652 1923 2665 1945 ,
2700 1874 2877 1934 nemo
2908 1878 3143 1934 occurrit
3171 1874 3629 1949 prieterVincen-

2049 1945 2180 2005 tium
2230 1945 2569 2005 Lirinensem
2616 1950 2826 2019 (virum
2873 1949 3076 2019 alioqui
3128 1945 3532 2001 sanctissimum
3578 1952 3629 2000 et

2047 2019 2476 2091 doctissimum).
2522 2035 2679 2088 quem
2732 2020 2890 2074 hodie
2920 2022 3106 2091 plures
3145 2025 3372 2091 censent
3409 2029 3630 2091 aureum

2048 2091 2183 2145 illud
2215 2085 2705 2146 Commonitorium
2757 2085 3020 2144 snnm'ita
3060 2088 3326 2143 direxisse
3371 2085 3630 2138 adversus

2054 2161 2321 2216 haeresum
2363 2163 2660 2223 novitates,
2704 2168 2760 2214 ut
2799 2162 2908 2214 sub
2947 2161 3050 2214 hoc
3079 2159 3297 2212 nomine
3344 2155 3630 2224 Augustini

364 2233 440 2297 (ut
467 2233 618 2297 puto)
664 2220 867 2293 primus
894 2220 1128 2283 ostcndi.
1167 2228 1364 2283 lnverti
1406 2220 1583 2282 autem
1627 2220 1947 2285 consuetum
1980 2220 2024 2279 Β
2051 2232 2354 2286 doctrinam
2393 2220 2926 2285 notatam-voluerit.
2977 2231 3244 2285 Caeterum
3277 2220 3484 2297 consist
3522 2241 3631 2277 mu-

363 2315 546 2353 eorum
577 2299 845 2353 ordinem.
875 2300 947 2353 ιω
970 2302 1172 2367 quippe
1204 2299 1479 2365 postulare
1507 2299 1791 2354 videbatur
1814 2301 1950 2354 ordo

366 2370 642 2438 temporis,
674 2385 780 2438 quo
810 2371 985 2436 priora
1016 2369 1105 2423 illa
1138 2370 1222 2424 vel
1248 2369 1448 2438 scripta
1471 2380 1617 2436 sunt,
1648 2373 1730 2424 vel
1762 2371 1944 2426 decori

365 2443 529 2509 gratia
561 2441 758 2508 scripta
791 2439 1096 2508 tinguuntur:
1133 2453 1327 2506 nempe
1370 2442 1622 2508 primum,
1655 2456 1776 2495 cum
1808 2443 1948 2495 scri-

368 2522 479 2578 ptor
521 2511 614 2564 ille
660 2509 874 2563 nonnisi
905 2509 1080 2563 adhuc
1125 2511 1360 2566 ferretur
1397 2525 1621 2579 carpere
1662 2512 1948 2580 Augustini

367 2583 550 2643 libros,
581 2589 636 2633 et
663 2583 923 2634 adversus
949 2579 1167 2635 eosdem
1197 2597 1325 2651 Opus
1356 2582 1571 2651 aliquod
1595 2579 1847 2645 condere;
1871 2583 1953 2635 al-

369 2661 538 2774 garum
542 2665 718 2775 1iero,
767 2665 888 2706 cum
925 2651 1032 2719 jam
1077 2667 1206 2721 Opus
1233 2650 1383 2706 istud
1429 2667 1628 2723 serpere
1671 2653 1952 2722 coepisset.

412 2733 516 2775 oct.
589 2737 676 2775 ov.

412 2733 516 2776 0C1.
542 2733 650 2775 LOV
663 2764 676 2776 .-

436 2791 463 2829 ι)
501 2789 976 2865 Scripturn__forte,
1007 2793 1300 2861 superstite
1330 2791 1504 2848 adhuc
1533 2792 1590 2849 S.
1617 2792 1946 2865 Augustino,

367 2861 501 2915 circa
537 2877 732 2915 annum
762 2862 886 2916 450.

435 2936 829 3007 Ancunssrul.
895 2930 1103 3007 Nouum
1153 2931 1472 3007 Scriptorem
1532 2931 1733 3003 aliquid
1783 2936 1953 3007 operis

368 3005 651 3056 molientem
680 3003 926 3056 adversus
969 3003 1030 3057 S.
1061 3003 1406 3072 Augustinum
1447 3007 1710 3072 proposita
1751 3003 1826 3059 rei
1852 3009 1952 3059 im-

368 3074 549 3144 pietate
572 3078 886 3140 pessimeque
907 3089 1169 3144 successu,
1198 3075 1397 3144 incepto
1435 3075 1716 3128 absterrere
1749 3077 1949 3131 nititur.

437 3155 457 3182 ε
499 3142 749 3207 Quidam.
779 3145 850 3198 At
887 3144 1006 3213 quis
1037 3143 1170 3197 ille?
1213 3142 1525 3209 Cassianus,
1576 3144 1807 3214 inquies,
1859 3149 1950 3214 qui

368 3215 463 3268 sub
483 3214 780 3286 Collatoris
811 3214 1030 3286 nomine
1058 3217 1218 3286 etiam
1243 3215 1348 3286 alio
1375 3223 1602 3269 tractatu
1624 3229 1654 3286 a
1685 3216 1952 3286 Prospero

368 3285 600 3353 vapulat.
637 3286 812 3351 Atque
848 3285 965 3340 haec
996 3285 1288 3338 multorum
1318 3285 1580 3356 hactenus
1613 3285 1715 3340 fuit
1746 3285 1950 3356 opinio,

366 3370 516 3423 quam
572 3370 676 3408 non
717 3370 901 3423 parum
941 3356 1262 3410 confirmant
1312 3355 1464 3423 plura
1508 3355 1622 3410 loca
1671 3357 1796 3412 huic
1839 3361 1953 3423 epi-

365 3426 641 3484 grammati
678 3441 798 3477 cum
834 3427 970 3480 libro
1015 3433 1202 3480 contra
1247 3426 1576 3480 Collatorem
1619 3429 1949 3483 communia.

363 3494 464 3568 Nec
485 3497 739 3568 equidem
764 3497 838 3550 illi
861 3497 1031 3550 ausim
1055 3495 1429 3568 contradicere
1455 3514 1466 3549 :
1494 3507 1577 3551 est
1603 3505 1780 3552 tamen
1805 3503 1948 3568 quod

363 3561 549 3618 lectori
588 3566 688 3620 hac
729 3567 781 3620 in
831 3582 890 3620 re
932 3567 1340 3635 expendendum
1376 3583 1698 3634 pr0ponam.
1734 3561 1948 3625 Verone

363 3635 531 3707 simile
562 3637 774 3707 videtur
804 3637 1150 3706 Prosperum,
1175 3637 1389 3690 solitum
1418 3638 1620 3706 alioqui
1652 3653 1814 3707 quam
1847 3641 1948 3693 mi-

364 3706 564 3778 tissime
611 3705 682 3760 de
740 3705 1214 3778 hocrpresbytero
1263 3718 1339 3778 et,
1370 3715 1482 3762 tota
1534 3705 1946 3763 Massiliensium

363 3774 598 3849 factione
630 3777 794 3849 loqui,
828 3774 912 3831 hic
945 3774 1288 3849 eum'rvocare
1315 3777 1537 3849 Lupum,
1569 3779 1819 3846 viperam,
1854 3781 1951 3832 mi-

360 3863 521 3898 serum
569 3846 802 3913 denique
847 3848 1215 3916 anguiculum?
1240 3846 1458 3904 Siccine
1500 3849 1664 3902 etiam
1692 3865 1787 3902 sua
1817 3850 1951 3902 scri-

363 3916 455 3980 psit
486 3927 546 3971 et
585 3917 756 3971 edidit
785 3919 1020 3972 celebris
1053 3918 1144 3971 ille
1175 3916 1436 3984 Collator,
1481 3928 1538 3972 ut
1578 3917 1681 3972 dici
1712 3921 1951 3986 potuerit

361 3988 600 4060 .Serpere,
630 4002 696 4060 ac
726 3998 918 4060 mutato
939 4005 1028 4042 seu
1054 3989 1394 4060 dissimulato
1415 3991 1622 4043 nomine
1651 3989 1754 4060 tegi
1777 3989 1946 4046 velle?

357 4058 455 4110 Sed
483 4057 556 4110 de
589 4058 672 4111 his
697 4060 850 4112 satis.
882 4059 1032 4114 Doct.
1067 4058 1198 4113 Lov.

421 4125 446 4162 ἀ
488 4127 729 4198 Ιηγηουα
754 4139 1058 4198 prostratos.
1102 4127 1178 4182 Ila
1220 4129 1314 4185 lib.
1348 4140 1492 4185 cont.
1523 4131 1787 4186 Collator.
1821 4146 1941 4188 mox

360 4206 472 4263 post
505 4197 722 4251 initium
756 4197 767 4250 ξ
804 4197 868 4251 In
898 4216 1013 4252 eum
1040 4209 1226 4254 statum
1252 4201 1500 4254 deducere
1528 4218 1736 4255 causam
1768 4202 1946 4256 Eccle-

356 4268 438 4342 sia:
465 4269 777 4333 moliuntur,
799 4280 851 4321 ut
870 4277 992 4322 dum
1010 4281 1208 4323 nostros
1239 4271 1390 4342 (puta
1413 4273 1788 4342 Augustinum,
1809 4274 1942 4342 etc.)

355 4338 607 4406 afﬁrmant
649 4355 751 4391 non
794 4342 1038 4392 veraciter
1093 4358 1187 4408 pro
1230 4338 1402 4409 gratia
1445 4338 1664 4403 locutos,
1710 4338 1944 4396 inimicos

355 4410 530 4477 gratia:
563 4410 904 4475 persuadeant
932 4411 1121 4480 injuste
1149 4411 1421 4464 damnatos
1449 4427 1575 4466 esse.
1619 4413 1773 4466 Doct.
1811 4412 1940 4466 Lov.

424 4489 446 4515 °
481 4480 670 4548 Styi'us
691 4481 785 4533 iste
805 4482 1030 4547 conﬁcti.
1056 4486 1223 4535 Acute
1248 4482 1380 4534 ludit
1405 4483 1453 4533 in
1478 4483 1776 4548 mquivoco,
1799 4484 1941 4550 quod

357 4550 512 4673 tignis
535 4559 619 4674 Lct
678 4551 950 4605 scribendi
998 4560 1051 4606 et
1101 4550 1326 4606 feriendi
1383 4552 1802 4607 instrumentum
1849 4553 1940 4607 sit.

399 4636 504 4674 oc.
584 4635 672 4672 ov.

379 4628 504 4674 toct.
535 4628 672 4674 Lov.

2052 2312 2159 2356 tato
2205 2304 2411 2356 nomine
2455 2302 2583 2357 illud
2631 2302 2900 2366 edidisse,
2939 2316 3107 2368 seque
3147 2312 3369 2353 vocasse
3396 2294 3632 2364 Peregri-

2054 2390 2199 2427 num.
2219 2373 2340 2446 Sed
2370 2387 2491 2428 cum
2526 2373 2639 2446 ip_se
2670 2372 2960 2446 scripserit
2987 2367 3422 2446 postAugtLSIini
3445 2380 3634 2446 exces-

2052 2459 2194 2509 sum,
2217 2444 2385 2498 immo
2405 2451 2529 2510 post
2551 2436 2899 2508 ’Rescrip‘tutn
2923 2436 3202 2496 Ctialestini
3224 2438 3326 2492 PP.
3359 2436 3425 2490 ad
3447 2436 3632 2510 Callia

2055 2507 2374 2588 episcopos;
2408 2507 2522 2568 'ltoc
2549 2524 2730 2588 autem
2757 2507 3085 2582 epigramma
3111 2510 3384 2588 conditum
3417 2507 3488 2560 sit
3520 2511 3633 2588 Au:

2051 2581 2270 2651 gustino
2296 2585 2405 2652 jam
2437 2599 2557 2638 sene
2580 2583 2798 2650 quidem
2825 2625 2838 2647 ,
2858 2581 2934 2635 ’at
2962 2581 3325 2652 tatnen_vivo,
3359 2581 3634 2652 evnnescit

2053 2647 2233 2708 omnis
2264 2647 2334 2709 de
2363 2647 2632 2707 Vincentii
2659 2652 2939 2721 Peregrina
2964 2650 3207 2721 suspicio
3231 2667 3246 2704 :
3280 2647 3632 2721 quierit-nilus-

2091 2739 2157 2779 ue
2188 2725 2354 2788 alius,
2385 2727 2469 2778 cui
2501 2725 2597 2776 ista
2630 2716 2977 2776 conveniant.
3015 2721 3166 2774 Doct.
3191 2717 3319 2772 Lov.
3347 2716 3461 2771 Nisi
3493 2716 3633 2770 forte

2095 2796 2225 2861 icas,
2254 2811 2413 2866 quem
2438 2803 2656 2866 sanctus
2682 2791 2914 2866 PrOSper
2936 2793 3213 2866 impugnat
3235 2790 3336 2866 hoc
3359 2789 3632 2866 epigram-

2053 2859 2222 2931 mate,
2255 2859 2463 2936 aliquot
2487 2865 2665 2936 annis,
2687 2859 2835 2936 juxta
2863 2859 3630 2936 auctorisnostriconsiiiuin,

2054 2927 2308 2991 siluisse:
2348 2927 2456 3007 aut
2487 2935 2534 2988 si
2567 2927 2716 3007 Δθυμὲ
2749 2933 2891 3007 illud
2933 2948 3059 3007 quq
3082 2927 3632 3007 Augustinumferire

2055 3007 2404 3078 minabantur
2432 3000 2898 3078 Semipelagiani,
2923 3003 2994 3078 i3
3021 3000 3263 3078 Cassiani
3288 3000 3631 3078 Collationern

2055 3092 2178 3132 esse
2205 3076 2470 3140 volueris,
2501 3070 2634 3149 tunc
2659 3070 2802 3128 anno
2838 3075 2948 3149 4ὶρ
2975 3070 3296 3127 ascribenda
3335 3077 3497 3149 erunt
3520 3070 3632 3134 epi-

2054 3157 2354 3214 grammata
2387 3149 2510 3209 ieta,
2540 3155 2593 3199 et
2616 3147 2728 3213 jam
2759 3153 2886 3198 tunc
2918 3145 3245 3214 Prosperutn
3275 3146 3462 3214 contra
3485 3145 3631 3207 ipsos

2055 3207 2338 3272 decertare
2367 3207 2598 3286 coepisse
2616 3207 2734 3269 'erit
2758 3207 3179 3283 agnoscendum.
3214 3211 3370 3286 D_o_ct_.
3392 3207 3539 3286 _Lov.

2127 3298 2154 3364 β
2194 3288 2376 3355 Lupus
2400 3277 2473 3364 es.
2507 3286 2694 3364 ln_hac
2717 3277 2886 3364 cauda
2922 3288 3052 3364 latet
3085 3279 3444 3364 proculdubio
3469 3277 3632 3364 totius

2054 3351 2494 3428 epigrammatis,
2545 3355 2767 3412 aliunde
2807 3351 3142 3428 acutissimi,
3193 3351 3414 3428 aculeus
3445 3351 3634 3417 praeci-

2054 3422 2231 3497 puos:
2275 3428 2366 3496 qui
2392 3422 2576 3494 utique
2621 3435 2772 3480 tanto
2809 3425 2917 3481 erit
2959 3425 3186 3497 acutior,
3219 3422 3262 3475 si
3307 3423 3508 3497 Auctor
3539 3433 3632 3486 per

2053 3490 2419 3569 suspicionem
2449 3490 2690 3569 notatum
2719 3495 3217 3569 voluerit_ali_quem
3240 3492 3326 3569 cui
3351 3490 3497 3569 ρειρο
3537 3505 3626 3540 no-

2056 3562 2178 3625 men
2203 3586 2217 3634 ;
2247 3575 2432 3638 quales
2462 3567 2583 3624 istis
2614 3569 2946 3634 temporibus
2971 3562 3235 3638 habemus
3267 3562 3448 3638 Gallos
3477 3574 3598 3611 cotn

2054 3633 2276 3706 plttre’s,‘
2295 3652 2352 3693 ut
2379 3648 2596 3694 sanctos
2625 3633 2749 3692 illos
2769 3638 3125 3699 'frecensem,
3153 3633 3627 3706 Stiessionensem,

2051 3703 2472 3780 Lugdunensem
2500 3711 2810 3780 episcopos;
2831 3709 2960 3780 item
2987 3713 3173 3780 postea
3204 3703 3627 3780 Ferraricnsetn,

2050 3771 2162 3833 etc".
2210 3781 2275 3834 Ni
2305 3779 2407 3833 hoc
2433 3779 2504 3832 sit
2529 3771 2552 3844 ξ
2589 3771 2779 3834 saltem
2799 3771 2999 3830 dicere
3022 3775 3227 3828 voluit:
3263 3771 3331 3827 Ut
3361 3780 3506 3824 tuum
3536 3784 3632 3847 no-

2051 3865 2174 3903 men
2202 3853 2383 3904 celare
2409 3849 2654 3913 studeas,
2687 3862 2785 3901 nos
2811 3848 2899 3916 qui
2928 3856 2980 3899 te
3006 3858 3200 3898 vocare
3227 3849 3475 3916 oporteat
3500 3846 3631 3916 satis

2049 3921 2286 3986 scimus,
2336 3935 2536 3984 nempe
2579 3907 2783 3982 Lupum
2809 3907 2842 3980 ,”
2875 3931 2995 3970 cum
3042 3928 3206 3988 opere
3239 3907 3358 3980 ipso
3387 3921 3439 3963 te
3461 3907 3628 3988 talem

2050 3977 2334 4061 prmbeas,
2378 3977 2489 4062 qui'r
2511 3977 2768 4062 pastorem
2799 3977 3105 4062 oppugnes;
3155 3977 3351 4062 verum
3384 3981 3505 4062 quis
3529 3977 3631 4058 ille

2049 4054 2236 4130 pastor
2272 4054 2439 4130 quem
2481 4054 2566 4114 hic
2613 4054 3041 4130 lassttrtnACupiat?
3073 4054 3626 4130 Pontifes:_iiiqtiies,

2049 4119 2195 4187 illius
2243 4119 2391 4186 sedis
2432 4131 2500 4186 de
2545 4146 2647 4198 qua
2698 4119 2952 4198 disticho
2984 4127 3287 4198 superiore.
3338 4122 3546 4185 Nempe
3577 4119 3630 4172 id

2049 4204 2211 4256 etiam
2254 4201 2475 4272 putavi,
2512 4195 2698 4272 donec
2743 4197 2906 4254 incidi
2945 4197 2996 4250 in
3031 4196 3178 4249 hunc
3221 4195 3630 4272 locutn_contra

2048 4263 2321 4328 Collatfc.
2346 4271 2410 4324 21
2441 4263 2468 4322 :7
2500 4270 2828 4337 Praecipuum
2855 4279 3027 4341 nostro
3057 4279 3275 4341 tempore
3312 4265 3364 4316 in
3394 4263 3632 4341 doctrina

2049 4344 2391 4397 ecclesiastica
2418 4343 2583 4394 virum
2617 4342 2634 4408 (
2660 4332 3018 4411 Augustinum
3048 4341 3064 4403 )
3100 4332 3280 4411 rabido
3326 4349 3414 4387 ore
3441 4332 3632 4411 discer-

2052 4424 2213 4482 punt;
2262 4415 2575 4482 creduntque
2620 4407 2674 4463 se
2715 4410 2886 4462 omnia
2932 4407 3292 4458 auctoritatum
3330 4407 3629 4482 _ntuni_mina

2051 4473 2204 4553 posse
2224 4473 2503 4536 convellere
2523 4523 2537 4544 ,
2577 4482 2620 4534 si
2655 4483 2790 4553 hanc
2815 4474 3386 4553 Ptsronsmsspecum
3413 4473 3628 4553 validis-

2049 4543 2234 4607 simam
2272 4553 2453 4605 turrim
2491 4543 2668 4605 crebra
2701 4549 2970 4620 Pelagiani
3008 4547 3184 4600 arietis
3211 4543 3432 4598 illisioue
3456 4546 3630 4612 pulsa-

2052 4625 2236 4682 verint.
2273 4624 2424 4677 Doct.
2461 4622 2592 4676 Lov.

1422 4842 1564 4954 S.
1641 4840 2562 4954 PROSPERI

1769 5009 2222 5071 AQUITANI

1169 5128 1943 5210 “EPIGRAMMA
2019 5128 2140 5210 IN
2215 5126 2737 5208 EUMDEM

1121 5263 1248 5315 AUT
1281 5264 1480 5315 ALIUM
1514 5263 1848 5325 QUEMPIAM
1883 5261 2231 5314 AUGUSTINI
2265 5261 2840 5314 OBIRECTATOREM.

501 5467 656 5539 193
666 5465 868 5520 Contra
880 5463 1236 5534 Augustinum
1252 5473 1506 5518 narratur
1517 5477 1741 5534 serpere
1754 5461 1974 5532 quidam

427 5630 453 5659 ⁸
496 5622 767 5688 Scriptum
801 5618 941 5672 forte
969 5619 1114 5672 circa
1146 5618 1289 5673 idem
1316 5627 1554 5686 tempus.

428 5698 816 5748 ARGUIINTUI.
859 5689 1018 5744 Hunc
1062 5705 1180 5744 cum
1218 5691 1336 5762 jam
1377 5689 1628 5760 scriptum
1670 5690 1779 5760 ejus
1829 5704 1941 5742 ser-

2259 5461 2534 5531 Scriptor,
2563 5476 2723 5529 quem
2756 5460 2956 5514 dudum
2980 5457 3123 5512 livor
3154 5457 3363 5512 adussit
3388 5457 3562 5513 edas;

2044 5634 2161 5686 pere
2188 5619 2462 5689 diceretur,
2495 5614 2864 5689 suspicionibus
2893 5625 3068 5670 onerat
3092 5661 3104 5681 ,
3144 5617 3341 5688 ipsique
3371 5622 3625 5689 egregiam

2051 5707 2082 5740 a
2108 5697 2282 5740 sancto
2311 5686 2534 5741 Doctore
2560 5688 2922 5756 refutationem
2942 5691 3214 5756 promittit.
