4098 6180
543 257 640 311 155
1746 253 1802 308 S.
1841 249 2161 307 PROSPER.

2217 250 2541 319 AQUITANI
3718 259 3809 316 156

547 369 3734 394 __—_———————-———-——-———-——————_

1848 463 2515 548 ADMONITIO

994 621 1059 673 IN
1096 616 1404 672 PROSPERI
1440 617 1563 668 Ι)Βο
1596 618 1964 672 AUGUSTINO
1997 619 2475 672 RESPONSIONES
2512 621 2601 671 AD
2635 620 2947 670 CAPITULA
2982 621 3345 674 GALLORUM.

601 862 901 939 Doctrinam
932 884 1083 937 quam
1109 867 1171 923 S.
1205 869 1521 938 Augustinus
1547 881 1726 921 contra
1756 865 2091 939 Pelagianos,
2121 867 2356 939 inimicos
2378 868 2566 939 gratice
2591 868 2803 939 Christi,
2835 885 2926 937 per
2951 885 3113 922 annos
3144 870 3324 939 viginti
3344 880 3391 924 et
3419 869 3662 936 amplius.
3685 874 3795 926 sele

531 937 971 1010 vereapostolico
990 955 1253 1005 accensus,
1287 937 1376 991 nec
1403 943 1464 991 ab
1495 939 1792 1007 apostolica:
1823 937 2267 1010 Paulidoctriuce
2307 937 2577 1005 principiis
2602 938 2679 990 vel
2699 949 3050 1010 transversum
3081 937 3302 1008 unguem
3330 942 3408 1008 (ut
3441 941 3611 1010 aiunt)
3643 943 3800 996 decli-

529 1005 734 1078 nando,
785 1009 1114 1078 defenderat,
1160 1026 1312 1077 quam
1360 1011 1496 1062 sedis
1532 1005 1831 1076 apostolica:
1862 1008 2161 1078 pontifices,
2197 1018 2458 1078 tamquam
2505 1006 2840 1078 apostolicam
2882 1018 2929 1061 et
2974 1005 3309 1072 catholicam,
3338 1005 3451 1064 sua
3493 1005 3797 1067 auctoritate

528 1077 911 1152 roboraveraut.
944 1077 1084 1152 Galli
1113 1080 1320 1146 quidam
1350 1080 1669 1152 presbyteri,
1700 1095 1789 1152 nec
1814 1089 1917 1132 tam
1949 1077 2151 1152 eximiis
2191 1077 2248 1132 S.
2287 1077 2545 1152 fiosperi
2565 1077 2791 1152 versibus
2821 1079 3037 1152 convicti
3057 1119 3070 1141 ,
3099 1082 3189 1133 sed
3215 1081 3438 1152 propriis
3475 1083 3796 1152 praejudiciis

528 1145 655 1218 plus
673 1162 819 1213 aequo
846 1145 1138 1212 servientes,
1169 1145 1358 1216 partim
1379 1165 1441 1202 ea:
1467 1145 1790 1217 ignorantia,
1826 1149 2015 1215 partim
2041 1164 2103 1200 ea:
2131 1148 2322 1216 ingenii
2350 1145 2433 1200 sui
2459 1149 2775 1214 confidentia
2802 1151 2994 1218 majore
3012 1189 3025 1210 .
3055 1145 3328 1215 reprobare
3359 1167 3459 1203 non
3475 1145 3602 1204 'sun't
3630 1153 3792 1205 veriti.

533 1212 580 1290 ζ]
586 1214 682 1268 nde
728 1212 782 1268 ut
815 1227 931 1290 tam
962 1212 1191 1272 sublimis
1221 1221 1467 1272 doctrinas
1486 1212 1781 1287 'prceconem
1810 1212 1927 1271 cum
1956 1212 2271 1270 doctrina'in
2303 1218 2480 1290 odium
2509 1212 2734 1290 plurium
2762 1212 3191 1282 addncerent,'in
3233 1230 3454 1274 mentem
3495 1222 3620 1290 ipsis
3657 1224 3794 1275 venit

527 1286 936 1358 locaquwdam,
970 1305 996 1342 e
1021 1290 1227 1358 scriptis
1262 1286 1670 1358 maxime'paulo
1715 1299 1832 1342 ante
1876 1299 2090 1341 mortem
2118 1293 2183 1341 ab
2225 1306 2282 1341 co
2326 1290 2378 1339 in
2426 1289 2586 1358 lucem
2628 1288 2852 1358 emissis,
2889 1291 3026 1340 mala
3055 1300 3167 1342 arte
3204 1307 3266 1343 ea:
3295 1286 3526 1357 operum'
3552 1300 3791 1345 contextu

526 1356 788 1430 euellere,
819 1366 869 1409 et
897 1358 990 1411 sub
1041 1356 1201 1430 verbis
1231 1361 1298 1411 ad
1327 1356 1572 1411 invidiam
1616 1360 1661 1411 ei
1690 1359 2092 1430 comparandam
2140 1359 2430 1430 compositis
2459 1361 2512 1410 in
2543 1357 2828 1410 indiculum
2859 1359 3105 1430 redacta,
3135 1356 3334 1430 passim
3361 1363 3499 1426 apud
3534 1363 3786 1414 indoctam

527 1423 722 1491 plebem
752 1427 1110 1502 disseminare.
1148 1429 1378 1502 Quorum
1414 1423 1910 1502 iniquisconatibus
1939 1429 2188 1481 obluctari
2227 1423 2466 1502 satagens
2494 1423 3178 1502 strenuus_sancti_doctoris
3220 1423 3501 1502 discipulus
3532 1442 3578 1484 et
3623 1449 3788 1485 asser-

527 1503 634 1568 tor,
669 1512 780 1568 qua:
808 1498 888 1550 illi
915 1515 978 1551 ex
1028 1515 1258 1562 perverso
1298 1498 1562 1552 intellectu
1593 1498 1922 1562 darnnabant,
1954 1508 2145 1552 rectam
2191 1499 2580 1568 explicationem
2627 1508 2683 1568 et
2719 1498 2997 1568 Augustini
3041 1500 3186 1552 libris
3216 1498 3420 1553 omnino
3451 1503 3785 1567 conformem,

523 1566 815 1641 sufficiendo
844 1569 1118 1637 defendere
1148 1585 1248 1641 non
1282 1569 1483 1641 distu_lit
1505 1585 1534 1641 7:
1566 1568 1660 1641 hoc
1689 1569 1956 1622 intendens
1977 1610 1990 1631 ,
2024 1579 2080 1620 ut
2106 1566 2416 1641 simplicium
2449 1569 2573 1633 ﬁdes
2603 1567 2747 1641 salva
2777 1566 2999 1622 maneret
3029 1581 3208 1622 contra
3233 1566 3579 1641 subreptiones
3608 1566 3790 1641 iniqua

524 1636 855 1711 loquentium,
889 1636 934 1690 et
967 1649 1071 1711 tota
1101 1640 1271 1692 eximit
1301 1640 1354 1692 in
1387 1639 1622 1692 Ecclesia
1654 1641 1888 1710 magistri
1919 1639 2208 1711 auctoritas
2223 1638 2392 1691 debita
2422 1639 2744 1692 veneratione
2771 1655 2872 1691 non
2903 1642 3265 1706 fraudaretur;
3295 1641 3467 1711 sicque
3496 1640 3630 1711 (Deo
3661 1636 3787 1709 ope-

522 1704 686 1773 route)
709 1717 754 1758 et
782 1708 1063 1781 infestiilli
1095 1711 1590 1781 Augustiuianorum
1621 1704 1831 1780 operum
1863 1725 2096 1762 censeres
2140 1709 2209 1761 ad
2237 1712 2492 1762 saniorem
2521 1719 2734 1762 mentem
2765 1704 2980 1774 reversi,
3008 1711 3063 1764 in
3103 1711 3245 1764 nullo
3273 1704 3557 1781 amplius'a
3588 1704 3788 1765 tramite

521 1790 672 1827 rcctte
699 1787 742 1828 et
773 1779 994 1830 salubris
1024 1779 1274 1833 doctrina!
1302 1779 1584 1834 deviarem.

595 1845 689 1908 Qui
713 1847 902 1913 fuerint
933 1849 1008 1902 illi
1036 1850 1304 1918 designare
1321 1859 1424 1922 aut
1455 1867 1554 1922 non
1582 1855 1746 1920 potuit
1776 1857 1863 1899 aut
1890 1847 2054 1922 uoluit
2084 1863 2102 1899 :
2122 1865 2248 1922 cum
2275 1848 2375 1922 illi
2413 1850 2544 1922 fo_rte
2573 1849 2781 1922 nomina
2826 1864 2939 1922 sua
2969 1849 3180 1922 prodere
3210 1849 3584 1922 erubescerent,
3619 1851 3783 1922 magis

518 1931 673 1992 quam
703 1933 960 1992 perversos
1010 1917 1189 1992 sensus
1219 1918 1474 1992 evulgare.
1509 1917 1672 1992 Erant
1715 1929 1846 1972 certe
1878 1934 1949 1992 ea:_
1970 1917 2420 1992 Massiliensibus.
2441 1918 2672 1992 Cassiani
2715 1917 2988 1992 discipulis
3017 1920 3150 1992 forte
3173 1929 3261 1972 aut
3303 1920 3665 1992 sectatoribus.
3696 1917 3786 1990 qui

525 1986 642 2061 talis
670 1987 768 2038 viri
795 1988 1177 2061 gloriamultra
1203 1986 1412 2042 modnm
1444 1989 1840 2056 wmulabantur,
1863 1990 1959 2061 qui
1976 2005 2108 2057 (egre
2135 1989 2362 2059 ferebant
2405 2006 2508 2042 non
2541 1990 2744 2058 probari
2788 1989 3045 2058 Prospero
3073 1991 3152 2042 sui
3183 1991 3412 2061 magistri
3438 1991 3638 2059 ingenio
3659 1986 3784 2043 con-

522 2056 696 2131 ﬁclttm
725 2069 961 2125 systema.
999 2059 1091 2111 Cui
1117 2061 1321 2129 quidem
1348 2071 1401 2114 ut
1429 2061 1723 2129 obsequium
1750 2056 1961 2129 aliquod
1989 2056 2082 2129 pro
2121 2056 2311 2113 uiribus
2341 2056 2663 2128 pra'starent,
2691 2056 3036 2131 Augustinum
3063 2061 3233 2131 ipsum
3264 2056 3368 2111 Fati
3410 2056 3724 2131 suritimpeti
3752 2077 3784 2113 a

519 2142 573 2176 se
603 2126 801 2191 debere,
835 2140 881 2201 et
913 2132 975 2182 ab
1006 2126 1191 2201 adepta
1217 2131 1526 2184 auctoritate
1549 2126 1752 2201 ﬁdeque
1780 2126 1887 2183 esse
1909 2126 2509 2196 submovendum-Quod
2537 2146 2639 2184 non
2664 2126 2828 2184 multo
2858 2140 2973 2201 post
2997 2126 3162 2184 sancti
3187 2130 3462 2201 Augustini
3489 2126 3706 2197 obitum,
3731 2131 3784 2183 id

513 2204 785 2270 est.__anno
804 2199 1006 2252 circiter
1031 2199 1160 2263 431,
1194 2203 1470 2270 contigisse
1495 2201 1648 2270 facile
1667 2199 2068 2254 crediderimus.

591 2265 974 2342 Objectionibus
1018 2287 1137 2342 ergo
1178 2265 1470 2336 quindecim
1495 2265 1801 2324 doctrinam
1829 2270 2106 2342 Augustini
2135 2270 2402 2323 traducere
2426 2271 2726 2342 molientes,
2765 2280 2964 2342 septem
2999 2270 3193 2339 priores
3234 2281 3412 2323 contra
3450 2269 3788 2342 prcedestina—

517 2336 702 2387 tionem
730 2341 1016 2408 gratuitam
1042 2336 1310 2393 hominum
1335 2342 1675 2409 quorumdam
1702 2356 1809 2410 prce
1837 2336 1956 2393 aliis
1994 2340 2258 2409 dirigunt;
2288 2351 2516 2395 acturam
2553 2342 2618 2392 de
2645 2341 2900 2394 voluntate
2932 2336 3027 2393 Dei
3069 2356 3191 2410 erga
3235 2336 3458 2394 salutem
3480 2338 3780 2408 hominum;

513 2422 700 2459 nonam
740 2410 1262 2481 circaeastensionem
1299 2413 1662 2481 redemptionis
1687 2410 1914 2476 Christi;
1944 2410 2192 2464 decimam
2220 2413 2284 2463 de
2327 2412 2717 2477 dispensatione
2744 2410 3044 2480 Evangelii;
3085 2411 3405 2463 undecimam
3449 2420 3496 2462 et
3537 2411 3789 2462 duodeci—

513 2491 670 2540 mam,
699 2479 842 2547 quod
874 2479 1010 2534 Deus
1036 2490 1215 2534 auctor
1244 2498 1352 2534 esse
1389 2479 1712 2550 peccatorum
1761 2481 2053 2544 diceretur;
2090 2482 2340 2534 decimam
2387 2483 2589 2534 tertiam
2621 2481 2686 2534 de
2729 2483 2832 2545 ﬁne
2870 2479 3139 2534 creationis
3186 2481 3480 2544 hominum;
3529 2481 3783 2531 decimam

510 2557 768 2621 quartam,
796 2553 940 2621 quod
963 2550 1298 2606 incredulitas
1328 2551 1436 2606 Dco
1460 2553 1780 2616 ascribatur;
1810 2552 2057 2604 decimam
2084 2553 2336 2618 quintam,
2369 2553 2431 2604 de
2470 2553 2806 2620 prtescientia:
2837 2567 2954 2603 cum
2982 2553 3428 2621 prtedestinatione
3455 2551 3779 2619 confusione.

514 2616 752 2692 Singulis
784 2616 846 2673 S.
881 2620 1107 2691 Prosper
1140 2631 1386 2692 quantum
1429 2624 1559 2676 satis
1606 2630 1679 2677 est
1730 2622 2074 2690 respondens,
2117 2616 2328 2675 totidem
2373 2616 2636 2674 sententiis
2682 2633 2858 2691 postea
2905 2616 3179 2692 subjectis,
3216 2638 3394 2673 sensus
3424 2616 3641 2692 suos'tin
3665 2629 3786 2671 ante

510 2687 854 2762 dictisfusius
884 2687 1268 2761 expressos—sub
1294 2693 1515 2762 simplici
1560 2687 1887 2760 expositione
1926 2692 2088 2745 oculis
2131 2693 2406 2761 legentium
2431 2692 2640 2761 subjicit
2678 2687 2691 2743 ἐ
2723 2701 2779 2745 ut
2804 2693 2923 2743 inde
2952 2687 3281 2758 manifestum
3309 2692 3401 2758 ﬁat
3429 2690 3690 2762 omnibus,
3722 2706 3782 2741 ea

507 2773 621 2824 qua:
647 2759 708 2813 de
735 2777 892 2824 supra
919 2759 1125 2832 scriptis
1153 2759 1402 2833 capitulis
1421 2759 1764 2832 intelligebat,
1794 2762 1936 2814 nulla
1963 2778 2076 2814 eum
2101 2759 2539 2833 circumloquendi
2582 2772 2696 2815 arte
2721 2772 2999 2832 prietexere
3017 2805 3033 2830 ,
3066 2762 3156 2816 sed
3182 2763 3414 2816 absolute
3453 2776 3514 2813 ac
3548 2759 3705 2813 libere
3733 2767 3780 2811 et

507 2843 664 2893 prava
697 2845 956 2899 respuere,
980 2843 1028 2884 et
1056 2832 1359 2886 consensum
1386 2833 1731 2902 probabilibus
1757 2848 1858 2884 non
1887 2848 2101 2902 negare,
2139 2841 2192 2884 ut
2216 2832 2289 2885 ait
2316 2833 2368 2885 in
2391 2832 2493 2900 fine
2521 2834 2710 2900 operis.

1563 3091 1706 3204 S.
1783 3088 2710 3203 PROSPERI

1924 3282 2381 3343 AQUITANI

498 3415 913 3566 PRO
1001 3419 2158 3566 AUGUSTINO
2255 3417 3513 3569 RESPONSION
3539 3420 3756 3568 ES

917 3644 1024 3707 AD
1068 3644 1464 3708 CAPITULA
1507 3644 2070 3709 OBJECTIONUM
2116 3642 2560 3704 GALLORUM
2606 3641 3283 3738 CALUMNIANTIUM
3314 3655 3362 3706 ⁸.

1895 3879 2368 3999 praefatio.

562 4085 721 4154 203
775 4084 1107 4152 Doctrinam,
1150 4098 1310 4153 quam
1341 4091 1544 4136 sanctae
1589 4081 1867 4136 memoria:
1894 4085 2077 4151 Augu-
2107 4093 2156 4144 Α
2182 4080 2432 4136 indiculis
2461 4077 2490 4118 ά
2520 4079 2896 4150 publicarent:
2940 4080 3140 4150 talique
3175 4089 3484 4136 commento
3519 4089 3542 4117 ο
3572 4090 3626 4136 et
3670 4082 3770 4138 de-

488 4176 664 4230 stinus
690 4173 979 4243 episcopus
1019 4183 1214 4228 contra
1251 4174 1571 4242 Pelagianos
1607 4173 1862 4227 inimicos
1897 4175 2085 4242 gratiae
2192 4173 2532 4228 tesmtiottem
2563 4174 2679 4241 ejus
2725 4188 2882 4243 quem
2930 4173 3290 4242 impeterent,
3337 4173 3671 4238 obtinerent;
3719 4184 3771 4227 et

484 4266 712 4332 Christi,
741 4274 796 4320 et
821 4265 983 4320 liberi
1007 4265 1215 4320 arbitrii
1246 4265 1274 4304 ι)
1306 4265 1716 4333 decomptores,
1747 4279 1845 4333 per
1882 4265 2080 4319 multos
2184 4265 2252 4319 ab
2303 4264 2390 4319 his
2426 4280 2546 4333 qua:
2596 4263 2986 4331 infamassent,
3019 4279 3204 4318 curam
3256 4263 3499 4318 exterriti
3551 4265 3770 4319 lectoris

486 4372 662 4411 annos
690 4358 990 4428 apostolice
1019 4359 1271 4424 asseruit,
1301 4357 1606 4423 litterisque
1628 4356 1927 4420 mandavit,
1953 4358 2075 4427 qui-
2182 4360 2343 4428 204.
2389 4367 2718 4413 averterent.
2767 4358 2846 4412 Ne
2877 4374 3004 4427 ergo
3032 4359 3172 4414 hanc
3223 4363 3630 4428 persuasionem
3683 4371 3767 4415 te-

487 4448 710 4502 lmsdam
742 4449 916 4503 visum
945 4458 1049 4512 est,
1073 4460 1094 4488 ε
1129 4457 1222 4503 aut
1247 4464 1352 4503 non
1377 4447 1756 4518 intelligendo,
1790 4459 1882 4502 aut
1911 4450 2070 4504 intel-
2176 4466 2325 4503 mere
2378 4449 2501 4520 quis
2545 4450 2807 4519 recipiat.
2841 4459 2893 4504 et
2945 4450 3105 4503 talem
3152 4460 3304 4518 putet
3366 4465 3585 4503 sensum
3635 4451 3768 4504 scri-

485 4541 574 4610 ligi
609 4555 728 4594 eam
759 4541 1017 4609 nolendo,
1047 4542 1448 4611 reprehendere
1480 4558 1494 4593 :
1525 4550 1580 4596 et
1610 4541 1713 4597 hoc
1733 4542 1886 4611 quasi
1916 4557 2068 4596 com-
2177 4543 2280 4610 ptis
2335 4541 2588 4595 catholici
2645 4541 2823 4596 inesse
2886 4541 3127 4595 doctoris
3159 4581 3174 4606 ,
3236 4542 3446 4610 qualem
3505 4557 3626 4595 eum
3675 4539 3765 4610 qui

484 4630 737 4698 pendium
785 4632 1115 4701 cognitionis
1164 4633 1250 4686 his
1288 4633 1378 4702 qui
1406 4632 1610 4700 judicio
1661 4648 1848 4687 eorum
1905 4633 2069 4688 duce-
2177 4632 2369 4686 frustra
2405 4632 2800 4686 calumniantur
2835 4630 2853 4668 ί
2883 4640 3192 4697 ostentant;
3245 4633 3468 4701 singulis
3509 4634 3762 4700 capitulis

483 4719 700 4786 bantur,
726 4721 954 4787 afferre;
987 4730 1045 4776 ut
1069 4739 1188 4792 quae
1231 4725 1282 4778 in
1327 4723 1476 4777 libris
1509 4723 1750 4790 prmtlit-ti
1795 4723 1895 4778 viri
1924 4724 2076 4778 dam-
2176 4740 2296 4794 qua:
2324 4734 2348 4771 Β
2375 4724 2738 4778 damnationis
2766 4725 2921 4778 titulo
2946 4733 3331 4793 praenotarunt.
3357 4726 3505 4779 brevi
3526 4735 3572 4778 et
3601 4726 3764 4780 abso-

483 4814 685 4869 nabil-ia
716 4831 776 4870 se
812 4817 1079 4886 reperisse
1104 4817 1411 4886 jactabant,
1444 4817 1688 4871 brevium
1719 4817 2074 4887 capitulorum
2179 4818 2288 4872 luta
2313 4815 2653 4886 professione
2681 4817 3017 4887 respondeo:
3049 4821 3101 4871 in
3130 4818 3278 4872 nullo
3306 4817 3565 4873 recedens
3593 4834 3625 4873 a
3653 4829 3762 4873 tra-

553 5003 579 5031 α
609 4993 821 5050 Titulus
869 4997 1024 5051 istius
1071 4997 1194 5050 libri
1243 4997 1296 5051 in
1328 5010 1430 5049 ms.
1488 4996 1710 5050 Joliensi
1767 4995 1891 5048 talis
1935 5005 2062 5047 est:
2251 5004 2272 5031 ε
2317 4994 2442 5049 Sola
2483 4993 2615 5048 edit.
2661 4992 2878 5056 Colon.,
2928 5001 3018 5045 aut
3063 4992 3432 5062 intelligendo;
3476 5001 3534 5047 et
3574 4995 3758 5050 statim

483 5064 674 5147 incipit
720 5068 846 5121 liber
881 5067 1289 5147 Itespbnsionum
1335 5067 1580 5147 lfrosperi
1621 5076 1797 5147 contra
1836 5065 2064 5132 capitula
2174 5078 2307 5147 mss.
2354 5065 2484 5147 Reg.
2515 5073 2572 5147 et
2601 5063 2732 5127 Jol.,
2765 5075 2854 5118 aut
2894 5079 3005 5116 eam
3046 5065 3333 5134 intelligere
3369 5063 3618 5118 nolendo.
3645 5067 3754 5122 Jul.

480 5135 752 5208 Gallorum
777 5181 790 5201 ,
821 5153 936 5206 qua:
962 5135 1141 5190 contra
1166 5138 1321 5191 libros
1352 5135 1479 5191 beati
1508 5137 1783 5208 Augustini
1812 5151 2066 5204 apposue-
2170 5136 2342 5208 alias;
2357 5143 2447 5208 aut
2477 5135 2653 5186 etiam.

475 5215 600 5261 runt
626 5209 688 5259 de
713 5202 1190 5264 Prwdestinatione.
1591 5202 1611 5208 ⁷
1671 5213 1674 5218 ’
1845 5202 1854 5204 “
1884 5202 1889 5204 ⁷
2237 5202 2264 5240 ά
2305 5203 2495 5258 Colon.
2523 5217 2644 5257 cum
2677 5203 2777 5257 hac
2802 5211 3036 5266 recent.,
3061 5203 3426 5273 prtedicarent.

549 5275 577 5314 1³
617 5276 690 5330 lta
733 5278 1000 5332 editiones
1045 5291 1252 5331 omnes.
1287 5277 1418 5343 Qua:
1457 5291 1562 5328 vox
1600 5276 1954 5341 decomptores
1982 5275 2059 5326 si-
2242 5284 2265 5310 ο
2307 5275 2405 5327 Ms.
2436 5274 2589 5339 Reg.,
2623 5283 2671 5343 et
2709 5273 3040 5326 detestatione
3077 5275 3188 5340 ejus
3230 5289 3383 5341 quam
3425 5273 3753 5343 impeterent.

474 5345 736 5414 gniﬁcare
774 5349 988 5403 videtur
1020 5363 1115 5404 eos
1161 5341 1355 5416 quibus
1393 5357 1476 5399 est
1514 5359 1874 5412 responsurus
1915 5354 2058 5397 totos
2167 5344 2470 5397 detinerent.
2500 5343 2599 5397 Ms.
2631 5341 2738 5398 Jol.
2770 5344 2931 5398 habet
2974 5346 3136 5398 etiam
3185 5341 3754 5412 detinerent.’Reliqna

473 5431 598 5470 esse
623 5425 684 5470 ut
722 5418 952 5473 liberum
975 5419 1259 5473 arbitrium
1288 5425 1481 5470 ornent
1510 5426 1564 5470 et
1595 5416 1888 5482 pra-dicent
1917 5416 2053 5467 ultra
2096 5473 2130 5482 __
2170 5428 2222 5466 ut
2252 5416 2303 5468 in
2335 5425 2505 5468 textu.

472 5502 635 5554 qtnm
681 5487 936 5544 debeant.
974 5489 1149 5545 Vetus
1193 5488 1366 5542 codex
1421 5473 1764 5554 Remig'ianus
1812 5501 1840 5539 a
1887 5487 2058 5552 prima
2093 5473 2135 5531 Β
2239 5485 2258 5522 ί
2302 5485 2429 5537 Mss.
2464 5484 2593 5554 Reg.
2624 5492 2680 5539 et
2707 5483 2836 5548 Jol.,
2867 5481 3165 5554 ostendunt.

474 5551 634 5609 manu
669 5557 852 5611 habuit
891 5563 1203 5624 deceptores.
1235 5575 1265 5612 a
1295 5558 1538 5613 secunda
1580 5551 1714 5611 itero
1743 5551 2054 5623 defensores.
2235 5564 2261 5600 κ
2303 5555 2375 5608 Ita
2415 5551 2581 5608 code}:
2626 5556 2993 5624 llemigianus.
3032 5553 3158 5606 Mss.
3201 5551 3335 5620 Reg.
3365 5563 3433 5624 et,
3465 5551 3601 5624 Jol.,
3635 5568 3752 5623 qua:

466 5625 622 5689 Quod
673 5629 920 5682 ultimum
953 5623 1178 5696 legimus
1205 5631 1258 5682 in
1291 5644 1422 5683 mss.
1454 5629 1618 5696 Regio
1646 5637 1702 5680 ct
1729 5625 1976 5691 Joliensi,
1999 5634 2054 5681 et
2161 5625 2507 5680 damnationis
2537 5625 2787 5695 capitulo.
2815 5623 2978 5691 Editi,
3009 5637 3125 5691 qua:
3153 5624 3369 5677 rationis
3401 5623 3574 5677 titulo.

468 5697 521 5750 in
552 5701 730 5765 capite
762 5699 1020 5755 librorum
1051 5700 1119 5757 de
1150 5699 1445 5755 Vocatione
1474 5700 1718 5769 gentium
1747 5698 1905 5753 intra.
