4088 6176
249 257 330 316 157
834 253 968 311 PRO
1007 253 1395 312 AUGUSTLVO
1433 253 1946 314 RESPONSIONES
1987 257 2078 312 AD
2112 255 2458 313 CAPITULA
2495 254 2888 312 GALLORUM.
3400 250 3505 310 £53

240 372 353 425 mite
381 383 570 425 earum
601 366 977 423 definitionum
1009 383 1126 437 quae
1152 368 1204 422 in
1235 368 1405 423 sancti
1440 368 1540 422 viri
1571 369 1809 440 disputa-
1841 379 1887 436 Α
1920 378 2202 439 peccatum
2233 369 2428 424 cadant
2469 369 2589 439 qui.
2623 369 2793 422 aliena
2841 366 3183 436 instigatinne
3218 369 3507 434 commoti,

241 463 460 517 tionibus
487 461 835 514 continentur
867 474 882 512 :
914 467 974 513 ut
1003 459 1158 513 facile
1188 459 1272 513 vel
1302 460 1481 514 tenuis
1521 459 1816 528 diligentia
1922 461 2242 530 scriptorem
2272 458 2612 515 celeberrimi
2641 459 2876 514 nominis
2896 467 2922 494 ι
2949 457 3248 528 promptius
3281 456 3510 514 habeant

240 554 470 607 advertat
526 552 834 620 inspector,
883 565 1047 620 quam
1099 549 1312 619 injustis
1363 550 1668 619 opprobriis
1713 565 1809 605 ca-
1918 553 2136 624 culpare
2164 566 2325 622 quam
2355 564 2537 606 nosse.

240 646 408 702 tholici
460 644 830 715 praedicatoris
876 644 1134 698 memoria
1165 652 1444 714 carpatur;
1474 651 1531 700 et
1574 646 1628 700 in
1669 645 1812 713 quod

298 787 322 816 ⁸
360 779 462 833 Ms.
507 778 667 850 Εἴθε..
699 779 866 848 potius
895 777 1081 832 habent
1124 777 1358 850 culpare.
1394 779 1527 845 10].,
1558 781 1808 849 promtius
1835 779 2043 834 habent.

1347 979 1754 1085 PARS
1829 978 2388 1086 PRIMA.

824 1140 1182 1203 SINGULIS
1225 1140 1840 1204 OBJECTIONIBUS
1883 1141 2248 1202 SINGULE
2294 1141 2902 1208 RESPONSIONES.

779 1346 1176 1403 CAPITULUM
1221 1347 1260 1403 Ι.

890 1454 1160 1493 οωεετυ).

247 1534 389 1607 205
433 1533 612 1607 Quod
632 1546 699 1585 ea:
722 1530 1195 1607 ⁸ιιι-(τεάιυξιὶηαιὶοηε
1227 1527 1353 1592 Dei,
1381 1529 1518 1607 uelut
1545 1527 1695 1597 fatali
1734 1544 1822 1607 ne-

303 1600 565 1662 25.5mm.
594 1601 827 1655 homines
861 1600 930 1653 ad
957 1611 1166 1669 peccata
1196 1601 1452 1670 compulsi
1487 1608 1736 1672 cogantur
1763 1601 1820 1652 in

303 1687 538 1728 mortem.

871 1775 1178 1817 BESPONSIO.

303 1857 840 1913 Praedestinationem
890 1856 980 1910 Dei
1035 1855 1216 1910 nullus
1261 1853 1561 1910 catholicus
1602 1862 1628 1890 ⁸
1666 1852 1824 1907 Chri-

246 1951 442 2004 stianus
493 1958 654 2018 negat
705 1964 720 2004 :
763 1947 977 2001 fatalem
1024 1954 1204 2000 autem
1250 1946 1623 2000 necessitatem
1672 1943 1824 1997 ιιιιιΙιί

245 2044 390 2096 etiam
448 2055 556 2094 non
599 2038 892 2094 Christiani
940 2036 1196 2094 refutant.
1255 2036 1540 2092 Peccatum
1581 2050 1710 2105 ergo
1757 2036 1822 2088 ad

246 2145 466 2188 mortem
512 2132 708 2197 trahit;
757 2130 853 2186 sed
899 2129 964 2184 ad
1005 2128 1337 2198 peccandum
1367 2127 1636 2183 neminem
1686 2127 1826 2181 Deus

247 2227 393 2296 cogit.
427 2224 645 2279 Nemini
674 2224 818 2278 enim
853 2223 1114 2277 mandauit
1139 2221 1296 2290 impie
1325 2237 1477 2292 agere
1513 2219 1701 2291 (Eccli.
1729 2235 1823 2284 xv,

247 2317 345 2386 2f);
369 2315 396 2353 δ
414 2324 506 2370 et:
527 2314 722 2379 Odisti,
753 2313 991 2378 Domine,
1021 2327 1194 2365 omnes
1219 2311 1307 2381 qui
1335 2320 1615 2379 operantur
1635 2311 1827 2378 iniqui-

248 2419 419 2472 tatem;
451 2407 635 2475 perdes
665 2421 750 2459 eos
787 2405 876 2474 qui
918 2403 1204 2473 loquuntur
1231 2402 1553 2456 mendacium
1598 2401 1823 2474 (Psalm.

246 2499 396 2567 v,7).
453 2497 688 2552 Proinde
724 2494 817 2565 qui
859 2493 1346 2564 przedestinationis
1395 2494 1611 2548 nomine
1657 2492 1825 2547 fatum

249 2591 496 2658 praedicat
523 2628 539 2650 ,
573 2595 680 2640 tam
713 2601 820 2640 non
847 2594 932 2640 est
960 2584 1271 2654 probandus
1295 2598 1455 2654 quam
1482 2584 1574 2651 qui
1603 2582 1699 2638 fati
1731 2599 1826 2637 no-

248 2681 377 2735 mine
405 2679 695 2734 veritatem
729 2675 1214 2746 przedestinationis
1251 2675 1495 2729 infamat.
1534 2673 1651 2728 Fati
1681 2675 1824 2729 enim

246 2772 421 2840 opinio
454 2784 591 2822 vana
622 2777 736 2835 est,
778 2775 834 2822 et
862 2768 928 2821 de
957 2765 1188 2821 falsitate
1215 2774 1473 2834 concepta
1503 2782 1517 2818 :
1551 2764 1828 2834 praedesti-

249 2862 478 2917 nationis
543 2870 722 2915 autem
769 2859 901 2913 fides
943 2858 1106 2912 multa
1157 2863 1474 2912 sanctarum
1508 2857 1828 2911 auctoritate

247 2954 637 3023 Scripturarum
666 2961 687 2990 ε
716 2949 924 3005 munita
951 2959 1055 3016 est,
1083 2947 1170 3003 cui
1199 2949 1345 3003 nullo
1373 2949 1530 3003 modo
1560 2950 1638 3002 fas
1659 2959 1742 3003 est
1763 2964 1826 3004 ea

246 3061 354 3112 qua
382 3046 456 3098 ab
486 3044 798 3099 hominibus
845 3042 985 3096 male
1031 3050 1265 3110 aguntur
1309 3039 1542 3106 ascribi;
1589 3040 1681 3110 qui
1711 3037 1739 3077 ιι
1770 3041 1822 3094 in

247 3139 639 3206 proclivitatem
665 3136 890 3192 cadendi
925 3150 1029 3190 non
1056 3150 1121 3190 ex
1147 3134 1454 3189 conditione
1489 3134 1600 3202 Dei,
1634 3135 1728 3188 sed
1760 3150 1824 3188 ex
1854 3139 1901 3202 ρ

249 3231 396 3298 primi
445 3231 617 3298 patris
669 3227 1112 3296 praevaricatione
1164 3234 1450 3281 venerunt.
1486 3234 1510 3262 ε
1551 3226 1626 3280 De
1672 3225 1826 3294 cujus

247 3336 392 3390 pana
417 3338 582 3377 nemo
606 3323 883 3384 liberatur,
913 3321 1015 3374 nisi
1043 3335 1136 3388 per
1162 3321 1386 3389 gratiam
1417 3319 1626 3373 Domini
1657 3318 1828 3373 nostri

245 3412 362 3468 lesu
391 3413 623 3476 Christi,
657 3420 1009 3481 praeparatam
1041 3421 1094 3465 et
1126 3410 1560 3480 praedestinatam
1592 3410 1754 3481 206
1775 3410 1828 3464 in

247 3512 442 3560 aeterno
471 3503 704 3559 consilio
730 3502 823 3557 Dei
852 3511 976 3556 ante
1004 3502 1445 3557 constitutionem
1478 3505 1684 3558 mundi.

795 3614 880 3669 CA
892 3612 1194 3669 PITULUM
1244 3613 1308 3669 ll.

903 3721 1175 3760 OBJECTIO.

246 3801 391 3866 Quod
420 3801 486 3855 ab
515 3802 592 3855 eis
627 3799 714 3867 qui
741 3815 841 3852 non
869 3808 986 3852 sunt
1024 3801 1376 3866 prcdestinati
1406 3801 1475 3853 ad
1503 3801 1657 3853 uitam
1677 3841 1691 3863 ,
1723 3816 1829 3854 non

305 3879 518 3942 auferat
566 3879 808 3943 percepta
852 3870 1092 3938 baptismi
1133 3873 1302 3941 gratia
1350 3871 1602 3943 originale
1646 3888 1828 3940 pecca-

307 3955 437 3997 tum.

887 4049 1189 4090 RESPONSIO.

306 4127 498 4181 Omnis
525 4126 689 4180 homo
719 4129 808 4197 qui
839 4128 1068 4182 credens
1101 4129 1150 4181 in
1183 4127 1424 4192 Patrem,
1454 4136 1509 4181 et
1539 4126 1752 4190 Filium,
1777 4136 1828 4181 et

242 4218 497 4284 Spiritum
527 4228 796 4282 sanctum,
829 4227 1177 4286 regeneratur
1207 4220 1258 4269 in
1305 4217 1594 4286 baptismo,
1621 4216 1639 4254 ί
1663 4228 1767 4270 tam
1800 4233 1828 4278 ι)

241 4311 470 4378 prepriis
497 4312 732 4378 peccatis
758 4327 877 4378 quin
905 4310 1041 4364 mala
1073 4311 1351 4365 voluntate
1380 4321 1434 4364 et
1463 4313 1677 4364 actione
1700 4326 1831 4363 cou-

242 4403 436 4471 traxit,
479 4416 640 4473 quam
683 4402 752 4456 ab
779 4403 1027 4472 originali
1069 4403 1210 4473 quod
1239 4419 1268 4457 a
1303 4401 1615 4472 parentibus
1646 4403 1826 4468 traxit,

1931 1343 2250 1400 absolvitur.
2281 1344 2386 1401 Sed
2420 1357 2445 1394 ε
2475 1347 2744 1414 relapsum
2779 1356 2903 1419 post
2927 1348 3256 1416 baptismum
3297 1349 3363 1405 ad
3396 1352 3520 1406 infl-

1927 1438 2201 1495 delitatem
2225 1449 2281 1496 et
2308 1441 2498 1511 impios
2528 1456 2710 1497 mores
2739 1483 2754 1508 ,
2786 1444 2876 1512 qui
2911 1453 3071 1512 negat
3109 1442 3353 1512 originali
3387 1458 3515 1512 pec-

1930 1541 2052 1588 cato
2090 1533 2260 1587 fuisse
2304 1543 2587 1602 purgatum
2613 1575 2629 1599 ,
2659 1545 2766 1586 tam
2799 1533 2929 1588 falsa
2959 1534 3213 1603 Opinatur
3238 1548 3394 1603 quam
3425 1535 3516 1602 (ιυί

1930 1625 2177 1679 eumdem
2205 1627 2398 1679 asserit
2430 1641 2535 1680 non
2563 1636 2765 1680 aeterna
2794 1637 2966 1680 morte
2988 1641 3107 1681 esse
3131 1626 3514 1681 damnandum.

1857 1755 1902 1814 Β
1932 1716 2032 1783 Qui
2055 1717 2201 1771 enim
2233 1716 2434 1771 recedit
2463 1731 2493 1769 a
2519 1715 2757 1780 Christo,
2789 1728 2842 1770 et
2867 1714 2896 1754 ¹ι
2927 1717 3135 1771 alienus
3157 1733 3184 1768 a
3208 1715 3378 1786 gratia
3400 1717 3520 1771 finit

1932 1810 2072 1862 hanc
2091 1808 2281 1872 vitam,
2313 1807 2437 1876 quid
2468 1807 2572 1861 nisi
2603 1807 2654 1860 in
2683 1807 3037 1876 perditionem
3069 1807 3248 1862 cadit?
3275 1807 3378 1862 Sed
3409 1822 3515 1860 non

1927 1899 1981 1954 in
2012 1899 2064 1953 id
2093 1899 2238 1967 quod
2278 1899 2563 1952 remissum
2597 1908 2680 1952 est
2711 1897 2944 1965 recidit,
2983 1897 2997 1935 ί
3032 1914 3134 1953 nec
3172 1900 3224 1953 in
3266 1898 3518 1967 originali

1928 1999 2150 2058 peccato
2195 1989 2540 2045 damnabitur
2563 2030 2578 2054 ,
2614 1990 2704 2060 qui
2734 2000 2910 2045 tamen
2938 2034 2954 2059 ,
2985 1999 3206 2059 prepter
3245 2002 3517 2060 postrema

1929 2081 2180 2147 crimina,
2213 2096 2275 2135 ea
2306 2089 2480 2135 morte
2511 2081 2775 2135 afficietur
2802 2097 2921 2152 qua:
2950 2084 3000 2136 ei
3032 2091 3252 2151 propter
3280 2082 3368 2136 illa
3399 2097 3521 2150 quas

1929 2175 2154 2229 remissa
2177 2182 2304 2228 sunt
2325 2173 2641 2228 debebatur.
2671 2174 2826 2240 Quod
2849 2176 2972 2244 quia
3003 2174 3097 2228 Dei
3126 2175 3520 2244 praeseientiam

1930 2281 2029 2322 nec
2056 2268 2212 2322 latuit
2235 2308 2248 2330 ,
2283 2283 2384 2322 nec
2419 2266 2645 2333 fefellit,
2679 2268 2798 2324 sine
2827 2268 2993 2323 dubio
3027 2269 3188 2323 talem
3231 2282 3520 2339 numquam

1931 2359 2134 2427 elegit,
2164 2375 2454 2428 numquam
2488 2359 2923 2429 pradestinavit,
2954 2369 3009 2414 et
3038 2359 3337 2427 periturum
3365 2373 3521 2413 num-

1929 2466 2089 2521 quam
2125 2450 2139 2502 i
2179 2451 2246 2506 ab
2268 2461 2467 2506 atterna
2500 2451 2801 2520 perditione
2824 2452 3104 2506 discrevit.

2460 2563 2660 2618 CAPIT
2667 2563 2856 2619 ULUM
2895 2563 2985 2619 Ill.

2589 2669 2858 2708 OBJBCTIO.

1931 2745 2089 2818 207
2122 2743 2271 2818 Quod
2356 2759 2457 2797 non
2488 2745 2838 2818 pra'destinati
2866 2745 2935 2797 ad
2959 2745 3112 2798 vitam
3131 2787 3155 2818 ί,
3187 2744 3387 2818 etiamsi
3415 2744 3521 2813 fue-

1998 2813 2102 2868 rint
2122 2816 2174 2867 in
2199 2813 2402 2868 Christo
2425 2831 2513 2881 per
2535 2815 2840 2884 baptismum
2861 2817 3163 2885 regenerati,
3188 2826 3236 2868 et
3258 2816 3340 2884 pie
3352 2816 3521 2884 juste-

2001 2903 2100 2956 que
2121 2886 2358 2949 vixerint,
2381 2885 2509 2938 nihil
2530 2887 2599 2939 eis
2625 2889 2784 2956 prosit
2805 2901 2825 2950 ;
2861 2887 2948 2940 sed
2968 2887 3164 2938 tamdiu
3187 2895 3519 2956 reserventur,

2001 2955 2163 3009 donec
2204 2966 2356 3008 ruant
2404 2967 2449 3009 et
2482 2955 2718 3024 pereant;
2768 2973 2856 3008 nec
2889 2966 3009 3010 ante
3066 2971 3151 3010 eos
3184 2972 3248 3009 ex
3284 2957 3379 3008 hac
3400 2955 3520 3021 vita,

2001 3043 2156 3097 quam
2181 3026 2277 3081 hoc
2306 3028 2379 3082 tis
2413 3029 2696 3098 contingat,
2726 3027 2944 3096 auferri.

2571 3134 2874 3174 BESPONSIO.

2004 3214 2046 3268 Α
2081 3213 2365 3268 sanctitate
2395 3211 2461 3266 ad
2493 3212 2913 3277 immunditiam,
2942 3226 2969 3264 a
2995 3211 3202 3280 justitia
3230 3210 3295 3266 ad
3330 3210 3525 3280 iniqui-

1934 3317 2120 3373 tatem,
2157 3323 2184 3359 s
2214 3307 2319 3362 fide
2342 3307 2408 3361 ad
2432 3306 2762 3375 impietatem
2789 3306 3075 3375 plerosque
3107 3305 3124 3342 ι
3159 3307 3392 3360 transire
3419 3321 3524 3360 non

1933 3399 2154 3453 dubium
2183 3409 2266 3453 est
2298 3416 2311 3453 :
2343 3409 2398 3454 et
2441 3399 2510 3452 ad
2553 3398 2687 3452 tales
2723 3396 3252 3465 praedestinationem
3284 3397 3521 3450 filiorum

1934 3491 2028 3545 Dei
2059 3499 2100 3526 ω
2128 3497 2183 3544 et
2208 3488 2548 3544 cohazredum
2584 3487 2784 3543 Christi
2834 3504 2941 3542 non
2974 3489 3247 3557 pertinere
3287 3487 3525 3542 certissi‘

1937 3598 2080 3636 mum
2109 3592 2212 3636 est.
2268 3589 2294 3617 ³
2321 3581 2472 3645 Quod
2516 3595 2647 3649 ergo
2696 3579 3002 3649 lmjusmodi
3053 3581 3104 3634 in
3138 3581 3254 3634 hac
3285 3580 3522 3649 prolapsi

1936 3673 2076 3728 mala
2098 3673 2216 3726 sine
2239 3672 2572 3725 correctione
2600 3672 2930 3740 pmniteutiae
2961 3671 3297 3734 defecerunt,
3323 3685 3428 3723 non
3457 3685 3524 3725 ex.

1933 3778 1999 3818 co
2030 3762 2408 3817 necessitatem
2440 3761 2697 3830 pereundi
2731 3761 3068 3826 habuerunt,
3100 3769 3124 3797 ο
3158 3762 3281 3830 quia
3317 3759 3524 3829 praede-

1933 3855 2113 3909 stinati
2147 3869 2252 3906 non
2283 3863 2405 3906 sunt
2436 3869 2450 3905 :
2482 3863 2510 3902 ι’
2541 3853 2635 3907 sed
2669 3853 2789 3906 ideo
2819 3852 3192 3923 prmdestinati
3235 3867 3340 3904 non
3375 3861 3520 3915 sunt,

1933 3946 2061 4015 quia
2096 3944 2232 3998 tales
2274 3943 2440 3998 futuri
2470 3958 2536 3997 es
2570 3943 2869 3996 voluntaria
2909 3942 3355 4013 praevaricatione
3385 3957 3522 4011 prae-

1934 4037 2050 4090 sciti
2075 4045 2218 4090 sunt.
2250 4035 2404 4104 Quod
2432 4043 2610 4091 autem
2642 4037 2765 4089 illos
2794 4052 2901 4090 non
2939 4051 3004 4091 eo
3041 4045 3284 4104 tempore
3331 4051 3437 4104 quo
3468 4036 3522 4089 in

1936 4127 2039 4180 fide
2063 4134 2208 4181 recta
2240 4137 2294 4180 et
2322 4127 2479 4181 bonis
2505 4127 2747 4181 moribus
2774 4138 2958 4193 erant,
2992 4127 3059 4180 ab
3095 4128 3194 4182 hac
3246 4128 3352 4180 vita
3383 4127 3524 4180 Deus

1933 4217 2192 4282 abstulit,
2226 4217 2292 4270 ad
2325 4217 2535 4271 occulta
2567 4217 2683 4286 ejus
2708 4217 2907 4287 judicia
2931 4258 2946 4282 ,
2992 4234 3110 4287 qua:
3146 4227 3322 4272 tamen
3362 4235 3520 4272 num-

1935 4326 2092 4380 quam
2119 4322 2244 4364 sunt
2267 4310 2486 4378 injusta,
2510 4312 2848 4365 referendum
2874 4322 2975 4365 est.
3002 4313 3131 4377 Quis
3151 4313 3293 4364 enim
3318 4311 3521 4369 nesciat

1937 4406 2072 4459 intra
2114 4420 2275 4459 unam
2321 4404 2685 4459 conditionem
2735 4405 3076 4459 mortalitatis
3113 4405 3404 4470 humanm,
3452 4403 3523 4456 ab

312 4592 337 4619 ι
378 4584 496 4637 Vox
529 4583 647 4636 haec
693 4579 1016 4635 Christianus
1059 4579 1274 4634 additur
1309 4595 1372 4635 ex
1425 4594 1556 4633 mss.
1607 4580 1736 4650 Reg.
1780 4590 1830 4634 et
1864 4587 1911 4644 Ι)
2008 4580 2034 4616 δ
2080 4581 2134 4634 lu
2163 4581 2348 4636 codice
2371 4580 2581 4651 Remig.
2613 4582 2832 4650 antiqua
2860 4598 3019 4637 manu
3043 4593 3366 4649 correctum,
3397 4586 3524 4637 alic-

240 4652 380 4717 Jol.;
435 4659 614 4707 altera!
650 4653 718 4705 ab
769 4654 947 4703 editis.
991 4655 1093 4706 Sed
1127 4653 1514 4717 eorreSpondet
1555 4656 1600 4702 ci
1633 4693 1645 4714 ,
1679 4652 1830 4705 multi

240 4728 389 4777 etiam
419 4743 521 4777 non
553 4723 849 4776 Christiani.
882 4721 977 4774 Ms.
1013 4724 1144 4790 Reg.
1174 4724 1320 4791 legit,
1351 4729 1500 4774 etiam
1532 4722 1825 4786 Christiani,

242 4796 330 4866 sed
366 4797 545 4866 minus
573 4793 818 4866 apposite
842 4833 856 4855 ,
889 4793 1206 4866 ut_vi(1t.-tur.

309 4865 335 4900 δ
378 4865 478 4918 Ms.
513 4861 645 4931 Reg.
682 4882 694 4916 :
727 4862 792 4915 Et
817 4863 922 4915 odit
952 4861 1202 4916 Dominus
1235 4879 1407 4914 onmes
1436 4861 1524 4928 qui
1555 4874 1832 4930 operantur

240 4934 586 5002 iniqnilafem,
619 4945 669 4985 et
695 4935 890 5004 perdet,
922 4946 1025 4988 etc.
1062 4935 1158 4987 his.
1191 4933 1275 4986 Jol
1309 4973 1324 4996 ,
1356 4944 1400 4983 et
1441 4933 1546 5004 odit
1582 4931 1830 5004 Dominus

245 5021 490 5059 omnes...
522 5015 570 5057 et
601 5002 823 5075 eos-qui,
854 5005 1055 5072 alisque
1087 5019 1216 5058 voce
1245 5004 1438 5072 perdet.
1472 5002 1612 5055 Edili
1641 5019 1832 5058 omnes

240 5087 360 5127 cum
387 5075 625 5143 Betuig.,
656 5087 711 5128 ut
739 5078 788 5126 in
821 5085 986 5127 textu.

315 5157 336 5215 ἐ
382 5149 480 5199 Ms.
506 5146 643 5211 Jol.,
673 5146 824 5215 fulta,
857 5146 1056 5212 absque
1087 5154 1177 5197 est.

309 5214 336 5250 ἀ
380 5217 479 5270 Ms.
507 5217 641 5284 Reg.
670 5212 724 5268 in
751 5217 1118 5286 improbitatem
1145 5213 1384 5268 cadendi.
1415 5212 1512 5269 Ms.
1536 5214 1698 5286 Reg.,
1728 5217 1827 5270 im-

241 5288 492 5351 probitate
525 5287 768 5338 cadendi.

313 5368 337 5429 ῗ
383 5359 481 5410 Ms.
512 5358 645 5423 Jul.,
675 5357 750 5409 De
769 5356 926 5429 hujus
947 5374 1116 5429 paena.

313 5427 334 5464 ί
379 5429 509 5482 Mss.
536 5429 668 5497 Reg.
691 5441 739 5481 et
766 5426 868 5481 Jul.
895 5426 1085 5482 ordine
1113 5430 1329 5482 inverso
1351 5427 1531 5495 legunt
1559 5427 1636 5480 sic
1662 5444 1673 5479 :
1701 5426 1829 5481 Tam

237 5498 299 5571 ab
329 5500 678 5571 originalibus
702 5516 854 5567 quant
880 5516 912 5550 a
933 5500 1400 5571 propriispeccatis
1427 5513 1540 5567 qua:
1575 5499 1711 5551 mala
1745 5515 1830 5552 vo-

237 5567 439 5620 funtate
457 5581 502 5622 et
529 5573 729 5623 actione
754 5567 1005 5622 contrairit
1027 5567 1331 5625 absolvitur.

253 5710 257 5714 '
303 5649 336 5714 _8
383 5639 480 5692 Ms.
511 5640 644 5709 ιιμε.
684 5659 694 5692 :
733 5640 839 5694 Sed
875 5642 1226 5696 relaosuris...
1270 5640 1520 5712 originale
1563 5649 1826 5709 peccatum

231 5711 402 5766 fuisse
435 5721 699 5779 purgatum
717 5751 732 5772 ,
763 5723 864 5765 etc.

1939 4662 2090 4774 natu;
2123 4651 2314 4774 :lquod
2356 4655 2516 4707 etiam
2561 4669 2589 4704 a
2635 4653 2804 4720 prima
2855 4669 3018 4707 manu
3059 4656 3316 4723 scriptum
3365 4655 3524 4709 habet

1939 4739 2038 4774 ms.
2096 4737 2127 4773 ο
2156 4760 2168 4772 .

1939 4739 2038 4775 IIIS.
2064 4737 2168 4774 θοι.

2017 4792 2028 4865 l
2079 4792 2173 4845 Ms.
2207 4792 2342 4865 Reg.
2375 4810 2386 4844 :
2421 4791 2531 4865 Nec
2550 4793 2670 4865 jam,
2690 4792 2928 4863 originali
2958 4804 3181 4865 peccato.
3208 4793 3375 4865 Paulo
3401 4805 3522 4848 ante

1941 4863 2119 4926 habet,
2144 4865 2194 4915 in
2220 4863 2273 4916 id
2296 4863 2430 4930 quod
2455 4864 2817 4933 repromissum
2841 4876 2911 4918 est
2938 4863 3148 4918 recedit.
3179 4864 3284 4920 Sed
3306 4866 3523 4925 vitiose.

1941 4945 1996 4987 ut
2029 4935 2258 4986 videtur.

2016 5006 2029 5054 i
2082 5003 2206 5057 Mss.
2244 5003 2374 5070 Reg.
2407 5012 2460 5056 et
2489 5002 2598 5058 Jol.
2617 5047 2632 5072 ,
2662 5005 2726 5058 ab
2752 5015 2944 5060 aeterna
2971 5005 3301 5058 damnatione
3332 5008 3519 5058 discre-

1937 5077 2026 5128 vit.
2056 5076 2214 5143 Reg.,
2249 5075 2512 5129 discernit.

2011 5145 2036 5182 ¹ι
2066 5145 2203 5219 Μεε.
2230 5145 2359 5219 Reg.
2388 5155 2441 5198 et
2464 5144 2593 5219 J_ul.,
2626 5149 2761 5219 quod
2789 5164 2889 5200 non
2922 5145 3360 5214 prwdestinatis...
3390 5144 3523 5196 nihil

1939 5217 2118 5282 prosit,
2151 5217 2243 5268 sed
2273 5227 2324 5268 et
2353 5230 2452 5268 tus.
2483 5217 2614 5281 Jol.,
2639 5217 2986 5271 reseruantur.

2017 5287 2032 5323 ι
2081 5287 2176 5358 Ms.
2208 5286 2364 5354 Reg,
2397 5292 2693 5358 transferre,
2723 5293 2880 5349 forte,
2910 5286 3194 5358 transferri.

2010 5367 2046 5393 π’
2083 5357 2318 5421 Uterque
2346 5371 2473 5410 mss.
2500 5355 2630 5428 nos.
2657 5369 2713 5413 et
2733 5358 2838 5414 Jul.
2863 5357 3011 5411 addit
3038 5355 3350 5426 particulam
3378 5362 3449 5413 et.

2009 5437 2034 5464 υ
2083 5428 2178 5500 llls.
2218 5428 2321 5500 Jul.
2345 5471 2358 5494 ,
2394 5430 2659 5500 Quiergo.

2015 5507 2038 5533 ο
2084 5499 2209 5550 Μδδ.
2242 5499 2372 5566 Reg.
2405 5509 2462 5551 et.
2491 5497 2622 5564 ιοιῖ,
2654 5499 2788 5567 quod
2817 5497 3181 5566 pra'destinati.

2007 5579 2033 5618 P
2079 5569 2200 5620 Ηςιιυ
2224 5570 2406 5636 verba,
2431 5569 2519 5624 sed
2538 5571 2650 5624 ideo
2671 5570 3021 5639 praadestinati
3044 5585 3142 5624 non
3163 5577 3281 5623 sunt
3326 5567 3525 5625 absunt

1933 5654 1960 5695 a
1995 5657 2098 5696 ms.
2124 5645 2254 5710 llo'g.
