4088 6176
517 303 617 360 139

1749 290 1805 348 S.
1849 289 2181 345 PROSPERI
2221 288 2545 359 AQUITANJ

3679 290 3704 342 Ι
3712 289 3782 343 60

514 418 675 470 unius
704 413 851 469 horas
894 408 1118 466 infantia
1148 453 1162 476 ,
1196 422 1365 477 usque
1391 414 1418 443 ⁸
1449 404 1515 460 ad
1546 402 1959 459 annosissimam
2007 416 2093 455 se-
2122 404 2167 459 Α
2198 401 2300 465 ire,
2323 409 2504 454 etnon
2531 398 2775 468 permisit
2796 412 2889 453 eos
2908 406 2935 435 ιι
2959 398 3191 469 Spiritus
3216 399 3367 456 Jesu.
3401 398 3593 455 Videat
3617 402 3781 455 etiam

517 514 785 561 nectutem
812 545 829 571 ,
870 503 1053 557 exitus
1107 499 1449 553 morientium
1475 539 1493 562 ,
1541 494 1731 566 impari
1776 493 1951 547 :etatis
1994 492 2101 547 fine

515 596 749 659 variari;
798 608 973 661 neque
1019 589 1332 659 cujusquam
1385 587 1661 653 animam,
1711 584 1795 638 vel
1833 583 1991 637 citius
2018 580 2101 637 vel

518 686 726 740 tardius
755 700 909 753 quam
941 683 1084 737 Deus
1114 682 1360 743 voluerit,
1396 694 1426 732 a
1464 690 1691 742 corpore
1721 674 1748 713 δ
1778 673 1920 743 quod
1965 671 2101 725 vivi-

519 779 646 831 ficat
670 774 996 829 abscedere?
1038 774 1093 828 Si
1123 787 1251 842 ergo
1281 770 1476 839 aliquis
1504 769 1559 822 in
1583 768 1707 822 vitae
1731 779 1843 822 suae
1873 763 2104 832 longitu-

518 870 647 923 dine
676 868 915 921 deseruit
944 866 1150 929 Deum;
1182 864 1346 927 bono,
1380 860 1520 929 quod
1550 867 1670 914 erat
1696 873 1762 913 ex
1789 856 1935 921 Deo,
1966 853 2105 908 male

520 973 652 1013 usus
679 966 781 1013 est.
833 956 964 1011 Nam
999 966 1021 994 ο
1052 955 1360 1025 longmvitas
1386 968 1492 1006 non
1520 957 1603 1005 est
1632 950 1733 1004 nisi
1758 964 1824 1003 ex
1856 948 1987 1001 Deo.
2038 945 2106 999 Et

522 1048 664 1118 quod
692 1064 756 1103 ex
790 1048 896 1102 Deo
920 1055 1022 1114 est,
1052 1044 1265 1099 nonnisi
1292 1044 1490 1097 bonum
1515 1050 1599 1095 est
1622 1057 1636 1092 :
1661 1048 1717 1095 et
1741 1038 1881 1108 quod
1908 1038 2104 1092 bonum

523 1152 629 1205 eat,
664 1141 787 1193 mali
818 1154 977 1192 causa
1009 1154 1113 1190 non
1142 1149 1246 1190 est.
1293 1135 1408 1189 Non
1451 1134 1631 1202 itaque
1667 1126 1817 1186 recte
1856 1128 2108 1198 Opinatur

521 1232 612 1299 qui
644 1237 792 1300 putat
823 1226 849 1265 ἀ
888 1239 1288 1297 prorogatorem
1340 1225 1503 1291 vitae,
1552 1221 1786 1293 lapsuris
1831 1231 2105 1275 auctorem

526 1337 647 1377 esse
683 1321 885 1391 peccati
915 1337 928 1373 :
959 1335 1079 1374 cum
1120 1319 1305 1387 utique
1352 1331 1458 1371 non
1497 1322 1779 1385 peceatum
1803 1312 1876 1367 sit
1906 1311 1998 1366 diu
2027 1311 2108 1365 vi-

523 1429 688 1478 vere,
730 1411 824 1467 sed
874 1411 1014 1465 male
1061 1410 1242 1464 vivere
1282 1406 1467 1477 :quod
1512 1407 1672 1461 etiam
1710 1403 1765 1458 in
1815 1415 2109 1471 paucorum

528 1520 789 1561 annorum
821 1510 981 1557 aetate
1022 1502 1134 1556 fieri
1175 1509 1371 1568 potest.
1407 1499 1576 1567 Igitur
1615 1497 1754 1551 sicut
1780 1493 1918 1548 bona
1947 1506 2109 1562 opera

527 1596 593 1649 ad
626 1596 1003 1662 inspiratorem
1034 1607 1223 1647 eorum
1259 1592 1423 1644 Deum
1449 1629 1465 1653 ,
1507 1588 1577 1643 ita
1610 1586 1750 1641 mala
1775 1585 1843 1639 ad
1870 1598 1963 1638 eos
1987 1589 2113 1637 sunt

528 1684 813 1740 referenda
839 1684 930 1753 qui
958 1690 1200 1751 peccant.
1243 1680 1356 1734 Non
1388 1678 1531 1733 enim
1563 1674 1733 1732 relicti
1762 1682 1890 1729 sunt
1916 1687 1946 1726 a
1977 1672 2109 1736 Deo,

531 1790 589 1835 ut
635 1779 1000 1847 relinquerent
1038 1775 1203 1829 Deum
1239 1790 1252 1825 ε
1283 1772 1377 1827 sed
1426 1770 1788 1838 reliquerunt,
1834 1774 1889 1821 et
1937 1763 2111 1819 relicti
2142 1767 2187 1847 β

535 1882 678 1935 sunt,
710 1880 764 1925 et
792 1884 856 1923 ex
882 1869 1023 1922 bono
1054 1868 1107 1921 in
1138 1865 1336 1920 malum
1368 1864 1581 1934 propria
1609 1862 1886 1916 voluntate
1922 1857 2113 1911 mutati

534 1974 660 2019 sunt
693 1979 707 2017 :
737 1962 901 2033 203
927 1969 1086 2029 atque
1115 1958 1183 2011 ab
1213 1958 1314 2011 hoc
1334 1956 1461 2010 licet
1485 1954 1679 2009 fuerint
1701 1950 1895 2013 renati,
1919 1949 2117 2002 fuerint

528 2054 804 2125 justificati
829 2094 845 2118 ,
875 2054 945 2108 ab
975 2066 1042 2107 eo
1072 2061 1250 2107 tamen
1277 2050 1370 2120 qui
1399 2048 1517 2104 illos
1548 2048 1682 2102 tales
1710 2044 1982 2116 praescivit
2008 2056 2114 2098 non

531 2160 656 2202 sunt
688 2145 1076 2215 praedestinati.

1066 2234 1461 2293 CAPITULUM
1500 2233 1593 2290 ιγ.

1192 2342 1460 2385 οωιοτιο.

619 2422 772 2488 Quod
800 2437 901 2477 non
924 2435 1099 2475 omnes
1130 2429 1153 2458 ⁸
1183 2419 1413 2474 homines
1440 2427 1683 2472 vocentur
1710 2416 1778 2471 ad
1806 2413 2046 2487 gratiam.

1176 2525 1484 2566 RESPONSIO.

609 2605 725 2660 Non
757 2618 947 2659 omnes
973 2603 1153 2658 vocari
1180 2604 1248 2657 ad
1281 2603 1504 2671 gratiam
1543 2615 1637 2654 eos
1665 2599 1860 2669 quibus
1898 2596 1918 2636 ί
1951 2596 2125 2651 omni-

544 2698 643 2753 bus
698 2696 1042 2766 Evangelium
1100 2695 1463 2764 praedicatur,
1516 2707 1621 2747 non
1680 2699 1828 2746 recte
1885 2689 2122 2753 dicitur;

540 2791 751 2846 etiamsi
769 2790 879 2844 sint
897 2788 988 2860 qui
1016 2788 1307 2855 Evangelio
1326 2802 1432 2841 non
1457 2794 1482 2831 κ
1498 2784 1754 2839 obediunt
1786 2800 1801 2838 :
1830 2782 1931 2835 nisi
1948 2780 2016 2835 ad
2032 2795 2125 2835 eos

542 2881 858 2951 respiciatur
879 2881 1073 2948 quibus
1097 2880 1333 2934 nondum
1357 2882 1754 2931 sacramentum
1774 2873 1948 2927 crucis
1966 2870 2128 2927 Cbri-

545 2977 612 3028 sti
640 2982 695 3028 et
708 2973 1012 3041 redemptio
1026 2971 1298 3039 sanguinis
1318 2970 1435 3038 ejus
1464 2968 1713 3022 innotuit.
1731 2962 1759 3003 ιι
1772 2966 1905 3033 Quia
1919 2963 2130 3019 etiamsi

546 3074 820 3121 ronstaret
848 3064 989 3135 quod
1016 3064 1127 3133 jam
1165 3063 1216 3116 in
1248 3045 1515 3116 universis
1542 3059 1845 3115 nationibus
1876 3066 1932 3114 et
1956 3058 2131 3113 omni-

551 3158 651 3212 bus
674 3156 872 3212 finibus
892 3166 1049 3211 terra:
1064 3163 1207 3216 totus
1232 3152 1461 3209 mundus
1482 3151 1824 3222 Evangelium
1848 3150 2136 3219 recepisset

550 3248 714 3318 (quod
744 3246 930 3317 utique
962 3247 1196 3301 futurum
1245 3245 1528 3301 verissime
1560 3243 1972 3313 praenuntiatum
2004 3240 2133 3306 est),

553 3353 656 3389 non
688 3347 833 3390 esset
860 3344 1036 3389 tamen
1075 3335 1294 3389 dubium
1324 3377 1339 3402 ,
1375 3348 1405 3387 a
1436 3343 1677 3402 tempore
1722 3329 2140 3386 resurrectionis

552 3428 764 3482 Domini
796 3441 967 3496 usque
993 3426 1058 3481 ad
1091 3437 1413 3495 prmsentem
1437 3436 1650 3479 aetatem
1693 3425 1860 3479 fuisse
1890 3424 2140 3479 homines

554 3518 644 3583 qui
685 3517 753 3570 ab
785 3522 882 3571 hac
914 3519 1018 3570 vita
1063 3518 1180 3571 sine
1223 3516 1492 3585 Evangelii
1524 3516 1833 3585 cognitione
1865 3514 1879 3552 ί
1914 3517 2143 3570 transie-

558 3619 715 3671 runt,
751 3611 764 3658 l
804 3609 871 3663 de
898 3610 1091 3677 quibus
1118 3609 1221 3663 dici
1268 3610 1437 3677 possit
1483 3609 1625 3677 quod
1666 3609 1841 3663 vocati
1878 3625 1985 3662 non
2012 3609 2142 3673 sint,

557 3702 684 3770 quia
729 3716 827 3756 nec
865 3716 1016 3770 spem
1056 3701 1352 3755 vocationis
1390 3699 1676 3754 audierint.
1719 3699 1872 3765 Quod
1914 3699 1963 3754 si
1998 3700 2148 3767 quis-

555 3807 717 3859 quam
750 3791 888 3844 hanc
937 3792 1234 3846 vocationis
1281 3792 1581 3860 plenariam
1628 3791 2033 3860 generalitatem
2076 3791 2146 3842 ita

562 3894 780 3952 semper
802 3883 995 3937 asserit
1015 3883 1342 3938 celebratam
1363 3920 1379 3946 ,
1415 3890 1473 3935 ut
1495 3882 1562 3935 ab
1593 3882 1913 3936 ascensione
1936 3879 2149 3934 Domini

563 3970 589 4008 "
633 3973 685 4026 iu
725 3974 925 4028 cmlum
964 3988 1032 4028 ne
1070 3987 1210 4027 unus
1240 3973 1457 4042 quidem
1491 3988 1664 4027 annus
1705 3973 1979 4029 effluxerit
2014 3974 2149 4025 intra

557 4078 722 4132 quem
755 4080 861 4117 non
909 4063 974 4117 ad
1019 4077 1209 4117 omnes
1260 4063 1570 4131 praedicatio
1614 4066 1773 4118 missa
1807 4063 2151 4130 pervenerit;

564 4151 582 4189 ι
629 4152 809 4206 videat
858 4153 1129 4221 quomodo
1180 4162 1307 4205 tunc
1360 4152 1588 4205 Asianos
1651 4164 1873 4206 vocatos
1939 4152 2151 4221 probet,

560 4244 781 4313 quando
812 4243 1081 4313 apostoli,
1127 4244 1265 4297 sicut
1305 4244 1564 4313 scriptum
1604 4252 1727 4307 est,
1775 4245 1920 4299 vetiti
1966 4254 2089 4299 sunt
2121 4259 2152 4298 a

561 4334 770 4402 Spiritu
800 4346 990 4389 sancto
1018 4336 1163 4405 loqui
1205 4336 1424 4389 verbum
1453 4344 1492 4371 ιιι
1516 4333 1611 4389 Dei
1642 4336 1693 4388 in
1722 4334 1846 4388 Asia
1879 4334 2015 4404 (Aet.
2042 4350 2154 4399 xvt,

560 4425 589 4477 7
615 4426 671 4497 );
714 4439 805 4481 aut
834 4426 1139 4496 Bithynios,
1168 4426 1234 4479 ad
1262 4440 1396 4495 quos
1426 4424 1584 4479 iidem
1618 4425 1846 4496 aposmli
1878 4426 2159 4480 tentabant

631 4611 657 4674 ἦ
699 4605 825 4658 Mss.
853 4605 986 4674 Reg.
1018 4612 1071 4658 et
1099 4604 1229 4672 Jol.,
1263 4604 1333 4657 ad
1357 4602 1782 4656 annosissimom.

638 4672 665 4710 δ
710 4676 835 4728 Mss.
872 4672 998 4743 Reg.
1033 4686 1086 4727 et
1119 4675 1255 4736 Jol.,
1286 4676 1420 4737 quod
1449 4674 1755 4739 viviﬁcobat.

643 4753 665 4813 ῗ
712 4745 806 4798 Ms.
838 4745 995 4811 ch.,
1023 4744 1239 4813 longcwi
1263 4760 1409 4798 arma.

637 4809 667 4851 ἀ
713 4816 767 4867 In
800 4833 898 4869 tus.
925 4809 1259 4882 Remigiano.
1299 4823 1717 4883 prozroqawrem.

642 4895 664 4922 ε
710 4887 765 4940 ln
800 4901 926 4937 mss.
957 4881 1168 4952 Reg.et
1194 4884 1300 4937 Jul.
1328 4881 1480 4938 deest
1518 4900 1616 4936 vmt
1654 4883 1787 4941 haec.
1823 4881 2076 4935 homines.

644 4956 662 4994 ί
716 4958 839 5011 Mss.
871 4955 997 5023 Reg.
1033 4967 1084 5007 et
1110 4954 1211 5007 Jol.
1238 4965 1421 5008 carent
1449 4969 1584 5008 voce
1619 4953 1869 5004 omnibus.

642 5038 666 5074 ε
709 5031 797 5080 Sic
828 5041 957 5078 mss.
992 5026 1117 5091 Reg.
1146 5034 1201 5077 et
1223 5025 1327 5079 Jol.
1351 5025 1566 5086 Caneri,
1599 5024 1896 5075 obaudiunt.

643 5095 668 5132 ίδ
724 5097 819 5151 Ms.
855 5098 1009 5165 Παῖς..
1047 5094 1241 5157 Quibus
1271 5094 1460 5165 etiarnsi
1492 5094 1766 5165 constaret.

649 5166 661 5203 ί
714 5170 782 5219 Ita
813 5163 953 5219 mss:
976 5165 1106 5231 Reg.
1142 5177 1192 5215 et
1223 5164 1329 5218 Jul.
1361 5165 1483 5225 Alli,
1516 5163 1829 5216 transierint.

646 5239 659 5286 i
716 5239 839 5291 Mss.
871 5236 1001 5304 Reg.
1035 5247 1086 5288 et
1115 5234 1240 5299 Jol.,
1274 5232 1350 5304 Ea:
1373 5234 1559 5303 quibus
1592 5233 1693 5284 dici
1716 5241 1907 5301 posset.

644 5307 669 5343 ¹ί
716 5311 839 5362 Mss.
870 5301 997 5375 Ιιυέ.
1032 5316 1084 5360 et
1112 5306 1243 5369 Jol.,
1277 5301 1343 5356 In
1373 5301 1543 5355 razlos.
1807 5306 1812 5311 ’

650 5378 665 5414 ι
716 5380 838 5433 Mss.
874 5371 1004 5446 Reg.
1041 5389 1093 5431 et
1122 5377 1231 5431 Jul.
1254 5416 1267 5435 ,
1300 5374 1460 5428 vident
1489 5375 1637 5446 etiam
1668 5371 1942 5446 quomodo.

648 5457 688 5484 ω
729 5450 825 5500 Ms.
857 5439 990 5515 Reg:
1026 5464 1128 5500 non
1166 5448 1325 5499 habet
1352 5458 1539 5496 meum
1568 5442 1724 5501 hanc,
1757 5439 1871 5492 Dei.

644 5525 669 5552 "
717 5517 839 5570 Mss.
872 5518 1000 5586 Reg.
1032 5530 1083 5572 ct
1114 5519 1245 5580 Jol.,
1273 5516 1501 5586 Spiritus
1525 5522 1752 5586 sanctus.

650 5594 673 5620 ο
719 5587 842 5639 ΙΙςυε
871 5580 973 5639 νθὶ
1009 5590 1151 5655 regni
1190 5580 1375 5640 aberat
1404 5584 1471 5637 ab
1498 5584 1821 5655 editis,_nec
1848 5580 2074 5655 habetur
2102 5580 2153 5633 in

577 5669 705 5708 mss.
742 5656 875 5724 ch.
904 5667 956 5708 et
985 5650 1086 5711 Jol'.
1124 5658 1313 5709 Addita
1336 5667 1514 5709 tamen
1545 5660 1626 5705 est
1660 5650 1727 5702 ab
1765 5654 1956 5702 editor.
1990 5650 2150 5714 Oper.

578 5730 634 5779 δ.
668 5725 802 5792 Aug.
838 5741 903 5781 ex
933 5741 1033 5780 ius.
1080 5727 1423 5792 Retutgiano,
1461 5737 1514 5778 et
1540 5726 1686 5791 juxta
1724 5730 1925 5775 textum
1956 5730 2154 5775 utrum-

2201 493 2469 558 quomodo
2518 496 2733 543 tueatur
2781 489 3243 545 denuntiationem
3287 491 3457 559 ipsius
3502 490 3780 559 Veritatis,

2201 580 2431 634 dicentis
2480 596 2495 633 :
2548 579 2922 634 Prwdicabitur
2961 579 3060 633 hoc
3109 579 3445 652 Evangelium
3484 588 3510 617 ο
3550 581 3695 651 regni
3731 583 3787 633 in

2201 669 2437 723 universo
2458 669 2595 734 orbe,
2618 671 2673 722 in
2695 669 3037 723 testimonium
3061 670 3292 724 omnibus
3316 670 3567 741 gentibus,
3589 682 3637 723 et
3662 680 3789 723 tunc

2203 761 2365 814 veniet
2394 762 2515 828 ﬁnis
2564 761 2778 831 (Matth.
2810 776 2961 831 xxiv,
2994 760 3108 831 Η).
3160 761 3318 816 Nutat
3355 778 3585 834 namque
3614 762 3786 833 (quod

2207 860 2233 900 ι)
2264 850 2369 905 dici
2394 849 2551 906 nefas
2578 853 2693 917 est)
2734 850 2866 905 ﬁdes
2896 850 3089 919 verbi,
3128 852 3172 906 si
3211 862 3334 906 ante
3362 853 3787 922 quadringentos

2206 955 2381 996 annos
2410 942 2703 1012 Evangelia
2725 943 2978 1012 impletus
3004 955 3087 999 est
3111 944 3370 1011 mundus,
3398 952 3455 999 et
3479 944 3654 999 adhuc
3682 945 3789 1002 Do-

2208 1032 2335 1086 mini
2381 1032 2627 1086 differtur
2675 1032 2960 1088 adventus.
3032 1033 3314 1089 Postremo
3357 1044 3386 1084 α
3428 1035 3792 1103 respiciantur

2207 1125 2368 1179 etiam
2410 1123 2548 1177 inter
2586 1122 2920 1178 Christianos
2969 1126 3194 1193 populos
3223 1134 3303 1180 tot
3341 1125 3506 1180 millia
3538 1127 3790 1196 parvulo-

2209 1229 2369 1278 rum,
2417 1215 2505 1283 qui
2535 1218 2603 1269 ab
2646 1216 2743 1268 hac
2790 1217 2894 1268 vita
2943 1217 3057 1271 sine
3103 1216 3371 1286 baptismo
3417 1217 3783 1282 transierunt;

2213 1314 2235 1341 ι’
2272 1313 2328 1359 et
2363 1305 2542 1373 aliquo
2593 1304 2756 1360 modo
2815 1306 3105 1375 probentur
3144 1307 3357 1374 vocati,
3402 1316 3424 1345 ⁸
3457 1309 3651 1378 quibus
3689 1323 3791 1365 nec

2211 1394 2481 1465 plantator
2506 1396 2821 1464 praedicare,
2854 1411 2956 1452 nec
2977 1398 3182 1467 rigator
3209 1399 3380 1467 potuit
3408 1399 3715 1456 subvenire.

2742 1520 3136 1585 CAPITULUM
3164 1530 3229 1587 γ.

2863 1636 3114 1676 OBJBC'I‘IO

2215 1710 2377 1782 209
2407 1709 2672 1792 Quod-qui
2700 1712 2865 1792 vocati
2897 1721 3165 1792 sunt,.n_on
3191 1713 3456 1792 mqualiter
3477 1715 3579 1769 sint
3605 1717 3796 1789 vocati,

2392 1788 2480 1836 sed
2501 1781 2593 1835 alii
2614 1792 2668 1835 ut
2693 1783 2972 1848 crederent,
3004 1782 3097 1836 alii
3127 1791 3181 1836 ut
3203 1781 3305 1837 non
3329 1786 3612 1839 crederent.

2850 1888 3150 1930 RISPOJISIO.

2287 1982 2344 2039 Si
2373 1983 2583 2038 vocatio
2603 1983 2655 2037 in
2671 1983 2958 2053 Evangelii
2984 1994 3188 2039 tantum
3206 1985 3799 2055 praedicationeinteili-

2215 2082 2395 2143 gatur,
2413 2088 2519 2127 non
2548 2072 2822 2129 veraciter
2845 2073 3046 2129 dicitur
3074 2076 3217 2143 quod
3239 2074 3358 2131 aliis
3379 2087 3539 2145 atque
3564 2077 3688 2132 aliis
3702 2078 3801 2133 ali-

2219 2174 2303 2220 ter
2324 2176 2487 2233 atque
2512 2165 2670 2220 aliter
2695 2166 3044 2234 praedicetur,
3068 2168 3192 2220 c'um
3219 2180 3359 2221 unus
3387 2168 3461 2221 sit
3492 2168 3662 2232 Deus,
3691 2184 3802 2222 una

2220 2256 2375 2321 tides,
2394 2272 2497 2310 una
2509 2256 2867 2326 regeneratio,
2882 2271 2984 2311 una
2999 2258 3309 2326 promissio.
3325 2257 3381 2314 Si
3395 2269 3573 2313 autem
3601 2260 3619 2295 ι
3634 2259 3704 2314 ad
3722 2260 3804 2315 ef-

2222 2347 2416 2403 fectum
2438 2347 2787 2417 plantationis
2808 2358 2859 2400 et
2878 2349 3213 2417 rigatiunisa
3228 2351 3445 2420 picitur,
3461 2351 3607 2405 aliud
3621 2360 3805 2407 actum

2221 2448 2306 2496 est
2340 2454 2463 2494 cum
2492 2439 2572 2495 eis
2590 2454 2818 2509 quorum
2849 2441 3149 2496 exteriores
3184 2456 3344 2496 aures
3367 2442 3639 2511 corporali
3670 2458 3807 2499 voce

2226 2540 2448 2610 pulsatae
2461 2548 2617 2605 sunt;
2631 2548 2661 2577 ιι
2683 2540 2825 2594 aliud
2847 2538 2898 2594 in
2912 2542 2995 2595 eis
3008 2554 3234 2611 quorum
3254 2539 3571 2595 interiorem
3584 2554 3810 2595 sensum

2228 2634 2370 2688 Deus
2397 2632 2628 2701 aperuit,
2664 2641 2718 2686 et
2746 2632 2799 2685 in
2832 2645 3058 2701 quorum
3089 2630 3257 2685 corde
3286 2631 3467 2700 posuit
3512 2629 3641 2684 fidei
3690 2630 3813 2686 fune

2228 2725 2538 2780 damentum
2562 2722 3035 2791 V'dilectionisque
3082 2720 3378 2776 fervorem.
3408 2719 3683 2788 Quosdam
3715 2736 3815 2775 au-

2230 2827 2337 2872 tem
2367 2816 2489 2871 ideo
2508 2823 2728 2869 vocatos
2758 2816 2937 2869 dicere
2972 2824 3028 2869 ut
3050 2829 3155 2868 non
3186 2815 3503 2878 crederent,
3534 2813 3699 2869 nimis
3717 2815 3813 2868 ab-

2230 2908 2453 2963 surdum
2476 2915 2560 2961 est
2584 2924 2596 2959 :
2627 2908 2778 2976 quasi
2818 2907 3030 2960 vacatio
3049 2906 3132 2961 eis
3157 2920 3315 2960 causa
3344 2905 3687 2960 inﬁdelitatis
3710 2922 3812 2961 ex-

2233 3004 2457 3067 stiterit,
2481 3010 2536 3057 et
2560 3000 2867 3070 praedicatio
2891 3000 3011 3054 tidei
3048 3000 3236 3054 fecerit
3266 2999 3529 3054 infideles.
3562 2998 3818 3066 Quamvis

2163 3129 2209 3190 Ο
2242 3096 2384 3149 enim
2416 3094 2820 3190 dispensatores
2845 3091 2995 3146 verbi
3030 3092 3119 3145 Dei
3164 3090 3485 3160 quibusdam
3516 3088 3647 3152 sint,
3681 3089 3825 3143 sicut

2240 3188 2497 3253 scriptum
2528 3194 2634 3253 eat,
2660 3181 2795 3236 odor
2816 3183 2943 3235 vitae
2963 3181 3031 3235 ad
3052 3182 3244 3246 vitam,
3266 3180 3588 3249 quibusdam
3616 3189 3821 3243 autem,

2240 3287 2268 3315 ι
2298 3279 2432 3333 odor
2460 3277 2651 3332 mortis
2677 3275 2742 3329 ad
2770 3285 3001 3329 mortem
3032 3275 3051 3344 (
3077 3273 3119 3326 ll
3148 3273 3270 3329 Cor.
3314 3287 3373 3337 ll,
3421 3271 3561 3342 16):
3596 3271 3712 3325 Deo
3741 3280 3826 3325 ta-

2242 3384 2365 3423 men
2395 3367 2570 3421 bonus
2594 3365 2796 3421 Christi
2836 3376 2962 3420 sunt
3006 3364 3175 3427 odor,
3210 3365 3301 3433 qui
3344 3364 3639 3433 pra-dicant
3668 3363 3829 3416 Chri-

2244 3469 2388 3512 stutn
2419 3456 2767 3517 crucifixum.
2798 3455 2997 3510 Judzeis
3025 3454 3241 3524 quidem
3272 3453 3582 3507 scandalum
3608 3495 3623 3519 ,
3652 3452 3832 3523 genti-

2247 3551 2345 3603 bus
2368 3558 2545 3602 autem
2596 3545 2903 3611 stultitiam,
2943 3545 3077 3615 ipsis
3103 3554 3281 3597 autem
3313 3544 3515 3597 vocatis
3543 3542 3748 3597 Judaeis
3776 3553 3834 3597 et

2247 3640 2470 3701 Graecis,
2500 3637 2777 3691 Christum
2808 3636 2901 3689 Dei
2947 3636 3201 3689 virtutem
3252 3642 3306 3689 et
3357 3634 3450 3689 Dei
3488 3633 3831 3701 sapientiam.

2247 3738 2276 3778 γ
2303 3729 2455 3794 Quod
2496 3741 2626 3794 ergo
2670 3724 2993 3794 praedicatus
3039 3724 3290 3777 Christus
3320 3721 3605 3777 cruciﬁxus
3629 3720 3835 3775 Judaeis

2250 3830 2366 3875 erat
2392 3818 2730 3882 scandalum,
2777 3825 2831 3871 et
2872 3814 3126 3886 gentibus
3167 3812 3393 3867 stultitia
3415 3854 3431 3877 ,
3460 3814 3714 3865 humanae
3741 3826 3838 3865 vo-

2252 3913 2478 3968 luntatis
2506 3911 2737 3965 faciebat
2774 3909 2987 3964 aversio
3014 3925 3028 3962 :
3063 3916 3085 3943 ³
3116 3906 3257 3974 quod
3309 3920 3437 3960 vero
3467 3903 3599 3973 ipsis
3626 3904 3839 3958 vocatis

2253 4007 2451 4062 Judaeis
2478 4013 2534 4058 et
2560 4003 2768 4058 Graecis
2787 3999 3036 4055 Christus
3063 4008 3181 4054 erat
3208 3998 3305 4052 Dei
3329 3997 3498 4052 virtus
3535 4004 3592 4051 et
3620 3994 3716 4051 Dei
3746 4010 3837 4049 sa-

2258 4100 2477 4171 pientia,
2500 4097 2700 4153 divinae
2725 4096 2911 4167 gratias
2933 4092 3221 4164 praestabat
3261 4089 3529 4160 operatio.

2783 4225 3180 4281 CAPITULUM
3213 4222 3301 4278 Vl.

2914 4330 3185 4372 OBJECTIO.

2265 4416 2416 4486 Quod
2437 4414 2652 4468 liberum
2697 4410 2965 4465 arbitrium
2993 4409 3048 4463 in
3078 4408 3280 4461 homine
3325 4404 3453 4459 nihil
3480 4403 3545 4457 sit
3576 4400 3706 4456 :sed
3735 4401 3841 4454 sive

2175 4603 2227 4663 υ
2256 4611 2361 4666 que
2393 4592 2638 4666 Graecum
2668 4603 2733 4666 et,
2760 4593 3029 4666 Latinum.

2325 4676 2352 4716 P
2396 4666 2490 4719 Ms.
2522 4664 2654 4730 Jol.,
2683 4664 2821 4715 dictu
2855 4662 2995 4732 nefas
3025 4670 3118 4714 est.

2325 4747 2352 4786 τι
2394 4735 2518 4789 Mss.
2546 4732 2679 4801 Reg.
2710 4742 2767 4787 et
2792 4730 2926 4798 Jol.,
2960 4732 3201 4800 respiciat
3237 4730 3411 4783 etiam.

2326 4816 2349 4845 τ
2392 4805 2519 4859 Μῦς.
2549 4798 2678 4869 Reg.
2703 4815 2754 4856 et
2776 4802 2907 4864 Jol.,
2936 4798 3081 4855 Tales
3107 4801 3360 4870 quomodo
3392 4798 3693 4870 probentur,
3732 4805 3841 4849 etc.

2327 4883 2348 4911 ⁸
2397 4879 2519 4929 Mss.
2548 4866 2773 4940 utet'que
2824 4872 2955 4942 Reg.
2983 4884 3033 4925 et
3072 4866 3199 4933 Jol.,
3229 4866 3433 4942 quibus
3456 4886 3545 4921 nec
3573 4866 3839 4942 plantator

2254 4947 2421 5015 potuit
2450 4937 2731 5025 subuenire.
2782 4937 3093 5011 Nec'plura
3140 4937 3341 4995 addunt
3365 4981 3379 5005 ,
3413 4940 3550 4994 forte
3579 4954 3643 4992 ex
3683 4937 3843 5005 lapsu

2254 5030 2619 5071 amanuensns.

2332 5092 2350 5125 ι
2395 5087 2521 5139 Mss.
2549 5084 2682 5151 Reg.
2712 5094 2762 5136 et
2794 5081 2923 5144 Jol.,
2958 5081 3018 5136 Si
3044 5089 3217 5134 autem
3242 5080 3470 5148 eﬁ'ectus.

2328 5166 2355 5193 ιι
2397 5158 2527 5210 Mss.
2553 5156 2682 5222 Reg.
2714 5165 2763 5206 et
2786 5153 2916 5213 Jol.,
2946 5153 3090 5204 aliud
3123 5168 3238 5204 cum
3270 5152 3361 5204 eis.

2329 5237 2357 5263 ν
2398 5226 2497 5280 Ms.
2528 5225 2658 5287 Jol.,
2692 5223 2978 5277 dilectionis
3005 5222 3269 5289 fervorem.

2333 5306 2359 5333 ι
2401 5297 2526 5350 Mss.
2561 5294 2693 5361 Reg.
2719 5304 2773 5347 et
2816 5295 2917 5346 Jul.
2951 5287 3153 5345 addunt
3200 5295 3342 5353 lin-c,
3373 5291 3500 5343 odor
3524 5290 3641 5342 vita
3667 5287 3735 5361 ad
3762 5289 3841 5339 vi-

2263 5380 2387 5429 tam,
2418 5360 2722 5435 quibusdam
2773 5373 2962 5435 autent.
3011 5364 3280 5435 Leguutur
3316 5363 3479 5435 etiam
3525 5361 3595 5413 ab
3622 5360 3845 5435 antiqua

2264 5430 2660 5503 nianu'adjecta
2692 5436 2746 5488 in
2777 5449 2876 5487 Ius.
2900 5433 3239 5502 Remigiauo.
3266 5434 3473 5485 Absunt
3494 5446 3623 5484 vero
3645 5430 3712 5482 ab
3734 5430 3849 5480 cdt-

2265 5507 2332 5562 tis
2358 5506 2629 5560 omnibus.

2332 5588 2362 5626 γ
2405 5578 2530 5629 Mss.
2565 5575 2694 5637 Reg.
2726 5581 2781 5628 et
2804 5573 2930 5636 Jol.,
2966 5572 3118 5637 Quod
3138 5580 3324 5626 autem.

2338 5658 2360 5684 ι
2404 5648 2525 5770 "re:
2558 5617 2765 5769 ilict-ita”
2801 5617 2951 5711 Quod
2969 5617 3118 5708 itero,
3146 5656 3275 5708 etc.,
3300 5640 3612 5698 exciderant
3654 5658 3683 5693 a
3712 5655 3831 5693 mss.

2268 5721 2397 5772 Rea.
2423 5725 2475 5772 et
2535 5738 2562 5769 υ
2590 5754 2603 5770 .

2316 5735 2397 5786 eg.
2423 5725 2475 5772 et
2501 5725 2603 5770 Jul.
