4088 6176
283 244 369 298 Ihl

849 245 981 301 PRO
1019 242 1414 300 AUCUSTINO
1454 235 1969 297 RESPONSIONICS
2010 235 2101 289 AD
2139 232 2486 291 CAPITULA
2526 234 2925 291 GALLORUM.

3422 237 3527 293 ’ἑὲ

317 374 387 426 αα
413 365 600 417 bonum
618 400 635 425 ,
658 366 767 415 sive
808 363 877 413 ad
916 360 1130 426 malum,
1182 370 1207 396 ιι
1256 357 1641 429 prwdestinatio
1666 355 1763 411 Dei
1789 355 1842 409 in
1869 354 1921 415 Α
1953 352 2192 407 ldonum
2218 352 2309 406 Dei
2334 366 2456 406 esse
2474 350 2931 420 perseverantiam
2955 350 3007 405 in
3024 350 3167 406 bono
3186 365 3357 421 usque
3378 352 3445 408 ad
3467 354 3529 410 il-

319 438 607 496 hominibus
636 440 894 496 oneretur.

900 534 1199 576 BESPONSZO.

320 637 575 693 Liberum
604 634 888 691 arbitrium
938 634 1069 689 nihil
1098 647 1220 689 esse
1239 674 1254 699 ,
1282 633 1366 689 vel
1403 647 1506 688 non
1537 646 1679 696 esse,
1714 646 1839 701 per-

259 743 433 800 peram
464 726 665 782 dicitur
696 742 713 781 :
740 727 835 782 sed
881 734 1008 781 ante
1050 723 1496 778 illuminationem
1530 723 1650 776 iidei
1678 722 1732 776 in
1764 731 1843 776 te-

259 822 434 876 nebris
460 818 593 874 illud
622 827 677 873 et
699 819 753 873 in
784 818 975 871 umbra
1003 816 1193 871 mortis
1220 830 1402 883 agere,
1437 830 1544 869 non
1575 823 1720 868 recte
1750 828 1847 867 ne.

260 929 425 984 gautr.
473 909 744 978 Quoniam
793 910 1103 980 priusquam
1154 922 1185 961 a
1234 908 1601 962 dominatione
1648 904 1845 960 diaboli

260 1022 343 1072 per
356 1003 456 1059 Dei
477 1002 705 1074 gratiam
730 1001 1011 1065 liberetur,
1039 1000 1093 1052 in
1116 999 1208 1053 illo
1233 997 1499 1081 profundo
1523 998 1663 1081 jacet
1684 997 1847 1067 210

262 1087 306 1142 in
333 1086 481 1157 quod
509 1100 570 1141 se
588 1100 683 1139 sua
709 1084 960 1139 libertate
980 1079 1264 1137 demersit.
1294 1080 1450 1134 Amat
1475 1094 1603 1149 ergo
1626 1079 1848 1148 Ianguo«

260 1191 522 1243 ressuos,
555 1185 611 1231 et
658 1189 758 1244 pro
807 1175 1038 1234 sanitate
1088 1172 1248 1227 habet
1293 1172 1435 1241 quod
1484 1182 1747 1241 a’grotare
1789 1185 1849 1225 se

264 1267 455 1336 nescit,
484 1267 661 1320 donec
691 1265 863 1334 prima
898 1263 1016 1319 haec
1044 1262 1257 1318 medela
1286 1261 1597 1318 conferatur
1622 1272 1846 1332 aegroto,

263 1372 313 1414 ιιι
338 1358 567 1428 incipiat
611 1370 773 1410 nosse
814 1353 957 1424 quod
1005 1354 1279 1423 langueat,
1308 1363 1364 1408 et
1411 1354 1579 1421 possit
1617 1351 1644 1392 ⁵
1684 1367 1846 1421 opem

267 1449 457 1504 medici
506 1445 860 1510 desiderare,
891 1458 993 1514 qua
1044 1450 1247 1513 surgat.
1297 1441 1629 1498 Justiticatus
1675 1444 1853 1512 itaque

266 1542 444 1603 homo,
473 1537 528 1592 id
555 1542 661 1601 est,
683 1550 754 1591 ex
776 1533 945 1603 impio
967 1533 1089 1603 pius
1119 1532 1316 1597 factus,
1341 1533 1488 1587 nullo
1514 1533 1852 1602 praecedente

264 1632 398 1685 bono
428 1628 652 1696 merito,
679 1624 874 1694 accipit
905 1624 1130 1690 donum,
1160 1634 1183 1662 ο
1213 1638 1321 1693 quo
1347 1624 1491 1678 dono
1525 1624 1773 1693 acquirat
1796 1633 1850 1678 et

1944 457 2091 507 nem,
2125 440 2150 479 ιι
2180 455 2338 509 quam
2365 441 2519 504 istos,
2565 456 2629 495 ex
2658 455 2724 495 eo
2766 440 2883 508 ipso
2911 442 3053 509 quod
3078 455 3182 496 non
3213 456 3534 511 persevera-

1943 540 2158 596 verunt,
2184 548 2290 585 non
2324 529 2577 585 habuisse
2630 529 2982 585 manifestum
3028 541 3153 596 est;
3204 547 3309 586 non
3334 542 3419 588 est
3442 548 3536 588 ca-

1941 623 2312 679 lumniandum
2344 622 2479 685 Deo,
2512 636 2683 691 quare
2706 622 2823 675 istis
2860 638 2965 675 non
3006 622 3216 676 dederit
3237 624 3380 692 quod
3410 626 3534 681 aliis

1944 715 2126 780 dedit;
2174 714 2268 769 sed
2317 713 2679 768 conﬁtendum
2730 721 2814 767 est
2850 723 2903 767 et
2934 714 3360 769 misericorditer
3405 731 3530 770 eum

1944 804 2165 860 dedisse
2194 803 2336 869 quod
2362 804 2531 870 dedit,
2566 813 2618 857 et
2643 804 2793 872 juste
2820 817 2926 857 non
2954 803 3168 857 dedisse
3197 807 3355 875 211
3390 805 3531 873 quod

1945 912 2054 951 non
2085 895 2235 951 dedit
2263 912 2278 949 :
2312 910 2380 949 ne
2406 894 2861 960 quemadmodum
2890 909 2956 948 ex
2983 894 3153 948 libero
3178 897 3399 949 arbitrio
3425 896 3538 951 ori-

1946 996 2034 1042 tur
2063 1001 2219 1041 causa
2247 985 2481 1054 labendi,
2513 986 2581 1039 ita
2606 1001 2672 1039 ex
2695 986 2811 1053 ipso
2834 982 2853 1021 ι
2880 983 3009 1038 oriri
3038 985 3281 1040 videatur
3303 994 3359 1039 et
3380 994 3536 1042 stan-

1947 1078 2037 1143 di;
2065 1093 2187 1132 cum
2221 1078 2350 1132 illttd
2370 1078 2607 1132 humano
2630 1078 2723 1132 ﬁat
2751 1092 2942 1147 Opere,
2966 1076 3068 1133 hoc
3097 1078 3280 1134 divino
3305 1079 3534 1149 implea-

1948 1179 2036 1226 ῑυι·
2062 1186 2128 1226 ex
2158 1186 2411 1225 munere.

2456 1259 2857 1317 CAPITULUM
2891 1260 3030 1318 VIII.

2609 1368 2882 1409 OBJECTIO.

1953 1443 2104 1510 Quod
2151 1461 2254 1499 non
2286 1460 2458 1497 omnes
2507 1444 2734 1497 homines
2766 1444 2887 1515 velit
2927 1442 3063 1497 Deus
3100 1443 3267 1498 salvos
3289 1445 3422 1515 ﬁeri,
3446 1449 3536 1501 sed

2230 1527 2425 1568 certum
2451 1530 2721 1567 numerum
2748 1514 3246 1582 pra'destinalorum.

2590 1620 2895 1660 RESPUNSIO.

267 1720 513 1776 meritum
545 1736 560 1771 :
590 1727 648 1772 ut
672 1716 815 1788 quod
839 1718 892 1771 in
919 1715 1014 1772 illo
1039 1717 1350 1771 inchoatum
1379 1726 1464 1771 est
1492 1731 1587 1787 per
1614 1717 1839 1787 gratiam
1875 1717 1918 1775 Β
2013 1718 2071 1775 Si
2097 1719 2245 1774 circa
2275 1717 2680 1774 universitatem
2711 1719 2925 1786 generis
2958 1718 3178 1773 humani
3216 1718 3527 1775 salvandam

264 1813 484 1878 Christi,
513 1809 681 1865 etiam
730 1823 828 1878 per
872 1806 1195 1862 industriam
1243 1806 1395 1862 liberi
1425 1816 1685 1876 augeatur
1708 1806 1850 1862 arbi-

265 1906 384 1968 trii;
420 1916 721 1971 numquam
752 1908 963 1958 remoto
996 1898 1263 1968 adjutorio
1290 1898 1386 1954 Dei
1413 1939 1429 1967 ,
1478 1898 1595 1953 sine
1622 1912 1729 1968 quo
1753 1911 1851 1952 nec

268 1995 550 2065 proﬁcere,
585 2006 685 2046 nec
735 2004 1055 2060 permanere
1082 1989 1135 2044 in
1166 1990 1309 2045 bono
1334 1990 1617 2059 quisquam
1650 1997 1846 2058 potest.

267 2084 800 2141 Predestinationem
826 2092 1006 2137 autem
1033 2082 1128 2137 Dei
1160 2083 1280 2137 sive
1305 2082 1369 2137 ad
1393 2082 1617 2148 bonum,
1642 2082 1757 2137 sive
1780 2081 1848 2135 ad

269 2179 485 2243 malum,
516 2177 573 2230 in
616 2174 931 2230 hominibus
962 2174 1174 2245 operari
1198 2171 1226 2211 ἀ
1254 2174 1589 2243 ineptissime
1634 2175 1848 2239 dicitur,

268 2277 321 2323 ut
348 2270 413 2321 ad
450 2280 744 2336 utrumque
772 2267 1021 2321 homines
1050 2264 1296 2336 quaedam
1337 2267 1632 2321 necessitas
1673 2265 1855 2320 videa-

275 2370 349 2414 tur
378 2359 689 2430 impellere,
718 2371 839 2413 cum
863 2358 918 2411 in
948 2356 1106 2413 bonis
1131 2359 1386 2413 voluntas
1415 2356 1486 2412 sit
1512 2356 1849 2427 intelligenda

271 2452 330 2506 de
347 2455 546 2522 gratia,
578 2460 602 2488 ⁶
626 2452 678 2506 in
707 2450 862 2505 malis
887 2459 1065 2505 autem
1093 2451 1344 2505 voluntas
1372 2451 1712 2522 intelligenda
1736 2452 1852 2506 sine

268 2549 451 2615 gratia.

796 2635 1193 2692 CAPITULUM
1223 2635 1331 2692 VII.

930 2743 1018 2782 UBJ
1027 2742 1199 2782 ECTIO.

272 2818 416 2882 Quod
450 2818 587 2872 Deus
615 2820 919 2888 quibusdam
959 2819 1082 2887 ﬁliis
1110 2818 1220 2871 suis
1238 2856 1254 2881 ,
1301 2832 1425 2884 quos
1450 2817 1771 2888 regeneravit
1799 2818 1853 2871 in

333 2889 569 2954 Christo,
600 2889 783 2957 quibus
808 2890 983 2953 ﬁdem,
1030 2904 1204 2955 spent,
1233 2888 1555 2940 dilectionem
1596 2888 1757 2953 dedit,
1791 2890 1853 2941 ob

332 2959 430 3012 hoc
457 2976 564 3011 non
594 2964 678 3010 det
713 2960 1158 3026 perseverantiam,
1189 2958 1312 3027 quia
1354 2974 1455 3011 non
1480 2968 1596 3011 sunt
1626 2975 1657 3012 a
1685 2975 1854 3011 massa

334 3030 636 3097 perditionis
668 3027 687 3066 ί
723 3030 1043 3100 pra'scientia
1084 3027 1183 3082 Dei
1208 3038 1257 3081 et
1284 3029 1730 3099 prtsdestinatiime
1767 3030 1850 3082 di-

330 3114 505 3153 scrett.

910 3203 1212 3244 ηεεροιεειο.

338 3282 414 3337 Ex
463 3279 801 3351 regeneratis
829 3277 882 3334 in
925 3278 1146 3334 Christo
1194 3278 1349 3345 Jesu,
1379 3278 1639 3347 quosdam
1671 3279 1858 3334 relicta

276 3374 373 3429 Iide
413 3385 469 3430 et
498 3375 606 3444 piis
637 3373 904 3439 moribus,
952 3381 1259 3440 apostatare
1286 3386 1316 3425 a
1365 3372 1511 3435 Deo.
1553 3381 1609 3427 et
1637 3374 1856 3442 impiam

278 3465 433 3522 vitam
457 3467 515 3520 in
542 3482 638 3525 sua
662 3465 944 3521 aversione
975 3463 1153 3530 finire,
1177 3463 1360 3518 multis
1382 3464 1549 3532 (quod
1570 3464 1857 3520 dolendum

275 3557 381 3625 est)
410 3556 675 3625 probatur
719 3553 1005 3623 exemplis.
1034 3552 1139 3608 Sed
1189 3562 1214 3600 ι
1261 3553 1452 3607 horum
1491 3554 1700 3623 lapsum
1750 3554 1859 3609 Deo

274 3648 579 3711 ascribere,
629 3645 935 3700 immodica:
983 3644 1267 3715 pravitatis
1308 3653 1427 3701 est:
1467 3643 1498 3683 ιι
1536 3648 1690 3714 quasi
1739 3647 1861 3701 ideo

276 3740 441 3794 ruina:
475 3740 717 3807 ipsorum
759 3737 1024 3807 impulsor
1056 3747 1217 3806 atque
1242 3746 1429 3792 auctor
1457 3739 1552 3803 sit,
1575 3737 1699 3807 quia
1741 3739 1864 3793 illos

276 3831 513 3884 ruiturus
546 3829 766 3899 prepria
798 3829 1038 3896 ipsorum
1070 3828 1350 3882 voluntate
1391 3828 1681 3896 prtescivit,
1715 3839 1768 3884 et
1790 3830 1862 3885 ob

277 3919 375 3975 hoc
406 3935 437 3974 a
464 3920 587 3973 ﬁliis
627 3916 944 3987 perditionis
975 3918 1117 3972 nulla
1151 3917 1632 3986 prmdestinatioue
1659 3920 1863 3975 discre-

275 4012 364 4063 vit.
417 4010 552 4064 Nam
606 4008 875 4080 quomodo
915 4025 1011 4064 eos
1058 4009 1280 4063 haberet
1336 4010 1352 4046 ⁸
1412 4011 1767 4077 prmordinata
1809 4013 1861 4066 in

275 4100 491 4156 Christo
528 4102 745 4165 electio,
778 4115 912 4172 quos
940 4100 1283 4156 discedentes
1305 4116 1335 4154 a
1365 4100 1580 4157 Christo
1611 4102 1862 4158 habitura

275 4204 387 4247 erat
425 4194 575 4264 justa
617 4193 915 4248 damnatio.
964 4190 1098 4246 Cum
1146 4200 1326 4247 autem
1375 4192 1600 4248 dubium
1653 4211 1760 4250 non
1792 4199 1865 4251 sit

1941 1819 2006 1865 et
2036 1810 2089 1865 in
2114 1808 2445 1880 agnitionem
2475 1808 2719 1863 veritatis
2738 1808 3065 1873 vocandam,
3117 1809 3188 1862 ita
3224 1808 3539 1866 indifferens

1950 1908 1991 1936 ω
2008 1914 2104 1970 per
2120 1901 2299 1954 omnia
2316 1898 2514 1953 saecula
2536 1898 2830 1953 asserenda
2853 1907 2938 1953 est
2958 1898 3204 1955 voluntas
3227 1901 3341 1963 Dei,
3366 1912 3421 1954 ut
3446 1916 3536 1955 us-

1951 2006 2271 2063 quequaque
2293 2001 2319 2028 υ
2343 1992 2617 2046 neminem
2642 1990 2919 2045 hominum
2949 1992 3367 2060 praetermisisse
3389 2008 3540 2046 lllOll-

1950 2094 2192 2149 stretur;
2223 2082 2646 2153 impenetrabilis
2676 2082 3003 2152 judiciorum
3044 2084 3137 2139 Dei
3167 2084 3395 2139 altitudo
3423 2087 3541 2154 pul-

1950 2187 2121 2232 satur.
2153 2176 2333 2244 Quare
2380 2177 2526 2232 enim
2577 2177 2631 2230 in
2678 2176 2966 2246 prwteritis
3014 2178 3230 2233 saeculis
3273 2179 3541 2233 dimiserit

1950 2271 2096 2326 Deus
2118 2286 2305 2326 omnes
2333 2280 2522 2342 gentes
2547 2269 2756 2341 ingredi
2805 2272 2921 2324 vias
2948 2284 3078 2325 suas
3106 2270 3260 2341 (Act.
3302 2286 3414 2335 xiv,
3444 2270 3538 2341 2),

1949 2363 2167 2433 quando
2195 2363 2366 2418 Jacob
2391 2363 2560 2433 elegit
2588 2363 2691 2417 sibi
2720 2362 2974 2417 Dominus
3007 2361 3190 2434 (Psal.
3222 2378 3438 2428 cxxxtv,
3462 2364 3541 2431 4);
3628 2366 3629 2369 “

1950 2462 2007 2509 et
2030 2469 2136 2507 non
2167 2453 2292 2508 fecit
2315 2453 2497 2508 taliter
2538 2453 2684 2506 omni
2715 2453 2944 2513 nationi,
2983 2463 3034 2507 et
3055 2451 3258 2521 judicia
3303 2467 3397 2505 sua
3432 2467 3543 2507 non

1952 2542 2321 2599 manifestavit
2366 2544 2446 2598 eis
2487 2543 2508 2615 (
2540 2543 2687 2597 Psal.
2718 2559 2916 2608 chvu,
2940 2543 3051 2614 ΞΟ)
3086 2542 3183 2598 ?et
3202 2559 3301 2599 cur
3328 2546 3417 2615 qui
3446 2545 3544 2599 ali-

1952 2633 2170 2704 quando
2196 2649 2304 2689 non
2354 2635 2606 2703 populus,
2634 2649 2778 2690 nunc
2802 2644 2984 2688 autem
3033 2634 3267 2704 populus
3296 2636 3392 2690 Dei
3439 2636 3542 2702 sit;

1952 2737 2007 2783 et
2032 2742 2262 2798 quorum
2286 2728 2575 2797 aliquando
2614 2742 2723 2782 non
2756 2727 3013 2783 misertus
3052 2735 3156 2793 est,
3189 2742 3333 2784 nunc
3360 2738 3542 2784 autem

1968 2830 2298 2885 misereatur
2353 2830 2502 2901 (Osee
2548 2847 2607 2896 rt,
2658 2832 2757 2898 25;
2810 2830 2997 2885 lPetr.
3050 2846 3112 2895 ll,
3152 2830 3267 2899 10);
3299 2840 3320 2861 °
3352 2838 3408 2885 et
3444 2829 3541 2885 ubi

1965 2922 2176 2977 dictum
2199 2931 2302 2987 est,
2325 2923 2443 2977 Non
2472 2923 2629 2993 plebs
2646 2939 2765 2977 mea
2791 2938 2906 2985 vos,
2936 2922 3013 2975 ibi
3038 2931 3301 2978 vocentur
3325 2922 3422 2976 ﬁlii
3444 2922 3540 2977 Dei

1967 3012 2077 3067 vivi
2102 3011 2277 3079 (Rom.
2315 3026 2392 3075 tx,
2420 3012 2534 3077 26‘,
2564 3021 2622 3067 et
2653 3027 2824 3081 quare
2862 3010 3010 3081 quod
3055 3012 3334 3080 quaerebat
3376 3011 3543 3065 Israel

1879 3072 1922 3135 Ο
1966 3118 2078 3157 non
2100 3103 2171 3158 sit
2198 3111 2551 3168 consecutus,
2570 3102 2772 3157 electio
2793 3112 2972 3156 autem
2990 3110 3285 3156 consecuta
3306 3111 3413 3167 est;
3436 3116 3543 3155 ca:-

1968 3192 2074 3247 teri
2097 3208 2230 3247 vero
2250 3192 2507 3247 exemeati
2531 3201 2660 3246 sunt
2682 3193 2854 3253 (Rom.
2882 3208 2956 3251 xu.
2987 3191 3069 3256 7);
3096 3190 3435 3259 impossibile
3459 3198 3544 3245 est

1957 3278 2446 3349 comprehendere,
2476 3284 2533 3333 et
2561 3277 2879 3347 periculosae
2925 3278 3257 3333 curiositatis
3297 3287 3382 3334 est
3401 3295 3551 3349 qua:-

1960 3386 2082 3426 rere
2104 3385 2255 3424 :cutn
2285 3378 2489 3433 tamen,
2508 3368 2650 3438 quod
2667 3368 2813 3423 nulla
2842 3368 2909 3422 sit
2940 3368 3081 3438 apud
3107 3369 3275 3424 Deum
3295 3369 3553 3440 iniquitas

1959 3462 2026 3532 (ll
2052 3461 2301 3528 Par.xtx,
2327 3460 2405 3530 7),
2419 3459 2622 3516 nemini
2641 3460 2801 3515 liceat
2824 3458 3075 3529 ignorare
3101 3477 3114 3513 :
3140 3475 3239 3515 nec
3258 3461 3361 3514 alia
3376 3462 3550 3530 gratia

1961 3563 2056 3608 aut
2074 3554 2176 3609 alia
2197 3552 2303 3608 lide
2320 3567 2645 3623 quemquam
2672 3551 3100 3619 bominum,sive
3122 3562 3247 3608 ante
3269 3553 3462 3623 legem,
3485 3553 3537 3608 si.

1961 3660 2028 3699 ve
2041 3645 2175 3715 legis
2189 3654 2432 3713 tempore
2439 3643 2791 3714 justiﬁeatum
2806 3658 2926 3700 esse
2937 3644 3265 3701 credendum
3279 3648 3369 3715 sit,
3384 3659 3544 3715 quam

1967 3738 2067 3790 hac
2088 3735 2278 3791 eadem
2304 3750 2398 3804 per
2415 3750 2576 3805 quam
2603 3734 2865 3789 Dominus
2894 3748 3079 3791 noster
3098 3737 3259 3792 Jesus
3282 3734 3550 3802 Christus,

1967 3828 2265 3884 secundum
2292 3827 2577 3883 consilium
2614 3827 2907 3881 voluntatis
2947 3842 3083 3894 suae,
3120 3830 3171 3883 in
3196 3828 3301 3883 ﬁne
3329 3829 3553 3884 saeculo-

1968 3937 2086 3976 rum
2117 3919 2265 3974 venit
2298 3932 2544 3989 quaerere
2572 3929 2627 3974 et
2656 3919 2869 3974 salvare
2892 3919 3036 3989 quod
3068 3922 3319 3989 perierat.
3352 3919 3552 3975 Causas

1968 4029 2100 4070 vero
2125 4026 2350 4084 operum
2381 4021 2435 4067 et
2459 4010 2793 4081 iudiciorum
2823 4011 2941 4076 Dei,
2973 4013 3063 4081 qui
3111 4028 3177 4066 ex
3221 4023 3334 4068 toto
3361 4012 3429 4067 ad
3458 4014 3556 4067 liti-

1971 4119 2159 4160 manas
2190 4103 2494 4158 voluntates
2514 4112 2566 4157 et
2587 4104 2831 4158 actiones
2860 4105 3021 4158 refert
3039 4146 3052 4169 ,
3079 4118 3213 4173 quas
3242 4114 3419 4160 tamen
3443 4114 3471 4154 ι)
3501 4105 3554 4159 in

1970 4195 2317 4267 parvulorum
2344 4193 2635 4264 adaptione
2663 4201 2755 4249 aut
2793 4193 3134 4251 abdicatione
3177 4211 3284 4251 non
3326 4197 3553 4263 invenit,

348 4427 375 4455 ⁸
414 4420 511 4473 Ms.
541 4418 674 4481 .lol..
716 4414 1097 4489 prcrdestinatio
1135 4413 1189 4467 in
1232 4414 1542 4489 hominibus.
1574 4415 1674 4469 Ms.
1698 4415 1859 4484 Reg.,
1894 4423 1941 4482 ῐ)
1967 4418 2401 4472 doctissimorum
2432 4418 2635 4473 ordinis
2665 4418 2722 4474 S.
2758 4419 3029 4474 Benedicti
3060 4434 3092 4474 e
3136 4419 3498 4489 congregatim
3522 4438 3556 4477 ο

282 4491 660 4571 ητωάεειὶηαιίο
708 4489 763 4540 in
800 4488 1062 4547 omnibus;
1095 4494 1317 4554 uterque
1358 4485 1564 4555 absque
1594 4489 1693 4541 hac
1730 4503 1864 4544 voce

285 4561 397 4668 De:
420 4630 514 4698 Ms.
541 4630 751 4698 Regins
775 4626 942 4689 solus,
971 4642 1117 4698 apem
1147 4624 1431 4698 medicinte.

356 4692 502 4781 CﬂSic
550 4692 682 4753 mss.
726 4697 958 4766 Retnig.,
1004 4692 1135 4765 Reg.
1190 4705 1244 4749 et
1292 4695 1398 4750 Jul.
1448 4696 1518 4749 At
1544 4694 1724 4765 editi.,
1761 4714 1865 4769 quo

288 4770 508 4895 magis.
535 4839 811 4904 Joliensis,
840 4836 1139 4904 impiissime
1164 4835 1371 4888 dicitur.

360 4910 464 4965 “In
505 4925 608 4964 ms.
664 4910 794 4978 Reg.
840 4908 953 4961 solo
1010 4907 1124 4961 haec
1154 4906 1569 4978 desiderantur,
1611 4908 1665 4961 in
1711 4908 1862 4961 malis

286 4989 470 5062 autem,
497 4992 630 5046 etc.,
674 4975 765 5034 ex'
791 4991 960 5041 mera,
1011 4987 1070 5031 ut
1118 4975 1347 5044 videtur,
1378 4980 1671 5033 omissioue
1716 4994 1866 5031 anta-

363 5066 392 5101 e
508 5091 522 5104 .

286 5064 383 5241 Τί
397 5066 501 5202 Ἐξ
522 5120 654 5186 JoI.,
678 5134 766 5190 per
789 5116 1051 5172 scientiam
1073 5112 1169 5170 Dei
1189 5124 1233 5170 et
1258 5133 1349 5188 per
1370 5117 1865 5185 prwdestinatiouem

326 5202 511 5241 tscretr.

326 5202 511 5245 iscreti.

360 5268 388 5329 ε
414 5260 533 5315 Mss.
567 5260 702 5329 Reg.
736 5267 790 5312 et
808 5257 937 5329 Jol.,
964 5255 1367 5329 horumjapsus.

360 5326 390 5398 Ii
420 5331 538 5384 Mss.
569 5326 701 5398 Reg.
728 5341 781 5384 et
807 5328 937 5387 Jol..
965 5329 1106 5398 quasi
1136 5326 1297 5380 Deus.

364 5396 387 5436 ί
418 5400 575 5465 Editi,
605 5395 970 5472 pfwdestinata
991 5398 1041 5449 in
1067 5395 1268 5472 Christo
1294 5398 1626 5472 electio;¢_:um
1654 5396 1869 5472 dubium

288 5485 397 5523 non
416 5472 495 5537 sit,
519 5468 736 5525 omissis
766 5469 966 5531 verbis,
993 5484 1119 5534 quos
1149 5468 1487 5521 discedentes.
1519 5468 1693 5523 Locus
1739 5469 1867 5522 red-

290 5538 583 5609 integratur
626 5556 690 5597 ex
734 5539 837 5593 (ide
874 5554 975 5592 ms.
1020 5537 1342 5609 Remigiani,
1372 5539 1457 5591 ubi
1489 5545 1666 5592 tamen
1694 5539 1867 5592 codex

289 5610 389 5663 ille
407 5608 573 5666 caruit
602 5612 988 5681 primumvoce
1011 5608 1320 5681 justa,_qna:
1353 5615 1537 5675 postea
1564 5610 1869 5681 recognitu-

288 5681 373 5735 ris
399 5684 592 5751 antiqui
605 5678 764 5750 'stylo
791 5680 1022 5750 adjecta,
1061 5678 1305 5736 restituta
1330 5689 1413 5736 est
1442 5693 1605 5749 Opera
1629 5680 1867 5735 virorum

1967 4489 2025 4543 S.
2059 4489 2222 4542 Mauri
2252 4490 2303 4541 in
2351 4490 2577 4555 appetit].
2631 4492 2685 4543 S.
2716 4493 2940 4559 August.
2992 4492 3265 4544 Asseritur
3293 4493 3453 4545 etiam
3487 4508 3555 4548 ex

1966 4559 2337 4632 Ms._JoIi_en~i,
2367 4561 2450 4609 r-ni
2485 4574 2587 4632 non
2610 4560 2794 4632 deerat
2819 4562 2904 4632 illa
2930 4578 3031 4615 vox
3052 4565 3221 4632 justa.
3249 4562 3423 4615 EtIitio
3454 4563 3557 4616 Co-

1969 4629 2226 4684 looiensis
2258 4638 2456 4697 pra'ler
2478 4630 2823 4682 mnissionem
2856 4631 2977 4686 aliis
3007 4629 3136 4686 edit.
3184 4648 3553 4699 communem,

1968 4698 2130 4752 habet
2161 4700 2243 4751 cui
2270 4698 2481 4750 dubium
2522 4714 2622 4750 non
2650 4700 2737 4754 sit.

2040 4770 2055 4819 l
2096 4768 2195 4841 Ms.
2239 4767 2396 4841 Reg,
2427 4768 2560 4841 dono
2595 4767 2689 4841 Dei
2729 4786 2843 4841 esse
2864 4773 3288 4841 perseveramiam
3334 4773 3386 4824 in
3424 4773 3557 4825 bona

1966 4854 2126 4907 usque
2165 4839 2217 4911 in
2266 4839 2440 4905 finem.
2482 4837 2579 4911 Ms.
2622 4839 2757 4911 iJo|.,
2811 4837 2947 4895 dono
2997 4841 3093 4895 Dei
3134 4843 3558 4911 perseverantiam

1972 4924 2081 4961 esse
2110 4911 2161 4959 in
2184 4908 2315 4960 bono
2338 4925 2496 4976 usque
2524 4910 2577 4959 in
2599 4910 2771 4975 ﬁnem.

2042 4976 2070 5047 ξ
2099 4978 2225 5032 Mss.
2251 4977 2386 5046 Reg.
2412 4987 2465 5032 et
2494 4978 2626 5042 Jol.,
2655 4995 2804 5047 quam
2836 4982 2992 5045 ipsos.

2049 5045 2068 5085 ι
2106 5049 2231 5102 Haec
2255 5045 2386 5115 vox,
2419 5049 2564 5110 oriri,
2612 5045 2731 5118 quae
2758 5052 3031 5104 exciderat
3082 5050 3151 5105 ab
3187 5051 3364 5118 editis,
3397 5052 3557 5108 resti-

1975 5119 2139 5190 tuitur
2158 5135 2223 5171 ex
2260 5133 2391 5172 mss.
2420 5119 2626 5186 Retnig.
2658 5131 2709 5172 et
2730 5120 2861 5184 Jol.,
2897 5122 2946 5173 itt
2980 5138 3207 5190 quorum
3240 5124 3425 5177 ultimo
3448 5138 3554 5179 non

1975 5188 2169 5257 legitur
2195 5190 2451 5258 particula
2480 5197 2525 5242 et
2558 5200 2681 5244 ante
2714 5206 2898 5245 vocent
2936 5188 3130 5247 standi.

2047 5260 2245 5380 “dess;
2272 5258 2403 5330 Reg.
2438 5268 2492 5314 et
2515 5260 2645 5323 Jul,
2670 5278 2759 5332 per
2786 5263 2957 5314 omnia
3001 5263 3102 5316 ista
3128 5262 3321 5317 stecula
3372 5263 3554 5332 dispo-

2047 5347 2070 5379 n
2114 5347 2144 5380 a
2173 5345 2224 5380 es
2251 5370 2264 5380 .

1975 5340 2144 5382 nenda
2173 5340 2264 5382 εστ.

2044 5407 2070 5435 ιι
2101 5400 2199 5452 Ms.
2227 5399 2360 5468 Reg.
2392 5406 2447 5452 et
2486 5399 2615 5454 edit.
2648 5399 2861 5461 Colon.,
2896 5402 3147 5455 neminem
3174 5402 3449 5458 hominem.

2045 5478 2071 5504 ο
2098 5472 2194 5521 Ms.
2224 5469 2410 5538 Remig
2440 5509 2456 5531 ,
2490 5481 2534 5521 et
2559 5471 2640 5522 hic
2669 5472 2773 5524 ubi.
2807 5472 2904 5526 Ms.
2935 5472 3109 5537 Jol.,et
3131 5474 3184 5525 id
3212 5475 3319 5528 ubi.

1973 5610 2012 5665 tu
2048 5550 2072 5587 P
2103 5540 2201 5593 Ms.
2246 5524 2406 5609 “ng
2434 5524 2487 5594 in
2518 5524 2853 5609 parvulorum
2868 5524 3321 5613 iadropti’o'teniaut
3348 5524 3560 5601 abdica-

1997 5626 2182 5665 tonem.

1997 5626 2182 5665 Ionem.
