4098 6180
531 273 635 332 163

1772 268 1825 323 S.
1870 261 2205 321 PROSPERI
2246 261 2574 330 AQUITANI

3689 272 3790 336 Ilii

531 403 589 449 et
609 392 1040 461 dispensationes
1071 388 1160 445 Dei
1185 401 1252 442 ex
1273 384 1428 441 liberi
1455 382 1672 438 arbitrii
1696 382 1811 437 vult
1845 381 2114 436 mutabili-
2141 383 2188 442 Α
2218 380 2334 448 ipso
2356 382 2598 450 angulari
2629 381 2806 450 lapide
2827 381 3042 438 Christo
3063 385 3211 452 Jesu,
3237 388 3286 442 in
3313 403 3421 458 quo
3449 389 3627 446 omnis
3661 393 3794 448 aedi-

533 491 646 538 tate
675 482 891 545 variari,
916 477 1196 549 proﬁtetur
1223 477 1321 530 sibi
1347 473 1656 530 scrutabilia
1710 472 1911 542 judicia
1935 471 2031 526 Dei
2063 479 2119 525 et

536 570 880 641 vestigabiles
901 569 1018 622 vias
1033 569 1154 638 ejus
1187 567 1360 633 (Rom.
1385 585 1458 632 χι,
1487 567 1578 638 33)
1616 585 1629 621 :
1663 578 1718 624 et
1742 573 1889 640 quod
1921 573 2111 623 doctor

535 663 776 728 gentium
805 661 1006 713 Paulus
1020 672 1045 699 ι
1061 674 1168 712 ιιοη
1183 659 1419 712 audebat
1434 660 1721 725 attingere,
1745 661 1834 715 hic
1850 677 1907 716 se
1928 662 2112 715 existi-

534 763 648 808 mat
672 760 970 808 reseratum
1002 754 1162 824 212
1211 763 1371 821 posse
1413 749 1634 819 vulgare
1665 766 1680 802 :
1719 749 1972 818 quodque
2009 763 2118 802 non

537 845 763 899 minoris
786 843 1077 912 impietatis
1103 852 1206 908 est,
1234 843 1401 911 ipsam
1424 840 1678 910 gratiam,
1704 854 1808 906 qua
1829 839 2118 904 salvamur,

533 949 625 993 aut
655 937 812 992 bonis
845 937 1052 990 meritis
1083 935 1242 990 docet
1271 933 1532 1002 rependi,
1579 942 1672 986 aut
1698 932 1858 986 malis
1891 932 2124 985 aflirmat

533 1031 728 1085 arceri.
765 1029 991 1084 Remoto
1035 1042 1166 1095 ergo
1204 1026 1559 1080 obscurarum
1608 1023 1828 1078 turbine
1871 1024 2124 1092 quaestio-

535 1137 687 1184 num,
718 1118 747 1158 ι’
774 1120 840 1173 ad
867 1118 1116 1173 revelata:
1149 1132 1244 1170 nos
1275 1117 1462 1185 gratiae
1507 1114 1840 1168 latitudinem
1871 1114 2123 1168 confera-

537 1227 655 1265 mus
681 1228 695 1274 ;
722 1211 1068 1278 dicamusque
1101 1220 1122 1248 ε
1169 1224 1290 1262 cum
1319 1207 1600 1278 Apostolo,
1626 1207 1652 1242 ά
1691 1207 1950 1273 Quoniam
1982 1205 2124 1260 Deus

537 1301 645 1354 vult
667 1318 836 1353 omnes
860 1301 1083 1354 homines
1106 1301 1271 1352 salvos
1284 1299 1419 1368 ﬁeri,
1436 1307 1482 1351 et
1503 1298 1555 1351 in
1571 1299 1882 1367 agnitionem
1896 1298 2123 1351 veritatis

538 1392 705 1444 venire
735 1391 788 1460 (Ι
822 1389 953 1442 Tim.
988 1406 1043 1455 tt,
1070 1390 1155 1457 4).
1182 1389 1246 1442 Ει
1268 1390 1459 1442 iterum
1483 1389 1728 1442 dicamus
1749 1403 1870 1442 cum
1889 1387 2124 1456 Aposto-

541 1482 616 1550 lo,
650 1481 751 1548 Qui
777 1490 848 1534 est
869 1479 1091 1533 salvator
1115 1481 1365 1544 omnium,
1397 1481 1618 1532 maxime
1640 1480 1870 1548 ﬁdelium
1898 1481 1914 1549 (
1936 1479 1956 1533 l
1988 1480 2120 1532 Tim.

541 1589 615 1638 tv,
650 1572 770 1640 l0).
807 1571 870 1625 Et
899 1571 1176 1624 audiamus
1219 1571 1507 1623 Dominum
1554 1570 1821 1624 dicentem
1866 1571 2126 1639 apostolis

540 1668 673 1728 suis,
703 1665 895 1718 Enntes
918 1680 1059 1734 ergo,
1090 1664 1262 1717 docete
1284 1679 1454 1716 omnes
1478 1673 1673 1734 gentes,
1699 1663 2011 1734 baptizantes
2039 1681 2125 1718 eos

2220 471 2400 526 ficatio
2422 483 2733 528 constructa
2765 474 2978 545 (Ephes.
3003 494 3060 542 ιι,
3085 479 3174 545 ‘20,
3206 479 3270 532 2i
3291 481 3332 551 ),
3361 483 3556 536 crescit
3585 483 3636 537 in
3662 494 3793 540 tem-

2219 562 2366 628 plum
2401 573 2645 618 sanctum
2671 564 2725 619 in
2752 566 3000 621 Domino.
3027 568 3100 622 De
3141 568 3224 622 his
3255 569 3518 639 lapidibus
3546 571 3678 628 nihil
3697 572 3796 644 eji-

2218 653 2532 719 citur,nihil
2560 655 2838 720 minuitur,
2879 658 3010 712 nihil
3043 660 3273 725 rapitur.
3308 661 3518 716 Veritas
3549 667 3692 718 enim
3716 667 3796 720 di.

2219 750 2313 811 clt,
2349 745 2512 800 Omne
2529 748 2664 814 quod
2687 748 2776 801 dat
2801 748 2925 801 mihi
2957 749 3132 815 Pater,
3160 752 3174 800 l
3207 754 3365 806 veniet
3395 754 3463 806 ad
3483 772 3578 820 me,
3611 766 3658 810 et
3689 775 3799 810 eum

2220 837 2307 904 qui
2336 838 2469 890 venit
2495 838 2563 889 ad
2583 854 2683 906 me,
2712 855 2814 892 non
2851 841 3057 911 ejiciam
3087 842 3228 910 foras
3255 845 3272 911 (
3298 843 3456 897 Joan.
3483 862 3556 912 v1,
3587 848 3707 916 57).
3738 849 3800 902 ΕΙ

2223 926 2415 980 iterum
2444 926 2626 996 (Ioan.
2667 945 2722 992 ι,
2751 928 2877 1000 26),
2908 929 3028 984 Non
3057 933 3281 1000 creditis,
3330 938 3451 1004 quia
3495 953 3595 990 non
3627 940 3747 991 estis
3778 938 3804 977 Ιι

2222 1019 2284 1070 de
2306 1020 2478 1072 ovibus
2507 1020 2652 1074 meis.
2686 1019 2814 1074 Oves
2842 1038 2968 1076 mete
2992 1039 3162 1077 vocem
3192 1041 3351 1078 meam
3375 1028 3611 1094 audiunt,
3637 1039 3686 1084 et
3711 1046 3806 1101 ego

2221 1113 2337 1164 novi
2364 1112 2502 1176 illas,
2532 1121 2578 1166 et
2608 1124 2888 1184 sequuntur
2932 1132 3031 1179 me,
3071 1126 3116 1170 et
3163 1133 3256 1185 ego
3288 1121 3440 1172 vitam
3467 1130 3708 1176 (eternam
3736 1125 3806 1176 do

2221 1203 2349 1269 illis,
2380 1202 2398 1242 ι
2427 1214 2475 1258 et
2503 1222 2605 1258 non
2626 1208 2860 1276 peribunt
2880 1209 3037 1279 213
3060 1209 3110 1262 in
3135 1219 3406 1274 mternum,
3432 1216 3804 1284 necquisquam

2221 1297 2385 1365 rapiet
2407 1311 2491 1349 eas
2512 1295 2574 1348 de
2593 1313 2750 1350 manu
2774 1315 2908 1352 mea.
2942 1299 3189 1354 Omnium
3214 1316 3341 1371 ergo
3369 1302 3643 1358 hominum
3674 1320 3803 1361 enra

2221 1395 2306 1440 est
2334 1387 2472 1440 Deo:
2499 1397 2552 1440 et
2578 1402 2738 1442 nemo
2771 1399 2854 1444 est
2880 1405 3039 1457 quem
3065 1406 3170 1444 non
3201 1400 3295 1444 attt
3321 1393 3639 1462 Evangelica
3663 1412 3806 1464 pra:-

2223 1476 2442 1543 dicatio,
2475 1487 2568 1533 aut
2585 1478 2744 1549 Legis
2768 1479 3099 1546 testificatio,
3119 1491 3157 1517 ω
3177 1494 3268 1536 aut
3301 1483 3413 1553 ipsa
3437 1487 3596 1539 etiam
3617 1497 3808 1541 natura

2224 1571 2532 1624 conveniat.
2557 1569 2663 1625 Sed
2697 1571 3065 1626 inlldclitatem
3096 1572 3372 1628 hominum
3412 1578 3543 1644 ipsis
3572 1578 3809 1631 ascriba-

2229 1675 2347 1713 mus
2376 1661 2687 1716 hominibus
2716 1679 2729 1715 :
2762 1662 2920 1716 fidem
2950 1673 3124 1717 autem
3153 1663 3433 1719 hominum
3477 1667 3678 1720 donum
3713 1667 3809 1722 Dei

542 1776 594 1813 tn
621 1759 821 1812 nomine
851 1756 1045 1818 Patris,
1076 1767 1120 1809 et
1150 1754 1309 1818 Filii,
1337 1764 1385 1809 et
1420 1755 1654 1819 Spiritus
1683 1756 1863 1819 sancti,
1888 1755 2125 1809 docentes
2160 1744 2202 1802 Β
2229 1766 2349 1807 esse
2372 1753 2654 1816 fateamur,
2686 1753 2804 1808 sine
2831 1755 2984 1823 cuius
3012 1758 3183 1824 gratia
3213 1773 3372 1813 nemo
3397 1762 3563 1813 currit
3601 1758 3667 1812 ad
3690 1775 3811 1827 gra-

543 1866 624 1902 eos
650 1857 672 1884 ο
699 1863 898 1900 servare
921 1848 1088 1899 omnia
1116 1862 1452 1916 quacumque
1477 1846 1719 1899 mandavi
1753 1846 1892 1901 vobis
1915 1846 2127 1917 (Matth.

544 1955 742 2002 uvtn,
775 1937 884 2007 l9).
921 1939 1216 1992 Audiamus
1245 1952 1458 2006 quoque
1498 1936 1562 1991 ad
1599 1937 1872 1991 Abraham
1908 1940 2133 2007 promis-

545 2036 754 2088 sionem
788 2031 881 2086 Dei
910 2031 1173 2095 dicentis,
1207 2030 1274 2084 ln
1303 2031 1495 2084 semine
1524 2039 1610 2084 tuo
1635 2030 1990 2083 benedicentur
2017 2047 2130 2083 om-

548 2143 636 2180 nes
667 2125 824 2177 tribus
847 2134 992 2176 teme
1019 2118 1241 2190 (Cenes.
1302 2135 1400 2182 xu,
1457 2126 1488 2179 5
1516 2120 1534 2188 )
1566 2130 1657 2173 :et
1687 2121 1728 2172 si
1755 2120 1876 2174 Filii
1909 2122 2132 2188 promis-

547 2218 717 2271 sionis
748 2228 954 2280 smnus,
1004 2229 1107 2266 non
1145 2211 1452 2265 haesitemus
1496 2210 1792 2266 diffidentia
1827 2211 2018 2281 (llmn.
2054 2227 2130 2276 tv,

547 2309 679 2380 σεο),
708 2308 801 2364 sed
830 2322 950 2362 cum
982 2315 1135 2375 patre
1168 2314 1353 2358 nostro
1383 2302 1654 2356 Abraham
1686 2303 1876 2356 demus
1905 2302 2132 2370 gloriam

551 2403 681 2462 Deo.
713 2410 770 2456 et
791 2400 1104 2468 plenissime
1130 2395 1434 2461 credamus,
1466 2394 1707 2464 quoniam
1734 2391 1751 2430 ί
1786 2393 1922 2464 quod
1943 2395 2135 2464 promi-

551 2493 637 2555 tit,
671 2499 846 2560 potens
873 2499 945 2542 est
985 2498 1029 2541 et
1061 2490 1227 2555 facere
1256 2484 1445 2555 (Ibid.,
1493 2484 1617 2554 Ἡ).
1651 2483 1942 2537 Audiamus
1970 2483 2133 2537 David

553 2585 982 2652 prophetantetn,
1018 2578 1564 2634 Commemorabuntur
1599 2587 1648 2630 et
1674 2586 2027 2631 convertentur
2066 2578 2135 2630 ad

550 2677 832 2731 Dominum
859 2674 1081 2727 universi
1102 2673 1228 2741 ﬁnes
1258 2681 1426 2736 terrai,
1460 2680 1506 2724 et
1533 2671 1818 2725 adorabunt
1839 2672 1892 2724 in
1920 2689 2134 2742 conspe-

551 2783 637 2821 ctu
677 2770 788 2839 ejus
819 2781 991 2820 omnes
1039 2764 1220 2834 patria:
1262 2764 1488 2832 gentium
1535 2761 1708 2832 (Psal.
1752 2777 1864 2827 ut,
1894 2763 2025 2831 28).
2071 2764 2138 2816 Et

553 2861 702 2921 alibi,
737 2858 801 2910 Et
831 2859 1189 2911 benedicentur
1213 2858 1267 2909 in
1298 2857 1410 2924 ipso
1443 2872 1615 2908 omnes
1643 2857 1801 2909 tribus
1831 2865 1998 2914 teme.
2025 2874 2135 2910 om-

562 2970 650 3006 nes
686 2960 857 3022 gentes
887 2949 1287 3018 magni/icabunt
1316 2963 1430 2999 cum
1480 2946 1661 3014 (Psul.
1713 2963 1871 3012 LXXI,
1919 2946 2036 3018 17).
2070 2949 2135 3002 Ει

554 3043 702 3108 alibi,
752 3041 939 3096 Omnes
986 3051 1158 3112 gentes
1223 3054 1564 3108 quascumque
1613 3039 1808 3108 fecisti,
1862 3041 2060 3092 venient
2091 3049 2138 3093 et

2232 1842 2383 1896 tiam.
2412 1851 2440 1878 ιι
2467 1842 2536 1895 Ει
2566 1857 2688 1897 cum
2711 1843 2958 1898 ducentis
2986 1845 3390 1914 quatuordecim
3413 1848 3810 1915 Sacerdotibus,

2230 1949 2459 2004 quorum
2488 1935 2924 1990 constitutionem
2965 1945 3148 1990 contra
3193 1936 3441 1992 inimicos
3467 1939 3660 2007 gratia:
3712 1939 3810 1993 Dei

2234 2035 2372 2080 totus
2387 2027 2616 2080 mundus
2630 2028 2909 2096 amplexus
2919 2037 3022 2090 est,
3038 2028 3219 2082 veraci
3239 2029 3600 2097 professione,
3625 2045 3814 2098 quem-

2233 2117 2520 2171 admodum
2571 2119 2804 2186 ipsorum
2859 2117 3023 2172 habet
3054 2133 3263 2185 sermo,
3300 2119 3562 2184 dicamus,
3591 2129 3616 2156 °
3643 2122 3814 2190 gratia

2233 2211 2328 2266 Dei
2360 2226 2455 2281 per
2503 2210 2686 2266 Jesum
2732 2211 3006 2266 Christum
3039 2213 3354 2276 Dominum,
3395 2230 3499 2267 nou
3541 2213 3716 2268 solum
3746 2214 3815 2268 ad

2232 2303 2683 2375 cognoscendam,
2713 2318 2898 2358 verum
2928 2305 3088 2358 etiam
3130 2304 3196 2358 ad
3236 2304 3532 2360 faciendam
3551 2303 3813 2374 justitiam

2236 2411 2334 2449 nos
2367 2411 2462 2464 per
2483 2405 2633 2450 actus
2657 2395 2898 2465 singulos
2925 2396 3167 2464 adjuvari
3201 2413 3215 2451 :
3249 2398 3317 2450 ita
3342 2406 3398 2450 ut
3423 2396 3541 2451 sine
3571 2397 3658 2451 illa
3682 2397 3815 2450 nihil

2236 2503 2378 2541 vera:
2426 2497 2730 2557 sancta-que
2774 2489 2991 2557 pietatis
3041 2498 3066 2537 ιι
3117 2489 3377 2558 cogitare,
3409 2489 3621 2554 dicere,
3653 2503 3817 2558 agere

2238 2580 2531 2634 valeamus.
2561 2580 2744 2650 Neque
2772 2581 2888 2636 hate
2917 2582 3055 2636 dona
3089 2581 3162 2636 ita
3193 2597 3258 2636 ex
3288 2582 3397 2637 Deo
3425 2598 3544 2637 esse
3569 2592 3598 2632 ει
3629 2584 3818 2652 opine-

2239 2687 2380 2736 mur,
2415 2681 2471 2725 ttt
2495 2671 2618 2741 quia
2643 2671 2759 2741 ipse
2787 2681 2989 2724 natura:
3017 2682 3212 2726 nostra:
3235 2683 3420 2726 auctor
3441 2684 3542 2742 est,
3564 2689 3658 2742 per
3685 2689 3818 2728 con-

2237 2763 2495 2818 ditionem
2519 2767 2629 2833 jam
2679 2765 2792 2817 hac
2833 2763 3134 2818 contulisse
3181 2763 3443 2818 videatur.
3496 2765 3626 2832 Quia
3667 2765 3819 2819 dedit

2241 2855 2454 2924 quidem
2485 2855 2553 2909 ab
2574 2854 2725 2909 initio
2749 2855 2886 2909 hanc
2911 2854 3114 2908 homini
3146 2855 3477 2922 facultatem;
3510 2857 3602 2911 sed
3627 2873 3820 2912 omnes

2242 2962 2359 3000 eam
2394 2947 2444 3000 in
2496 2947 2589 3000 illo
2625 2947 2925 3010 amisimus,
2971 2947 3026 3001 in
3075 2962 3182 3016 quo
3227 2962 3410 3002 omnes
3453 2951 3817 3016 peccavimus.

2243 3037 2399 3094 Unde
2429 3039 2529 3094 alia
2563 3042 2861 3106 creatione,
2893 3041 3106 3109 alioque
3138 3042 3400 3111 principio
3427 3043 3668 3097 renot'ari
3695 3058 3820 3110 ege-

556 3135 846 3187 adorabunt
889 3148 1062 3184 corum
1092 3139 1161 3196 te,
1212 3128 1448 3194 Domine,
1481 3139 1528 3181 et
1567 3131 1923 3200 gloriﬁcabunt
1952 3147 2135 3185 nomen
2165 3105 2209 3168 Ο
2243 3146 2362 3185 mus
2393 3131 2444 3185 in
2473 3129 2732 3186 Christo:
2769 3132 2818 3185 in
2866 3147 2974 3201 quo
3019 3147 3204 3186 sumus
3245 3147 3376 3185 nova
3417 3141 3687 3196 creatura,
3724 3149 3823 3187 no-

557 3237 699 3279 tuum
717 3224 888 3296 (Psal.
913 3239 1117 3287 Lxsxv,
1143 3222 1232 3290 9).
1261 3222 1389 3287 Qua:
1417 3221 1799 3290 promissiones
1819 3223 1942 3291 quia
1971 3223 2140 3278 veris-

558 3316 709 3372 sima:
756 3327 909 3379 sunt,
949 3330 1051 3369 nec
1089 3323 1312 3384 possunt
1349 3329 1414 3368 ex
1462 3314 1567 3366 ulla
1605 3323 1758 3382 parte
1787 3323 1814 3362 8
1845 3326 2058 3382 nutare,
2085 3316 2138 3370 iit

560 3408 644 3462 his
667 3409 958 3477 implentur
979 3407 1066 3476 qui
1107 3407 1240 3460 salvi
1271 3408 1403 3460 liunt
1434 3420 1530 3474 per
1559 3409 1838 3462 universos
1870 3408 2004 3462 lines
2035 3418 2142 3462 ter-

560 3517 635 3556 ra:
666 3518 680 3558 :
708 3502 950 3570 quoniam
979 3498 1005 3536 ιι
1037 3501 1176 3570 quod
1204 3499 1433 3569 promisit
1463 3499 1627 3567 Deus,
1661 3509 1843 3569 potens
1871 3509 1943 3553 est
1973 3511 2020 3554 et
2061 3505 2143 3570 fa-

561 3610 670 3648 cere
699 3594 873 3663 (liam.
905 3608 979 3655 tv,
1009 3593 1069 3646 2t
1095 3594 1136 3662 ).
1172 3593 1295 3645 llaec
1323 3604 1455 3658 ergo
1499 3599 1580 3644 est
1609 3590 1695 3645 illa
1727 3591 1892 3645 t0tius
1923 3591 2141 3649 humani

561 3687 773 3757 generis
813 3685 1143 3754 assumptio,
1181 3683 1297 3738 haec
1351 3683 1579 3736 liliorum
1633 3684 1728 3739 Dei
1757 3685 1997 3754 adoptio,
2030 3688 2146 3742 ιιωο

563 3779 802 3848 gentium
831 3776 1130 3846 plenitudo,
1155 3778 1398 3845 praes-cita
1430 3785 1483 3830 et
1507 3776 1881 3844 prtedestinata
1911 3779 1964 3831 itt
1989 3777 2142 3834 Chri-

565 3881 650 3923 sto
673 3879 793 3922 ante
816 3869 996 3922 tnundi
1029 3867 1497 3922 constitutionem.
1529 3865 1546 3904 ί
1576 3868 1699 3922 llaec
1725 3866 2141 3936 estlerusalem,

565 3974 687 4027 qua:
713 3959 779 4010 ab
813 3957 966 4010 initio
995 3974 1162 4026 usque
1190 3957 1243 4011 itt
1277 3958 1437 4012 finem
1472 3957 1736 4026 lapidibus
1761 3959 1894 4013 vivis
1923 3970 1978 4014 et
2003 3961 2147 4016 elec-

568 4052 637 4104 tis
682 4050 976 4103 tedilicatur
1003 4049 1058 4118 (Ι
1087 4048 1229 4104 Petr.
1259 4066 1329 4114 tt,
1367 4049 1453 4119 5),
1494 4060 1553 4103 ιιι
1601 4051 1788 4104 civitas
1834 4051 2052 4107 fundata
2093 4056 2143 4108 in

642 4163 823 4285 :IMlss.
853 4162 984 4230 Reg.
1032 4170 1088 4216 et
1132 4161 1259 4228 Jol.,
1289 4181 1388 4217 non
1425 4163 1598 4217 audet.
1634 4163 1730 4218 Ms.
1780 4164 2012 4235 Remig.,
2047 4183 2148 4220 non

679 4250 737 4285 ea
764 4272 778 4285 .

567 4250 778 4287 auneat.

646 4303 669 4340 δ
707 4303 804 4356 Ms.
833 4302 988 4369 Reg.,
1019 4301 1086 4353 ad
1128 4301 1484 4354 reuelationem
1510 4319 1602 4356 nos
1642 4305 1822 4372 gratia
1851 4305 2146 4361 latitudine.

574 4373 672 4428 Ms.
716 4373 819 4426 Jol.
852 4373 1014 4426 habet
1039 4374 1197 4424 etiam
1227 4373 1293 4424 ad
1325 4373 1703 4426 reuelationem.

565 4505 567 4507 ι
647 4455 670 4482 ι
704 4444 829 4499 Mss.
855 4445 983 4512 Reg.
1009 4441 1335 4507 etJol.,cum
1363 4442 1550 4496 Paulo.
1578 4443 1719 4496 Idem
1745 4445 1963 4500 exhibet
1987 4446 2147 4500 etiam

577 4515 733 4583 paulo
765 4516 895 4567 intra
943 4531 1042 4567 tus.
1073 4513 1207 4582 Reg.
1237 4529 1360 4568 cum
1407 4513 1538 4568 editi
1588 4515 1870 4584 utrobique
1921 4517 2150 4571 habeant

573 4601 690 4638 cum
719 4585 978 4652 Apostolo.

648 4655 675 4690 ά
709 4655 871 4722 Editi,
906 4653 1170 4720 Quomodo
1221 4652 1356 4708 Deus
1408 4653 1533 4708 vult.
1575 4653 1672 4707 Ms.
1700 4654 1827 4715 Jol..
1878 4653 2004 4709 Cum
2042 4657 2147 4710 vult

576 4741 766 4778 omnes.
802 4725 1152 4778 Emendatum
1177 4725 1228 4778 itt
1255 4726 1484 4795 append.
1517 4725 1681 4794 Oper.
1708 4726 1764 4780 S.
1791 4731 1925 4794 Aug.
1950 4743 2015 4780 ex
2043 4743 2145 4781 ms.

578 4795 913 4864 Betuigiano.

653 4877 676 4903 °
709 4863 966 4920 Additnus
989 4863 1096 4929 hic,
1121 4879 1319 4916 servare
1357 4865 1549 4929 omnia,
1591 4880 1711 4932 qua:
1742 4866 1792 4918 in
1836 4865 2152 4934 Remigiano

578 4952 682 4991 ms.
725 4937 901 4988 addita
928 4950 956 4988 a
985 4935 1214 4988 secunda
1247 4951 1402 4988 manu
1435 4945 1684 4988 notarunt
1712 4937 1768 4990 S.
1802 4937 1936 5005 Aug.
1979 4937 2154 4991 edito-

579 5023 703 5061 res:
733 5021 936 5074 nosque
966 5007 1016 5058 in
1049 5020 1178 5061 mss;
1210 5005 1376 5073 Regio
1397 5015 1452 5058 et
1487 5006 1707 5060 Jotiensi
1740 5021 1767 5057 a
1797 5008 1964 5075 prima
1994 5023 2153 5060 manu

576 5079 774 5145 scripta
825 5076 1068 5144 legimus.
1107 5077 1346 5129 Aherant
1391 5076 1458 5128 ab
1503 5077 1662 5130 editis
1713 5076 2003 5140 omnibus;
2055 5092 2156 5131 nec

579 5148 776 5202 absunt
803 5161 830 5198 a
871 5155 1017 5198 testu
1041 5157 1265 5215 utroque
1316 5146 1618 5214 Evangelii,
1656 5147 1847 5202 Graeco
1869 5154 1924 5201 et
1944 5147 2153 5202 Latino.

659 5215 675 5254 ί
709 5218 802 5270 Ms.
833 5216 988 5282 Reg.,
1016 5216 1152 5286 quod
1187 5216 1417 5286 promisit
1447 5217 1599 5286 Deus.

655 5296 680 5332 It
712 5287 835 5340 Mss.
869 5285 998 5354 Reg.
1024 5284 1077 5340 et
1100 5285 1206 5340 .lol.
1245 5295 1300 5339 et
1323 5285 1453 5339 edit.
1481 5284 1694 5351 Colon.,
1720 5287 1926 5340 mutari.
1949 5285 2161 5356 Reliqui

582 5357 817 5422 codices,
851 5370 1054 5410 nutare.

653 5424 684 5462 ³
713 5427 853 5480 Edit.
879 5428 979 5492 0p.
1007 5427 1068 5482 S.
1099 5427 1234 5492 Aug.
1279 5424 1476 5479 omittit
1504 5440 1690 5481 vocem
1724 5426 1875 5479 Deus.
1909 5425 2044 5480 Alta:
2071 5441 2163 5478 ne-

582 5511 868 5565 quaquam.
914 5496 1024 5552 Nec
1070 5511 1171 5550 ms.
1204 5497 1338 5566 Reg.
1381 5509 1472 5550 aut
1496 5513 1599 5551 ms.
1641 5496 1748 5550 Jol.
1797 5497 2020 5561 habent,
2050 5512 2164 5564 qua:

586 5567 818 5635 promisit
850 5567 1004 5618 Dens.

665 5633 681 5671 ί
725 5636 820 5688 Ms.
876 5636 1030 5702 Reg.,
1081 5633 1211 5688 Ha'c
1258 5633 1665 5691 Jerusalem.....

588 5715 785 5761 menta:
803 5721 897 5773 pro
922 5725 984 5761 eo
1005 5707 1147 5776 quod
1173 5709 1223 5759 in
1247 5707 1368 5761 aliis
1393 5711 1638 5772 habetur,
1664 5717 1715 5760 ut
1735 5707 1910 5760 civitas
1929 5710 2166 5774 fundata.

1717 5645 1772 5688 ut
1821 5639 1932 5708 ejus
1981 5636 2171 5706 funda-

2242 3240 2476 3294 vuntque
2503 3225 2847 3294 figmentum;
2876 3235 2926 3279 et
2951 3240 3048 3294 per
3069 3240 3228 3294 quem
3281 3226 3456 3288 nobis,
3480 3227 3639 3281 nullis
3669 3226 3826 3280 bonis

2246 3325 2301 3371 et
2333 3317 2519 3371 multis
2566 3317 2720 3371 malis
2770 3317 2976 3371 meritis
3028 3317 3479 3386 prtecedeutibus,
3509 3319 3739 3374 donatur
3769 3329 3824 3373 ut

2247 3408 2414 3462 simus
2443 3423 2508 3462 ex
2530 3407 2671 3462 vasis
2694 3408 2787 3462 ira:
2817 3423 2942 3461 vasa
2966 3407 3370 3464 miSericordiat.

2770 3521 3168 3578 CAPITULUM
3210 3520 3298 3577 IX.

2903 3628 3169 3668 οιυιιετιο.

2254 3702 2405 3769 Quod
2435 3719 2536 3757 non
2566 3721 2661 3776 pro
2689 3705 2848 3760 totius
2877 3705 3074 3842 mund:S
3099 3704 3449 3776 redemptione
3479 3705 3726 3762 Salvator
3764 3707 3830 3760 sit

2893 3792 3032 3828 cruci
3075 3791 3195 3828 xus.

2893 3792 3032 3828 cruct
3042 3791 3195 3828 ηεαδ.

2892 3880 3193 3921 ιιεςροιιειο.

2328 3961 2521 4017 Nullus
2549 3958 2770 4013 omnino
2815 3967 2901 4012 est
2929 3974 2995 4013 ex
3038 3959 3288 4013 omnibus
3319 3956 3645 4021 hominibus.
3677 3960 3832 4027 cujus

2258 4063 2450 4109 natura
2498 4062 2520 4089 τ
2561 4051 2615 4105 ἱιι
2663 4050 2875 4106 Christo
2918 4050 3146 4104 Domino
3188 4060 3375 4105 nostro
3423 4060 3674 4120 suscepta
3725 4067 3832 4105 non

2327 4166 2340 4216 i
2383 4167 2478 4218 Ms.
2506 4165 2632 4230 Jol.,
2665 4165 2796 4218 venit
2823 4165 2890 4216 ad
2916 4179 3026 4228 me;
3047 4174 3098 4216 et
3126 4164 3283 4228 paqu
3307 4175 3445 4232 post,
3471 4180 3568 4230 pro
3595 4181 3660 4219 eo
3689 4168 3832 4231 quod

2249 4239 2338 4291 alii
2373 4237 2588 4307 habent,
2623 4245 2670 4287 et
2695 4251 2806 4307 eum
2849 4236 2936 4303 qui
2982 4235 3112 4286 venit
3143 4237 3211 4286 ad
3241 4251 3339 4300 me,
3368 4235 3498 4289 edit.
3524 4235 3580 4291 S.
3616 4239 3753 4307 Aug.
3782 4249 3835 4291 et

2251 4308 2466 4366 Colum,
2498 4306 2585 4375 qui
2610 4306 2795 4358 venerit
2820 4307 2886 4356 ad
2919 4321 3016 4357 me.

2324 4375 2348 4413 κ
2383 4378 2481 4430 Ms.
2511 4373 2646 4442 Reg.
2681 4385 2733 4427 et
2759 4375 2887 4439 Jol.,
2935 4392 2997 4428 ea:
3041 4373 3212 4426 oribus
3243 4375 3365 4428 meis
3391 4390 3410 4437 ;
3434 4385 3490 4430 et
3531 4375 3688 4440 paulo
3715 4387 3837 4444 post

2252 4446 2410 4515 Reg.,
2441 4461 2612 4499 vocem
2630 4461 2792 4515 meam
2815 4445 3042 4515 audient,
3070 4453 3115 4496 et
3144 4461 3234 4512 ego
3277 4461 3500 4515 agnoseo
3531 4447 3670 4510 illas,
3695 4457 3744 4499 et
3767 4450 3838 4499 oi-

2254 4514 2357 4570 tum
2377 4526 2622 4570 teter-nam
2649 4514 2714 4566 do
2745 4516 2835 4567 eis.
2869 4514 2966 4569 Ms.
2992 4515 3098 4568 .Iol.
3134 4525 3187 4568 et
3217 4516 3330 4583 ipse
3355 4514 3514 4570 habet
3537 4515 3603 4569 do
3624 4519 3731 4582 eis;
3757 4533 3840 4570 re-

2178 4577 2228 4635 υ
2255 4587 2394 4656 liqua
2416 4595 2474 4638 ιιι
2502 4587 2554 4639 ἱιι
2587 4595 2732 4638 textu
2759 4594 2812 4637 et
2834 4586 3012 4656 editis.

2333 4657 2349 4694 1
2394 4657 2489 4709 Ms.
2537 4656 2668 4726 Reg.
2699 4665 2848 4708 caret
2871 4655 2974 4723 his,
3003 4663 3049 4708 et
3080 4671 3180 4708 non
3209 4655 3442 4726 peribunt
3469 4655 3522 4709 in
3555 4664 3835 4720 internum,

2255 4736 2304 4781 et
2333 4727 2492 4780 habet
2511 4725 2643 4795 rapit
2662 4741 2767 4778 eas.

2329 4807 2366 4833 ιη
2399 4797 2524 4849 Mss.
2553 4797 2680 4862 Reg.
2707 4805 2762 4849 et
2785 4794 2919 4865 Jol._,
2949 4805 3036 4847 aut
3059 4797 3171 4865 ipsa
3196 4796 3344 4848 etiam
3375 4797 3514 4848 ratio
3543 4805 3766 4850 natura.

2330 4875 2354 4902 η
2388 4866 2515 4920 Vide
2537 4867 2674 4932 Aug.
2701 4869 2860 4931 epist.
2887 4863 3016 4934 215,
3049 4863 3110 4918 ex
3135 4881 3237 4933 qua
3268 4876 3488 4932 apparet
3511 4876 3641 4934 tres,
3672 4868 3842 4921 immo

2261 4948 2490 5007 quatuor
2515 4935 2752 5007 synodos
2784 4938 2834 4988 in
2867 4933 3053 5007 Africa»
3081 4937 3587 5007 fuissecelehratas.

2333 5016 2358 5043 ο
2391 5005 2633 5060 Antehac
2677 5005 2806 5059 editi
2854 5005 2932 5058 sic
2973 5005 3190 5068 habent,
3223 5005 3454 5058 Gratiam
3486 5005 3577 5058 Dei
3602 5044 3616 5057 .
3655 5043 3670 5060 .
3707 5044 3722 5058 .
3752 5023 3844 5059 nos

2297 5093 2350 5130 er
2378 5075 2786 5147 singulosactus
2817 5075 3082 5147 adiuvare.
3114 5076 3416 5147 Lectionetn
3444 5085 3684 5147 nostram
3717 5090 3844 5142 pro-

2297 5095 2350 5130 ετ
2378 5095 2607 5147 διηῃιιιοε
2645 5095 2786 5128 acrus
2817 5095 3082 5142 adjuvare.
3114 5095 3416 5129 LCCllOﬂelll
3444 5095 3684 5129 unswam
3717 5095 3842 5142 pro-

2261 5095 2392 5200 bant
2420 5157 2528 5200 tum
2559 5146 2725 5199 editio
2751 5147 2850 5214 0p.
2879 5144 2939 5199 S.
2970 5146 3109 5214 Aug.
3137 5146 3204 5198 ad
3231 5146 3439 5211 Remig.
3472 5145 3592 5198 cod.
3628 5157 3842 5206 exacta,

2265 5227 2375 5270 tttm
2409 5233 2510 5269 ms.
2539 5215 2668 5278 Jol.,
2697 5227 2806 5268 tuut
2839 5215 3069 5280 denique
3119 5217 3268 5270 locus
3314 5215 3432 5284 ipse
3482 5225 3537 5268 ut
3561 5216 3845 5283 praefertur

2265 5288 2361 5340 lib.
2395 5296 2579 5339 contra
2610 5284 2807 5338 Collat.
2838 5299 2960 5350 cup.
2991 5283 3047 5349 5,
3076 5295 3130 5339 et
3158 5287 3304 5338 alibi.

2337 5366 2365 5404 ιι
2397 5358 2486 5409 Sic
2507 5357 2559 5408 in
2583 5355 3140 5424 edit.0per.S.Aug.,
3164 5366 3221 5408 et
3247 5357 3395 5408 locus
3426 5354 3540 5423 ipse
3567 5355 3694 5408 alibi
3715 5355 3847 5408 cita-

2267 5436 2374 5479 tur.
2408 5428 2462 5479 lu
2494 5426 2653 5478 editis
2682 5441 2810 5479 vero
2843 5427 3042 5478 nostris
3085 5425 3299 5477 additur
3331 5425 3418 5478 hic
3466 5425 3683 5490 habere;
3734 5434 3848 5477 tttnt

2269 5507 2451 5565 postea
2477 5511 2603 5549 mss.
2633 5496 2764 5564 Reg.
2789 5504 2843 5549 et
2869 5495 2972 5549 Jol.
2995 5495 3179 5548 habere
3204 5496 3340 5549 forte
3371 5509 3466 5564 pro
3486 5510 3657 5564 agere,
3683 5494 3852 5548 dicere

2273 5565 2349 5621 vel
2379 5568 2603 5632 cogitare
2630 5567 2906 5619 valeamus.

2348 5647 2374 5686 «ι
2410 5641 2531 5689 Mss.
2571 5638 2698 5703 Reg.
2731 5646 2785 5689 et
2814 5635 2944 5697 1-01.,
2977 5635 3266 5700 opinamur.

2353 5717 2372 5744 τ
2411 5707 2504 5761 bis.
2539 5699 2676 5772 Joh:
2704 5704 2768 5758 In
2792 5699 3018 5758 Domino
3044 5715 3215 5757 nostra
3245 5701 3370 5756 λεια
3392 5699 3615 5757 Christo.
