4088 6176
323 236 423 296 169

903 237 1039 296 PRO
1077 238 1477 298 AUGUSTINO
1517 236 2031 296 RESPONSIONES
2070 234 2164 292 AD
2200 233 2547 293 CAPITULA
2585 231 2988 293 GALLORUM.

3479 183 3596 295 ire

321 354 419 410 bus
468 353 760 410 consulens
815 354 971 410 nobis
1017 355 1114 412 Del
1159 357 1377 412 bonitas
1426 358 1727 424 sentiatur,
1772 370 1909 426 quos
1937 359 1992 421 Α
2018 355 2156 423 ipsa,
2193 362 2247 410 et
2276 368 2396 422 qua:
2426 352 2505 406 eis
2532 347 2880 406 retribuenda
2925 355 3072 416 sunt,
3099 347 3484 420 prmdestinata
3511 353 3593 409 dio

321 446 462 502 Deus
494 446 549 500 in
584 447 823 502 Ecclesia
869 458 1059 503 contra
1105 449 1401 505 Ecclesiam
1449 451 1696 520 permisit
1721 464 1908 504 exsur-

320 552 487 608 gere:
520 553 626 592 non
659 539 845 607 utique
891 554 985 594 eos
1027 553 1221 594 creans
1263 549 1359 594 aut
1403 540 1626 606 fovens;
1677 540 1771 595 sed
1817 555 1912 609 per

322 631 464 699 ipsos
491 628 829 697 diligentiam
875 628 1108 683 filiorum
1150 644 1371 684 suorum
1402 631 1469 684 ad
1503 631 1909 700 inquisitionem

319 731 372 775 et
413 721 722 774 custodiam
765 721 1004 775 veritatis
1051 737 1312 777 exercens
1340 740 1353 776 :
1379 723 1593 779 dicente
1625 723 1908 793 Apostolo,

323 810 534 876 Oportet
563 811 778 865 hereses
803 827 933 881 esse,
952 819 1007 865 ut
1029 811 1230 881 probati
1251 815 1506 882 manifesti
1525 814 1653 883 ﬁant
1673 815 1727 868 in
1748 813 1910 869 vobis.

318 902 449 968 Quis
470 912 655 957 autem
680 903 980 972 respiciens
1005 903 1075 958 ad
1099 904 1349 961 tenebras
1377 906 1686 975 impiorum,
1716 913 1774 961 et
1795 914 1820 942 ⁸
1843 905 1910 960 ad

319 992 786 1048 illuminationem
839 993 1098 1059 fidelium,
1150 1010 1258 1049 non
1309 996 1375 1050 ad
1426 997 1628 1066 gratias
1678 995 1915 1067 agendas

319 1084 430 1140 Deo
486 1101 556 1141 ex
588 1087 704 1157 ipsa
738 1085 830 1140 fiat
855 1087 1150 1144 collatione
1180 1088 1500 1154 ferventior,
1526 1099 1582 1144 et
1605 1087 1632 1128 ι)
1659 1105 1726 1144 ex
1757 1090 1912 1145 ruina

321 1177 661 1246 pereuntium
685 1177 859 1234 discat
879 1177 935 1232 in
957 1193 1080 1249 quae
1103 1179 1242 1234 mala
1265 1195 1362 1249 per
1383 1180 1610 1235 liberum
1628 1180 1913 1236 arbitrium

319 1277 522 1333 rueret,
570 1269 673 1323 nisi
719 1269 768 1324 ei
799 1284 893 1338 per
931 1270 1219 1325 Dominum
1253 1281 1502 1326 nostrum
1540 1269 1726 1327 Jesum
1755 1270 1915 1326 Chri-

317 1369 460 1416 stum
485 1361 583 1416 Dei
614 1360 791 1430 gratia
822 1361 1164 1417 subveniret.

721 1516 884 1587 218
925 1515 1331 1572 CAPITULUM
1364 1516 1501 1573 XIV.

981 1623 1250 1663 OBJECTIO.

321 1698 473 1771 Quod
501 1699 592 1766 qui
647 1697 976 1771 Evangelia:
1016 1701 1381 1771 pradicationi
1427 1718 1529 1754 non
1571 1702 1806 1766 credunt,
1847 1718 1912 1756 ea:

511 1770 972 1842 prcedestinatione
1002 1769 1105 1823 non
1143 1772 1357 1825 credant
1382 1782 1466 1825 :et
1495 1773 1640 1842 quod
1671 1772 1807 1826 Deus
1836 1773 1908 1826 ita

386 1841 674 1907 deﬁnierit,
727 1849 784 1893 ut
831 1841 1142 1912 quicumque
1190 1859 1294 1895 non
1343 1841 1580 1909 credunt,
1612 1858 1680 1897 ea:
1741 1844 1908 1912 ipsius

379 1912 755 1966 constitutione
779 1927 880 1964 non
909 1909 1146 1964 credant.

967 2016 1274 2058 BESPONSIO.

384 2112 698 2169 inﬁdelitas
747 2129 854 2167 non
909 2113 1250 2170 credentium
1323 2113 1652 2185 Evangelia,
1704 2129 1914 2184 nequa-

317 2219 476 2273 quam
509 2219 575 2257 ex
604 2202 699 2258 Dei
721 2203 1207 2273 praedestinatione
1233 2215 1255 2244 ⁸
1278 2214 1590 2276 generatur.
1635 2205 1910 2260 Bonorum

317 2295 465 2350 enim
504 2297 644 2349 Deus
668 2303 858 2349 auctor
888 2303 993 2360 est,
1025 2310 1135 2350 non
1167 2296 1456 2350 malorum.
1490 2294 1910 2350 Praedestinatio

317 2387 482 2457 igitur
521 2387 618 2443 Dei
659 2401 875 2457 semper
923 2388 976 2442 in
1015 2386 1167 2443 bono
1213 2396 1319 2454 est,
1360 2395 1457 2443 aut
1493 2386 1560 2441 ad
1594 2386 1912 2442 retributio-

320 2478 719 2549 nemjustitiz,
745 2488 842 2534 aut
873 2477 942 2533 ad
982 2479 1333 2535 donationem
1381 2479 1662 2548 pertinens
1698 2478 1908 2549 gratim.

321 2567 590 2624 Universae
636 2569 781 2624 enim
829 2569 925 2623 vite
982 2567 1192 2623 Domini
1237 2569 1602 2624 misericordia
1637 2577 1689 2624 et
1720 2570 1910 2625 veritas

318 2658 662 2730 (Psal.xx|v,
683 2659 796 2731 10).
821 2659 1057 2716 Proinde
1080 2659 1374 2716 infidelitas
1397 2677 1503 2715 non
1540 2660 1908 2730 credentium,

324 2767 433 2807 non
486 2751 557 2806 ad
597 2752 1045 2808 constitutionem
1092 2751 1212 2819 Dei,
1251 2752 1347 2808 sed
1390 2751 1458 2807 ad
1513 2752 1912 2822 przscientiam

323 2843 616 2899 referenda
674 2853 779 2899 est.
827 2843 964 2911 Quae
1018 2859 1126 2898 non
1182 2843 1306 2899 ideo
1364 2844 1751 2899 necessitatem
1804 2857 1914 2898 non

319 2933 588 2990 credendi
635 2934 839 3003 intulit,
872 2935 995 3005 quia
1029 2933 1144 2988 falli
1187 2935 1257 2989 de
1304 2950 1367 2989 ea
1415 2950 1540 3005 qua:
1570 2933 1748 2988 futura
1791 2939 1912 2987 erat

318 3027 646 3082 infidelitate
691 3041 800 3081 non
845 3026 1046 3097 potuit.
1092 3025 1255 3080 Fides
1305 3033 1487 3080 autem
1529 3035 1584 3079 et
1628 3022 1914 3078 charitatis

326 3134 519 3186 Opera,
546 3129 711 3189 atque
739 3118 796 3172 in
838 3119 918 3172 eis
966 3131 1139 3186 usque
1169 3118 1224 3171 in
1277 3117 1436 3171 finvm
1485 3114 1909 3186 perseverantia,

1940 1740 1989 1801 B

2012 456 2337 510 cuntur,”
2390 443 2716 497 auctoritate
2770 441 3054 511 Apostoli.
3101 442 3193 511 qui
3247 441 3592 514 ait(EpIies.

2011 551 2071 600 ll,
2112 534 2172 604 8)
2198 553 2210 587 ;
2235 532 2423 589 Gratia
2452 533 2546 587 Dei
2581 531 2711 585 salvi
2755 529 2851 586 Dei
2888 533 3016 602 facti
3043 534 3166 587 estis
3202 549 3294 605 per
3322 534 3478 603 ﬁdem
3499 551 3519 589 .'
3545 545 3594 590 et

2012 627 2110 682 hoc
2143 643 2244 681 non
2273 642 2337 680 ea:
2364 625 2536 690 vobis,
2568 625 2658 678 sed
2690 621 2787 676 Dei
2817 624 3012 676 donum
3042 634 3116 677 est
3145 641 3287 678 :non
3327 643 3388 678 ex
3424 629 3598 694 operi-

2013 721 2124 786 bus,
2148 737 2210 774 ne
2239 722 2370 788 forte
2409 720 2525 787 quis
2570 717 2878 771 extollatur.
2912 715 3090 785 Ipsius
3115 718 3248 771 enim
3275 735 3455 774 sumus
3488 721 3592 793 ﬁg—

2013 822 2261 877 mentum,
2294 811 2455 865 creati
2499 810 2554 863 in
2593 810 2832 879 operibus
2878 809 3044 876 bonis,
3080 820 3103 846 °
3130 810 3184 863 in
3207 809 3414 864 Christo
3442 809 3592 874 Jesu,

2013 922 2130 977 qua
2156 904 2467 974 prwparavit
2495 902 2659 966 Deus,
2685 911 2739 956 ut
2765 902 2819 955 in
2844 901 2951 955 illis
2976 901 3318 956 ambulemus.
3345 902 3478 958 Tam
3507 919 3597 958 er-

2013 1015 2084 1070 go
2111 1001 2165 1054 in
2193 1012 2380 1053 errore
2413 1005 2499 1051 est
2539 996 2628 1065 qui
2666 993 3043 1049 infidelitatem
3077 994 3367 1063 impiorum
3403 994 3469 1048 ad
3497 993 3596 1050 Dei

2014 1090 2456 1146 constitutionem
2502 1088 2693 1154 refert,
2731 1102 2893 1156 quam
2945 1087 3036 1156 qui
3085 1086 3210 1142 fidei
3257 1086 3596 1157 iustitiaeque

2015 1192 2351 1245 sanctorum,
2403 1195 2511 1234 non
2563 1179 2730 1234 Deum
2801 1177 3082 1248 profitetur
3134 1187 3438 1234 auctorem.
3493 1179 3597 1246 Qui

2015 1274 2160 1329 enim
2191 1271 2335 1342 quod
2365 1278 2651 1340 acceperat
2680 1269 2937 1339 perdidit,
2966 1282 3077 1323 non
3128 1267 3254 1324 inde
3301 1267 3354 1322 id
3397 1269 3596 1337 recipit

2017 1364 2161 1419 unde
2203 1361 2468 1432 perdidit;
2499 1359 2596 1415 sed
2627 1357 2646 1396 ί
2670 1359 2738 1414 ab
2767 1359 2860 1413 illo
2903 1359 3096 1429 recipit
3135 1359 3281 1430 quod
3315 1359 3533 1426 habeat,
3565 1375 3600 1416 ι

2016 1471 2123 1527 quo
2153 1453 2297 1526 quod
2321 1452 2504 1507 amisit
2534 1458 2840 1519 acceperat.

2533 1579 2931 1638 CAPITULUM
2971 1580 3087 1637 XV.

2671 1717 2942 1758 OBJICTIO.

2125 1799 2276 1868 Quod
2303 1797 2436 1852 idem
2465 1797 2531 1850 sit
2560 1795 2882 1866 prescicntia
2911 1794 3051 1864 quod
3081 1795 3256 1862 praede
3288 1796 3491 1850 tinatio.

2652 1899 2957 1938 RESPONSIO.

2084 1981 2190 2052 Qui
2221 1977 2617 2052 praescientiam
2665 1977 2762 2031 Dei
2802 1976 2858 2031 in
2892 1975 3045 2031 nullo
3075 1975 3145 2030 ab
3175 1975 3344 2045 ipsius
3386 1977 3600 2048 praede-

2013 2077 2306 2134 stinatiune
2352 2073 2640 2136 discernit,
2673 2070 2818 2140 quod
2850 2068 3194 2125 tribuendum
3241 2080 3321 2124 est
3364 2071 3472 2126 Deo
3517 2071 3589 2129 de

2013 2171 2194 2239 bonis,
2226 2170 2330 2225 hoc
2355 2169 2404 2224 ei
2436 2166 2600 2222 etiam
2624 2164 2689 2219 de
2716 2162 2872 2218 malis
2903 2171 3133 2218 conatur
3162 2161 3455 2218 ascribere.
3481 2161 3594 2219 Sed

2014 2281 2140 2323 cum
2177 2265 2320 2321 bona
2358 2261 2426 2318 ad
2471 2261 2783 2330 largitorem
2828 2257 2991 2328 219
3017 2264 3041 2304 ι
3076 2265 3600 2328 cooperatoremque

2014 2374 2202 2418 eorum
2233 2358 2424 2421 Deum,
2457 2353 2596 2409 mala
2623 2361 2801 2407 autem
2829 2351 2895 2406 ad
2923 2350 3281 2405 voluntariam
3314 2352 3599 2407 rationalis

2013 2464 2282 2511 creaturae
2302 2447 2599 2520 nequitiam
2617 2442 2905 2501 referenda
2928 2443 3072 2509 sint;
3097 2442 3320 2497 dubium
3349 2459 3458 2500 non
3487 2453 3596 2510 est,

2014 2547 2134 2603 sine
2160 2545 2269 2600 ulla
2322 2538 2607 2611 temporali
2658 2535 2965 2593 dilTerentia
3007 2535 3172 2590 Deum
3203 2543 3261 2590 et
3308 2536 3604 2606 praescisse

2015 2635 2200 2703 simul,
2232 2643 2287 2690 et
2317 2631 2759 2703 prmdestinasse,
2790 2623 2820 2664 ιι
2849 2640 2971 2696 quae
3003 2630 3124 2694 ipso
3169 2634 3329 2681 erant
3377 2636 3603 2683 auctore

2015 2725 2288 2791 facienda,
2319 2723 2405 2778 vel
2436 2736 2556 2793 quae
2598 2718 2756 2776 malis
2781 2717 2995 2772 meritis
3022 2717 3172 2785 justo
3206 2725 3366 2772 erant
3388 2716 3604 2786 judicio

2015 2815 2401 2881 retribuenda;
2447 2813 2732 2884 przrscisse
2786 2818 2970 2864 autem
3031 2809 3428 2876 tantummodo,
3489 2823 3603 2865 non

2016 2913 2182 2970 etiam
2205 2907 2642 2981 prmdestinasse,
2661 2917 2780 2972 quae
2807 2916 2916 2956 non
2943 2915 3009 2956 ex
3033 2899 3152 2970 ipso
3183 2909 3338 2955 erant
3367 2914 3596 2956 causam

2017 2999 2352 3076 Operationis
2381 2997 2655 3054 habitura.
2692 2995 2876 3049 Potest
2923 2991 3107 3061 itaque
3151 2991 3272 3048 sine
3320 2991 3605 3062 praedesti-

2021 3099 2242 3154 natioue
2267 3105 2393 3148 esse
2423 3085 2763 3159 prmscientia
2799 3100 2814 3142 :
2847 3081 3252 3153 praedestinatio
3277 3091 3461 3138 autem
3485 3082 3604 3140 sine

319 3215 440 3280 quia
464 3209 678 3264 homini
707 3223 804 3279 per
829 3207 926 3263 Dei
953 3209 1189 3278 gratiam
1221 3209 1604 3277 conferuntur,
1630 3217 1779 3262 recte
1805 3203 1835 3243 ά
1864 3213 1911 3262 et

2021 3185 2360 3264 prascientia
2387 3193 2510 3237 esse
2538 3190 2648 3233 non
2681 3182 2882 3245 potest.

384 3374 410 3403 ι
441 3365 520 3420 ita
554 3379 687 3419 mss.
721 3365 852 3434 Reg.
873 3373 925 3420 et
951 3363 1060 3420 Jol.
1099 3365 1168 3417 At
1195 3376 1326 3418 vero
1360 3363 1515 3430 editi,
1543 3363 1611 3417 ad
1637 3360 1908 3416 illumina-

319 3437 506 3491 tionem
533 3436 783 3505 ﬁliorum.

385 3508 410 3546 δ
442 3501 612 3567 Editi,
640 3507 693 3558 in
725 3505 897 3557 ruina.
930 3503 1057 3559 Mss.
1082 3502 1219 3576 Reg.
1253 3512 1308 3559 et
1338 3501 1471 3574 101.,
1495 3519 1559 3558 ea:
1583 3503 1768 3568 ruina;
1797 3509 1909 3556 tum

318 3576 535 3632 liberum
565 3576 840 3628 arbitrium
872 3577 1086 3629 veniret.

385 3659 407 3686 ε
439 3647 543 3701 Ms.
577 3647 711 3713 Jol.,
737 3647 954 3714 geritur.

381 3715 408 3754 δ
433 3718 604 3780 Editi,
639 3727 684 3769 et
711 3713 829 3767 ista.
859 3715 987 3769 Mss.
1013 3713 1225 3784 Remig.
1259 3725 1316 3771 et
1344 3715 1478 3784 Jol.,
1513 3724 1559 3769 et
1588 3715 1717 3784 ipsa.

382 3798 406 3826 ε
438 3787 574 3842 Haec
605 3787 793 3851 verba,
825 3786 879 3838 in
909 3785 1112 3840 Christo
1141 3783 1290 3855 Iesu,
1319 3783 1551 3842 aberant
1586 3783 1654 3840 ab
1702 3783 1866 3839 editis
1895 3798 1911 3837 :

2018 3350 2380 3409 restituuntur
2434 3331 2759 3392 auctoritate
2814 3343 2919 3386 ms.
2985 3329 3244 3386 Joliensis
3296 3338 3352 3387 et
3421 3337 3605 3388 textus

2016 3437 2245 3544 “cirris.
2276 3483 2338 3538 ab
2367 3481 2458 3535 illo
2484 3474 2627 3554 iuuit
2646 3474 2827 3542 recip“
2853 3469 2947 3554 qui.
2968 3470 3138 3526 ¹¹⁰⁶⁶¹ο
3339 3540 3351 3554 -

2091 3570 2117 3610 s
2151 3560 2282 3615 Mss.
2303 3554 2436 3624 Reg.
2465 3556 2522 3606 et
2547 3546 2678 3614 Jol.,
2709 3550 3192 3615 cooperatoremque
3214 3546 3462 3612 omnium,
3493 3558 3606 3598 ma-

2019 3635 2073 3690 la
2089 3641 2440 3765 ξυδὶῗὶῖεςη
2462 3704 2575 3762 qua
2595 3689 2647 3742 in
2673 3687 2785 3756 ipso
2810 3695 2956 3738 erant
2977 3690 3188 3736 auctore
3209 3681 3460 3751 ﬁnienda.

313 3888 2214 3918 ,_____________________._—

1345 3981 1759 4092 PARS
1831 3977 2015 4088 SE
2029 3969 2245 4080 ΟΠ
2233 3960 2603 4078 ΝΒΑ.

1006 4171 1110 4232 DE
1155 4168 1516 4234 SINGUIJS
1560 4163 1970 4232 CAPITULIS
2012 4151 2377 4223 SINGULJE
2423 4141 2915 4212 SENTENTIE.

1716 4309 2175 4333 __________

385 4433 654 4506 Quamvis
682 4448 813 4504 ergo
848 4432 914 4488 ad
952 4447 1144 4488 omnes
1174 4431 1512 4502 obiectiones
1539 4443 1635 4486 seu
1665 4426 1913 4498 quernlre

321 4532 635 4602 imperitiae,
669 4543 765 4583 seu
804 4526 1011 4581 fallacis
1052 4525 1303 4593 invidiae,
1335 4523 1654 4594 planissime
1697 4535 1760 4575 ac
1802 4518 1914 4589 ple-

2015 4417 2162 4473 fatali
2209 4415 2539 4472 necessitate
2603 4407 2854 4464 homines
2904 4405 2954 4457 in
3000 4409 3228 4470 peccata
3291 4402 3607 4472 compulsos

2014 4510 2132 4579 cogi
2163 4508 2294 4564 dicit
2325 4508 2379 4560 in
2403 4513 2657 4566 mortem,
2684 4514 2791 4552 non
2822 4507 2901 4551 est
2933 4494 3256 4552 catholicus.
3281 4493 3441 4548 Nullo
3462 4496 3606 4550 enim

323 4582 875 4687 nissimequantum
919 4616 1180 4670 Dominus
1228 4582 1406 4680 dedit,
1437 4612 1742 4668 existimem
1795 4582 1917 4663 esse
1951 4619 1991 4675 υ
2024 4598 2184 4654 modo
2215 4592 2620 4666 praedestinatio
2651 4587 2742 4643 Dei
2773 4587 2989 4688 iniquos
3027 4582 3179 4654 facit,
3210 4597 3390 4688 neque
3415 4585 3605 4656 cujus-

320 4726 651 4782 responsum
669 4749 685 4772 ,
720 4707 1118 4780 professionem
1151 4717 1328 4761 tamen
1348 4717 1539 4761 sensus
1557 4701 1730 4757 nostri
1749 4699 1911 4755 etiam

321 4808 373 4861 in
405 4806 599 4861 brevia
639 4812 1016 4866 coarctemus;
1049 4810 1108 4854 ut
1146 4799 1247 4853 sub
1283 4811 1579 4868 paucorum
1618 4793 1909 4848 verborum

321 4896 677 4968 simplicitate
702 4893 876 4964 magis
903 4891 1180 4961 magisque
1208 4894 1472 4957 appareat
1499 4899 1598 4940 nos
1624 4883 1767 4954 quod
1793 4891 1817 4917 ⁸
1842 4881 1910 4935 de

321 5005 483 5060 supra
527 4987 748 5056 scriptis
788 4982 1042 5054 capitulis
1083 4981 1466 5050 intelligimus,
1499 4975 1642 5032 nulla
1678 4973 1912 5029 circum-

322 5079 583 5151 loquendi
615 5090 732 5133 arte
765 5083 1087 5146 praetexere,
1111 5071 1139 5110 ι)
1165 5072 1260 5127 sed
1290 5070 1537 5126 absolute
1567 5082 1630 5122 ac
1661 5065 1830 5120 libere
1857 5071 1911 5116 et

317 5187 485 5242 prava
537 5184 835 5241 reSpuere,
890 5176 948 5223 et
992 5179 1328 5222 consensum
1378 5159 1746 5233 probabilibus
1803 5171 1910 5211 non

315 5279 450 5336 nega
459 5280 542 5320 re.

698 5365 996 5408 SENTENTIA
1045 5364 1214 5404 δυνειι
1237 5361 1482 5402 ολνιτυιο.
1515 5359 1556 5399 1.

387 5464 649 5535 Quisquis
700 5464 865 5533 igitur
923 5477 986 5516 ex
1045 5459 1528 5530 praedestinatione
1590 5453 1719 5520 Dei,
1767 5452 1917 5508 velut

394 5640 422 5669 ⁸
449 5631 542 5684 Ms.
573 5627 701 5688 10L,
733 5627 796 5679 de
824 5641 980 5690 supra
1012 5623 1185 5677 dictis.

393 5700 422 5740 δ
457 5701 579 5756 Mss.
609 5701 737 5766 lteg.
767 5707 826 5751 et
853 5687 986 5760 16.1.,
1019 5696 1105 5748 sed
1133 5692 1362 5755 absolute
1392 5687 1658 5743 adhibere.

591 5794 860 5853 ΡΑτιοι.
909 5788 1012 5848 ω.

2022 4704 2183 4761 quam
2213 4689 2435 4744 omnino
2466 4695 2549 4742 est
2579 4696 2743 4737 causa
2772 4677 3001 4748 peccati.

2521 4811 2816 4853 δικτειιτιι
2845 4807 3014 4848 SUPER
3037 4806 3095 4845 ιι.

2094 4906 2115 4934 α
2142 4895 2276 4951 Item
2309 4894 2400 4964 qui
2431 4891 2572 4947 dicit
2599 4888 2743 4959 quod
2771 4887 2837 4940 ab
2869 4884 2955 4939 bis
2976 4883 3065 4952 qui
3100 4896 3206 4937 non
3237 4890 3365 4936 sunt
3393 4883 3608 4950 praede-

2019 4988 2201 5042 stinati
2230 4987 2296 5041 ad
2329 4985 2496 5040 vitam
2530 4996 2636 5037 non
2663 4981 2869 5033 auferat
2902 4982 3158 5045 percepta
3191 4972 3448 5042 baptismi
3472 4989 3602 5041 gra-

2023 5083 2091 5136 tia
2123 5078 2390 5148 originale
2440 5084 2743 5143 peccatum,
2775 5084 2882 5124 non
2922 5074 3008 5122 est
3056 5063 3382 5119 catholicus.
3413 5063 3607 5119 Sacra-

2022 5185 2262 5231 mentum
2303 5171 2444 5226 enim
2477 5164 2839 5236 baptismatis,
2874 5175 2980 5231 quo
3009 5158 3191 5212 omnia
3231 5169 3453 5225 prorsus
3482 5169 3604 5222 pec-

2023 5281 2144 5322 cata
2182 5263 2449 5324 delentur,
2476 5260 2640 5313 etiam
2689 5256 2741 5309 in
2770 5255 2848 5308 eis
2871 5265 3059 5305 verum
3104 5255 3189 5302 est
3217 5246 3308 5314 qui
3339 5259 3444 5298 non
3480 5258 3605 5297 sunt

2025 5361 2077 5414 in
2101 5358 2331 5413 veritate
2358 5351 2620 5416 mansuri,
2653 5359 2708 5404 et
2738 5349 2806 5402 ob
2839 5346 2940 5399 hoc
2987 5341 3054 5396 ad
3085 5339 3250 5394 vitam
3282 5351 3469 5391 veram
3497 5353 3603 5391 non

2026 5457 2149 5504 sunt
2171 5442 2561 5518 praedestinati.

2103 5619 2122 5644 ε
2151 5607 2204 5660 in
2229 5607 2327 5661 hac
2352 5599 2616 5659 sententia
2641 5604 2694 5650 et
2715 5592 3065 5665 sequentibus
3088 5604 3170 5645 om
3184 5589 3338 5645 nibus
3360 5600 3463 5641 vox
3491 5583 3604 5640 hate

2023 5681 2141 5736 item
2174 5677 2324 5734 abest
2355 5692 2384 5730 a
2415 5687 2516 5729 ms.
2544 5667 2738 5738 Regio.
2983 5752 3025 5814 6
