4088 6176
420 218 556 305 ‘m

946 374 1241 418 SENTENTIA
1261 372 1428 416 SUPER
1453 371 1536 414 III.

521 453 655 509 Item
702 449 797 522 qui
839 451 972 507 dicit
1013 452 1156 522 quod
1194 466 1303 506 non
1333 447 1706 520 przedestinati
1740 445 1808 502 ad
1838 445 2030 512 vitam,

451 543 617 599 etiam
644 544 688 597 si
716 543 912 598 fuerint
939 543 995 597 in
1021 543 1243 598 Christo
1277 551 1303 578 ιι
1330 556 1427 611 per
1453 539 1781 609 baptismum
1805 552 2034 608 regene-

451 637 578 702 rati,
622 645 676 691 et
705 637 794 708 pie
829 635 1087 707 justeque
1130 634 1392 701 vixerint,
1423 632 1557 689 nihil
1600 631 1679 687 eis
1719 630 1908 700 prosit,
1933 628 2030 684 sed

449 734 560 783 tam
598 727 689 782 diu
729 736 1097 793 reserventur,
1124 727 1303 782 donec
1341 733 1533 790 ruant;
1560 737 1658 779 nec
1685 731 1813 778 ante
1843 735 1938 777 eos
1963 734 2032 775 ex

449 820 552 874 hac
581 818 686 873 vita
719 834 879 888 quam
910 819 1014 877 hoc
1050 819 1129 873 eis
1177 818 1454 888 contingat
1495 816 1692 870 auferri
1713 857 1728 882 ,
1756 822 2030 884 tamquam

449 909 517 964 ad
543 909 980 964 constitutionem
1024 909 1118 963 Dei
1163 910 1348 963 talium
1389 907 1670 961 hominum
1705 905 1862 959 ruina
1891 903 2033 958 reie-

448 1001 616 1057 renda
648 1001 878 1067 sit;non
908 1010 992 1056 est
1030 1000 1354 1056 catholicus.
1383 1000 1519 1068 Quia
1568 1013 1674 1054 non
1720 998 1841 1052 ideo
1888 997 2032 1051 Deus

448 1100 662 1163 tempus
700 1094 876 1148 atatis
929 1093 1180 1162 cuiquam
1219 1091 1580 1162 prolongavit,
1627 1100 1684 1146 ut
1731 1091 1895 1162 220
1938 1088 2028 1143 ditt

447 1183 678 1238 vivendo
704 1193 1011 1250 corrueret,
1034 1190 1091 1238 et
1118 1200 1145 1234 a
1171 1182 1277 1238 ﬁde
1302 1193 1449 1237 recta
1473 1183 1526 1236 in
1556 1196 1653 1236 sua
1684 1180 2031 1251 longaevitate

447 1274 740 1342 deﬁceret;
772 1289 895 1330 cum
928 1277 1070 1331 inter
1109 1275 1368 1330 beneﬁcia
1427 1275 1522 1329 Dei
1577 1273 1908 1328 numeranda
1959 1271 2032 1325 sit

446 1366 559 1434 ipsa
592 1366 930 1436 longtcvitas,
965 1381 1066 1436 qua
1107 1366 1271 1421 homo
1305 1366 1497 1421 melior
1523 1364 1708 1420 debuit
1739 1379 1882 1432 esse,
1922 1379 2026 1418 non

446 1455 622 1525 pejor.

934 1564 1226 1605 SENTENTIA
1256 1564 1418 1605 SUPER
1446 1565 1518 1604 ιν.

519 1639 651 1696 Item
711 1640 800 1710 qui
877 1642 1009 1696 dicit
1052 1644 1192 1711 quod
1235 1657 1341 1696 non
1399 1656 1590 1696 omnes
1643 1648 1910 1695 vocentur
1959 1639 2024 1691 ad

443 1734 695 1802 gratiam,
723 1734 767 1786 si
809 1733 876 1788 de
907 1733 991 1787 his
1022 1734 1262 1802 loquitur
1286 1733 1486 1803 quibus
1526 1731 1778 1786 Christus
1820 1746 2020 1784 annun-
2057 1715 2104 1775 Β

447 1829 609 1880 tiatus
641 1840 744 1880 non
769 1835 873 1892 est,
895 1826 924 1866 ὶι
945 1841 1050 1879 non
1075 1836 1254 1895 potest
1283 1823 1630 1896 reprehendi.
1655 1824 1792 1890 Quia
1824 1822 2025 1877 scimus

444 1915 659 1985 quidem
692 1915 745 1970 in
776 1930 964 1971 omnes
1005 1917 1140 1970 lines
1182 1924 1340 1970 terra)
1385 1916 1736 1986 Evangelium
1790 1913 2026 1968 destina-

445 2017 578 2073 tum,
605 2009 701 2064 sed
726 2025 834 2063 non
859 2017 1110 2078 putamus
1131 2009 1242 2077 jam
1269 2009 1322 2063 in
1351 2009 1603 2063 omnibus
1640 2018 1799 2064 terrae
1832 2006 2028 2061 ﬁnibus

446 2099 832 2168 przedicatum;
868 2114 967 2154 nec
995 2112 1283 2167 posmmus
1314 2099 1497 2154 dicere
1527 2099 1667 2169 quod
1710 2099 1780 2153 ibi
1811 2099 1880 2152 sit
1909 2112 2032 2167 gra-

448 2193 537 2246 tia:
573 2193 812 2258 vocatio,
844 2191 933 2248 ubi
979 2192 1171 2246 matris
1222 2191 1485 2247 Ecclesiae
1524 2190 1701 2246 adhuc
1747 2189 1891 2245 nulla
1945 2195 2032 2244 est

446 2283 808 2354 regeneratio.

948 2389 1246 2431 SENTENTIA
1275 2389 1442 2429 SUPER
1470 2388 1524 2428 γ.

517 2465 650 2520 Item
678 2465 768 2536 qui
791 2465 922 2520 dicit
947 2468 1090 2535 quod
1113 2466 1204 2535 qui
1233 2466 1407 2520 vocati
1431 2472 1578 2529 sunt,
1612 2477 1719 2518 non
1746 2461 2030 2532 aequaliter

445 2559 622 2612 vocati
651 2558 781 2623 sint,
813 2557 908 2613 sed
940 2559 1035 2613 alii
1065 2566 1122 2614 ut
1156 2557 1464 2622 crederent,
1491 2556 1582 2612 alii
1615 2565 1674 2610 ut
1701 2570 1808 2609 non
1840 2552 2028 2609 crede.

444 2658 586 2714 rent,
625 2648 775 2717 quasi
823 2649 1074 2719 cuiquam
1113 2649 1328 2704 vocatio
1359 2662 1520 2703 causa
1564 2647 1728 2701 fuerit
1773 2660 1880 2700 non
1909 2660 2028 2699 cre-

441 2739 636 2806 dendi;
671 2755 776 2795 non
810 2751 958 2796 recte
989 2741 1143 2796 dicit.
1169 2741 1436 2808 Quamvis
1474 2741 1620 2795 enim
1652 2739 1786 2794 ﬁdes
1816 2752 1921 2792 non
1955 2736 2027 2790 sit

441 2832 547 2887 nisi
587 2847 653 2888 ex
696 2832 787 2886 Dei
823 2831 966 2887 dono
1007 2841 1063 2888 et
1107 2831 1347 2887 hominis
1392 2831 1704 2895 voluntate;
1737 2828 2029 2884 inﬁdelitas

441 2931 620 2976 tamen
649 2936 757 2975 non
781 2929 863 2976 est
885 2921 987 2976 nisi
1022 2936 1091 2975 ex
1121 2921 1236 2976 sola
1261 2921 1499 2976 hominis
1527 2921 1825 2975 voluntate.

944 3027 1238 3069 SENTENTIA
1261 3029 1425 3068 SUPER
1451 3028 1522 3068 VI.

1675 241 1732 301 S.
1773 239 2113 300 PROSPERI
2153 241 2485 313 AQUITANI

2059 359 2114 418 Δ

3613 238 3722 299 I79

2532 353 2544 372 “
2604 372 2899 414 SENTENTIA
2950 371 3113 413 SUPER
3138 371 3249 412 vm.

2201 451 2331 508 Item
2357 452 2450 524 qui
2472 452 2602 507 dicit
2629 451 2774 522 quod
2799 465 2905 506 non
2925 467 3116 507 omnes
3140 449 3386 506 homines
3410 448 3546 506 velit
3575 449 3720 506 Deus

2131 543 2312 598 salvos
2355 543 2496 612 ﬁeri,
2547 542 2642 597 sed
2683 551 2890 597 certum
2929 557 3214 596 numerum
3245 543 3409 612 221
3437 539 3724 609 prcedestl-

2131 643 2405 700 natorum,
2431 633 2621 688 durius
2673 632 2912 701 loquitur
2951 647 3112 700 quant
3155 631 3486 700 loquendum
3537 628 3722 684 estde

2129 724 2414 780 altitudine
2455 723 2828 779 inscrutabilis
2873 723 3063 793 gratiae
3107 721 3203 776 Dei
3237 737 3250 773 :
3284 722 3374 791 qui
3423 729 3477 776 et
3528 734 3724 776 omnes

2127 816 2246 870 vult
2263 817 2445 871 salvos
2471 815 2608 883 ﬁeri,
2631 826 2795 885 atque
2819 816 2875 868 in
2896 815 3230 884 agnitionem
3253 812 3498 866 veritatis
3528 812 3722 867 venire

2131 907 2177 978 (I
2197 907 2334 960 Tim.
2364 923 2422 973 ιι,
2455 905 2547 976 4);
2577 905 2604 942 ἀ
2635 917 2687 960 et
2713 904 3007 960 voluntatis
3041 919 3152 958 sua:
3187 903 3523 972 prttpOsiittm
3557 903 3610 956 in
3643 903 3725 956 eis

2131 1000 2322 1070 implet
2351 1013 2488 1068 quos
2523 995 2803 1066 prtescitos
2841 994 3273 1067 praedestinavit,
3300 993 3724 1062 prazdestinatos

2133 1094 2364 1156 vocavit,
2397 1087 2979 1164 vocatosjustiﬁcavit,
3005 1086 3330 1156 justiﬁeatos
3350 1085 3669 1155 gloriﬁcavit
3705 1099 3723 1138 :

2131 1185 2262 1240 nihil
2293 1185 2546 1238 amittens
2567 1183 2635 1236 de
2658 1179 2992 1249 plenitudine
3014 1179 3277 1248 gentium,
3295 1188 3344 1232 et
3369 1176 3438 1232 de
3465 1177 3613 1231 omni
3637 1191 3725 1230 se-

2132 1276 2277 1329 mine
2306 1273 2486 1339 Israel,
2523 1274 2606 1326 cui
2641 1278 3000 1341 prmparatum
3039 1279 3122 1323 est
3163 1269 3215 1322 in
3253 1266 3468 1321 Christo
3496 1282 3722 1337 regnum

2131 1381 2391 1422 aeternum
2423 1374 2550 1420 ante
2580 1364 3020 1419 constitutionem
3068 1363 3275 1416 mundi.
3307 1362 3383 1415 Ex
3428 1372 3539 1414 toto
3577 1361 3723 1415 enim

2130 1459 2332 1514 mundo
2361 1467 2503 1511 totus
2535 1456 2769 1510 mundus
2796 1455 3032 1524 eligitur,
3059 1464 3111 1509 et
3133 1469 3201 1507 ex
3219 1453 3468 1506 omnibus
3489 1451 3724 1506 homini-

2130 1551 2230 1606 bus
2253 1565 2445 1605 omnes
2464 1548 2708 1602 homines
2737 1546 3084 1616 adoptantur.
3102 1544 3210 1599 Nec
3231 1552 3404 1612 potest
3427 1543 3539 1597 ullo
3563 1542 3724 1598 modo

2131 1659 2228 1713 per
2259 1641 2629 1696 inﬁdelitatem
2661 1651 2824 1709 atque
2858 1635 3282 1692 inobedieutiam
3313 1635 3608 1689 multorum
3627 1633 3722 1689 Dei

2132 1733 2419 1803 promissio
2443 1732 2721 1794 vacillare,
2747 1729 2976 1783 dicentis
3007 1731 3073 1782 ad
3103 1725 3557 1788 Abrahnmmen.
3585 1740 3721 1790 nn,

2133 1822 2322 1891 18):In
2349 1823 2536 1875 semine
2559 1833 2647 1874 tuo
2671 1820 3034 1873 benedicentur
3050 1834 3222 1872 omnes
3243 1826 3433 1887 gentes.
3455 1816 3604 1880 Quod
3629 1830 3727 1868 au-

2132 1926 2238 1970 tem
2267 1913 2502 1983 promisit
2523 1921 2545 1949 °
2578 1912 2738 1974 Deus,
2757 1921 2933 1982 potens
2946 1920 3102 1976 cst,et
3121 1913 3287 1980 facere
3313 1907 3490 1979 (Rom.
3509 1909 3721 1978 tv,‘2I);

2131 2015 2190 2061 ut
2210 2015 2264 2061 et
2295 2006 2384 2076 qui
2409 2004 2714 2067 Salvantur,
2753 2001 2770 2040 ί
2799 2003 2922 2056 ideo
2947 2002 3080 2055 salvi
3103 2001 3230 2065 sint,
3258 2001 3381 2069 quia
3408 2000 3530 2054 illos
3551 1999 3725 2054 voluit

2134 2098 2277 2152 Deus
2306 2095 2484 2149 salvos
2507 2093 2659 2159 ﬁeri;
2687 2100 2741 2146 et
2767 2092 2858 2162 qui
2892 2101 3141 2162 pereunt,
3169 2091 3289 2147 ideo
3317 2099 3566 2160 pereant,
3596 2089 3724 2161 quia

2130 2188 2308 2259 perire
2338 2194 2672 2241 meruerunt.

2619 2291 2917 2331 SENTENTIA
2954 2291 3122 2330 SUPER
3161 2291 3238 2330 IX.

2201 2371 2330 2426 Item
2356 2369 2442 2436 qui
2475 2368 2606 2423 dicit
2645 2368 2790 2438 quod
2822 2383 2925 2421 non
2959 2381 3054 2436 pro
3085 2369 3250 2422 totius
3282 2366 3465 2420 mundi
3503 2365 3724 2420 redem-

2129 2464 2312 2534 ptione
2341 2464 2589 2519 Salvator
2636 2464 2710 2515 sit
2741 2461 3060 2526 cruciﬁxus;
3119 2475 3223 2516 non
3273 2459 3340 2514 ad
3392 2461 3724 2514 sacramenti

2131 2555 2406 2618 virtutem,
2438 2553 2533 2608 sed
2584 2556 2651 2606 ad
2702 2551 3002 2606 inﬁdelium
3031 2551 3250 2621 respicit
3294 2560 3535 2622 partem;
3589 2566 3715 2606 cum

2129 2648 2346 2717 sanguis
2393 2644 2601 2700 Domini
2651 2644 2819 2700 nostri
2847 2643 2974 2700 Iesu
3020 2642 3223 2698 Christi
3271 2645 3504 2713 pretium
3554 2643 3724 2699 totius

2129 2739 2314 2794 mundi
2340 2738 2428 2802 sit,
2476 2753 2504 2790 a
2535 2752 2642 2807 quo
2667 2735 2843 2805 pretio
2875 2735 3120 2790 extranei
3149 2743 3276 2789 sunt
3319 2736 3408 2805 qui
3437 2744 3530 2789 aut
3568 2734 3724 2790 dele-

2131 2831 2258 2888 ctati
2300 2831 2615 2901 captivitate
2643 2828 2838 2884 redimi
2866 2828 3177 2893 noluerunt,
3212 2835 3306 2881 aut
3337 2836 3458 2897 post
3504 2827 3722 2883 redem-

2129 2924 2367 2996 ptionem
2397 2922 2464 2976 ad
2510 2921 2754 2978 eamdem
2797 2929 2925 2975 sunt
2969 2921 3289 2976 servitutem
3335 2922 3566 2976 reversi.
3596 2921 3716 2975 Non

2127 3017 2272 3074 enim
2324 3013 2520 3072 cecidit
2559 3013 2785 3070 verbum
2835 3013 3068 3079 Domini,
3101 3027 3277 3083 neque
3324 3021 3582 3068 evacuata
3632 3022 3721 3069 est

508 3107 640 3161 Item
671 3105 760 3176 qui
793 3103 925 3160 dicit
953 3104 1094 3174 quod
1123 3104 1352 3159 liberum
1385 3103 1670 3157 arbitrium
1712 3101 1766 3157 in
1800 3101 2021 3158 homine
2050 3079 2096 3142 (ἶ
2127 3107 2312 3164 mundi
2354 3106 2676 3175 redemptio.
2718 3105 2850 3173 Quia
2887 3105 2989 3160 etsi
3036 3119 3142 3160 non
3187 3079 3440 3175 cognovit
3481 3105 3718 3161 mundus

439 3197 573 3252 nihil
601 3198 694 3266 sit,
733 3196 828 3253 sed
857 3197 974 3253 sive
997 3195 1063 3251 ad
1092 3195 1295 3250 bonum
1324 3195 1439 3250 sive
1469 3194 1534 3248 ad
1573 3193 1774 3248 malum
1813 3193 2024 3263 prside-

438 3289 660 3344 stinatio
691 3289 784 3344 Dei
810 3289 863 3343 in
887 3288 1194 3344 hominibus
1218 3295 1511 3356 operetur;
1547 3299 1651 3340 non
1684 3293 1768 3340 cst
1791 3284 2024 3339 catholi-

440 3394 558 3435 cus.
587 3379 884 3434 Arbitrium
919 3379 1062 3436 enim
1094 3379 1328 3434 hominis
1355 3378 1525 3448 gratia
1551 3375 1646 3432 Dei
1679 3393 1787 3431 non
1816 3376 2018 3442 abolet,

439 3469 534 3524 sed
557 3469 758 3536 adolet,
789 3479 842 3525 et
868 3469 938 3524 ab
966 3484 1155 3525 errore
1179 3469 1232 3524 in
1264 3468 1402 3523 viam
1437 3477 1655 3523 revocat
1686 3483 1750 3524 ac
1771 3467 1980 3522 reducit
2006 3484 2019 3521 :

441 3571 500 3617 ut
528 3562 667 3632 quod
691 3575 785 3616 sua
809 3563 1058 3618 libertate
1079 3570 1196 3616 erat
1221 3575 1465 3630 pravum,
1484 3559 1688 3629 Spiritu
1713 3558 1807 3614 Dei
1832 3566 2024 3629 agente

439 3654 514 3708 sit
558 3663 787 3710 rectum.
821 3663 844 3692 ε
876 3652 1284 3709 Praedestinatio
1312 3665 1526 3721 quoque
1575 3651 1672 3705 Dei
1722 3665 1941 3720 semper
1967 3651 2021 3705 in

441 3745 584 3800 bono
629 3753 743 3811 est,
778 3759 898 3814 qua:
944 3753 1246 3815 peccatum,
1294 3743 1410 3798 sola
1463 3742 1700 3797 hominis
1740 3742 2021 3797 voluntate

441 3838 812 3903 commissum,
845 3845 937 3891 aut
975 3834 1356 3892 remittendum
1389 3835 1537 3889 novit
1564 3851 1685 3891 cum
1732 3835 1891 3892 laude
1918 3835 2022 3891 mi-

442 3929 773 3996 sericordite,
804 3936 901 3983 aut
924 3927 1267 3998 plectendum
1299 3941 1422 3981 cum
1457 3926 1616 3981 laude
1642 3925 1888 3996 justitite.

925 4036 1220 4075 SENTENTIA
1243 4035 1410 4074 SUPER
1440 4035 1537 4074 νη.

512 4115 646 4168 ltem
696 4114 787 4181 qui
833 4112 965 4165 dicit
1007 4111 1151 4180 quod
1200 4110 1346 4164 Deus
1402 4109 1723 4179 quibusdam
1755 4110 1882 4167 ﬁliis
1909 4112 2023 4167 suis

442 4222 576 4277 quos
605 4203 948 4274 regeneravit
979 4203 1030 4256 in
1055 4199 1292 4267 Christo,
1332 4203 1525 4271 quibus
1555 4202 1738 4265 ﬁdem,
1762 4217 1938 4272 spem,
1969 4213 2024 4259 et

447 4298 787 4355 dilectionem
836 4296 1007 4362 dedit,
1033 4295 1102 4350 oh
1134 4295 1234 4349 hoc
1263 4309 1376 4349 non
1407 4292 1618 4348 dederit
1669 4310 2024 4364 perseveran—

443 4393 595 4459 tiam,
627 4389 750 4460 quia
783 4403 887 4443 non
915 4395 1042 4440 sunt
1070 4401 1099 4439 a
1123 4399 1300 4440 massa
1327 4384 1647 4455 perditionis
1677 4386 2022 4455 prtescientia

444 4486 542 4540 Dei
571 4493 624 4539 et
655 4482 1127 4552 przcdestinatione
1153 4479 1374 4534 discreti
1402 4495 1415 4531 :
1448 4479 1492 4532 si
1517 4477 1620 4534 hoc
1643 4479 1756 4533 vult
1781 4479 2020 4548 ﬁrmare,

445 4579 586 4650 quod
622 4580 761 4632 Dens
789 4573 1093 4645 hujusmodi
1123 4572 1374 4627 homines
1414 4572 1467 4625 in
1501 4571 1659 4626 bonis
1691 4587 1812 4642 quae
1854 4573 2026 4628 dona-

444 4679 596 4725 verat
623 4667 858 4722 noluerit
891 4679 1238 4734 permanere,
1261 4674 1316 4718 et
1347 4663 1462 4733 ipse
1488 4664 1568 4718 eis
1594 4679 1754 4718 causa
1785 4666 2027 4720 aversio-

445 4761 526 4814 nis
554 4755 856 4818 BXSIIICI'II;
889 4764 1078 4809 contra
1102 4753 1366 4824 justitiam
1398 4753 1496 4809 Dei
1535 4755 1720 4808 sentit.
1767 4755 2025 4821 Quamvis

445 4852 587 4906 enim
620 4847 1012 4915 omnipotentia
1056 4846 1152 4899 Dei
1200 4847 1434 4913 potuerit
1483 4846 1631 4902 vires
1666 4847 1846 4900 standi
1885 4862 2025 4917 prte-

444 4943 574 4998 bere
599 4940 857 5011 lapsuris,
891 4940 1059 5010 gratia
1094 4947 1272 4992 tamen
1318 4939 1437 5008 ejus
1481 4955 1588 4994 nou
1620 4941 1773 5009 prius
1806 4956 1901 4996 eos
1931 4942 2026 4997 de-

443 5037 613 5093 seruit
654 5049 814 5105 quam
864 5033 933 5086 ab
977 5033 1056 5087 eis
1081 5030 1448 5085 desereretur.
1482 5032 1547 5085 Et
1579 5032 1701 5101 quia
1747 5037 1847 5087 hoc
1880 5035 2025 5101 ipsos

444 5126 747 5182 voluntaria
797 5123 1034 5178 facturos
1083 5121 1391 5175 deiectione
1451 5124 1736 5190 prmvidil,
1793 5124 1914 5180 ideo
1971 5125 2023 5180 in

445 5215 934 5288 priedestinationis
966 5213 1232 5267 eleCtioue
1262 5213 1383 5266 illos
1417 5227 1522 5266 non
1555 5213 1764 5269 habuit.

515 5359 542 5387 ι
577 5349 738 5412 Editi,
795 5347 1117 5417 baptismate.
1161 5343 1289 5397 Mss.
1341 5353 1394 5398 et
1441 5343 1649 5413 Remig.
1705 5359 1826 5400 cum
1875 5347 2006 5402 edit.

443 5419 504 5476 S.
535 5423 785 5486 August.,
820 5436 908 5486 per
935 5417 1260 5486 baptismum.

517 5491 544 5528 δ
572 5482 660 5568 Sic
688 5482 829 5568 mss.
848 5482 1056 5568 Rem-ig.
1083 5493 1138 5541 et
1165 5485 1266 5540 Jol.
1289 5501 1410 5539 cum
1435 5482 1564 5539 edit.
1597 5485 1829 5554 August.
1848 5486 2016 5554 Editi,

442 5559 745 5631 reprehendi
774 5575 872 5611 non
897 5558 1062 5610 debet.

520 5639 540 5666 ε
583 5629 680 5683 Ms.
724 5627 855 5697 lteg.
882 5671 896 5696 ,
943 5625 1335 5681 Prwdestinatio
1387 5643 1581 5697 quoque.
1631 5626 1722 5682 Dei
1751 5667 1762 5681 .
1789 5669 1802 5681 .
1831 5669 1843 5681 .
1876 5667 1890 5683 .
1937 5629 2027 5699 qui

444 5709 732 5775 ρειοιιιιιιι.

2051 4443 2105 4504 D

2127 3203 2294 3258 Deum
2332 3202 2386 3256 in
2415 3200 2558 3256 vasis
2589 3199 2683 3253 ira:
2705 3240 2718 3262 ,
2751 3198 3006 3268 cognovit
3045 3208 3226 3252 tamen
3269 3198 3502 3252 mundus
3542 3197 3714 3253 Deum

2124 3294 2179 3350 in
2209 3294 2356 3349 vasis
2391 3289 2783 3346 misericordiae
2818 3307 2831 3342 :
2860 3305 2978 3359 quae
3009 3289 3174 3352 Deus,
3207 3288 3369 3343 nullis
3397 3301 3587 3344 eorum
3618 3290 3716 3343 bo-

2124 3383 2210 3440 nis
2237 3383 2446 3438 meritis
2468 3380 2904 3451 praecdentibus
2926 3422 2940 3446 ,
2975 3381 3115 3434 eruit
3161 3378 3228 3433 de
3256 3387 3527 3446 potestate
3565 3388 3718 3434 tene-

2125 3478 2382 3544 brarum,
2437 3485 2494 3531 et
2542 3473 2819 3530 transtulit
2865 3475 2917 3528 in
2961 3487 3189 3543 regnum
3239 3471 3358 3527 Filii
3406 3472 3716 3529 dilectionis

2126 3583 2258 3624 suae.

2621 3671 2916 3713 SENTENTIA
2953 3670 3118 3710 SUPER
3155 3670 3209 3709 ἰ.

2195 3751 2330 3805 Item
2368 3750 2458 3818 qui
2497 3748 2630 3803 dicit
2670 3748 2812 3817 quod
2860 3746 3178 3818 quibusdam
3209 3745 3486 3816 Evangelii
3516 3747 3685 3817 praedi

2125 3843 2266 3898 catio
2302 3858 2330 3895 a
2374 3841 2600 3895 Domino
2628 3839 3012 3904 subtrahatur,
3047 3852 3115 3893 ne
3142 3848 3390 3907 percepta
3434 3838 3711 3908 Evangelii

2124 3932 2514 4003 praedicatione
2545 3931 2857 3994 salventur;
2892 3939 3068 3998 p0test
3098 3928 3422 3998 objectionis
3454 3929 3708 3984 invidiam

2125 4025 2401 4081 declinare
2450 4021 2750 4091 patrocinio
2802 4021 2973 4089 ipsius
3031 4019 3372 4087 Salvatoris,
3425 4021 3513 4088 qui
3568 4021 3712 4090 apud

2125 4115 2408 4184 quosdam,
2441 4128 2576 4182 quos
2608 4111 2685 4166 ait
2731 4111 2896 4166 fuisse
2926 4111 3261 4178 credituros,
3290 4112 3337 4165 si
3380 4111 3711 4168 mirabilium

2126 4207 2243 4276 ejus
2264 4205 2414 4273 signa
2445 4205 2707 4258 vidissent
2724 4202 2940 4276 (Matth.
2965 4219 3039 4266 χι,
3059 4202 3122 4256 2i
3138 4204 3177 4272 ),
3197 4203 3373 4258 noluit
3393 4205 3628 4272 operari,
3655 4213 3713 4260 et

2127 4299 2444 4370 quibusdam
2475 4296 2685 4367 populis
2716 4296 2886 4353 vetuit
2917 4297 3190 4365 apostoios
3227 4296 3627 4365 evangelisare,
3657 4305 3714 4353 et

2127 4407 2272 4448 nunc
2318 4391 2526 4458 aliquas
2573 4388 2749 4443 adhuc
2796 4399 2984 4456 gentes
3034 4388 3232 4456 patitur
3275 4399 3429 4442 extra
3480 4387 3711 4458 gratiam

2131 4498 2284 4539 suam
2317 4481 2552 4551 degere;
2591 4495 2711 4534 cttm
2747 4487 2922 4533 tamen
2971 4477 3406 4533 constantissima
3447 4479 3550 4533 ﬁde
3592 4496 3715 4550 per-

2128 4585 2342 4643 ceptum
2368 4573 2657 4627 habeamus
2684 4571 2734 4624 in
2766 4585 2954 4624 omnes
2986 4570 3172 4624 mundi
3202 4579 3381 4638 partes
3414 4571 3710 4627 Ecclesiam

2131 4667 2492 4732 dilatandam;
2525 4679 2626 4719 nec
2656 4672 2781 4719 ante
2810 4677 2932 4719 esse
2963 4661 3067 4717 hoc
3105 4663 3362 4716 sreculum
3393 4663 3708 4730 ﬁniendum,

2130 4775 2289 4830 quam
2322 4760 2375 4812 in
2403 4759 2683 4812 universos
2706 4755 2842 4810 ﬁnes
2866 4763 3021 4809 terrm
3051 4753 3400 4822 Evangelium
3422 4753 3706 4824 dirigatur,

2130 4864 2177 4906 et
2219 4851 2383 4906 omnis
2410 4849 2584 4920 lingua
2613 4847 2917 4914 conﬁteatur
2944 4847 3182 4912 quoniam
3213 4855 3238 4893 Β
3275 4847 3523 4902 Dominus
3558 4846 3712 4903 Iesus

2135 4942 2366 4998 Christus
2391 4942 2444 4994 in
2473 4939 2652 4994 Gloria
2678 4937 2773 4991 Dei
2803 4937 2974 4992 Patris
3010 4947 3083 4991 est
3107 4937 3327 5009 (Philip.
3358 4953 3417 5005 tt,
3453 4938 3568 5007 II).

2624 5043 2919 5082 SENTENTIA
2957 5043 3122 5082 SUPER
3155 5043 3227 5081 ιι.

2198 5123 2329 5178 Item
2361 5120 2449 5190 qui
2489 5118 2621 5174 dicit
2647 5118 2787 5186 quod
2817 5133 2915 5188 per
2953 5119 3246 5187 potentiam
3288 5118 3432 5173 Deus
3465 5118 3712 5175 homines

2129 5218 2182 5271 in
2237 5221 2455 5283 peccata
2503 5211 2813 5281 compellat,
2859 5210 3054 5264 merito
3111 5209 3546 5278 reprehenditur.
3603 5213 3713 5268 Nec

2193 5342 2220 5382 ἀ
2253 5343 2352 5398 Ms.
2384 5342 2540 5412 Reg,
2576 5341 2664 5396 sed
2695 5343 2966 5412 uoluntatis
2992 5358 3102 5396 sua:
3127 5344 3465 5412 propositum.

2196 5425 2219 5452 ο
2256 5415 2310 5467 1η
2344 5427 2441 5467 ms.
2472 5409 2592 5466 'Jol.
2625 5413 2778 5465 abest
2807 5409 2897 5467 hic
2921 5428 3047 5477 vos,
3084 5409 3242 5466 Deus.
3497 5464 3504 5472 ,

2199 5483 2219 5522 ί
2255 5485 2354 5539 Ms.
2388 5484 2544 5552 Reg,
2569 5484 2620 5536 in
2652 5481 2760 5535 Deo
2786 5483 2914 5535 salvi
2941 5484 3062 5545 sint,
3094 5485 3214 5554 quia
3239 5483 3357 5537 i."los
3383 5487 3537 5538 t-oluit
3573 5488 3712 5543 Deut

2123 5555 2289 5611 salvos
2315 5556 2501 5619 facere.

2203 5637 2226 5672 ε
2265 5626 2433 5691 Editi,
2468 5625 2703 5691 quoniam
2749 5621 2902 5676 Iesus
2931 5620 3172 5676 Christus
3226 5624 3324 5681 Ms.
3374 5626 3502 5687 Jol..
3537 5630 3714 5684 Dcnti.

2137 5714 2230 5753 nus
2260 5695 2408 5751 Jcsus
2439 5695 2691 5759 Christus,
2717 5705 2771 5748 ut
2803 5695 2855 5746 in
2888 5694 3129 5764 Apostoli
3163 5704 3306 5750 testu
3338 5698 3552 5766 legitur.
