4088 6176
428 274 541 362 m

1640 296 1719 350 ‘S.
1757 287 2094 348 PROSPEBI
2131 285 2462 357 AQUITANI

3606 282 3710 345 £80

436 420 836 474 sacramentum
887 392 1257 470 celebraretur
1320 409 1374 466 in
1446 408 1694 480 singulis.
1758 408 2014 464 Poculum
2044 405 2254 469 Alium
2320 404 2476 459 bona:
2530 403 2817 458 voluntatis
2845 416 2959 459 sure
3006 411 3352 473 reparaturus
3407 402 3461 459 in
3525 407 3712 460 mutus

438 508 638 579 quippe
664 504 1108 567 immortalitatis.
1131 502 1273 573 quod
1303 501 1613 559 confectum
1650 508 1733 556 est
1765 501 1833 555 de
1873 498 2023 553 inﬁr-

439 600 628 656 mitate
655 607 836 655 nostra
861 605 917 653 et
943 597 1149 652 virtute
1176 594 1355 650 divina
1376 634 1391 658 ,
1420 592 1581 648 habet
1615 591 1835 662 quidem
1864 589 1917 643 in
1962 601 2023 643 se

439 700 498 747 ut
543 692 794 747 omnibus
839 690 1052 760 prosit;
1103 686 1200 745 sed
1236 687 1282 743 si
1330 700 1434 743 non
1474 684 1706 753 bibitur,
1756 698 1862 751 nop
1901 695 2022 736 me-

441 782 621 842 detur.

977 869 1373 934 CAPITULUM
1430 868 1496 923 ll.

1100 975 1370 1016 OBJECTIO.

447 1054 597 1128 Quod
621 1055 759 1110 Deus
789 1053 916 1108 nolit
945 1068 1118 1106 omnes
1148 1052 1367 1173 sallimre,
1399 1050 1600 1105 etiamsi
1637 1065 1812 1104 omnes
1833 1047 2026 1103 salvari

1142 1139 1199 1173 vr
1226 1133 1317 1173 mt.

1142 1133 1317 1176 t’rlmt.

1081 1227 1386 1268 κεκροημιο.

515 1332 650 1388 Cum
676 1330 891 1386 Veritas
940 1328 1085 1383 dicat
1134 1325 1369 1395 (Matth.
1402 1341 1499 1391 vn,
1534 1324 1636 1396 11)
1664 1341 1679 1379 :
1706 1326 1767 1381 Si
1791 1342 1881 1381 vos
1910 1342 2028 1380 cum

446 1424 558 1479 sitis
600 1420 747 1490 mali,
771 1422 931 1475 nostis
962 1419 1093 1473 bona
1115 1420 1241 1472 data
1271 1418 1394 1473 dare
1424 1417 1549 1484 ﬁliis
1593 1418 1794 1484 vestris,
1837 1426 2026 1485 quanto

446 1515 610 1584 magis
638 1512 795 1565 Pater
833 1521 996 1565 vester
1027 1507 1242 1563 caelestis
1265 1508 1407 1562 dabit
1437 1507 1567 1561 bona
1608 1508 1895 1578 petentibus
1926 1523 1981 1561 sc
2010 1509 2027 1562 .'

447 1607 538 1676 qui
569 1604 679 1658 ﬁeri
705 1611 880 1672 potest
910 1610 969 1656 ut
1016 1601 1180 1668 Deus,
1234 1602 1322 1669 qui
1363 1600 1525 1655 etiam
1566 1600 1690 1653 illos
1735 1599 1926 1667 salvat,
1961 1599 2030 1653 de

447 1698 645 1767 quibus
672 1695 777 1752 dici
809 1711 917 1749 non
948 1700 1125 1763 potest
1146 1692 1288 1763 quod
1319 1690 1515 1747 salvari
1549 1691 1743 1756 velint,
1775 1691 1909 1745 nolit
1929 1691 2029 1745 ali~

2125 496 2271 566 quod
2329 496 2447 565 ipse
2496 494 2664 561 fecit,
2721 497 3004 565 puniturus
3062 496 3115 552 in
3168 497 3347 553 multis
3397 500 3542 567 quod
3595 513 3712 567 ipse

2125 603 2231 641 non
2264 585 2409 641 fecit.
2444 584 2594 641 Sicut
2627 584 2654 622 ά
2697 587 2832 640 enim
2878 603 2966 655 per
3009 586 3399 642 inobedienliam
3427 588 3581 643 unius
3608 589 3709 643 ha-

2125 678 2273 730 minis
2294 685 2579 747 peccatores
2606 678 2868 732 constituti
2897 688 3014 732 sunt
3044 680 3209 745 multi,
3240 680 3309 732 ita
3352 689 3399 733 et
3425 697 3513 745 per
3552 682 3710 737 unius

2125 766 2348 821 hominis
2396 766 2736 820 obedientiam
2766 768 2900 838 justi
2915 750 3307 823 constituuntur
3335 770 3487 824 multi
3516 768 3704 841 (Rom.

2126 872 2184 925 v,
2211 857 2325 929 t9).

2666 947 3063 1007 CAPITULUM
3094 951 3183 1007 ιν.

2778 1056 3048 1098 οωερτιο.

2131 1129 2283 1202 Quod
2331 1132 2500 1200 major
2548 1148 2669 1201 pars
2713 1135 2909 1202 generis
2952 1135 3167 1187 humani
3193 1136 3264 1188 ad
3305 1140 3402 1189 hoc
3443 1146 3651 1192 creatur
3676 1156 3711 1194 α

2234 1200 2364 1269 Deo,
2398 1212 2449 1257 ut
2479 1218 2580 1257 non
2612 1200 2729 1269 Dei,
2760 1204 2849 1257 sed
2878 1204 3075 1257 diaboli
3106 1208 3267 1276 faciat
3307 1210 3637 1264 voluntatem.

2763 1309 3067 1350 MLPOHSIO.

2198 1399 2453 1458 Insanum
2485 1402 2708 1457 omnino
2746 1414 2800 1459 et
2842 1414 3035 1461 contra
3082 1408 3347 1463 rationem
3395 1410 3710 1484 estdicere,

2130 1492 2459 1547 voluntatem
2484 1493 2663 1548 Deiex
2690 1494 2783 1551 Dei
2811 1497 3087 1553 voluntate
3116 1516 3220 1553 non
3242 1500 3379 1568 ﬁeri,
3404 1512 3459 1557 et
3486 1501 3714 1559 damna-

2130 1590 2305 1638 torem
2335 1584 2533 1638 diaboli
2564 1584 2790 1655 ejusque
2820 1586 3145 1644 famulorum
3170 1632 3185 1653 ,
3214 1591 3356 1647 velle
3400 1600 3459 1647 ut
3491 1594 3714 1651 diabolo

2130 1676 2415 1727 serviatur.
2450 1674 2555 1730 Sed
2596 1675 2699 1730 hoc
2740 1676 3023 1733 catholicis
3064 1679 3335 1749 Pelagiani
3377 1696 3715 1753 consequen-

448 1804 584 1859 quos
615 1789 824 1844 salvare
869 1789 1033 1844 etiam
1076 1786 1122 1842 si
1167 1787 1366 1847 salvari
1416 1786 1631 1851 velint,
1682 1786 1782 1841 nisi
1836 1786 2027 1854 aliqua:

2138 1774 2218 1820 ter
2245 1781 2304 1821 se
2334 1767 2572 1835 objicere
2601 1768 2933 1834 existimant,
2958 1772 3046 1841 qui
3077 1772 3206 1828 Adze
3230 1785 3503 1844 peccatum
3535 1786 3716 1832 trans-

448 1894 628 1936 causze
657 1880 922 1935 exsistant
942 1879 1010 1935 de
1035 1879 1233 1949 quibus
1261 1920 1277 1946 ,
1310 1878 1560 1949 quamvis
1598 1879 1707 1931 siut
1759 1878 1915 1931 nobis
1946 1880 2031 1931 iu-

449 1972 802 2043 gnoscibiles,
836 1979 861 2008 ι
884 1970 977 2025 ille
1007 1978 1186 2025 tamen
1211 1969 1346 2024 bene
1382 1968 1587 2038 judicat
1614 2010 1627 2033 ,
1663 1966 1728 2023 de
1768 1983 1874 2037 quo
1922 1967 2030 2022 dici

449 2080 558 2119 non
589 2069 795 2134 potest,
833 2061 995 2116 aliter
1039 2075 1163 2117 eum
1206 2058 1498 2130 quidquam
1548 2058 1725 2115 facere
1777 2058 2033 2115 debuisse

449 2172 609 2227 quam
642 2155 881 2210 fecerit?
911 2154 1140 2209 Remela
1171 2167 1302 2223 ergo
1326 2151 1426 2207 hac
1454 2152 1779 2208 discretione
1802 2192 1817 2216 ,
1870 2167 2030 2222 quam

449 2250 634 2306 divina
661 2248 887 2303 scientia
932 2247 1076 2301 intra
1124 2255 1400 2302 secretum
1438 2245 1664 2314 justitiae
1710 2260 1825 2299 sua:
1859 2244 2033 2300 couti-

449 2348 566 2406 net,
594 2337 963 2393 sincerissime
984 2335 1315 2391 credeudum
1362 2344 1524 2406 atque
1551 2334 1915 2404 proﬁtendum
1947 2342 2032 2389 est

450 2434 623 2489 Deum
647 2429 788 2486 velle
818 2438 876 2484 ut
899 2443 1089 2484 omnes
1119 2428 1365 2483 homines
1407 2425 1542 2483 salvi
1573 2426 1717 2481 ﬁant.
1752 2426 2031 2496 Siquidem

451 2522 769 2594 Apostolus,
801 2520 954 2589 cujus
1008 2518 1111 2573 ista
1160 2518 1426 2573 sententia
1461 2525 1563 2594 est_
1587 2516 1642 2589 (l
1670 2517 1804 2571 Tim.
1836 2533 1895 2583 ιι,
1930 2517 1984 2587 4)
2014 2558 2028 2584 ,

451 2612 843 2669 sollicitissime
883 2609 1157 2681 praecipit,
1202 2608 1346 2678 quod
1394 2609 1448 2663 in
1482 2607 1732 2664 omnibus
1773 2608 2036 2664 Ecclesiis

451 2703 699 2776 piissime
726 2702 1047 2768 cuStoditur,
1080 2711 1139 2756 ut
1165 2700 1278 2755 Deo
1310 2715 1405 2771 pro
1435 2701 1687 2755 omnibus
1727 2700 2036 2757 hominibus

452 2794 789 2863 supplicetur
823 2808 837 2846 :
866 2807 932 2849 ex
963 2792 1156 2863 quibus
1178 2792 1323 2860 quod
1346 2791 1503 2846 multi
1534 2803 1783 2860 pereunt,
1807 2809 2037 2861 pereun-

453 2886 588 2940 tium
620 2891 704 2938 est
732 2883 1025 2948 meritum;
1074 2882 1213 2953 quod
1243 2882 1397 2937 multi
1425 2883 1724 2949 salvantur,
1774 2884 2038 2941 salvantis

455 2988 540 3035 est
566 2977 795 3033 donum.
839 2974 907 3032 Ut
955 2977 1099 3032 enim
1149 2992 1277 3032 reus
1317 2977 1639 3049 damnetur,
1695 2980 2037 3050 inculpabilis

455 3068 551 3125 Dei
592 3069 803 3139 justitia
834 3076 959 3133 est;
992 3077 1048 3122 ut
1071 3076 1249 3123 autem
1285 3084 1408 3125 reus
1452 3069 1813 3142 iustiﬁcetur,
1851 3071 2040 3129 inetia-

456 3163 584 3221 bilis
611 3164 706 3219 Dei
741 3163 908 3235 gratia
938 3171 1043 3219 est.

975 3252 1375 3311 CAPITULUM
1430 3254 1521 3310 Ill.

1118 3359 1386 3402 OPJECTIO.

461 3438 613 3509 Quod
638 3435 780 3493 Deus
805 3437 1057 3507 majorem
1097 3448 1294 3506 partem
1321 3440 1521 3508 generis
1554 3438 1782 3493 humani
1830 3441 1900 3493 ad
1944 3438 2042 3494 hoc

740 3518 894 3575 creet,
926 3518 980 3561 ut
1009 3509 1153 3561 illaut
1185 3508 1361 3575 perdat
1386 3509 1437 3561 in
1467 3516 1734 3563 retentum.

1096 3614 1398 3657 RESPONSIO.

530 3715 781 3772 Omnium
814 3715 1030 3785 quidem
1064 3714 1340 3770 hominum
1374 3722 1598 3771 creator
1626 3723 1712 3771 est
1750 3716 1920 3782 Deus,
1944 3715 2044 3773 sed

460 3823 623 3865 nemo
648 3809 716 3862 ab
741 3823 807 3863 eo
837 3808 956 3863 ideo
986 3818 1199 3861 creatus
1254 3815 1370 3871 est,
1402 3816 1459 3861 ut
1502 3808 1703 3877 periret
1732 3825 1745 3863 :
1773 3807 1894 3879 quia
1940 3808 2043 3863 alia

460 3910 545 3958 est
572 3917 734 3957 causa
767 3899 1044 3966 nascendi,
1078 3909 1133 3955 et
1159 3898 1186 3937 ι)
1215 3899 1319 3954 alia
1347 3910 1427 3955 est
1454 3914 1616 3954 causa
1648 3901 1929 3968 pereundi.
1974 3900 2045 3957 Ut

460 3998 606 4052 enim
638 4004 925 4049 nascantur
952 3992 1219 4052 homines.
1251 3992 1550 4047 conditoris
1579 4002 1659 4047 est
1684 3993 2041 4058 beneﬁcium;

464 4098 521 4144 ut
568 4096 750 4142 autem
781 4096 1026 4154 pereant,
1076 4084 1511 4153 prtevaricatoris
1548 4091 1631 4137 est
1660 4085 1940 4139 meritum.
1988 4085 2043 4139 lu

462 4178 634 4235 Adam
658 4177 878 4246 quippe,
904 4176 957 4228 in
988 4188 1095 4244 quo
1122 4174 1361 4226 omnium
1391 4172 1667 4227 hominum
1701 4174 2045 4244 prarl‘oruiata

462 4279 658 4325 natura
685 4276 793 4332 est,
823 4281 1012 4321 omnes
1060 4274 1421 4335 peccaverunt
1469 4264 1648 4335 (Rom.
1689 4281 1744 4331 ν,
1774 4264 1860 4332 12)
1888 4306 1902 4332 ,
1952 4282 2045 4320 ea-

463 4359 695 4429 demque
735 4356 999 4412 sententia
1028 4371 1191 4426 quam
1231 4354 1322 4410 ille
1353 4357 1568 4425 excepit
1609 4356 1853 4412 obstricti
1898 4366 2045 4413 sunt.

463 4447 651 4518 Neque
677 4448 745 4504 ab
796 4447 899 4503 hoc
936 4447 1189 4511 vinculo,
1244 4447 1408 4501 etiam
1458 4446 1501 4500 si
1551 4448 1782 4515 propriis
1814 4450 2047 4518 peccatis

2132 1857 2243 1911 iSse
2294 1857 2344 1910 in
2377 1873 2568 1913 omnes
2604 1859 2939 1916 difﬁtentur:
2963 1865 3213 1930 quoniam
3242 1865 3289 1919 si
3318 1865 3549 1935 primam
3576 1870 3717 1922 nati-

2132 1946 2354 2003 vitatem
2387 1950 2667 2019 originalis
2690 1952 2847 2021 culpa
2882 1968 2988 2006 non
3016 1954 3238 2024 obliget,
3271 1970 3377 2009 non
3406 1957 3512 2010 sint
3539 1958 3714 2012 obno-

2133 2039 2205 2093 xii
2231 2039 2446 2094 diabolo
2477 2041 2709 2109 parvuli,
2746 2052 2882 2097 'nec
2914 2043 3333 2115 indigeanterui
3360 2047 3427 2102 de
3450 2056 3717 2117 potesmte

2134 2132 2507 2198 tenebrarum,
2530 2133 2625 2202 qui
2656 2150 2948 2204 numquam
2991 2152 3019 2190 a
3065 2152 3163 2191 suo
3199 2149 3421 2195 auctore
3446 2140 3719 2197 discesse-

2134 2223 2266 2277 rint.
2297 2223 2404 2277 Nos
2432 2233 2613 2279 autem
2664 2227 2754 2295 qui
2785 2242 2973 2282 omnes
2999 2228 3050 2284 in
3088 2230 3254 2286 Adam
3288 2232 3516 2301 periisse
3552 2234 3719 2303 proﬁ-

2136 2324 2312 2370 temur
2349 2315 2535 2385 (Venit
2581 2318 2714 2371 enim
2744 2317 2917 2375 Filius
2941 2322 3159 2375 hominis
3187 2340 3414 2395 quatrere
3441 2335 3488 2379 et
3516 2327 3720 2381 salvere

2135 2407 2274 2473 quod
2317 2411 2536 2479 perierat
2582 2409 2742 2483 [Lua
2778 2429 2870 2467 xu
2902 2454 2915 2479 ,
2951 2412 3116 2486 10]),
3170 2433 3272 2472 nec
3320 2418 3551 2473 dicimus
3597 2422 3721 2476 ideo

2136 2502 2308 2555 creari
2336 2517 2656 2571 quemquam
2690 2505 2985 2574 hominem,
3016 2518 3073 2562 ut
3110 2510 3306 2566 diaboli
3345 2510 3503 2568 faciat
3528 2515 3721 2569 volun-

2138 2601 2303 2647 tatem
2328 2610 2342 2657 ;
2371 2605 2421 2648 et
2451 2599 2790 2665 agnoscimus
2820 2614 3033 2654 onmem
3060 2600 3330 2658 hoiuincm
3370 2620 3477 2660 non
3509 2608 3720 2661 redem-

2139 2693 2292 2755 ptum
2345 2685 2562 2741 diabolo
2613 2702 2735 2743 esse
2789 2692 3079 2759 captivum.
3141 2694 3520 2751 Prmvaricatio
3573 2700 3720 2754 enim

2142 2774 2417 2830 hominum
2474 2778 2754 2848 disposita:
2799 2796 2827 2834 a
2873 2784 3091 2839 smculis
3131 2788 3424 2843 crratioois
3470 2789 3719 2844 ordinem

2143 2870 2366 2924 turbare
2418 2886 2522 2924 non
2559 2874 2747 2942 potuit,
2774 2884 2829 2929 et
2860 2873 2881 2913 π
2912 2880 3108 2931 merito
3152 2890 3400 2936 creatura
3446 2886 3721 2951 peccatrix

2144 2960 2407 3029 pmnalem
2448 2960 2874 3020 dominationem
2922 2966 3066 3023 illius
3102 2970 3302 3039 patitur
3352 2974 3471 3039 cui,
3528 2975 3724 3030 relicto

2141 3065 2274 3105 vero
2302 3052 2549 3121 Domino,
2583 3066 2779 3123 sponte
2799 3071 2859 3112 se
2894 3059 3157 3114 vendidit.
3193 3062 3317 3117 ηερε
3358 3066 3558 3134 quippe
3608 3082 3725 3121 ser-

2065 3136 2111 3199 C
2145 3145 2285 3200 vitus
2309 3162 2415 3201 non
2446 3149 2711 3204 institutio
2739 3160 2823 3206 est
2856 3152 2969 3219 Dei,
3001 3153 3096 3208 sed
3128 3153 3422 3223 judicium;
3451 3174 3557 3227 quo
3579 3157 3726 3215 fraus

2143 3235 2452 3305 deceptoris
2496 3238 2696 3294 diaboli
2725 3241 2859 3295 facta
2893 3252 2975 3296 est
3003 3241 3235 3312 decepto
3262 3254 3317 3299 et
3338 3247 3477 3301 male
3502 3249 3725 3303 credulo

2145 3326 2349 3381 homini
2383 3344 2534 3397 poena
2559 3332 2788 3400 peccati.
2818 3332 2891 3387 De
2913 3347 3013 3403 qua
3044 3350 3204 3391 nemo
3234 3339 3464 3401 eruitur,
3495 3339 3597 3394 1ιίςὶ
3625 3356 3722 3410 per

2145 3420 2500 3477 mediatorem
2553 3423 2645 3477 Dei
2692 3432 2748 3479 et
2800 3426 3075 3481 hominum
3131 3428 3402 3485 hominem
3452 3432 3726 3489 Christum

2146 3514 2369 3568 Jesum:
2407 3514 2559 3584 cujus
2594 3518 2830 3584 gratuita
2870 3519 3039 3587 gratia
3067 3560 3083 3586 ,
3132 3531 3185 3576 et
3240 3524 3527 3577 multorum
3574 3526 3730 3580 malis

2150 3605 2353 3659 meritis
2374 3623 2477 3660 non
2505 3607 2778 3675 tribuitur,
2804 3618 2857 3663 et
2875 3611 3144 3666 nullorum
3178 3612 3333 3668 bonis
3354 3616 3559 3671 meritis
3590 3630 3732 3685 prte-

2151 3711 2381 3754 venitur.

2609 3793 2768 3865 233
2796 3794 3189 3852 CAPITULUM
3222 3796 3284 3851 v.

2803 3901 3074 3942 OBJECTIO.

2154 3978 2647 4053 Quodprccatorum
2671 3988 3161 4053 nostrorumauctor
3185 3983 3249 4036 sit
3294 3980 3428 4034 Deus
3464 3998 3482 4035 :
3506 3999 3563 4036 eo
3595 3984 3732 4053 quod

2220 4049 2408 4101 malum
2434 4050 2591 4118 faciat
2615 4051 2919 4103 voluntatem
2950 4052 3241 4117 hominum,
3266 4054 3479 4121 plasmet
3500 4049 3734 4108 subatan-

2219 4120 2339 4173 tiam
2367 4135 2481 4190 qua?
2512 4121 2735 4172 naturali
2758 4134 2896 4173 motu
2921 4130 2945 4168 ε
2972 4123 3103 4175 nihil
3131 4120 3288 4194 possit
3320 4124 3420 4177 nisi
3450 4142 3678 4195 peccare.

2789 4254 3091 4295 RESPONSIO.

2221 4352 2391 4423 Hujus
2422 4368 2637 4424 quoque
2666 4354 2985 4424 objectiouis
3024 4355 3233 4411 vanitas
3263 4356 3332 4412 de
3370 4358 3457 4412 illa
3490 4358 3736 4428 procedit

2151 4446 2335 4499 schola
2382 4446 2433 4499 in
2484 4461 2590 4516 qua
2638 4456 2826 4500 natura
2883 4447 3114 4501 humana
3165 4448 3421 4502 innunnis
3451 4467 3478 4504 a
3510 4462 3736 4520 peccato

464 4551 709 4607 careant,
734 4542 1103 4609 resolvuntur,
1137 4541 1236 4596 nisi
1269 4541 1430 4612 232
1461 4540 1512 4595 in
1534 4555 1876 4597 sacramento
1907 4558 2049 4598 mor—
2076 4518 2124 4577 D
2152 4536 2282 4591 Adin
2334 4545 2389 4591 ct
2430 4537 2597 4590 illaesa
2648 4536 2982 4601 defenditur;
3018 4548 3073 4591 ut
3109 4537 3233 4608 quia
3266 4556 3455 4594 omnes
3488 4543 3735 4599 homines

420 4656 425 4661 ι
466 4635 539 4690 tis
568 4641 625 4689 et
659 4632 1073 4689 resurrectionis
1104 4630 1306 4689 Christi
1359 4649 1453 4701 per
1498 4632 1759 4702 Spiritum
1798 4646 2044 4690 sanctum

464 4734 840 4784 renascantur.
875 4724 1045 4795 Nimis
1070 4740 1199 4795 ergo
1247 4725 1449 4794 impius
1480 4732 1536 4781 et
1562 4725 1816 4779 indoctus
1842 4734 1925 4780 est
1955 4727 2045 4796 qui

463 4804 653 4875 vitium
700 4828 904 4872 naturm
948 4830 1052 4870 non
1103 4816 1366 4870 discernit
1408 4815 1478 4870 ab
1522 4826 1745 4871 auctore
1777 4824 1979 4871 natura:
2017 4832 2047 4871 a

462 4926 573 4985 quo
625 4923 845 4981 prorsus
902 4908 1137 4962 alienum
1187 4916 1269 4962 est
1320 4906 1578 4977 quidquid
1628 4908 1679 4961 in
1726 4923 2047 4985 unoquoque

467 5012 491 5041 ε
524 4999 884 5055 damnandum
908 5008 1011 5053 est.
1043 4996 1203 5052 Creat
1234 4998 1375 5051 enim
1405 4998 1670 5064 homines,
1710 5010 1765 5053 ut
1792 5000 1900 5055 sint.
1953 5000 2051 5055 ho-

464 5093 675 5149 mines:
712 5105 811 5146 nec
837 5088 1263 5158 multiplicandis
1307 5091 1711 5155 generatiouum
1753 5094 2054 5149 successio-

465 5183 631 5239 nibus
665 5180 934 5252 opiﬁcium
980 5194 1136 5234 suum
1183 5177 1492 5245 subtrahit,
1541 5180 1834 5235 secundum
1874 5186 2051 5240 cousi-

538 5346 566 5375 ι
590 5336 756 5402 Editi,
782 5337 853 5391 ita
875 5346 1062 5388 tamen.
1089 5334 1188 5391 Ms.
1208 5332 1483 5397 Joliensis,
1499 5332 1587 5387 ille
1611 5342 1811 5400 tamen;
1832 5336 2046 5403 melius,

469 5418 529 5461 ut
554 5408 787 5463 videtur.

535 5476 565 5516 ι’
595 5478 723 5532 Mss.
759 5476 964 5545 Remig.
1003 5486 1051 5528 et
1075 5473 1184 5529 Jol.
1212 5474 1415 5528 addunt
1438 5474 1544 5539 hic,
1574 5489 1729 5527 causa
1756 5490 1773 5527 :
1800 5491 1919 5543 quae
1945 5492 2047 5533 vox

468 5548 808 5602 desideratur
832 5549 881 5598 in
906 5547 1082 5599 editis.

543 5629 565 5657 ε
600 5619 698 5672 Ms.
733 5618 1004 5674 Jolieusis,
1042 5616 1338 5670 damnatum
1369 5626 1463 5669 est.

539 5685 565 5725 ἀ
619 5686 844 5741 Additur
896 5688 1043 5741 enim.
1075 5688 1128 5738 in
1176 5702 1274 5741 nis.
1322 5686 1527 5759 Rctnig.
1595 5698 1650 5744 et
1690 5687 1817 5743 edit.
1882 5690 2043 5759 Oper.

470 5758 632 5830 Aug;
664 5760 849 5813 aberat
876 5772 906 5811 a
929 5760 1160 5811 caeteris.

2154 4626 2611 4697 prtevaricaﬁmuis
2641 4641 2764 4681 reos
2790 4636 2842 4681 et
2864 4625 2889 4663 ιι
2913 4628 3241 4684 damnationi
3281 4633 3541 4686 obnoxios
3564 4636 3732 4698 nasci,

2153 4718 2527 4787 periturusque
2550 4718 2649 4771 nisi
2682 4719 2733 4771 in
2765 4716 2979 4772 Christo
3010 4732 3384 4788 renascuntur,
3418 4728 3732 4786 asserimus,

2154 4809 2403 4865 eumdem
2454 4808 2732 4864 videamur
2781 4809 2962 4864 dicere
3008 4823 3282 4866 auctorem
3326 4817 3521 4881 culpre,
3576 4832 3735 4886 quem

2156 4901 2472 4971 proﬁtemur
2523 4900 2855 4956 conditorem
2922 4917 3041 4957 esse
3086 4915 3309 4958 natum.
3364 4906 3517 4972 Quod
3570 4921 3670 4960 nos
3708 4924 3736 4960 τι

2163 5014 2325 5052 διεηειι
2357 5007 2540 5052 nostro
2572 4994 2781 5063 penitus
2816 4993 3149 5059 abdicauius,
3180 4996 3271 5065 qui
3330 4999 3491 5050 Deum
3530 5000 3733 5065 justu-n

2158 5101 2212 5146 et
2235 5090 2456 5153 bonum,
2500 5088 2579 5142 sic
2627 5086 2875 5139 humana:
2904 5086 3248 5152 sulismntite,
3286 5087 3302 5125 ί
3338 5099 3390 5143 et
3420 5090 3736 5145 interiorum

2158 5183 2595 5248 exteriorumque
2616 5192 2869 5231 sensuum
2892 5178 3133 5233 novimus
3157 5189 3483 5246 creatorem,
3503 5190 3558 5234 ut
3588 5198 3741 5251 pror-

2228 5346 2252 5373 ο
2283 5336 2378 5388 Ms.
2409 5333 2687 5398 Juliensis,
2718 5350 2781 5387 ne
2809 5332 3093 5403 indigeant.

2230 5406 2250 5445 ί
2300 5406 2398 5459 Ms.
2432 5404 2640 5473 Remig.
2675 5420 2781 5456 non
2810 5404 2971 5456 habet
2994 5403 3129 5457 hanc
3156 5420 3366 5470 vocem,
3398 5407 3584 5460 merito

2225 5487 2251 5524 s
2277 5476 2439 5535 Editi.
2492 5491 2593 5527 non
2624 5476 2783 5544 possit
2813 5476 2934 5528 nisi.
2969 5475 3095 5528 Mss.
3129 5476 3339 5545 ltemig.
3363 5486 3418 5530 et
3446 5477 3579 5545 Jol.,
3614 5483 3746 5542 nihil

2157 5549 2313 5617 possit
2341 5546 2463 5617 nisi.

2232 5616 2255 5653 ιι
2290 5620 2385 5671 Ms.
2411 5616 2681 5675 Joliensi's.
2711 5615 3057 5668 damnationis
3088 5616 3353 5669 obnoxios.

2235 5686 2247 5723 ί
2283 5689 2337 5740 lu
2376 5704 2479 5740 ms.
2509 5687 2612 5741 Jol.
2646 5689 2798 5761 abest.
2844 5687 3101 5761 particula
3155 5696 3230 5761 et,
3280 5687 3579 5757 legiturque
3619 5688 3697 5744 sic
3721 5730 3739 5761 ,

2158 5762 2394 5815 humuua'
2419 5766 2719 5812 substantia:
2745 5758 3041 5831 interiorum
3072 5760 3502 5829 exteriorumque,
3538 5770 3651 5815 etc.
