4030 6178
604 291 740 348 PRO
777 283 1171 346 AUGUSTINO
1218 284 1729 344 RESPONSIONES
1768 284 1858 340 AD
1895 284 2242 342 CAPITULA
2279 285 2556 343 OBJECT.
2595 284 3230 344 VINCENTIANARUM.

3451 287 3555 347 l8!

286 419 376 462 sus
423 406 492 460 ab
539 403 638 460 illo
687 402 760 459 sit
801 400 1065 472 quidquid
1112 400 1346 471 pertinet
1393 398 1459 453 ad
1508 406 1785 462 naturam,
1817 405 1871 450 et
1898 400 1947 459 Α
1974 407 2066 453 aut
2092 399 2144 452 in
2169 397 2503 454 damnabiles
2531 413 2710 455 mores
2740 400 3162 456 irrevocabiliter
3194 403 3554 470 transierunt,

285 511 504 567 prorsus
536 504 563 533 ι
599 496 669 549 ab
700 495 794 549 illo
825 509 932 547 non
981 493 1051 547 sit
1084 491 1346 562 quidquid
1391 499 1580 544 contra
1620 499 1866 542 naturam

283 597 385 644 est.
437 587 725 641 Peccatum
775 594 954 640 autem
986 592 1171 638 contra
1224 591 1467 637 naturam
1512 588 1613 642 cst,
1659 579 1727 634 de
1765 594 1872 646 quo

287 695 437 735 mors
482 689 536 734 et
584 677 765 732 omnia
813 692 933 747 qua:
975 684 1100 730 sunt
1130 675 1320 730 mortis
1369 675 1634 729 oriuntur.
1668 671 1872 738 Quibus

285 770 446 823 malis
467 777 596 823 tunc
639 784 699 823 se
733 768 894 822 homo
925 766 1121 831 induit,
1156 766 1368 834 quando
1400 765 1549 818 illum
1589 762 1694 816 lide
1739 763 1872 817 obe-

285 862 595 931 d'entiaque
623 860 906 931 privatam,
949 861 1000 913 in
1042 874 1168 913 suas
1215 858 1601 927 promissiones
1627 854 1874 910 diabolus

284 973 310 1009 a
338 956 432 1010 Dei
459 956 576 1025 lege
602 954 860 1019 traduxit,
875 952 1165 1022 omniaque
1182 949 1513 1021 posteritatis
1531 951 1647 1018 ejus
1669 945 1871 1016 germi-

286 1063 352 1102 na
373 1047 476 1101 sibi
499 1063 594 1116 per
615 1045 976 1100 conditionem
995 1044 1300 1113 depravata:
1336 1043 1519 1112 stirpis
1559 1039 1872 1095 obstrinxit.

287 1139 440 1195 Unde
457 1139 502 1192 si
521 1138 692 1208 quain
710 1135 927 1191 Christo
955 1150 1092 1188 nova
1119 1142 1363 1189 creatura
1394 1131 1744 1205 estlllComt,
1765 1126 1872 1200 17),

285 1229 512 1285 Hibera
563 1231 619 1283 tit
660 1227 899 1294 diabolo,
931 1236 986 1281 et
1011 1225 1292 1294 subjicitur
1335 1224 1478 1288 Deo,
1522 1221 1813 1277 reformata
1843 1235 1873 1274 a

285 1321 632 1376 deformitate
661 1335 781 1384 sua,
813 1318 879 1372 ad
912 1317 1202 1386 imaginem
1232 1316 1347 1384 ejus
1375 1314 1465 1383 qui
1510 1312 1714 1368 creavit
1754 1326 1873 1365 eam

287 1410 484 1484 (Colos.
516 1427 600 1474 ιιι,
632 1411 741 1481 l0).
771 1408 926 1476 Quod
950 1409 1052 1463 nisi
1080 1411 1192 1474 liat,
1224 1416 1467 1462 remanet
1498 1406 1549 1460 in
1578 1404 1671 1459 illo
1693 1404 1745 1458 in
1769 1417 1876 1472 quo

287 1518 475 1559 omnes
507 1503 836 1569 moriuntur,
871 1515 976 1554 non
1010 1499 1214 1554 habens
1241 1509 1443 1552 sortem
1488 1496 1543 1550 iu
1584 1511 1649 1551 eo
1692 1495 1743 1548 in
1770 1508 1877 1563 quo

287 1611 481 1651 omnes
524 1594 890 1648 viviﬁcantur.
942 1591 1058 1647 Non
1108 1593 1267 1662 igitur
1317 1591 1632 1660 cujusquam
1673 1588 1876 1657 peccati

289 1698 309 1725 ε
335 1695 531 1741 auctor
569 1686 743 1749 Deus,
787 1683 886 1738 sed
931 1692 1138 1737 naturae
1164 1691 1380 1738 creator
1417 1692 1520 1736 est.
1574 1681 1703 1748 Quae
1753 1694 1876 1733 cum

1974 503 2083 542 non
2129 489 2348 544 dubium
2393 499 2475 544 est
2526 491 2668 560 quod
2711 492 2868 546 talem
2911 493 3238 548 voluntatem
3294 493 3557 549 habentes

1973 579 2113 633 salvi
2156 595 2278 635 esse
2332 582 2550 646 nolunt;
2589 591 2645 636 et
2686 582 2944 652 quamdiu
2984 583 3116 637 salvi
3163 599 3284 638 esse
3322 584 3509 638 nolunt
3537 624 3554 646 .

1974 673 2107 726 salvi
2138 688 2260 729 es.~c
2288 690 2394 729 non
2429 686 2671 745 possunt.
2707 676 2811 731 Sed
2847 676 2994 730 nullo
3023 675 3184 732 modo
3225 678 3555 733 credendum

1974 775 2057 818 est
2099 765 2404 836 huiusmodi
2451 769 2696 823 homines
2746 769 2798 822 in
2846 768 2986 823 hanc
3031 770 3461 839 desperationem
3490 786 3560 825 ex

1976 855 2070 910 Dei
2101 860 2382 913 voluntate
2411 860 2672 915 cecidisse
2705 876 2719 914 :
2762 875 2881 913 cunt
2918 861 3093 927 potius
3139 861 3336 916 allevet
3380 863 3558 915 Domi-

1977 962 2079 1003 nus
2123 964 2312 1005 omnes
2361 954 2450 1022 qui
2498 961 2794 1015 corruunt,
2850 961 2906 1007 et
2952 953 3122 1023 erigat
3163 971 3353 1010 omnes
3388 957 3557 1010 elisos

1981 1039 2154 1110 (Psal.
2188 1057 2364 1107 cxuv,
2410 1043 2488 1115 4).
2520 1043 2695 1099 Nemo
2723 1044 2865 1097 enim
2897 1045 2999 1097 nisi
3030 1046 3172 1099 illius
3200 1047 3366 1115 gratia
3402 1045 3562 1115 erigi-

1980 1137 2088 1196 tur,
2120 1148 2278 1187 nemo
2320 1132 2422 1188 nisi
2465 1134 2612 1189 illius
2660 1135 2828 1203 gratia
2861 1134 3150 1189 stabilitur.
3185 1136 3277 1190 Dei
3308 1150 3437 1204 ergo
3463 1150 3558 1189 vo-

1981 1221 2162 1276 luntas
2189 1233 2294 1289 est,
2327 1235 2382 1278 ut
2414 1226 2465 1279 in
2495 1226 2636 1280 bona
2660 1227 2936 1281 voluntate
2981 1236 3261 1281 maneatur
3307 1246 3321 1282 :
3373 1228 3462 1294 qui
3507 1235 3565 1282 et

1983 1316 2132 1383 prius
2167 1333 2330 1385 quam
2361 1317 2660 1386 desoratur,
2697 1320 2968 1374 neminem
3004 1320 3243 1386 deserit;
3271 1329 3325 1375 et
3363 1320 3561 1378 multos

1980 1408 2288 1464 desertores
2313 1424 2456 1480 sarpe
2489 1413 2773 1466 convertit.

2479 1522 2878 1582 CAPITULL'M
2931 1527 3065 1582 Vill.

2638 1632 2907 1674 OBJECTIO.

1985 1715 2008 1742 °
2046 1703 2195 1772 Quod
2227 1706 2356 1759 nolit
2401 1705 2572 1774 Dens,
2605 1718 2660 1761 ut
2690 1727 2863 1764 omnes
2911 1710 3151 1764 catholici
3181 1710 3232 1764 in
3261 1710 3363 1779 ﬁde
3386 1710 3562 1762 catho-

295 1788 612 1872 Ρθίθδιδίθξη
644 1777 896 1872 namcf“
927 1790 1031 1830 "0“
1064 1774 1452 1872 d°l_i"q“‘_mdit
1505 1783 1698 1872 590"“?
1735 1771 1878 1872 ἐφ’
1908 1770 1954 1830 Β
2054 1770 2155 1850 lica
2198 1808 2516 1865 perseverent
2540 1770 2567 1864 ,v
2600 1801 2689 1854 sed
2733 1802 2854 1855 velit
2902 1811 2954 1856 ut
2994 1818 3180 1871 magna
3219 1770 3400 1855 scinde
3446 1817 3567 1872 pars

291 1873 426 1937 quit,
454 1879 512 1924 et
548 1868 826 1938 deceptori
852 1883 950 1922 suo
980 1865 1197 1936 propria
1229 1866 1506 1920 voluntate
1532 1879 1591 1918 se
1614 1862 1876 1919 subdidit.

291 1960 394 2016 Nec
430 1959 689 2024 naturali,
733 1960 827 2013 sed
859 1957 1071 2025 captivo
1117 1964 1264 2008 motu
1294 1962 1544 2008 versatur
1593 1953 1645 2005 in
1696 1951 1826 2004 vitio
1858 1989 1874 2017 ,

294 2052 464 2108 donec
513 2054 776 2105 moriatur
820 2058 1042 2119 peccato
1072 2057 1126 2102 et
1159 2047 1302 2100 vivat
1344 2047 1450 2098 ι)υο
1503 2059 1517 2096 ;
1565 2043 1710 2112 quod
1760 2043 1881 2096 sine

293 2147 461 2215 gratia
496 2144 591 2199 Dei
610 2130 797 2196 lacere
830 2157 935 2195 non
966 2148 1183 2211 potest;
1213 2136 1336 2207 quia
1370 2137 1670 2190 libertatent
1718 2147 1882 2204 quam

295 2238 541 2293 libertate
566 2235 823 2305 perdidit,
853 2235 956 2288 nisi
991 2231 1211 2286 Christo
1238 2229 1502 2283 liberante
1531 2243 1636 2280 non
1670 2225 1880 2294 recipit.

298 2330 414 2384 Non
440 2338 518 2383 est
548 2328 693 2380 enim
720 2325 864 2379 aliud
883 2339 1066 2377 nomen
1096 2323 1188 2375 sub
1214 2318 1341 2374 cazlo
1367 2321 1544 2372 datum
1568 2317 1881 2384 hominibus,

297 2424 346 2475 in
372 2437 472 2491 qua
508 2428 747 2490 Oporteat
780 2416 949 2472 salvos
980 2415 1095 2483 ﬁeri
1119 2411 1261 2487 (Act.
1297 2411 1502 2481 ΝΛΞ).

820 2547 1216 2606 CAPITULUM
1255 2547 1348 2603 Vl.

971 2657 1250 2699 οωεατιο.

304 2741 449 2808 Quod
484 2738 624 2794 Deus
658 2738 764 2792 tale
788 2738 839 2790 in
867 2735 1157 2789 hominibus
1181 2736 1396 2808 plasntet
1419 2732 1710 2808 arbitrium,
1740 2732 1891 2808 quale

370 2823 442 2864 rst
494 2813 826 2868 dwmonnm,
896 2809 1032 2876 quod
1091 2801 1302 2875 proprio
1359 2813 1499 2856 motu
1566 2802 1695 2856 nihil
1746 2801 1891 2856 aliud

369 2879 396 2919 ἀ
426 2883 585 2952 possit
619 2881 764 2944 velle,
796 2877 894 2932 nisi
927 2876 1143 2929 malum.

945 2980 1250 3022 RESPONSIO.

371 3062 542 3118 Totus
563 3061 780 3132 quidem
807 3059 1047 3122 mundus,
1076 3057 1213 3111 sicut
1235 3055 1309 3109 ait
1328 3055 1569 3111 Joannes
1595 3053 1892 3124 apostolus,

306 3155 357 3207 in
381 3155 610 3224 maligno
643 3153 841 3219 positus
876 3159 950 3205 est
982 3149 1024 3220 (l
1060 3147 1220 3201 Joan.
1254 3163 1310 3213 v,
1340 3146 1459 3214 l9);
1509 3154 1564 3200 et
1602 3146 1894 3199 multorum
1922 3137 1968 3199 C

312 3248 586 3302 hominum
641 3245 762 3298 talis
803 3252 886 3298 est
938 3241 1165 3303 malitia,
1216 3239 1389 3308 qualis
1421 3249 1472 3294 et
1503 3235 1666 3308 234
1693 3237 1894 3291 dacmoc

311 3353 434 3395 num
447 3337 727 3406 .Qualibus
743 3335 957 3390 diccbat
981 3332 1238 3388 Dominus
1253 3348 1268 3387 :
1286 3329 1564 3402 Progenies
1587 3331 1896 3396 viperarum,

311 3430 564 3499 quomodo
593 3427 807 3497 potestis
837 3426 970 3478 bona
1000 3423 1157 3492 loqui,
1205 3439 1321 3475 cum
1355 3422 1468 3475 sitis
1502 3419 1624 3473 ntali
1680 3419 1897 3488 (Matth.

313 3536 403 3587 ιιι,
447 3520 584 3590 34)?
614 3527 689 3584 et,
727 3517 829 3572 Vos
860 3517 923 3569 de
958 3514 1163 3568 diabolo
1210 3522 1355 3583 patre
1385 3513 1492 3566 nati
1522 3512 1669 3578 estis,
1702 3522 1749 3566 et
1779 3528 1901 3564 con-

315 3613 655 3680 cupiscentias
683 3610 845 3682 patris
883 3610 1030 3662 vestri
1059 3609 1232 3674 [acere
1271 3607 1419 3660 vultis
1444 3605 1624 3676 (Joan.
1647 3620 1764 3672 vut,
1784 3603 1900 3674 All).

317 3705 415 3760 Sed
447 3708 552 3758 hoc
582 3705 723 3757 inter
757 3703 928 3757 malos
972 3703 1217 3757 homines
1264 3700 1425 3755 distat
1471 3709 1522 3753 et
1577 3697 1852 3751 da‘mones
1883 3737 1902 3764 ,

317 3798 453 3865 quod
487 3795 798 3851 hominibus
822 3797 981 3850 etiam
1024 3795 1177 3848 valde
1208 3792 1361 3846 malis
1386 3799 1655 3860 superest,
1685 3789 1731 3843 si
1766 3790 1905 3842 Dens

317 3889 661 3952 misereatur,
694 3887 1102 3949 reconciliatio;
1148 3885 1483 3939 (temonibus
1532 3892 1711 3938 autem
1761 3883 1906 3937 nulla

318 3990 403 4034 est
429 3981 481 4034 in
511 3988 774 4033 aeternum
803 3987 1014 4033 servata
1045 3977 1348 4031 conversio.
1381 3975 1532 4030 Sicut
1555 3990 1681 4044 ergo
1703 3989 1906 4045 praeva-

324 4072 650 4126 ricatoribus
693 4071 898 4140 angelis
927 4086 1031 4124 non
1074 4070 1214 4124 Deus
1244 4067 1436 4126 indidit
1467 4068 1635 4134 illaut,
1688 4084 1807 4138 qua:
1853 4067 1906 4122 in

320 4167 551 4220 veritate
583 4180 689 4218 non
720 4161 1098 4234 stctit(ll;id.),
1130 4163 1498 4228 voluntatem,
1545 4161 1614 4215 ita
1658 4176 1756 4216 nec
1808 4162 1907 4215 ho-

321 4259 558 4311 minibus
585 4257 728 4309 hunc
759 4255 1004 4309 allectum
1031 4297 1044 4320 ,
1075 4269 1182 4324 quo
1211 4253 1482 4308 diabolunt
1530 4253 1865 4307 imitarentur
1892 4295 1908 4319 ,

323 4351 577 4405 inseruit.
612 4349 833 4403 Mendax
862 4349 1006 4404 enim
1052 4347 1121 4403 de
1164 4347 1380 4417 proprio
1407 4347 1643 4415 loquitur
1671 4344 1862 4416 (Ibid.)
1893 4363 1909 4412 ;

322 4455 381 4499 ct
407 4444 539 4497 liber
569 4443 600 4497 ὲ
643 4441 926 4497 mendacio
955 4456 1060 4496 non
1092 4441 1216 4509 erit,
1250 4440 1351 4495 nisi
1390 4455 1514 4494 eum
1547 4439 1748 4494 veritas
1779 4440 1910 4494 libe-

325 4536 542 4591 faverit.

830 4626 1228 4684 CAPITULUM
1268 4624 1381 4680 ΥΠ.

1001 4733 1266 4774 οωΕϐΤὲΟ.

331 4814 480 4880 Quod
492 4813 600 4869 hac
618 4813 685 4868 sit
707 4814 943 4866 voluntas
968 4811 1144 4874 Dei,ut
1160 4826 1343 4875 magna
1366 4825 1487 4879 pars
1507 4807 1914 4862 Christianarum

671 4884 811 4938 salva
836 4898 943 4936 esse
973 4897 1063 4935 nec
1090 4881 1232 4945 velit,
1267 4896 1354 4933 nec
1383 4881 1562 4950 possit.

961 4986 1269 5028 BESPONSIO.

401 5086 456 5142 Si
481 5088 548 5142 de
577 5087 662 5141 his
693 5085 797 5140 hoc
825 5083 1020 5138 dicitur
1047 5083 1136 5153 qui
1166 5082 1421 5151 pietatem
1443 5079 1765 5134 Christianae
1792 5093 1918 5133 con-

327 5181 654 5235 versationis
682 5187 740 5233 et
770 5176 891 5231 ﬁdei
919 5176 1257 5242 deserentes,
1291 5173 1346 5229 in
1393 5171 1652 5244 profanos
1702 5188 1919 5230 errores

406 5345 430 5373 ι
454 5336 619 5402 Editi,
645 5351 750 5389 non
778 5334 952 5389 abillo
974 5334 1059 5388 sit.
1087 5331 1421 5404 Corrigimus
1463 5348 1530 5388 ex
1568 5332 1699 5389 edit.
1749 5334 1913 5404 Oper.

329 5406 465 5475 Aug.
497 5408 562 5461 ad
595 5424 700 5460 ms.
737 5407 948 5474 Remig.
979 5414 1188 5459 exacta.

408 5473 438 5515 Β
460 5479 529 5531 Ita
560 5493 663 5530 ms.
695 5473 950 5529 Joliensis
979 5491 1099 5527 cum
1135 5490 1237 5528 ms.
1276 5474 1486 5538 Ben-ig.
1516 5482 1568 5525 et
1593 5473 1721 5526 edit.
1747 5474 1912 5535 Oper.

331 5548 397 5599 S.
416 5550 544 5613 Aug.
576 5546 665 5600 ulti
696 5547 911 5599 additur
933 5546 1244 5615 pra'pnsitio
1269 5562 1300 5596 a
1322 5545 1545 5596 diabolo.
1575 5545 1736 5615 El‘lll,
1756 5546 1915 5598 libera

335 5619 403 5670 sit
426 5619 627 5671 diabolo
652 5627 700 5670 et
728 5614 1050 5684 subjiciatur.
1075 5617 1261 5669 Libera
1293 5616 1496 5668 diabolo
1519 5630 1539 5679 ;
1567 5624 1622 5667 ut
1653 5614 1809 5668 ltom.
1837 5631 1910 5683 vt,

339 5687 412 5740 ΞΟ
438 5707 450 5739 :
478 5689 613 5740 liberi
641 5689 874 5759 justitia,
907 5688 1089 5759 dativo
1120 5700 1267 5759 casu.

421 5771 437 5795 ε
469 5759 578 5812 Vox
625 5753 724 5814 i'sta
767 5756 905 5812 Deus
953 5757 1131 5813 aberat
1168 5756 1235 5811 ab
1263 5753 1439 5813 editis.
1490 5754 1808 5812 ltestituitur
1845 5772 1912 5811 cx

2053 1898 2322 1958 apostalet.

2622 1977 2709 2014 ΒΕ·
2724 1977 2908 2016 ΡΗΝΜΟ

2055 2047 2172 2103 Non
2204 2057 2285 2103 est
2326 2049 2606 2106 dissimilis
2643 2051 2993 2122 blasphemia:
3022 2053 3183 2121 hujus
3212 2052 3457 2121 impietas
3481 2093 3497 2120 ,
3540 2070 3570 2108 ιι

1987 2141 2324 2208 prmcedente
2353 2143 2615 2197 sententia
2634 2159 2649 2208 ;
2671 2143 2814 2212 quod
2843 2159 2970 2213 ergo
2995 2144 3060 2198 ad
3089 2144 3258 2212 illam,
3288 2144 3389 2199 huc
3410 2144 3572 2200 etiam

1986 2234 2053 2287 ad
2083 2233 2262 2298 istam,
2293 2247 2412 2303 quae
2443 2232 2496 2288 in
2525 2234 2676 2288 nullo
2697 2245 2776 2289 est
2803 2234 3035 2302 diversa,
3061 2249 3380 2304 responsum
3411 2235 3496 2289 sit.

2523 2347 2924 2411 CAPITULUM
2953 2347 3042 2403 IX.

2651 2454 2921 2495 OBJECTIO.

1995 2529 2146 2597 Quod
2173 2530 2287 2584 velit
2322 2528 2462 2585 Deus
2494 2539 2549 2583 ut
2589 2547 2780 2601 magna
2838 2548 2956 2601 pars
2997 2540 3292 2584 sanctorum
3321 2546 3353 2584 a
3387 2530 3576 2584 sancti-

2500 2623 2619 2675 tatis
2645 2624 2904 2692 prOposito
2933 2631 3071 2675 ruat.

2627 2729 2933 2770 BESPONSIO.

2065 2807 2175 2863 Nec
2220 2807 2379 2877 hujus
2428 2807 2762 2863 deﬁnitionis
2800 2807 3008 2861 insania
3047 2805 3193 2861 aliud
3225 2812 3384 2860 sonat
3421 2820 3578 2875 quam

1997 2901 2208 2971 gemina
2251 2898 2483 2968 objectio
2518 2899 2811 2966 praelocuta
2850 2907 2931 2953 est
2962 2899 3143 2969 235.
3184 2897 3341 2954 Unde
3369 2900 3578 2951 miran-

1997 2991 2125 3045 dunt
2171 2999 2254 3045 est
2308 2989 2864 3059 olijicientt-tn,tertio
2909 2990 3169 3057 repetisse
3215 2988 3359 3058 quod
3411 2987 3582 3043 semel

2000 3082 2204 3137 dixisse
2228 3081 2513 3136 sull'ecerat
2542 3099 2556 3135 :
2587 3079 2704 3146 sed,
2737 3088 2794 3134 ut
2823 3095 2911 3134 res
2939 3091 3041 3146 est,
3071 3095 3355 3136 numerum
3402 3080 3584 3134 crimi-

2002 3176 2237 3232 nationis
2284 3189 2480 3243 augere
2523 3175 2727 3242 voluit,
2779 3173 2905 3245 quia
2954 3188 3171 3229 sensum
3215 3173 3425 3229 variare
3479 3189 3587 3232 non

2003 3269 2195 3336 potuit.
2565 3335 2576 3336 7
2603 3334 2608 3336 Α
2646 3326 2680 3336 ν,

2542 3334 2939 3393 ρΑιιιτυιυΜ
2979 3335 3048 3392 Χ.

2670 3445 2938 3486 OBJECTIO.

2007 3525 2160 3592 Quod
2183 3523 2443 3578 adulteria
2468 3534 2515 3577 et
2544 3524 2851 3592 corruptelis
2879 3523 3136 3593 virginum
3164 3538 3425 3577 sacrarum
3467 3521 3586 3573 ideo

2073 3614 2408 3685 contingant,
2441 3613 2561 3682 quia
2587 3613 2705 3666 illas
2736 3612 2874 3666 Deus
2911 3613 2977 3665 ad
3005 3611 3103 3666 hoc
3129 3611 3508 3683 prwdestinavit
3540 3617 3592 3662 ut

2074 3705 2336 3760 caderent.

2647 3810 2715 3848 ΒΕ
2729 3810 2950 3850 -Ροκειω

2083 3889 2411 3944 Detestanda
2443 3896 2499 3942 ct
2527 3886 2885 3941 abominanda
2917 3885 3131 3954 opinio,
3164 3899 3282 3953 quae
3309 3883 3474 3938 Deum
3501 3899 3597 3938 cu-

2005 3982 2256 4054 jusquam
2304 3981 2460 4036 mala}
2504 3979 2799 4034 voluntatis
2839 3987 2928 4031 aut
2976 3977 3130 4030 mala:
3164 3974 3394 4028 actionis
3421 3975 3597 4028 credit

2011 4085 2286 4129 auctorem
2318 4091 2330 4126 :
2360 4074 2513 4142 cujus
2542 4068 2944 4140 przedcstiuatio
2987 4081 3276 4136 numquam
3309 4074 3459 4120 extra
3504 4066 3598 4119 bo-

2013 4168 2260 4230 nitatem,
2314 4179 2602 4232 numquam
2657 4169 2807 4216 extra
2848 4157 3111 4228 justitiam
3169 4166 3271 4212 est.
3340 4154 3598 4211 Universos

2013 4261 2155 4316 euint
2195 4259 2290 4312 via:
2315 4255 2520 4310 Domini
2547 4253 2899 4307 misericordia
2925 4259 2974 4304 et
3011 4250 3197 4304 veritas
3227 4246 3400 4317 (Psal.
3435 4263 3558 4301 xxiv
3583 4289 3596 4310 ,

2018 4351 2133 4419 10).
2182 4345 2460 4403 Adnlteria
2511 4346 2653 4399 enim
2690 4341 2706 4381 ι
2747 4342 3136 4405 maritatarutn,
3178 4347 3233 4394 et
3266 4340 3601 4408 corruptelas

2018 4440 2283 4510 virginum
2315 4453 2420 4492 non
2453 4436 2736 4490 instituere
2765 4435 2912 4486 novit
2938 4439 3121 4484 sancta
3151 4428 3414 4484 Divinitas
3441 4469 3454 4492 ,
3505 4429 3601 4483 sed

2022 4533 2309 4594 damnare;
2341 4543 2441 4582 nec
2463 4526 2770 4596 disponere,
2805 4522 2899 4578 sed
2933 4521 3142 4591 punire.
3172 4519 3303 4586 Qua:
3333 4519 3471 4573 mala
3502 4519 3602 4572 ho-

2022 4626 2196 4678 mines
2230 4635 2350 4675 cunt
2379 4617 2692 4681 admittunt,
2725 4614 2838 4668 suis
2870 4609 3325 4682 concupiscentiis
3367 4618 3421 4664 et
3455 4609 3606 4676 cupi-

2020 4712 2279 4769 ditatibus
2323 4707 2589 4772 serviunt,
2641 4718 2775 4775 quas
2819 4703 2888 4758 ab
2935 4703 3024 4757 illa
3069 4701 3240 4772 prima
3291 4701 3606 4754 voluntaria:

2023 4799 2480 4875 przevarieationis
2509 4796 2631 4852 labe
2659 4802 2937 4850 traxerunt
2988 4811 3003 4848 :
3047 4807 3175 4848 eum
3210 4801 3389 4847 autent
3436 4791 3608 4845 decli-

2023 4905 2152 4952 nant
2180 4909 2209 4948 a
2237 4891 2382 4947 malo
2411 4898 2466 4945 et
2493 4888 2696 4943 iaciunt
2725 4887 2952 4952 bonum,
2981 4903 3013 4940 a
3046 4885 3263 4940 Domino
3283 4900 3492 4955 gressus
3519 4885 3608 4938 Ito-

2025 4988 2177 5042 minis
2219 4985 2544 5054 diriguntur,
2597 4989 2646 5034 et
2691 4980 2825 5034 viam
2881 4982 2992 5052 ejus
3035 4978 3165 5033 volet
3205 4977 3381 5051 (Psal.
3423 4992 3608 5038 xxsvt,

2024 5080 2141 5150 23).
2197 5078 2426 5144 Prooter
2478 5073 2621 5145 quod
2663 5071 3150 5141 diciLApostolos,
3182 5070 3403 5124 Oramus
3437 5079 3610 5122 autem

2029 5182 2055 5221 ε
2081 5171 2148 5225 ad
2180 5168 2365 5232 Deum,
2398 5176 2452 5220 ut
2483 5166 2611 5220 nihil
2653 5166 2778 5218 ntali
2808 5164 3044 5235 faciatis;
3083 5177 3186 5215 non
3214 5169 3271 5213 ut
3292 5176 3386 5215 nos
3423 5159 3609 5231 probat

2023 5345 2159 5387 mss.
2189 5330 2396 5401 Remig.
2425 5339 2477 5385 et
2502 5329 2817 5401 Joliensiac
2841 5327 2969 5380 edit.
3000 5325 3164 5401 Oper.
3190 5325 3248 5401 _S.
3282 5326 3508 5394 August.

2094 5401 2118 5440 ἀ
2149 5404 2236 5458 Sic
2267 5394 2371 5456 ms:
2397 5402 2602 5468 Remig.
2637 5409 2692 5454 ct
2719 5399 2824 5454 Jol.
2855 5413 2974 5450 cmn
3003 5395 3134 5450 edit.
3177 5395 3316 5464 Aug.
3364 5402 3432 5450 At
3476 5394 3609 5451 editi

2021 5483 2201 5533 antea,
2231 5473 2385 5543 possit
2411 5474 2486 5525 vel
2516 5471 2653 5543 velit.

2098 5556 2120 5581 ι’
2151 5537 2246 5598 Ms:
2273 5543 2543 5601 .Ioliensis,
2580 5540 2713 5604 Quia
2753 5537 2933 5590 noluit.

2099 5613 2118 5652 ί
2156 5614 2497 5681 Retnigianns
2524 5624 2651 5681 tus.,
2672 5610 2991 5681 maritorum.

2096 5695 2121 5730 κ
2152 5676 2412 5745 ιιίιΙίιί,ἀι1
2441 5679 2734 5751 Dominum.
2762 5681 2853 5751 ΜΒ.
2881 5678 3087 5751 lietttig.
3111 5686 3167 5735 et
3189 5679 3316 5737 edit.
3347 5676 3599 5748 August.

2023 5757 2090 5810 ad
2119 5754 2304 5825 Deum,
2339 5761 2394 5806 ut
2432 5749 2573 5822 apud
2604 5750 2935 5822 Apostolum.
