4030 6178
411 330 518 398 183

1649 322 1709 380 S.
1749 318 2086 376 PROSPERI
2125 320 2456 390 AQUITANI

3573 330 3678 391 εει

411 462 770 520 appaream“,
793 446 882 501 sed
911 455 966 501 ut
990 461 1075 501 vos
1100 442 1237 516 quod
1261 444 1447 498 bonum
1467 448 1540 497 est
1559 437 1760 510 [aciatis
1784 433 1851 506 (ll
1870 431 1990 488 Cor.
2020 437 2072 496 Α
2099 441 2156 488 ιιι
2185 450 2252 490 ex
2279 435 2406 492 ﬁliis
2429 438 2631 496 diaboli
2664 441 2793 498 ﬁant
2823 443 2920 500 ﬁlii
2953 443 3068 512 Dei,
3103 451 3158 500 et
3194 459 3266 500 ex
3307 444 3508 516 templo
3561 445 3677 501 dte-

412 551 538 603 xm,
563 535 638 607 7).
667 535 782 592 Non
809 549 938 605 ergo
963 548 1124 590 casus
1153 534 1443 598 ruentium,
1477 544 1577 586 nec
1606 525 1992 597 malignitatem

415 628 741 697 iniquorum,
773 641 946 697 neque
971 626 1293 695 cupiditates
1340 621 1678 694 peccantium
1712 616 1994 688 praedesti-

415 721 562 774 natio
597 719 723 785 Dei,
750 724 844 773 aut
885 716 1159 780 excitavit,
1205 726 1297 770 aut
1336 715 1545 778 suasit,
1597 718 1691 767 aut
1737 707 1992 778 impulit:

414 810 509 865 sed
539 809 694 879 plane
722 809 1134 879 praedestinavit
1167 807 1428 877 judicium
1469 820 1622 860 suum
1651 844 1667 869 ,
1726 816 1833 871 quo
1874 798 1996 854 uni.

415 901 609 970 cuique
638 900 1000 956 retributurus
1040 907 1125 954 est
1165 908 1324 968 prout
1366 897 1553 967 gessit,
1604 894 1718 950 sive
1749 893 1946 946 bonum
1977 929 1993 955 ,

415 991 530 1046 sive
575 992 799 1045 malum.
845 989 999 1059 Quod
1036 990 1294 1058 judicium
1337 989 1573 1042 futurum
1617 985 1841 1040 omnino
1890 996 1997 1038 non

417 1091 581 1148 esset,
605 1081 651 1136 si
674 1082 918 1137 homines
943 1082 1032 1136 Dei
1057 1082 1330 1136 voluntate
1350 1085 1656 1149 peccarent.
1683 1076 1800 1131 Erit
1817 1084 1996 1129 autem

416 1172 857 1231 manifestissime
890 1192 904 1230 :
932 1184 983 1230 et
1015 1174 1190 1228 omnis
1231 1173 1395 1227 homo
1440 1186 1598 1242 quem
1639 1167 1894 1224 discretio
1919 1166 2000 1219 di-

416 1266 557 1320 vinae
584 1264 823 1320 scientia:
859 1265 912 1320 in
958 1266 1180 1321 sinistra
1205 1263 1544 1320 constituerit
1574 1269 1744 1330 parte,
1774 1258 2000 1313 damna-

418 1355 603 1424 bitur;
646 1357 767 1428 quia
799 1372 905 1413 non
933 1357 1067 1424 Dei,
1098 1357 1193 1412 sed
1238 1371 1391 1412 suam
1434 1360 1723 1410 exsecutus
1769 1357 1856 1407 est
1902 1363 1998 1404 vo-

418 1446 704 1503 luntatem-

947 1536 1344 1595 CAPITULUM
1376 1537 1466 1593 XI.

1075 1646 1349 1686 OBJECTIO.

424 1722 578 1790 Quod
603 1723 811 1794 quando
851 1725 1097 1778 incestant
1143 1735 1310 1792 patres
1336 1725 1493 1792 ﬁlias,
1524 1732 1571 1776 et
1604 1730 1792 1775 matres
1821 1721 1996 1801 ﬁlios,

489 1794 569 1846 vel
607 1795 812 1846 auando
859 1796 987 1846 servi
1018 1795 1252 1846 dominos
1282 1795 1539 1846 occidunt.
1571 1794 1685 1846 ideo
1722 1793 1834 1846 ﬁat.
1878 1807 1996 1846 quia

489 1809 548 1846 ve

487 1864 565 1918 ita
597 1864 735 1918 Deus
771 1864 1153 1934 praedestinavit
1177 1874 1230 1918 ut
1255 1865 1419 1933 ﬁeret.

1060 1991 1372 2033 RESPONSIO.

492 2086 550 2143 Si
579 2086 794 2148 diabolo
815 2088 1144 2159 objiceretur
1166 2087 1308 2159 quod
1339 2087 1525 2144 talium
1563 2086 1858 2142 facinorum
1886 2084 2003 2155 ipse

421 2158 634 2247 auctor,
662 2179 779 2249 ipse
801 2158 945 2236 esset
966 2158 1240 2245 incentor;
1261 2191 1390 2250 puto
1421 2179 1563 2251 quod
1588 2179 1764 2249 aliqua
1794 2179 2004 2233 ratione

422 2288 722 2329 exonerare
765 2288 823 2331 se
861 2275 960 2328 hac
1001 2283 1182 2344 posset
1227 2273 1458 2338 invidia,
1496 2282 1551 2328 et
1593 2272 1778 2327 talium
1833 2271 2003 2327 scele-

421 2379 542 2420 rum
582 2372 608 2401 ι
637 2372 942 2433 patratores
983 2365 1146 2436 236
1187 2364 1255 2420 de
1303 2365 1542 2434 ipsorum
1571 2364 1847 2418 voluntate
1873 2377 2004 2416 con-

418 2457 688 2520 vinceret;
713 2458 836 2524 quia
864 2458 963 2512 etsi
987 2457 1281 2512 delectatus
1318 2464 1403 2511 est
1445 2455 1625 2510 furore
1655 2461 1998 2524 peccantum,

419 2549 675 2620 probaret
698 2557 874 2605 tamen
899 2565 958 2606 se
987 2564 1089 2605 non
1114 2549 1360 2605 intulisse
1381 2549 1488 2605 vim
1524 2550 1832 2604 criminum.
1887 2548 2002 2616 Qua

417 2654 551 2710 ergo
597 2638 926 2709 insipientia,
972 2655 1142 2710 quave
1182 2639 1454 2695 dementia
1501 2640 1759 2695 definitur
1796 2638 1861 2693 ad
1906 2638 2001 2692 Dei

421 2728 761 2786 referendum
791 2745 913 2786 esse
940 2731 1246 2798 consilium,
1278 2730 1423 2800 quod
1467 2747 1565 2786 nec
1592 2729 1811 2785 diabolo
1837 2730 1890 2784 in
1920 2738 2001 2784 to-

419 2835 530 2878 tum
556 2823 750 2879 ascribi
784 2830 982 2892 potest,
1013 2822 1105 2892 qui
1137 2823 1190 2876 in
1221 2832 1535 2892 peccantum
1567 2822 1782 2891 flagitiis
1813 2821 2000 2876 illece-

417 2916 637 2972 brarum
664 2915 898 2982 adjutor,
926 2931 1031 2970 non
1055 2915 1398 2969 voluntatum
1436 2913 1740 2968 credendus
1769 2923 1852 2968 est
1879 2928 2001 2968 esse

416 3009 741 3080 generator?
767 3008 909 3063 Nihil
935 3023 1062 3077 ergo
1089 3007 1270 3062 talium
1303 3007 1643 3078 negotiorum
1686 3007 1830 3060 Deus
1862 3022 1996 3075 pra:-

416 3101 703 3158 destinavit
733 3108 790 3156 ut
828 3099 1016 3165 ﬁeret;
1049 3098 1075 3137 δ
1118 3114 1217 3154 nec
1270 3098 1430 3154 ullam
1481 3099 1712 3152 animam
1749 3099 1999 3168 nequiter

418 3196 755 3264 turpiterque
805 3193 1107 3259 victuram,
1167 3191 1233 3246 ad
1279 3191 1381 3247 hoc
1428 3200 1486 3247 ut
1528 3192 1704 3246 taliter
1747 3192 1993 3258 viveret,
2027 3177 2073 3241 C

416 3286 783 3356 praeparavit;
811 3284 906 3340 sed
939 3284 1100 3339 talem
1136 3283 1365 3338 futuram
1389 3298 1494 3338 non
1524 3283 1788 3352 ignoravit
1810 3324 1822 3346 ,
1851 3291 1906 3337 et
1933 3281 2000 3337 de

417 3377 512 3432 tali
546 3377 689 3447 juste
713 3392 771 3430 se
789 3376 1150 3444 judicaturum
1176 3390 1295 3431 esse
1324 3376 1613 3444 praescivit.
1641 3377 1811 3443 Atque
1840 3376 1908 3427 ita
1933 3373 1999 3428 ad

418 3468 942 3538 prmdestinstionem
966 3467 1082 3535 ejus
1106 3466 1235 3521 nihil
1266 3466 1406 3521 aliud
1431 3466 1618 3520 referri
1650 3473 1868 3534 potest,
1895 3466 2000 3521 nisi

417 3557 561 3630 quod
603 3566 696 3613 aut
738 3556 805 3612 ad
842 3555 1076 3612 debitam
1096 3555 1319 3626 justitiae
1350 3555 1784 3623 retributionem,
1814 3564 1907 3610 aut
1932 3555 2000 3612 ad

417 3649 710 3706 indebitam
740 3647 974 3720 pertinet
998 3648 1188 3718 gratia:
1220 3648 1545 3718 largitatem.

918 3779 1318 3838 CAPITULUM
1364 3780 1484 3836 ΧΗ.

1090 3889 1358 3928 OBJEC'I'IO.

421 3965 572 4033 Quod
603 3964 698 4018 Dei
727 3964 1175 4034 prwdestinatione
1200 3966 1485 4034 eﬁiciautur
1521 3964 1584 4018 de
1615 3966 1739 4033 ﬁliis
1775 3965 1873 4021 Dei
1902 3965 2000 4032 ﬁlii

488 4035 704 4102 diaboli,
751 4037 890 4088 etde
924 4035 1110 4103 templo
1157 4037 1317 4087 sancti
1370 4034 1605 4102 Spiritus
1653 4038 1844 4103 templa
1895 4037 2000 4089 dce-

489 4121 694 4161 monum
716 4143 734 4172 ,
762 4114 807 4159 et
837 4105 900 4158 de
926 4105 1164 4157 membris
1201 4103 1390 4157 Christi
1426 4108 1653 4159 membra
1697 4107 1997 4161 meretricis.

1045 4207 1347 4247 RESPONSIO.

485 4302 893 4361 Praedestinatio
913 4302 1009 4359 Dei
1034 4303 1135 4358 etsi
1176 4303 1314 4373 apud
1337 4318 1438 4360 nos
1457 4346 1474 4372 ,
1517 4303 1644 4361 dum
1677 4306 1731 4362 in
1761 4321 2002 4377 praesen-

415 4399 485 4454 tis
509 4399 632 4454 vitae
661 4396 915 4468 periculis
957 4411 1255 4463 versamur,
1296 4397 1496 4451 incerta
1527 4406 1642 4463 est;
1675 4400 1814 4468 apud
1848 4399 1997 4455 illum

413 4504 593 4548 tamen
617 4493 707 4563 qui
739 4492 865 4548 fecit
891 4507 1010 4562 quae
1038 4491 1214 4546 futura
1242 4498 1368 4546 sunt
1401 4491 1855 4548 incommutabilis
1879 4509 2000 4563 pcr-

412 4592 612 4640 manet.
627 4583 736 4640 Nec
750 4599 869 4654 quae
892 4581 1215 4637 illuminavit
1237 4583 1497 4647 obcaecat,
1513 4598 1612 4638 nec
1629 4599 1746 4653 qua:
1763 4584 1995 4640 aedifica-

409 4677 487 4732 vit
515 4676 764 4739 destruit,
794 4689 894 4730 nec
911 4691 1029 4744 qua:
1052 4675 1309 4744 plantavit
1332 4675 1531 4730 evellit.
1555 4676 1681 4730 Sine
1702 4678 1996 4748 poenitentia

379 4773 384 4784 ‘
411 4769 548 4822 enim
566 4775 683 4820 sunt
704 4766 841 4820 dona
857 4775 903 4819 et
931 4767 1127 4819 vacatio
1153 4765 1760 4837 Dei(Rom.xt,29);et,
1787 4768 1994 4835 firmum

409 4859 799 4932 fundamentum
838 4855 934 4912 Dei
955 4866 1077 4922 stat,
1107 4857 1293 4911 habens
1314 4859 1633 4930 signaculum
1655 4859 1780 4924 hoc;
1806 4875 1992 4929 cogno-

407 4954 478 5006 vit
504 4952 755 5007 Dominus
774 4952 863 5021 qui
881 4961 1001 5005 sunt
1022 4952 1220 5023 ejus(ll
1249 4951 1381 5006 Tim.
1411 4969 1469 5019 tt,
1501 4953 1608 5023 19).
1643 4953 1802 5008 Nullo
1832 4955 1994 5024 igitur

405 5043 570 5100 modo
597 5054 620 5084 ο
652 5043 744 5099 Dei
769 5044 1174 5114 praedestinatio
1203 5044 1333 5099 facit
1363 5055 1424 5101 ut
1449 5045 1613 5114 aliqui
1644 5063 1707 5102 ex
1739 5049 1863 5105 filiis
1895 5051 1989 5106 Dci

405 5134 500 5189 ﬁlii
521 5134 631 5189 sint
655 5133 877 5200 diaboli,
905 5145 993 5189 aut
1017 5151 1084 5191 ex
1116 5136 1320 5204 templo
1347 5139 1515 5191 sancti
1546 5137 1783 5207 Spiritus
1806 5137 1832 5176 ά
1857 5149 1992 5195 tem-

405 5225 491 5295 pla
531 5227 643 5282 sint
678 5225 1027 5289 dznmonum,
1071 5234 1164 5281 aut
1191 5242 1256 5282 ex
1311 5229 1571 5284 membris
1623 5229 1821 5285 Christi
1864 5233 1990 5289 ﬁant

403 5318 646 5374 membra
673 5317 1014 5374 meretricis:
1045 5317 1140 5374 sed
1185 5317 1366 5388 potius
1414 5318 1826 5389 prmdestinatio
1856 5321 1987 5378 facit

475 5484 502 5513 ι
532 5473 820 5530 Correctus
863 5474 1012 5530 locus
1059 5489 1124 5529 ex
1171 5475 1533 5546 manuscripto
1565 5475 1881 5546 Remigiano
1925 5489 1979 5536 et

405 5544 620 5601 Joliensi
646 5555 698 5599 et
722 5547 850 5598 edit.
881 5545 1052 5599 sancti
1084 5545 1391 5617 Augustini.
1435 5547 1578 5600 Alias
1609 5544 1763 5617 editi,
1795 5551 1977 5604 talium

399 5617 668 5670 criminum
698 5627 1024 5684 patratorem,
1060 5616 1124 5669 de
1153 5617 1378 5683 ipsorum
1419 5618 1681 5670 voluntate
1708 5616 1944 5674 vinceret.

469 5685 496 5726 δ
526 5685 597 5739 μα
625 5701 726 5739 ms.
759 5686 962 5754 llemig.
998 5685 1140 5738 Alias
1169 5686 1321 5746 editi,
1352 5703 1438 5738 nec
1459 5688 1602 5738 illam
1627 5691 1869 5746 animum.

472 5768 494 5795 σ
525 5757 583 5813 In
612 5770 715 5812 rus.
741 5755 948 5826 Remig.
984 5757 1244 5812 omittitur
1268 5759 1354 5817 hic
1383 5757 1630 5824 vox,0ei.

644 1795 812 1847 nando
859 1796 987 1847 servi
1018 1791 1252 1848 dominos
1282 1791 1539 1862 occidunt,
1571 1794 1685 1846 ideo
1720 1793 1834 1861 ﬁat,
1878 1791 1999 1861 quia
2027 1803 2077 1864 Β

2096 541 2312 582 monum
2343 539 2366 566 ο
2395 531 2657 601 templum
2690 534 2800 590 sint
2836 534 3073 605 Spiritus
3098 535 3294 602 sancti,
3328 545 3384 592 et
3411 552 3478 592 ex
3508 552 3680 592 mem-

2095 617 2204 675 bris
2236 624 2539 680 meretricis
2580 628 2821 683 membra
2856 629 2963 683 sint
2993 627 3215 684 Christi.
3248 629 3383 696 Quia
3415 629 3533 700 ipse
3555 631 3677 686 alli-

2094 720 2186 779 gat
2209 711 2426 780 fortem,
2455 725 2509 769 et
2537 731 2665 771 vasa
2695 717 2816 787 ejus
2844 720 2986 789 rapit
3008 720 3200 793 (Marc.
3229 737 3308 787 ut,
3337 722 3454 794 27),
3485 739 3679 779 eruens

2096 815 2159 854 ea
2196 801 2264 856 de
2295 812 2562 873 potestate
2602 809 2976 879 tenebrarum,
3007 821 3061 866 et
3089 813 3417 868 transferens
3443 814 3510 868 de
3539 830 3677 869 con-

2099 892 2384 949 tumeliain
2413 897 2637 966 gloriam
2681 899 2877 968 (Catos.
2913 917 2954 965 ι,
3005 903 3112 975 15).
3152 902 3217 958 Hi
3253 912 3433 958 autem
3463 905 3529 960 de
3561 908 3678 975 qui-

2098 982 2199 1037 bus
2222 986 2461 1045 dicitur:
2496 988 2580 1042 Ea:
2626 991 2769 1046 nobis
2815 993 3067 1059 exierunt,
3119 995 3208 1049 sed
3255 1012 3354 1049 non
3382 996 3683 1065 {ueruntez

2099 1073 2276 1141 nobis;
2313 1077 2359 1131 si
2390 1079 2522 1132 enim
2557 1081 2773 1150 fuissent
2820 1099 2885 1137 ea:
2934 1084 3076 1138 nobis
3100 1125 3115 1149 ,
3165 1087 3467 1140 mansissent
3508 1089 3681 1158 utique

2100 1166 2361 1221 nobiscum
2389 1167 2446 1241 (1
2481 1170 2639 1225 Joan.
2673 1187 2731 1240 ιι,
2764 1172 2884 1242 19);
2928 1175 3205 1232 voluntate
3249 1177 3529 1243 exierunt,
3582 1196 3680 1232 vo-

2101 1255 2308 1314 luntate
2333 1261 2663 1318 ceciderunt.
2694 1265 2761 1319 Et
2787 1266 2906 1335 quia
2938 1267 3169 1335 praesciti
3200 1276 3325 1322 sunt
3353 1270 3550 1333 casuri,
3571 1285 3679 1325 non

2103 1356 2228 1402 sunt
2254 1349 2642 1417 praedestinati.
2671 1353 2866 1409 Essent
2890 1365 3068 1410 autem
3096 1358 3486 1428 praedeSIiuati,
3515 1360 3561 1414 si
3586 1377 3674 1416 es-

2100 1448 2224 1493 sent
2261 1445 2552 1509 reversuri,
2583 1456 2636 1499 et
2668 1447 2724 1500 in
2754 1449 3037 1503 sanctitate
3068 1465 3130 1505 ac
3158 1451 3384 1507 veritate
3415 1455 3676 1510 mansuri.

2101 1530 2180 1586 Ac
2224 1547 2322 1601 per
2371 1533 2473 1590 hoc
2526 1537 2930 1602 przndestiuatio
2981 1541 3102 1608 Dei,
3162 1545 3343 1600 multis
3393 1558 3471 1601 εει
3523 1561 3685 1602 causa

2101 1623 2302 1694 standi,
2335 1627 2540 1683 nemini
2570 1638 2654 1685 est
2679 1645 2840 1686 causa
2869 1633 3104 1688 labendi.

2514 1741 2671 1812 237
2702 1741 3096 1801 CAPITULUM
3131 1747 3268 1804 Xlll.

2763 1850 3034 1892 OBJECTIO.

2111 1917 2262 2000 Quod
2289 1935 2460 2000 omnes
2487 1924 2565 2000 illi
2596 1925 2771 2000 fideles
2798 1938 2843 1980 et
2868 1931 3053 1993 sancti,
3078 1931 3163 2000 qui
3188 1931 3257 1984 ad
3286 1942 3523 1986 (sternam
3548 1952 3688 1990 mor-

2176 1995 2654 2068 temprwdestinati
2681 2008 2827 2060 sunt,
2860 2001 3066 2068 quando
3090 1995 3100 2000 ⁷
3124 2001 3192 2053 ad
3247 2005 3488 2064 vontitum
3536 2024 3686 2060 suum

2175 2061 2494 2141 relabuntur,
2518 2066 2648 2141 ritio
2702 2061 2910 2136 quidem
2950 2087 3052 2141 suo
3085 2072 3180 2124 hoc
3233 2061 3399 2138 facere
3424 2077 3683 2141 videntur,

2175 2131 2266 2216 sed
2296 2133 2454 2216 ipsius
2481 2136 2587 2188 vitii
2611 2131 2785 2216 causa
2820 2149 2892 2216 est
2924 2140 3099 2216 divina
3131 2131 3534 2213 prcedestinatio,
3565 2131 3685 2216 qui

2175 2201 2279 2256 illis
2300 2201 2515 2257 latenter
2539 2206 2789 2260 subtrahit
2817 2209 2973 2263 bonas
2999 2201 3306 2267 voluntates.

2746 2315 3052 2358 RESPONSIO.

2177 2382 2323 2439 ldem
2350 2384 2801 2456 blasphemiarum
2831 2394 3052 2463 spiritus
3084 2407 3409 2464 perseverat,
3428 2409 3524 2453 eta
3548 2417 3688 2466 pra:-

2104 2474 2420 2532 cedentibus
2445 2480 2738 2536 mendaciis
2767 2483 3102 2553 subsequens
3134 2488 3380 2558 impietas
3407 2507 3511 2546 non
3538 2509 3688 2548 rece-

2105 2567 2183 2622 dit
2209 2585 2222 2621 :
2257 2585 2413 2640 quam
2444 2587 2666 2641 prorsus
2691 2591 2819 2630 vera
2848 2578 2985 2633 ratio
3007 2581 3285 2648 reprobat,
3310 2586 3687 2640 etincunctan-

2106 2666 2188 2713 ter
2216 2673 2344 2714 sana
2376 2661 2621 2718 doctrina
2652 2665 2994 2722 condemnat.
3027 2670 3161 2735 Quia
3194 2673 3442 2729 omnibus
3465 2678 3682 2746 quidem

2105 2764 2134 2803 a
2169 2750 2271 2806 fide
2292 2752 2358 2807 ad
2390 2753 2786 2826 inﬁdelitatem,
2816 2773 2845 2812 a
2873 2764 3159 2818 sanctitate
3198 2764 3262 2818 ad
3297 2767 3694 2834 turpitudinem

2104 2842 2350 2913 relapsis,
2381 2854 2435 2898 et
2457 2853 2583 2902 ante
2619 2848 2777 2902 finem
2811 2849 2933 2905 vitae
2973 2853 3119 2908 nulla
3150 2857 3531 2914 emendatione
3552 2876 3682 2931 pur-

2104 2935 2262 3003 gatis,
2290 2936 2423 2990 nihil
2453 2937 2597 2993 aliud
2621 2956 2778 3009 quam
2829 2959 2975 2997 mors
3020 2955 3220 3001 mterua
3276 2950 3536 3005 debetur:
3588 2953 3683 3008 sed

2105 3026 2254 3081 nefas
2275 3038 2359 3083 est
2381 3029 2490 3084 Deo
2511 3033 2782 3088 ascribere
2811 3050 3001 3090 causas
3031 3038 3220 3092 talium
3248 3043 3522 3096 ruinarum
3547 3060 3562 3109 ;
3593 3046 3683 3111 qui

2105 3118 2203 3172 etsi
2261 3134 2328 3173 ex
2363 3129 2565 3176 aeterna
2617 3126 2839 3180 scientia
2887 3131 3268 3200 praacognitum
3315 3132 3516 3199 habet,
3557 3136 3684 3204 quid

2107 3209 2522 3282 uniuscujusque
2548 3215 2755 3271 meritis
2768 3219 3127 3276 retributurus
3155 3225 3253 3289 sit;
3279 3225 3478 3280 nemini
3506 3237 3683 3281 tamen

2103 3316 2200 3370 per
2227 3303 2329 3358 hoc
2355 3306 2496 3374 quod
2527 3307 2637 3362 falli
2663 3324 2767 3364 nou
2794 3321 2999 3381 potest,
3034 3325 3123 3368 aut
3158 3317 3557 3386 necessitatem,
3590 3329 3686 3376 aut

2101 3393 2431 3450 voluntatem
2463 3397 2641 3453 intulit
2689 3400 3058 3472 delinquendi.
3097 3405 3151 3459 Si
3181 3423 3309 3478 ergo
3345 3424 3371 3460 a
3397 3409 3602 3478 justitia
3632 3419 3687 3465 et

2103 3485 2298 3553 pietate
2321 3490 2442 3556 quis
2469 3489 2680 3558 deficit,
2722 3480 2820 3548 suo
2856 3495 2906 3548 in
2939 3511 3181 3566 praeceps
3211 3499 3383 3556 fertur
3436 3503 3682 3570 arbitrio,

2101 3592 2195 3630 sua
2227 3582 2661 3649 concupiscentia
2702 3584 2947 3650 trahitur,
2974 3601 3067 3641 sua
3100 3591 3446 3658 persuasione
3472 3591 3683 3660 decipi-

2105 3675 2211 3721 tur.
2234 3667 2378 3722 Nihil
2401 3670 2472 3725 ibi
2504 3671 2680 3741 Pater,
2716 3675 2848 3729 nihil
2884 3677 3070 3739 Filius.
3103 3679 3236 3734 nihil
3283 3683 3394 3752 agit
3448 3682 3686 3750 Spiritus

2102 3770 2318 3816 sanctus
2347 3777 2361 3819 :
2389 3778 2486 3819 nec
2509 3767 2600 3820 tali
2632 3770 2847 3837 negotio
2887 3771 3174 3840 quidquam
3203 3773 3400 3829 divinae
3439 3776 3688 3831 volunta-

2102 3851 2172 3906 tis
2200 3853 2508 3922 intervenit,
2541 3858 2690 3927 cujus
2718 3875 2881 3928 opere
2924 3863 3121 3918 multos
3160 3865 3361 3921 scimus
3416 3882 3486 3923 ue
3532 3867 3683 3924 labe-

2103 3954 2290 4000 rentur
2309 3955 2549 4003 retentos
2571 3987 2588 4016 ,
2627 3950 2803 4006 nullos
2830 3962 3011 4009 autem
3054 3966 3111 4010 ut
3147 3957 3460 4016 laberentur
3487 3959 3688 4032 impul-

2102 4048 2193 4092 SOS
2202 4074 2216 4090 .

2617 4129 3012 4192 CAPlTULUM
3034 4137 3174 4194 XIV.

2753 4239 3022 4282 OBJECTIO.

2107 4310 2257 4395 Quod
2279 4329 2463 4383 magna
2487 4331 2603 4380 pars
2621 4315 2711 4369 illa
2736 4317 3145 4395 Christianorum
3166 4326 3532 4381 catholicorum
3555 4329 3682 4395 [ide-

2175 4383 2470 4466 liumlutque
2495 4398 2783 4439 sanctorum
2806 4405 2920 4451 qua:
2943 4392 3011 4443 ad
3052 4395 3249 4466 ruinam
3270 4407 3316 4450 et
3338 4383 3674 4466 perditionem

2174 4455 2534 4536 prwdestinata
2563 4466 2654 4518 est,
2679 4462 2833 4538 etiam
2853 4464 2895 4511 si
2919 4473 3052 4539 petat
3072 4481 3101 4515 a
3123 4463 3228 4517 Deo
3249 4455 3532 4539 sanctitatis
3562 4486 3683 4539 per-

2172 4527 2529 4604 severantiam,
2561 4544 2662 4580 non
2691 4529 2982 4604 impetrabit
3009 4549 3027 4585 .'
3070 4551 3125 4587 eo
3155 4537 3291 4604 quod
3333 4539 3522 4590 mutari
3563 4527 3678 4594 'non

2174 4603 2336 4664 potest
2366 4597 2538 4676 divina
2570 4600 2970 4678 prcedestinatio,
3003 4597 3249 4680 ς]υωὶιίοε
3286 4609 3674 4680 prteordinavit,

2170 4667 2498 4735 prwparavit,
2521 4672 2824 4738 praeoptarit
2853 4681 2902 4723 ut
2923 4667 3176 4728 caderent.

2735 4777 3038 4819 BESPONSIO.

2169 4866 2250 4920 Ad
2274 4868 2770 4936 prmvaricatiouem
2803 4873 2959 4945 legis,
3007 4876 3074 4930 ad
3119 4879 3418 4949 neglectum
3467 4881 3684 4951 religio-

2100 4959 2206 5024 nis,
2237 4959 2302 5013 ad
2333 4961 2691 5029 corruptelam
2719 4963 3035 5034 disciplinae,
3063 4969 3126 5022 ad
3149 4970 3508 5027 desertionem
3529 4973 3678 5037 ﬁdei,

2101 5050 2167 5105 ad
2222 5052 2674 5119 perpetrationem
2728 5057 3134 5128 qualiscumque
3198 5065 3451 5132 peccati,
3524 5067 3675 5120 nulla

2093 5141 2318 5198 omnino
2352 5153 2432 5196 est
2457 5146 2860 5213 praedestinatio
2885 5150 3020 5204 Dei:
3071 5167 3170 5208 nec
3224 5154 3338 5209 fieri
3394 5166 3569 5226 potest
3618 5167 3681 5213 ut

2093 5247 2190 5304 per
2218 5251 2374 5303 quem
2406 5251 2435 5289 a
2462 5237 2657 5293 talibus
2682 5241 2835 5295 malis
2857 5244 3114 5313 surgitur,
3147 5262 3242 5315 per
3271 5264 3394 5302 eum
3442 5248 3496 5303 iu
3549 5250 3672 5306 talia

2091 5325 2389 5381 decidatur.
2425 5328 2480 5383 Si
2510 5343 2640 5400 ergo
2669 5330 2722 5386 in
2753 5336 3042 5392 sanctitate
3075 5339 3291 5405 vivitur,
3332 5338 3351 5378 ι
3407 5341 3453 5396 si
3483 5342 3538 5398 in
3566 5343 3675 5398 vir-

2158 5482 2182 5520 ά
2220 5483 2313 5559 ΜΞ.
2344 5484 2625 5559 Joliensis,
2656 5492 2900 5559 templum
2929 5492 3051 5547 sint.

2162 5563 2183 5628 ς
2217 5554 2354 5628 Ante
2383 5555 2481 5628 hac
2506 5558 2660 5628 editi,
2688 5554 2931 5628 templum
2952 5567 3036 5619 sit.

2159 5623 2178 5661 ¹
2213 5625 2364 5710 Prius
2386 5626 2539 5710 editi,
2571 5630 2627 5710 si
2658 5632 2710 5710 in
2737 5623 2997 5710 virtutem.
3022 5634 3150 5687 Mss.
3205 5636 3416 5710 Remig.
3456 5648 3512 5696 et
3559 5639 3673 5701 Jol.

2082 5709 2202 5752 cum
2232 5697 2360 5752 edit.
2396 5697 2560 5768 Oper.
2595 5701 2651 5757 S.
2683 5700 2843 5773 Aug.,
2877 5705 2928 5758 in
2953 5706 3156 5761 virtute.
