4030 6178
864 301 1002 360 PRO
1040 300 1437 360 AUGUSTINO
1477 300 1998 360 RESPDNSIONES
2043 303 2134 358 AD
2177 301 2545 359 EXt'ERPTA
2587 303 3056 364 CENUENSIUM.

3488 311 3602 374 136

319 431 442 478 δίκε
472 420 768 493 proﬁcitur,
794 419 841 475 si
871 419 927 475 in
958 419 1115 474 bonis
1137 420 1327 474 studiis
1346 429 1714 490 permanetur;
1736 421 1984 482 mani-'A
2081 431 2326 494 teternant
2356 431 2570 494 mortem
2601 419 2964 494 prwdestinata
2993 433 3087 486 est,
3108 426 3309 494 quando
3333 427 3460 481 dicit
3489 428 3602 484 Deo

321 513 522 568 festum
546 524 738 566 munus
778 518 862 565 est
882 509 1002 576 Dei,
1039 510 1159 564 sine
1188 526 1294 580 quo
1324 511 1505 566 nullus
1547 510 1673 566 boni
1725 513 1907 580 Operis

318 610 528 659 tractus
550 603 847 671 acquiritur
877 620 890 655 :
919 603 964 656 si
996 613 1171 657 autem
1203 604 1270 658 ab
1308 603 1392 658 his
1423 604 1716 670 receditur,
1760 615 1814 660 ct
1839 605 1904 660 ad

321 694 456 747 vitia
488 709 550 749 ac
575 701 790 763 peccata
829 694 1103 758 transitur,
1137 695 1298 765 238
1321 694 1450 748 nihil
1483 695 1554 749 ibi
1584 696 1723 751 Deus
1752 697 1906 752 mala:

320 788 639 841 tentationis
671 786 931 847 immittit.
966 795 1019 840 et
1049 801 1389 840 recessurum
1416 803 1521 841 non
1554 789 1754 842 deserit
1778 797 1904 844 ante

316 895 480 950 quam
512 880 830 944 deseratur;
856 888 910 933 et
937 878 1060 933 iacit
1099 878 1414 948 plerumque
1443 895 1507 932 ue
1543 881 1778 945 deserat,
1811 890 1908 937 aut

317 973 510 1035 etiam,
533 972 578 1027 si
608 971 879 1036 discessit,
901 980 958 1026 ut
983 969 1187 1025 redeat.
1210 970 1319 1025 Cur
1355 981 1534 1026 autem
1573 972 1720 1026 illum
1776 973 1905 1027 reti-

319 1073 470 1128 neat,
506 1063 655 1118 illum
697 1076 804 1116 non
836 1062 1104 1126 retineat;
1131 1075 1227 1116 nec
1250 1061 1505 1131 possibile
1537 1071 1620 1116 est
1659 1077 1907 1132 compre-

320 1153 586 1218 hendere,
619 1167 717 1208 nec
743 1152 947 1207 licitum
983 1162 1004 1190 ι
1035 1151 1320 1222 vestigare;
1344 1167 1462 1206 cum
1483 1153 1626 1206 scire
1647 1151 1902 1220 sufficiat,

316 1254 377 1299 et
405 1245 472 1300 ab
505 1245 594 1300 illo
623 1260 746 1302 esse
790 1244 931 1315 quod
961 1253 1156 1310 statur,
1177 1256 1231 1300 et
1263 1259 1369 1300 non
1398 1244 1468 1300 ab
1497 1245 1589 1298 illo
1613 1259 1732 1300 esse
1763 1246 1905 1316 quod

315 1334 515 1391 ruitur.

832 1425 1229 1482 CAPITULUM
1258 1427 1375 1483 XV.

973 1533 1244 1574 οωεοτιο.

310 1610 476 1677 Quod
526 1627 699 1664 omnes
747 1611 826 1664 illi
872 1609 1048 1679 ﬁdeles
1095 1620 1143 1662 et
1190 1610 1384 1677 sancti,
1415 1610 1503 1679 qui
1544 1610 1613 1662 ad
1663 1618 1908 1665 teternam

387 1693 599 1735 mortem
628 1683 978 1752 prcedestinati
1023 1694 1171 1752 sunt,
1203 1693 1376 1746 postea
1417 1697 1571 1749 quam
1602 1683 1902 1752 ceciderint,

386 1755 512 1806 sica
544 1750 650 1805 Deo
679 1754 1052 1821 dispensentur,
1090 1750 1116 1787 δ
1148 1761 1204 1804 ut
1233 1767 1327 1805 nec
1357 1752 1550 1821 possint
1605 1768 1699 1805 nec
1749 1751 1904 1806 velint

383 1839 478 1893 per
493 1825 838 1892 pozttitenttam
859 1821 1089 1875 liberari.

965 1928 1276 1969 BESPONSIO.

383 2006 504 2063 Non
536 2005 824 2072 veraciter,
856 2020 958 2061 nec
985 2007 1258 2077 sapienter
1284 2006 1386 2062 hoc
1409 2005 1623 2062 dicitur.
1645 2006 1744 2074 Qui
1768 2008 1910 2061 enim

308 2112 341 2151 a
373 2097 482 2153 tide
513 2109 565 2153 et
589 2100 878 2154 sanctitate
925 2099 1272 2164 exciderunt,
1299 2101 1436 2154 sicut
1483 2099 1754 2154 voluntate
1785 2115 1912 2169 pro-

310 2189 447 2258 lapsi
477 2201 624 2255 sunt,
659 2191 728 2244 ita
758 2191 1032 2245 voluntate
1056 2205 1161 2244 non
1191 2199 1439 2260 Surgunt,
1473 2199 1530 2246 et
1579 2192 1910 2246 dominatum

309 2283 898 2351 concupiscentiarum,
929 2283 1122 2353 quibus
1149 2285 1570 2351 succubuerunt,
1607 2296 1796 2353 sponte
1821 2299 1915 2352 pa-

309 2378 544 2429 tiuntur.
576 2373 632 2430 Si
660 2376 746 2444 qui
775 2385 952 2429 autem
983 2377 1344 2444 captivitatem
1401 2393 1550 2431 suam
1581 2388 1830 2446 gemunt,
1861 2387 1914 2433 et

308 2463 620 2534 iudicantes
672 2468 1016 2536 semetipsos,
1041 2467 1105 2520 ad
1135 2469 1556 2523 misericordiam
1589 2468 1682 2522 Dei
1711 2478 1914 2523 mutato

310 2556 479 2613 corde
505 2558 842 2628 confugiunt,
869 2573 972 2612 non
994 2559 1111 2614 sine
1133 2558 1326 2629 spiritu
1376 2559 1570 2614 divium
1592 2560 1914 2615 visitationis

310 2647 433 2703 hzec
459 2649 681 2704 faciunt.
698 2648 823 2704 Iltrc
846 2661 867 2688 ο
884 2651 1026 2706 enim
1047 2653 1258 2704 ututatio
1285 2652 1505 2706 dsxterts
1517 2650 1724 2706 Επειδὶ
1740 2651 1912 2724 (Psal.

311 2753 504 2805 vavt,
537 2740 646 2810 tl);
670 2742 757 2811 qui
791 2742 1083 2797 innumeris
1115 2743 1278 2814 lapsis
1328 2744 1418 2798 dat
1441 2743 1827 2814 pmnitetitiam,
1857 2755 1916 2800 ut

310 2832 661 2898 resipiscanta
681 2833 879 2886 diaboli
909 2835 1126 2904 laqueis,
1145 2851 1174 2886 a
1196 2851 1294 2904 quo
1325 2836 1513 2904 captivi
1526 2836 1823 2890 tenebantur
1845 2840 1915 2890 ad

310 2923 479 2992 ipsius
498 2926 806 2979 voluntatem
829 2927 869 2999 (Ι
889 2925 1079 2980 Timot.
1113 2942 1170 2994 lt,
1201 2927 1314 2998 26).
1341 2928 1550 2983 Nemini
1572 2939 1749 2983 autem
1773 2929 1912 2984 Deus

311 3017 673 3070 correcuonis
702 3018 887 3071 adimit
920 3019 1083 3085 viam,
1113 3034 1212 3074 nec
1233 3034 1554 3090 quemquam
1582 3019 1706 3073 boni
1739 3020 1913 3088 possi-

313 3105 529 3161 bilitate
559 3108 834 3176 dispoliat.
865 3109 998 3175 Quia
1045 3111 1134 3180 qui
1165 3126 1225 3166 se
1253 3126 1283 3165 a
1312 3110 1421 3166 Deo
1447 3112 1665 3177 avertit,
1699 3111 1813 3179 ipse
1858 3123 1911 3166 et

2081 493 2134 544 in
2157 492 2388 545 oratione
2411 492 2705 558 Dominica,
2740 491 2857 545 Fiat
2880 491 3128 547 voluntas
3152 507 3259 557 tua,
3293 497 3421 549 nihil
3450 499 3598 552 aliud

2078 578 2234 632 quam
2257 571 2438 614 contra
2484 577 2537 615 se
2570 574 2729 632 petat,
2757 563 2811 614 id
2853 571 2948 627 est,
2979 574 3034 615 ut
3084 566 3272 618 cadant
3320 578 3364 618 et
3404 581 3596 624 ruant:

2078 635 2200 703 quia
2220 633 2456 687 voluntas
2487 632 2578 685 Det
2606 634 2716 685 htec
2742 643 2814 686 est
2847 644 2901 685 ttt
2923 645 3115 688 teterna
3142 649 3300 689 morte
3325 647 3556 708 pereant.

2652 740 2955 781 RESPONSIO.

2080 817 2194 874 Non
2220 818 2321 873 hoc
2355 817 2565 873 Veritas
2599 817 2758 884 dicit,
2797 817 2936 889 quod
2971 819 3086 873 haec
3126 820 3196 874 sit
3221 820 3466 876 voluntas
3497 823 3596 878 Dei

2008 918 2070 962 ut
2099 909 2284 963 lideles
2311 919 2363 964 et
2392 909 2565 963 sancti
2616 925 2642 962 a
2677 909 2782 964 fide
2811 924 2972 980 atque
3005 911 3306 964 innocentia
3338 922 3516 979 ruant,
3543 924 3599 969 et

2012 1011 2234 1067 pereant
2262 999 2316 1052 in
2342 1009 2603 1054 aeternum
2635 1001 2763 1053 :scd
2787 999 3000 1054 Veritas
3027 1000 3151 1054 dicit
3173 1000 3442 1069 (Joan.vt,
3468 1002 3592 1072 '59):

2011 1086 2140 1142 Ηωε
2179 1097 2251 1141 est
2295 1089 2528 1142 voluntas
2551 1090 2712 1160 239
2755 1091 2865 1159 ejus
2895 1092 2983 1161 qui
3022 1109 3096 1144 me
3141 1093 3276 1143 misit
3310 1091 3507 1158 Patris,
3543 1103 3598 1147 ut

2010 1195 2157 1233 smne
2177 1180 2314 1250 quod
2337 1181 2476 1232 dedit
2504 1182 2650 1249 mihi,
2683 1199 2780 1234 non
2829 1183 3039 1252 perdam
3076 1200 3139 1235 ea:
3185 1199 3245 1237 eo
3291 1186 3594 1254 quidquam,

2007 1272 2098 1324 sed
2118 1272 2414 1324 resuscitem
2445 1272 2578 1324 illud
2600 1273 2651 1324 in
2675 1275 2950 1327 novissimo
2971 1277 3071 1327 die.
3103 1275 3255 1340 Quod
3287 1293 3417 1346 ergo
3438 1277 3597 1334 Pater

2011 1364 2339 1432 Filiodedit,
2372 1365 2541 1419 Filius
2565 1365 2787 1420 omnino
2838 1364 2862 1403 ά
2893 1383 2998 1420 non
3031 1369 3225 1435 perdit.
3257 1369 3402 1423 ldem
3451 1372 3592 1426 enim

2008 1455 2140 1510 (icit
2162 1455 2343 1528 (JOan.
2375 1473 2446 1523 vt,
2477 1457 2568 1527 37)
2605 1475 2616 1509 :
2646 1456 2954 1526 Omnequod
2975 1459 3061 1509 dat
3088 1458 3213 1511 mihi
3261 1457 3442 1526 Pater,
3469 1469 3492 1497 °
3526 1460 3595 1513 ad

2009 1563 2089 1599 me
2113 1549 2295 1616 veniet,
2322 1558 2503 1601 etcum
2531 1549 2620 1618 qui
2647 1550 2777 1602 venit
2819 1551 2886 1601 ad
2914 1566 3011 1616 me,
3048 1566 3147 1602 non
3177 1550 3382 1621 ejicium
3434 1552 3594 1619 foras.

2010 1637 2160 1706 Quod
2184 1640 2230 1693 si
2258 1654 2351 1708 per
2375 1639 2786 1710 generalitatem
2824 1640 3124 1694 vocationis
3150 1681 3164 1705 ,
3210 1650 3264 1694 et
3305 1655 3397 1709 per
3429 1641 3597 1695 abun-

2009 1730 2248 1785 dantiam
2277 1732 2532 1785 bonitatis
2567 1730 2684 1796 Dei,
2719 1731 2884 1784 etiam
2919 1747 3022 1784 non
3049 1732 3446 1799 perseveraturi
3477 1747 3597 1800 per-

1937 1799 1984 1859 B
2012 1824 2340 1877 sevcraturis
2363 1823 2588 1876 admixti
2619 1834 2773 1887 sunt;
2806 1822 2857 1875 lli
2887 1839 3004 1875 cum
3038 1837 3065 1874 a
3092 1824 3292 1890 pietate
3314 1799 3594 1889 deﬁciunt,

2013 1928 2120 1968 non
2149 1931 2216 1967 ex
2274 1915 2365 1968 Dei
2398 1931 2578 1982 opere,
2614 1915 2711 1968 scd
2761 1929 2823 1968 ex
2859 1927 2953 1968 sua
2988 1913 3258 1968 voluntate
3309 1913 3595 1979 deﬁciunt;

2015 2020 2113 2059 nec
2142 2005 2488 2074 impelluntur
2519 2015 2576 2058 ut
2625 2005 2841 2070 cadant,
2874 2020 2974 2059 nec
3003 2004 3292 2074 ejiciuntur
3339 2013 3399 2058 ut
3444 2004 3598 2060 dese-

2013 2106 2134 2152 rant
2158 2117 2174 2163 ;
2201 2101 2374 2152 casuri
2407 2110 2581 2152 tamen
2608 2109 2658 2152 et
2690 2097 2960 2152 recessuti
2987 2099 3054 2150 ab
3082 2113 3148 2152 eo
3191 2098 3281 2168 qui
3326 2097 3440 2152 tali
3488 2113 3596 2154 non

2015 2199 2193 2258 potest
2254 2191 2630 2259 prteseiumur.
2682 2189 2946 2256 Quamdiu
3017 2193 3194 2259 itaque
3249 2191 3305 2244 in
3350 2189 3598 2246 oratione

2018 2280 2287 2337 Domittica
2319 2280 2504 2335 dicunt
2531 2297 2545 2337 :
2578 2279 2698 2334 Fiat
2728 2282 2965 2334 voluntas
2993 2291 3116 2346 tua;
3145 2296 3250 2336 non
3280 2280 3381 2336 hoc
3409 2290 3595 2337 contra

2012 2387 2072 2428 se
2097 2381 2308 2442 petunt,
2342 2374 2480 2442 qttod
2505 2374 2642 2428 Deus
2685 2373 2830 2427 nullo
2863 2375 3023 2427 modo
3057 2375 3158 2428 ulla
3193 2375 3400 2429 ratione
3429 2377 3598 2429 lactu-

2012 2480 2105 2520 rus
2133 2474 2243 2531 est,
2269 2467 2320 2520 id
2349 2477 2452 2533 εει,
2483 2475 2540 2520 ut
2564 2466 2758 2520 cadant
2785 2481 2836 2521 et
2871 2483 3048 2532 ruam;
3089 2465 3107 2504 ί
3160 2468 3397 2537 ipsorum
3451 2470 3597 2524 enim

2015 2557 2115 2610 hoc
2146 2558 2408 2627 nequitia,
2462 2559 2695 2626 ipsorum
2728 2568 2815 2612 est
2853 2567 3296 2612 consummatum
3354 2559 3602 2614 libertas.

2014 2645 2120 2701 Sed
2143 2646 2306 2718 240
2330 2647 2487 2718 plane
2516 2648 2647 2701 illud
2677 2657 2866 2702 contra
2897 2662 2957 2702 se
2987 2659 3192 2717 petunt,
3224 2649 3366 2717 quod
3403 2648 3598 2703 divina:

2017 2741 2314 2796 voluntatis
2341 2755 2464 2795 esse
2486 2754 2591 2795 non
2622 2740 2847 2795 dubium
2870 2747 2983 2805 est;
3014 2749 3066 2794 ut
3095 2740 3322 2805 scilicet,
3352 2753 3475 2793 cum
3507 2755 3598 2795 ve~

2013 2833 2153 2885 norit
2198 2830 2366 2886 Filius
2411 2830 2648 2886 hominis
2689 2833 2743 2885 in
2795 2833 3076 2900 majestate
3121 2846 3251 2896 sua,
3295 2840 3350 2886 et
3395 2832 3599 2887 sederit

2015 2938 2174 2992 super
2198 2923 2447 2977 thronum
2479 2922 2666 2993 gloria:
2697 2937 2831 2988 suae,
2882 2931 3278 2993 congregemur
3308 2932 3432 2977 ante
3473 2938 3597 2977 eum

2012 3027 2200 3067 omnes
2221 3023 2429 3082 gentes,
2456 3021 2480 3061 κ
2512 3022 2566 3068 et
2597 3022 2814 3082 separet
2859 3027 2954 3068 cos
2984 3015 3052 3068 ab
3084 3013 3334 3079 invicem,
3367 3013 3502 3069 alios
3528 3013 3597 3070 ad

2016 3103 2282 3170 dextram,
2340 3105 2476 3159 alios
2525 3113 2768 3160 statuens
2819 3105 2886 3159 ad
2930 3107 3226 3172 sinistram,
3285 3116 3341 3162 et
3378 3108 3614 3164 audiant.

314 3199 460 3253 velle
491 3199 632 3270 quod
665 3201 866 3256 bonum
896 3211 1001 3268 est,
1034 3169 1087 3255 ei
1111 3215 1268 3271 posse
1293 3201 1394 3256 sibi
1419 3203 1658 3256 suStulit.
1688 3169 1804 3256 Dion
1829 3215 1912 3256 est
1943 3169 1987 3232 C
2018 3211 2138 3249 eum
2165 3195 2340 3249 dexui
2365 3195 2658 3251 dicentem:
2693 3196 2882 3251 Venite
2904 3239 2917 3262 ,
2944 3197 3213 3252 benedicti
3255 3197 3427 3252 Patris
3471 3200 3596 3266 mei,

314 3306 453 3361 ergo
482 3307 840 3363 consequens,
867 3296 1004 3349 sicut
1032 3304 1218 3363 putant
1244 3294 1332 3364 qui
1379 3294 1505 3348 talia
1539 3292 1823 3364 objiciunt,
1855 3304 1912 3348 ut

320 3383 463 3438 Deus
494 3385 687 3454 quibus
725 3386 1096 3456 paenitentiam
1148 3403 1252 3442 non
1285 3387 1530 3450 dederit,
1588 3388 1910 3457 resipiscen-

319 3478 450 3532 tiam
475 3478 756 3534 abstulerit
799 3491 850 3536 et
884 3497 1018 3550 quos
1060 3496 1164 3535 non
1216 3481 1428 3544 levarit,
1483 3480 1708 3534 alliserit
1741 3497 1753 3533 :
1787 3495 1906 3535 cum

320 3571 468 3626 aliud
511 3573 872 3627 sitinsontem
909 3573 960 3627 in
991 3575 1197 3628 crimen
1227 3574 1422 3643 egisse,
1476 3571 1618 3641 quod
1675 3572 1907 3626 alicnuut

317 3673 402 3716 est
437 3677 464 3715 a
487 3662 619 3728 Deo;
643 3664 786 3717 aliud
811 3665 1103 3719 criminoso
1126 3665 1337 3719 veniam
1361 3680 1466 3720 non
1498 3664 1714 3719 dedisse
1732 3705 1746 3730 ,
1767 3664 1910 3736 quod

316 3753 386 3808 de
413 3756 716 3824 peccatoris
739 3767 823 3811 est
857 3755 1071 3811 merito.

825 3889 1225 3945 CAPITULUM
1258 3889 1398 3944 XVI.

979 4019 1247 4058 οωεετιο.

315 4117 475 4186 Quod
495 4135 679 4189 magna
700 4135 822 4190 pars
841 4119 931 4174 illa
949 4119 1186 4188 ﬁdelium
1206 4128 1354 4189 atque
1372 4127 1670 4173 sanctorum
1701 4135 1814 4192 qua:
1835 4122 1903 4177 ad

388 4286 416 4347 ει
449 4277 572 4332 Mss.
601 4277 877 4340 .lolicnsis,
906 4277 1234 4347 investigare.

385 4346 526 4403 1³Ιιε
575 4365 682 4406 tns.
732 4348 1006 4404 Jol.ensis.
1061 4345 1164 4402 A'Iii
1205 4359 1428 4412 omnes,
1465 4361 1528 4400 ne
1576 4345 1771 4414 possint
1826 4345 1906 4401 vel

310 4421 492 4474 velint.
1761 4460 1768 4466 .

384 4493 412 4523 ⁸
454 4488 683 4543 Verbum
699 4488 1089 4544 substantivum
1109 4495 1204 4553 est,
1223 4486 1310 4542 hic
1330 4487 1475 4541 addit
1499 4499 1600 4541 ms.
1621 4485 1902 4542 Joliensis.

382 4556 412 4596 δ
451 4560 543 4613 Ms.
569 4559 844 4623 Joliensis,
872 4578 971 4612 non
996 4561 1192 4626 perdet.

388 4640 413 4667 ε
451 4630 574 4684 lla:c
601 4633 788 4694 Verba,
819 4634 886 4682 ad
911 4647 987 4682 me
1016 4632 1196 4692 veniet,
1234 4637 1279 4681 et
1306 4643 1421 4680 eum
1443 4626 1548 4696 qui,
1593 4643 1710 4696 quo
1767 4626 1899 4682 abe-

312 4713 439 4755 rant
471 4701 536 4754 ab
561 4703 722 4754 editis
747 4703 1015 4761 omnibus,
1059 4701 1390 4754 restituimus
1420 4707 1734 4751 auctoritate
1765 4713 1894 4752 mss.

314 4771 524 4840 Remig.
559 4783 611 4826 et
636 4771 911 4829 Jolieusis.
944 4773 1114 4825 Antea
1136 4772 1286 4824 editi.
1315 4769 1476 4822 Omne
1493 4768 1629 4838 quod
1653 4770 1740 4820 dat
1770 4771 1897 4822 nti/ti

2017 3291 2281 3360 possidete
2347 3300 2706 3359 praeparatum
2753 3290 2907 3344 vobis
2938 3287 2966 3326 ιι
2998 3305 3224 3360 regnum
3271 3306 3298 3344 a
3331 3292 3599 3347 constitu-

2017 3386 2159 3440 tione
2193 3383 2374 3438 mundi
2425 3381 2641 3454 (Matth.
2671 3397 2796 3448 xxv,
2830 3382 2963 3451 54):
2996 3383 3218 3436 audiant
3263 3393 3316 3438 et
3367 3383 3594 3450 siuiStri,

2018 3475 2284 3530 Discedite
2307 3490 2335 3528 a
2366 3491 2473 3540 me,
2507 3474 2803 3539 maledicti,
2832 3475 2883 3528 in
2917 3475 3093 3545 ignem
3119 3486 3406 3542 aeternum,
3436 3493 3597 3546 quem

2013 3571 2223 3639 paravit
2251 3569 2412 3623 Pater
2445 3581 2597 3622 meus
2648 3568 2866 3622 diabolo
2909 3579 2962 3622 et
2991 3568 3200 3638 angelis
3249 3567 3595 3638 cjus(lbid.,

2014 3661 2128 3731 41).
2166 3660 2328 3730 Igitur
2359 3660 2447 3726 qui
2491 3659 2681 3713 facturi
2711 3676 2814 3712 non
2845 3669 2970 3712 sunt
3024 3661 3352 3712 voluntatem
3385 3659 3499 3724 Dei,
3543 3669 3599 3713 et

2013 3766 2199 3823 petunt
2227 3765 2283 3808 ut
2309 3754 2398 3808 tiat
2426 3754 2674 3809 voluntas
2700 3753 2814 3817 Dei,
2849 3753 2899 3806 in
2930 3768 2997 3806 eo
3029 3754 3167 3821 quod
3200 3753 3292 3806 Dei
3323 3754 3597 3808 voluntate

2011 3844 2315 3898 faciendum
2343 3854 2424 3898 est
2459 3843 2474 3879 ί
2510 3843 2821 3907 audiuntur,
2852 3851 2909 3895 ut
2933 3843 3228 3896 imitatores
3249 3843 3444 3895 diaboli
3473 3858 3596 3898 cuzn

2009 3937 2229 3992 diabolo
2253 3935 2582 4006 judicentur.
2612 3937 2710 4003 QUI
2757 3949 2883 3988 sum
2917 3934 3248 3988 voluntatem
3305 3934 3395 3988 Dei
3439 3949 3596 4003 spre-

2012 4037 2206 4084 verunt
2235 4029 2550 4082 invitantem
2581 4067 2594 4094 ,
2631 4027 2961 4081 voluntatem
3013 4024 3106 4080 Dei
3142 4025 3380 4081 sentient
3427 4025 3598 4081 vindi-

2007 4133 2242 4178 cautem.

1934 4285 1988 4346 Ι)
2015 4275 2195 4350 Pater,
2221 4278 2357 4350 venit
2377 4279 2446 4330 ad
2473 4295 2573 4342 me,
2596 4287 2642 4332 et
2669 4295 2768 4350 non
2798 4278 3003 4350 ejiciam
3045 4283 3208 4350 foras.

2089 4347 2105 4385 ί
2137 4347 2229 4402 Sit:
2261 4349 2454 4417 legitur
2482 4351 2533 4403 in
2567 4364 2698 4404 mss.
2736 4346 2943 4417 Rcinig.
2973 4359 3026 4403 et
3048 4346 3053 4348 ⁷
3079 4347 3327 4402 Joliensi.
3358 4346 3416 4402 ln
3448 4347 3601 4418 prius

2009 4415 2344 4491 editisvero,
2372 4421 2625 4491 hocenim
2653 4421 2881 4491 ipsorum
2900 4415 3152 4488 nequitia,
3183 4428 3292 4472 etc.

2082 4498 2107 4536 6
2141 4487 2237 4541 Ms.
2265 4490 2536 4555 Joltensis,
2574 4499 2627 4541 ttt
2659 4487 2878 4556 separet.

2081 4557 2109 4594 ιι
2140 4559 2231 4613 Sic
2261 4574 2361 4613 ms.
2395 4559 2500 4613 .lol.
2538 4561 2634 4612 Ms.
2672 4561 2876 4626 l‘lemig.
2913 4567 2967 4612 et
2992 4557 3122 4612 edit.
3157 4559 3217 4613 S.
3251 4562 3410 4627 Attg.,
3439 4574 3596 4626 para-

2008 4636 2116 4701 tum
2147 4631 2286 4684 vobis
2317 4647 2530 4701 regnum
2556 4646 2574 4684 :
2605 4631 2734 4685 editi
2764 4632 3086 4695 anteriores,
3113 4647 3322 4701 regnum
3355 4641 3596 4698 paratum

2003 4699 2162 4752 vobis.

2084 4769 2100 4807 ί
2137 4770 2236 4825 Ms.
2268 4769 2556 4837 Jolieusis,
2581 4770 2820 4823 audiunt.

1589 5005 2008 5087 ADMON
2021 5005 2268 5086 ITIO

747 5156 812 5208 IN
846 5155 1154 5208 PROSPEBI
1188 5155 1313 5210 PRO
1347 5156 1714 5212 AUGUSTINO
1747 5159 2221 5214 RESPONSIONES
2255 5160 2342 5211 AD
2375 5157 2706 5212 EXCERPTA
2741 5161 3174 5214 GENUENSIUM.

383 5398 509 5455 Non
533 5415 596 5454 ea:
620 5399 796 5472 eadem
824 5395 1123 5472 intentione,
1155 5397 1429 5472 Augustini
1453 5397 1741 5472 doctrinam
1769 5399 1960 5472 scilicet
1990 5397 2224 5472 elevandi
2251 5408 2340 5452 aut
2371 5399 2681 5472 infamandi.
2704 5417 2768 5455 ea:
2804 5418 2906 5471 qua
2951 5402 3208 5454 anteriora
3265 5401 3590 5472 prodierant,

309 5484 434 5526 nata
463 5475 614 5524 etiam
643 5469 900 5540 credimus
928 5469 1139 5540 inferius
1168 5467 1335 5535 posita
1361 5467 1708 5522 Genucnsium
1727 5471 2136 5540 presbyterorum
2169 5467 2446 5540 Excerpta'.
2480 5471 2548 5522 ad
2576 5467 2890 5540 Prosperum
2916 5482 3145 5524 uostrunt
3169 5487 3227 5525 eo
3255 5467 3450 5524 tantum
3483 5467 3590 5540 ﬁne

309 5542 530 5606 directa,
560 5550 613 5593 ut
638 5556 767 5606 quas
799 5539 875 5591 illi
894 5554 955 5591 ea:
983 5538 1229 5590 librorum
1257 5542 1418 5592 sancti
1442 5539 1712 5609 Augustini
1740 5541 1804 5592 de
1837 5538 2600 5593 Prtedestinationesanctorum
2616 5551 2662 5592 et
2686 5538 2748 5594 de
2775 5541 3347 5596 DenoPerseverautia:
3371 5538 3586 5597 lectione

307 5611 654 5666 dubitationes
680 5610 1024 5682 patiebantur.
1057 5609 1112 5661 in
1148 5609 1331 5682 quibus
1359 5627 1418 5682 se
1433 5609 1650 5682 insolita
1672 5611 1923 5682 nonnulla
1945 5620 1993 5663 et
2017 5611 2186 5664 minus
2225 5613 2374 5682 clara,
2397 5611 2793 5682 deprehendisse
2818 5612 3202 5681 signiﬁcabant,
3229 5623 3439 5668 sanctus
3469 5613 3580 5667 Au-

308 5683 504 5750 gustini
521 5678 828 5750 discipulus,
863 5687 1119 5754 tamquam
1140 5678 1384 5754 doctrina:
1404 5678 1543 5754 illius
1569 5679 1882 5754 sublimioris
1905 5691 1958 5754 et
1984 5697 2015 5733 a
2043 5681 2326 5733 conmtunis
2357 5680 2717 5754 intelligentite
2736 5678 2921 5748 finibus
2943 5678 3252 5754 Atrentotioris
3301 5687 3583 5754 particeps,

307 5749 408 5822 pro
427 5769 522 5808 sua
543 5749 668 5825 erga
697 5766 868 5806 omnes
890 5749 1226 5821 humanitate,
1253 5749 1548 5806 dissolveret
1574 5765 1592 5806 :
1617 5765 1734 5805 cum
1761 5749 1856 5808 Itoc
1883 5751 2046 5829 solum
2077 5761 2338 5822 rogarent,
2366 5759 2419 5805 ut
2450 5767 2550 5822 quo
2575 5750 2834 5808 intellectu
2875 5752 2951 5810 vel
2969 5770 3068 5824 quo
3084 5755 3281 5823 iudicio
3301 5749 3408 5812 ista
3436 5749 3587 5812 acce-
