  <div class='ocr_page' id='page_1' title='image "/cluster/home/n/w/nwhite01/storage/ocr_20150623/51/hvd.32044054758610/100.png"; bbox 0 0 4030 6178; ppageno 0'>
   <div class='ocr_carea' id='block_1_1' title="bbox 699 384 1421 464">
    <p class='ocr_par' dir='ltr' id='par_1_1' title="bbox 699 384 1421 464">
     <span class='ocr_line' id='line_1_1' title="bbox 699 384 1421 464; baseline -0.006 -19"><span class='ocrx_word' id='word_1_1' title='bbox 699 389 861 464; x_wconf 66' lang='lat'><strong><em>343</em></strong></span> <span class='ocrx_word' id='word_1_2' title='bbox 900 386 1323 459; x_wconf 52' lang='lat' dir='ltr'><strong><em>EXC‘ERPTUM</em></strong></span> <span class='ocrx_word' id='word_1_3' title='bbox 1353 384 1421 441; x_wconf 86' lang='lat' dir='ltr'><strong><em>ll.</em></strong></span> 
     </span>
    </p>
   </div>
   <div class='ocr_carea' id='block_1_2' title="bbox 742 481 1382 551">
    <p class='ocr_par' dir='ltr' id='par_1_2' title="bbox 742 481 1382 551">
     <span class='ocr_line' id='line_1_2' title="bbox 742 481 1382 551; baseline -0.009 -15"><span class='ocrx_word' id='word_1_4' title='bbox 742 494 768 521; x_wconf 76' lang='grc' dir='ltr'>ι</span> <span class='ocrx_word' id='word_1_5' title='bbox 799 482 931 536; x_wconf 84' lang='lat' dir='ltr'><strong><em>Item</em></strong></span> <span class='ocrx_word' id='word_1_6' title='bbox 956 481 1106 535; x_wconf 71' lang='lat' dir='ltr'><strong><em>ve‘rba</em></strong></span> <span class='ocrx_word' id='word_1_7' title='bbox 1134 481 1382 551; x_wconf 87' lang='lat' dir='ltr'><strong><em>ejusdem.</em></strong></span> 
     </span>
    </p>
   </div>
   <div class='ocr_carea' id='block_1_3' title="bbox 333 568 1853 651">
    <p class='ocr_par' dir='ltr' id='par_1_3' title="bbox 333 568 1853 651">
     <span class='ocr_line' id='line_1_3' title="bbox 333 568 1853 651; baseline -0.011 -15"><span class='ocrx_word' id='word_1_8' title='bbox 333 578 523 651; x_wconf 81' lang='lat' dir='ltr'><strong><em>(Ibid.)</em></strong></span> <span class='ocrx_word' id='word_1_9' title='bbox 540 578 613 631; x_wconf 82' lang='lat' dir='ltr'><strong><em>Ac</em></strong></span> <span class='ocrx_word' id='word_1_10' title='bbox 638 576 821 630; x_wconf 86' lang='lat' dir='ltr'><strong><em>deinde</em></strong></span> <span class='ocrx_word' id='word_1_11' title='bbox 839 574 1085 645; x_wconf 74' lang='lat' dir='ltr'><strong><em>subjunasi</em></strong></span> <span class='ocrx_word' id='word_1_12' title='bbox 1111 591 1129 627; x_wconf 90' lang='lat'><strong><em>:</em></strong></span> <span class='ocrx_word' id='word_1_13' title='bbox 1156 571 1308 636; x_wconf 85' lang='lat' dir='ltr'><strong><em>Quod</em></strong></span> <span class='ocrx_word' id='word_1_14' title='bbox 1328 585 1443 639; x_wconf 81' lang='lat' dir='ltr'><strong><em>ergo</em></strong></span> <span class='ocrx_word' id='word_1_15' title='bbox 1460 568 1730 634; x_wconf 89' lang='lat' dir='ltr'><strong><em>credimus,</em></strong></span> <span class='ocrx_word' id='word_1_16' title='bbox 1758 583 1853 621; x_wconf 90' lang='lat' dir='ltr'><strong><em>no-</em></strong></span> 
     </span>
    </p>
   </div>
   <div class='ocr_carea' id='block_1_4' title="bbox 261 661 1853 739">
    <p class='ocr_par' dir='ltr' id='par_1_4' title="bbox 261 661 1853 739">
     <span class='ocr_line' id='line_1_4' title="bbox 261 661 1853 739; baseline -0.008 -13"><span class='ocrx_word' id='word_1_17' title='bbox 261 682 428 727; x_wconf 84' lang='lat' dir='ltr'><strong><em>strum</em></strong></span> <span class='ocrx_word' id='word_1_18' title='bbox 448 679 521 725; x_wconf 77' lang='lat' dir='ltr'><strong><em>es!</em></strong></span> <span class='ocrx_word' id='word_1_19' title='bbox 540 687 559 736; x_wconf 86' lang='lat'><strong><em>;</em></strong></span> <span class='ocrx_word' id='word_1_20' title='bbox 578 670 715 739; x_wconf 87' lang='lat' dir='ltr'><strong><em>quod</em></strong></span> <span class='ocrx_word' id='word_1_21' title='bbox 734 678 901 721; x_wconf 86' lang='lat' dir='ltr'><strong><em>autem</em></strong></span> <span class='ocrx_word' id='word_1_22' title='bbox 925 667 1055 721; x_wconf 87' lang='lat' dir='ltr'><strong><em>bona</em></strong></span> <span class='ocrx_word' id='word_1_23' title='bbox 1078 680 1371 735; x_wconf 84' lang='lat' dir='ltr'><strong><em>operantur,</em></strong></span> <span class='ocrx_word' id='word_1_24' title='bbox 1392 663 1532 715; x_wconf 81' lang='lat' dir='ltr'><strong><em>illius</em></strong></span> <span class='ocrx_word' id='word_1_25' title='bbox 1551 670 1625 714; x_wconf 88' lang='lat' dir='ltr'><strong><em>est</em></strong></span> <span class='ocrx_word' id='word_1_26' title='bbox 1642 661 1729 730; x_wconf 90' lang='lat' dir='ltr'><strong><em>qui</em></strong></span> <span class='ocrx_word' id='word_1_27' title='bbox 1748 676 1853 714; x_wconf 81' lang='lat' dir='ltr'><strong><em>cre-</em></strong></span> 
     </span>
    </p>
   </div>
   <div class='ocr_carea' id='block_1_5' title="bbox 258 752 1853 827">
    <p class='ocr_par' dir='ltr' id='par_1_5' title="bbox 258 752 1853 827">
     <span class='ocr_line' id='line_1_5' title="bbox 258 752 1853 827; baseline -0.006 -10"><span class='ocrx_word' id='word_1_28' title='bbox 258 763 501 817; x_wconf 72' lang='lat' dir='ltr'><strong><em>dentibus</em></strong></span> <span class='ocrx_word' id='word_1_29' title='bbox 516 764 601 815; x_wconf 87' lang='lat' dir='ltr'><strong><em>dat</em></strong></span> <span class='ocrx_word' id='word_1_30' title='bbox 616 761 867 827; x_wconf 86' lang='lat' dir='ltr'><strong><em>Spiritum</em></strong></span> <span class='ocrx_word' id='word_1_31' title='bbox 878 769 1134 811; x_wconf 88' lang='lat' dir='ltr'><strong><em>sanctum.</em></strong></span> <span class='ocrx_word' id='word_1_32' title='bbox 1148 755 1174 793; x_wconf 67' lang='grc' dir='ltr'>δ</span> <span class='ocrx_word' id='word_1_33' title='bbox 1194 755 1344 820; x_wconf 78' lang='lat' dir='ltr'><strong><em>Quod</em></strong></span> <span class='ocrx_word' id='word_1_34' title='bbox 1358 758 1587 825; x_wconf 77' lang='lat' dir='ltr'><strong><em>profecto</em></strong></span> <span class='ocrx_word' id='word_1_35' title='bbox 1605 770 1707 806; x_wconf 89' lang='lat' dir='ltr'><strong><em>non</em></strong></span> <span class='ocrx_word' id='word_1_36' title='bbox 1721 752 1853 807; x_wconf 85' lang='lat' dir='ltr'><strong><em>dice-</em></strong></span> 
     </span>
    </p>
   </div>
   <div class='ocr_carea' id='block_1_6' title="bbox 255 844 1853 926">
    <p class='ocr_par' dir='ltr' id='par_1_6' title="bbox 255 844 1853 926">
     <span class='ocr_line' id='line_1_6' title="bbox 255 844 1853 926; baseline -0.006 -18"><span class='ocrx_word' id='word_1_37' title='bbox 255 872 387 911; x_wconf 81' lang='lat' dir='ltr'><strong><em>rem.</em></strong></span> <span class='ocrx_word' id='word_1_38' title='bbox 404 855 449 908; x_wconf 87' lang='lat' dir='ltr'><strong><em>si</em></strong></span> <span class='ocrx_word' id='word_1_39' title='bbox 454 857 571 926; x_wconf 87' lang='lat' dir='ltr'><strong><em>jam</em></strong></span> <span class='ocrx_word' id='word_1_40' title='bbox 586 858 767 907; x_wconf 85' lang='lat' dir='ltr'><strong><em>scirem</em></strong></span> <span class='ocrx_word' id='word_1_41' title='bbox 784 852 935 904; x_wconf 88' lang='lat' dir='ltr'><strong><em>etiam</em></strong></span> <span class='ocrx_word' id='word_1_42' title='bbox 948 851 1111 917; x_wconf 86' lang='lat' dir='ltr'><strong><em>ipsam</em></strong></span> <span class='ocrx_word' id='word_1_43' title='bbox 1128 848 1281 914; x_wconf 78' lang='lat' dir='ltr'><strong><em>[idem</em></strong></span> <span class='ocrx_word' id='word_1_44' title='bbox 1295 847 1427 899; x_wconf 88' lang='lat' dir='ltr'><strong><em>inter</em></strong></span> <span class='ocrx_word' id='word_1_45' title='bbox 1443 844 1536 897; x_wconf 85' lang='lat' dir='ltr'><strong><em>Dei</em></strong></span> <span class='ocrx_word' id='word_1_46' title='bbox 1552 859 1760 897; x_wconf 88' lang='lat' dir='ltr'><strong><em>munera</em></strong></span> <span class='ocrx_word' id='word_1_47' title='bbox 1774 861 1853 898; x_wconf 85' lang='lat' dir='ltr'><strong><em>re-</em></strong></span> 
     </span>
    </p>
   </div>
   <div class='ocr_carea' id='block_1_7' title="bbox 259 933 1851 1016">
    <p class='ocr_par' dir='ltr' id='par_1_7' title="bbox 259 933 1851 1016">
     <span class='ocr_line' id='line_1_7' title="bbox 259 933 1851 1016; baseline -0.008 -17"><span class='ocrx_word' id='word_1_48' title='bbox 259 948 422 1016; x_wconf 83' lang='lat' dir='ltr'><strong><em>periri</em></strong></span> <span class='ocrx_word' id='word_1_49' title='bbox 430 957 596 1011; x_wconf 62' lang='grc' dir='ltr'><strong><em>,τιμίας</em></strong></span> <span class='ocrx_word' id='word_1_50' title='bbox 608 942 859 997; x_wconf 89' lang='lat' dir='ltr'><strong><em>danturin</em></strong></span> <span class='ocrx_word' id='word_1_51' title='bbox 870 940 1045 995; x_wconf 87' lang='lat' dir='ltr'><strong><em>eodem</em></strong></span> <span class='ocrx_word' id='word_1_52' title='bbox 1060 938 1256 1007; x_wconf 77' lang='lat' dir='ltr'><strong><em>Spiritu</em></strong></span> <span class='ocrx_word' id='word_1_53' title='bbox 1272 936 1318 1003; x_wconf 87' lang='grc' dir='ltr'><strong><em>(Ι</em></strong></span> <span class='ocrx_word' id='word_1_54' title='bbox 1330 935 1633 1004; x_wconf 82' lang='lat' dir='ltr'><strong><em>Cor.xrt,6).</em></strong></span> <span class='ocrx_word' id='word_1_55' title='bbox 1646 933 1851 990; x_wconf 89' lang='lat' dir='ltr'><strong><em>Utrum-</em></strong></span> 
     </span>
    </p>
   </div>
   <div class='ocr_carea' id='block_1_8' title="bbox 256 1027 1852 1108">
    <p class='ocr_par' dir='ltr' id='par_1_8' title="bbox 256 1027 1852 1108">
     <span class='ocr_line' id='line_1_8' title="bbox 256 1027 1852 1108; baseline -0.006 -19"><span class='ocrx_word' id='word_1_56' title='bbox 256 1055 352 1108; x_wconf 83' lang='lat' dir='ltr'><strong><em>qne</em></strong></span> <span class='ocrx_word' id='word_1_57' title='bbox 367 1054 486 1105; x_wconf 85' lang='lat' dir='ltr'><strong><em>ergo</em></strong></span> <span class='ocrx_word' id='word_1_58' title='bbox 500 1045 730 1089; x_wconf 87' lang='lat' dir='ltr'><strong><em>nostrum</em></strong></span> <span class='ocrx_word' id='word_1_59' title='bbox 741 1044 837 1097; x_wconf 86' lang='lat' dir='ltr'><strong><em>est,</em></strong></span> <span class='ocrx_word' id='word_1_60' title='bbox 852 1040 1055 1101; x_wconf 88' lang='lat' dir='ltr'><strong><em>propter</em></strong></span> <span class='ocrx_word' id='word_1_61' title='bbox 1067 1029 1334 1083; x_wconf 74' lang='lat' dir='ltr'><strong><em>arbitrium</em></strong></span> <span class='ocrx_word' id='word_1_62' title='bbox 1350 1027 1649 1089; x_wconf 70' lang='lat' dir='ltr'><strong><em>voluntatis;</em></strong></span> <span class='ocrx_word' id='word_1_63' title='bbox 1662 1036 1852 1080; x_wconf 83' lang='lat' dir='ltr'><strong><em>utrum-</em></strong></span> 
     </span>
    </p>
   </div>
   <div class='ocr_carea' id='block_1_9' title="bbox 258 1118 1845 1199">
    <p class='ocr_par' dir='ltr' id='par_1_9' title="bbox 258 1118 1845 1199">
     <span class='ocr_line' id='line_1_9' title="bbox 258 1118 1845 1199; baseline -0.004 -19"><span class='ocrx_word' id='word_1_64' title='bbox 258 1146 349 1199; x_wconf 75' lang='lat' dir='ltr'><strong><em>que</em></strong></span> <span class='ocrx_word' id='word_1_65' title='bbox 369 1138 541 1182; x_wconf 87' lang='lat' dir='ltr'><strong><em>tamen</em></strong></span> <span class='ocrx_word' id='word_1_66' title='bbox 560 1128 739 1180; x_wconf 88' lang='lat' dir='ltr'><strong><em>datum</em></strong></span> <span class='ocrx_word' id='word_1_67' title='bbox 757 1135 849 1183; x_wconf 88' lang='lat' dir='ltr'><strong><em>est.</em></strong></span> <span class='ocrx_word' id='word_1_68' title='bbox 870 1134 1077 1195; x_wconf 85' lang='lat' dir='ltr'><strong><em>prapter</em></strong></span> <span class='ocrx_word' id='word_1_69' title='bbox 1100 1121 1335 1192; x_wconf 76' lang='lat' dir='ltr'><strong><em>spiritum</em></strong></span> <span class='ocrx_word' id='word_1_70' title='bbox 1349 1119 1469 1188; x_wconf 75' lang='lat' dir='ltr'><strong><em>ﬁdei</em></strong></span> <span class='ocrx_word' id='word_1_71' title='bbox 1485 1127 1533 1173; x_wconf 87' lang='lat' dir='ltr'><strong><em>et</em></strong></span> <span class='ocrx_word' id='word_1_72' title='bbox 1554 1118 1845 1173; x_wconf 81' lang='lat' dir='ltr'><strong><em>charitatis.</em></strong></span> 
     </span>
    </p>
   </div>
   <div class='ocr_carea' id='block_1_10' title="bbox 781 1210 1333 1271">
    <p class='ocr_par' dir='ltr' id='par_1_10' title="bbox 781 1210 1333 1271">
     <span class='ocr_line' id='line_1_10' title="bbox 781 1210 1333 1271; baseline -0.011 0"><span class='ocrx_word' id='word_1_73' title='bbox 781 1213 1205 1271; x_wconf 73' lang='lat' dir='ltr'><strong><em>EXCERPTUM</em></strong></span> <span class='ocrx_word' id='word_1_74' title='bbox 1244 1210 1333 1265; x_wconf 91' lang='lat' dir='ltr'><strong><em>Ill.</em></strong></span> 
     </span>
    </p>
   </div>
   <div class='ocr_carea' id='block_1_11' title="bbox 722 1305 1350 1374">
    <p class='ocr_par' dir='ltr' id='par_1_11' title="bbox 722 1305 1350 1374">
     <span class='ocr_line' id='line_1_11' title="bbox 722 1305 1350 1374; baseline -0.01 -12"><span class='ocrx_word' id='word_1_75' title='bbox 722 1307 858 1364; x_wconf 83' lang='lat' dir='ltr'><strong><em>Item</em></strong></span> <span class='ocrx_word' id='word_1_76' title='bbox 904 1307 1053 1361; x_wconf 84' lang='lat' dir='ltr'><strong><em>verba</em></strong></span> <span class='ocrx_word' id='word_1_77' title='bbox 1099 1305 1350 1374; x_wconf 82' lang='lat' dir='ltr'><strong><em>ejusdem.</em></strong></span> 
     </span>
    </p>
   </div>
   <div class='ocr_carea' id='block_1_12' title="bbox 329 1394 1850 1477">
    <p class='ocr_par' dir='ltr' id='par_1_12' title="bbox 329 1394 1850 1477">
     <span class='ocr_line' id='line_1_12' title="bbox 329 1394 1850 1477; baseline -0.008 -17"><span class='ocrx_word' id='word_1_78' title='bbox 329 1404 519 1477; x_wconf 85' lang='lat' dir='ltr'><strong><em>(Ibid.)</em></strong></span> <span class='ocrx_word' id='word_1_79' title='bbox 552 1406 625 1458; x_wconf 81' lang='lat' dir='ltr'><strong><em>Ac</em></strong></span> <span class='ocrx_word' id='word_1_80' title='bbox 662 1419 752 1474; x_wconf 90' lang='lat' dir='ltr'><strong><em>per</em></strong></span> <span class='ocrx_word' id='word_1_81' title='bbox 786 1403 901 1467; x_wconf 85' lang='lat' dir='ltr'><strong><em>hoc,</em></strong></span> <span class='ocrx_word' id='word_1_82' title='bbox 935 1402 1069 1469; x_wconf 88' lang='lat' dir='ltr'><strong><em>quod</em></strong></span> <span class='ocrx_word' id='word_1_83' title='bbox 1111 1400 1268 1453; x_wconf 88' lang='lat' dir='ltr'><strong><em>etiam</em></strong></span> <span class='ocrx_word' id='word_1_84' title='bbox 1297 1406 1470 1463; x_wconf 89' lang='lat' dir='ltr'><strong><em>postea</em></strong></span> <span class='ocrx_word' id='word_1_85' title='bbox 1507 1396 1617 1450; x_wconf 72' lang='lat' dir='ltr'><strong><em>dixi</em></strong></span> <span class='ocrx_word' id='word_1_86' title='bbox 1654 1411 1675 1450; x_wconf 90' lang='lat'><strong><em>:</em></strong></span> <span class='ocrx_word' id='word_1_87' title='bbox 1716 1394 1850 1460; x_wconf 85' lang='lat' dir='ltr'><strong><em>Quia</em></strong></span> 
     </span>
    </p>
   </div>
   <div class='ocr_carea' id='block_1_13' title="bbox 257 1494 1850 1571">
    <p class='ocr_par' dir='ltr' id='par_1_13' title="bbox 257 1494 1850 1571">
     <span class='ocr_line' id='line_1_13' title="bbox 257 1494 1850 1571; baseline -0.011 -16"><span class='ocrx_word' id='word_1_88' title='bbox 257 1518 423 1571; x_wconf 80' lang='lat' dir='ltr'><strong><em>neque</em></strong></span> <span class='ocrx_word' id='word_1_89' title='bbox 451 1500 579 1553; x_wconf 78' lang='lat' dir='ltr'><strong><em>velle</em></strong></span> <span class='ocrx_word' id='word_1_90' title='bbox 609 1512 902 1569; x_wconf 84' lang='lat' dir='ltr'><strong><em>possumus,</em></strong></span> <span class='ocrx_word' id='word_1_91' title='bbox 929 1494 1027 1546; x_wconf 88' lang='lat' dir='ltr'><strong><em>nisi</em></strong></span> <span class='ocrx_word' id='word_1_92' title='bbox 1046 1506 1316 1555; x_wconf 87' lang='lat' dir='ltr'><strong><em>vocemur;</em></strong></span> <span class='ocrx_word' id='word_1_93' title='bbox 1345 1498 1388 1543; x_wconf 87' lang='lat' dir='ltr'><strong><em>et</em></strong></span> <span class='ocrx_word' id='word_1_94' title='bbox 1416 1505 1531 1542; x_wconf 91' lang='lat' dir='ltr'><strong><em>cum</em></strong></span> <span class='ocrx_word' id='word_1_95' title='bbox 1560 1496 1670 1556; x_wconf 87' lang='lat' dir='ltr'><strong><em>post</em></strong></span> <span class='ocrx_word' id='word_1_96' title='bbox 1698 1502 1850 1540; x_wconf 84' lang='lat' dir='ltr'><strong><em>voca-</em></strong></span> 
     </span>
    </p>
   </div>
   <div class='ocr_carea' id='block_1_14' title="bbox 258 1581 1848 1655">
    <p class='ocr_par' dir='ltr' id='par_1_14' title="bbox 258 1581 1848 1655">
     <span class='ocr_line' id='line_1_14' title="bbox 258 1581 1848 1655; baseline -0.01 -9"><span class='ocrx_word' id='word_1_97' title='bbox 258 1595 452 1646; x_wconf 89' lang='lat' dir='ltr'><strong><em>tionem</em></strong></span> <span class='ocrx_word' id='word_1_98' title='bbox 479 1590 807 1655; x_wconf 78' lang='lat' dir='ltr'><strong><em>voluerimus,</em></strong></span> <span class='ocrx_word' id='word_1_99' title='bbox 827 1603 929 1640; x_wconf 88' lang='lat' dir='ltr'><strong><em>non</em></strong></span> <span class='ocrx_word' id='word_1_100' title='bbox 946 1585 1124 1655; x_wconf 72' lang='lat' dir='ltr'><strong><em>sufﬁcit</em></strong></span> <span class='ocrx_word' id='word_1_101' title='bbox 1146 1581 1377 1636; x_wconf 75' lang='lat' dir='ltr'><strong><em>uoluntas</em></strong></span> <span class='ocrx_word' id='word_1_102' title='bbox 1400 1588 1572 1635; x_wconf 86' lang='lat' dir='ltr'><strong><em>nostra</em></strong></span> <span class='ocrx_word' id='word_1_103' title='bbox 1595 1591 1641 1634; x_wconf 89' lang='lat' dir='ltr'><strong><em>et</em></strong></span> <span class='ocrx_word' id='word_1_104' title='bbox 1668 1593 1848 1632; x_wconf 83' lang='lat' dir='ltr'><strong><em>cursus</em></strong></span> 
     </span>
    </p>
   </div>
   <div class='ocr_carea' id='block_1_15' title="bbox 257 1671 1847 1745">
    <p class='ocr_par' dir='ltr' id='par_1_15' title="bbox 257 1671 1847 1745">
     <span class='ocr_line' id='line_1_15' title="bbox 257 1671 1847 1745; baseline -0.009 -9"><span class='ocrx_word' id='word_1_105' title='bbox 257 1695 451 1745; x_wconf 86' lang='lat' dir='ltr'><strong><em>noster,</em></strong></span> <span class='ocrx_word' id='word_1_106' title='bbox 484 1682 583 1735; x_wconf 84' lang='lat' dir='ltr'><strong><em>nisi</em></strong></span> <span class='ocrx_word' id='word_1_107' title='bbox 625 1680 764 1734; x_wconf 88' lang='lat' dir='ltr'><strong><em>Deus</em></strong></span> <span class='ocrx_word' id='word_1_108' title='bbox 791 1689 837 1733; x_wconf 90' lang='lat' dir='ltr'><strong><em>et</em></strong></span> <span class='ocrx_word' id='word_1_109' title='bbox 874 1678 1003 1730; x_wconf 80' lang='lat' dir='ltr'><strong><em>vires</em></strong></span> <span class='ocrx_word' id='word_1_110' title='bbox 1031 1673 1353 1729; x_wconf 86' lang='lat' dir='ltr'><strong><em>credentibus</em></strong></span> <span class='ocrx_word' id='word_1_111' title='bbox 1383 1671 1621 1742; x_wconf 75' lang='lat' dir='ltr'><strong><em>prwbeat,</em></strong></span> <span class='ocrx_word' id='word_1_112' title='bbox 1653 1678 1701 1724; x_wconf 88' lang='lat' dir='ltr'><strong><em>et</em></strong></span> <span class='ocrx_word' id='word_1_113' title='bbox 1727 1685 1847 1737; x_wconf 89' lang='lat' dir='ltr'><strong><em>per-</em></strong></span> 
     </span>
    </p>
   </div>
   <div class='ocr_carea' id='block_1_16' title="bbox 796 264 2987 332">
    <p class='ocr_par' dir='ltr' id='par_1_16' title="bbox 796 264 2987 332">
     <span class='ocr_line' id='line_1_16' title="bbox 796 264 2987 332; baseline -0.004 -1"><span class='ocrx_word' id='word_1_114' title='bbox 796 266 1370 332; x_wconf 31' lang='lat' dir='ltr'><strong><em>PRO‘AUGUS‘I&#39;INO</em></strong></span> <span class='ocrx_word' id='word_1_115' title='bbox 1408 266 1929 326; x_wconf 75' lang='lat' dir='ltr'><strong><em>RESPONSIONES</em></strong></span> <span class='ocrx_word' id='word_1_116' title='bbox 1966 267 2058 323; x_wconf 86' lang='lat' dir='ltr'><strong><em>AD</em></strong></span> <span class='ocrx_word' id='word_1_117' title='bbox 2102 266 2473 322; x_wconf 73' lang='lat' dir='ltr'><strong><em>EXCERPTA</em></strong></span> <span class='ocrx_word' id='word_1_118' title='bbox 2513 264 2987 324; x_wconf 76' lang='lat' dir='ltr'><strong><em>GENUENSIUM.</em></strong></span> 
     </span>
    </p>
   </div>
   <div class='ocr_carea' id='block_1_17' title="bbox 3440 215 3608 322">
    <p class='ocr_par' dir='ltr' id='par_1_17' title="bbox 3440 215 3608 322">
     <span class='ocr_line' id='line_1_17' title="bbox 3440 215 3608 322; baseline -0.006 -2"><span class='ocrx_word' id='word_1_119' title='bbox 3440 263 3542 322; x_wconf 67' lang='lat'><strong><em>£90</em></strong></span> <span class='ocrx_word' id='word_1_120' title='bbox 3600 215 3608 224; x_wconf 33' lang='lat'><strong>.</strong></span> 
     </span>
    </p>
   </div>
   <div class='ocr_carea' id='block_1_18' title="bbox 1877 368 3540 451">
    <p class='ocr_par' dir='ltr' id='par_1_18' title="bbox 1877 368 3540 451">
     <span class='ocr_line' id='line_1_18' title="bbox 1877 368 3540 451; baseline 0.002 -17"><span class='ocrx_word' id='word_1_121' title='bbox 1877 388 1927 445; x_wconf 79' lang='grc' dir='ltr'><strong>Α</strong></span> <span class='ocrx_word' id='word_1_122' title='bbox 1957 379 2288 450; x_wconf 70' lang='lat' dir='ltr'><strong><em>praecedant,</em></strong></span> <span class='ocrx_word' id='word_1_123' title='bbox 2331 387 2385 435; x_wconf 88' lang='lat' dir='ltr'><strong><em>et</em></strong></span> <span class='ocrx_word' id='word_1_124' title='bbox 2432 368 2574 449; x_wconf 85' lang='lat' dir='ltr'><strong><em>quod</em></strong></span> <span class='ocrx_word' id='word_1_125' title='bbox 2632 380 2790 444; x_wconf 79' lang='lat' dir='ltr'><strong><em>fides,</em></strong></span> <span class='ocrx_word' id='word_1_126' title='bbox 2849 381 2992 437; x_wconf 91' lang='lat' dir='ltr'><strong><em>unde</em></strong></span> <span class='ocrx_word' id='word_1_127' title='bbox 3045 380 3312 451; x_wconf 82' lang='lat' dir='ltr'><strong><em>incipiunt</em></strong></span> <span class='ocrx_word' id='word_1_128' title='bbox 3362 383 3540 438; x_wconf 82' lang='lat' dir='ltr'><strong><em>omnia</em></strong></span> 
     </span>
    </p>
   </div>
   <div class='ocr_carea' id='block_1_19' title="bbox 1954 470 3633 543">
    <p class='ocr_par' dir='ltr' id='par_1_19' title="bbox 1954 470 3633 543">
     <span class='ocr_line' id='line_1_19' title="bbox 1954 470 3633 543; baseline 0.002 -20"><span class='ocrx_word' id='word_1_129' title='bbox 1954 471 2168 534; x_wconf 88' lang='lat' dir='ltr'><strong><em>merita,</em></strong></span> <span class='ocrx_word' id='word_1_130' title='bbox 2220 472 2420 524; x_wconf 87' lang='lat' dir='ltr'><strong><em>donum</em></strong></span> <span class='ocrx_word' id='word_1_131' title='bbox 2478 471 2552 526; x_wconf 93' lang='lat' dir='ltr'><strong><em>sit</em></strong></span> <span class='ocrx_word' id='word_1_132' title='bbox 2606 470 2732 536; x_wconf 97' lang='lat' dir='ltr'><strong><em>Dei;</em></strong></span> <span class='ocrx_word' id='word_1_133' title='bbox 2796 487 2864 527; x_wconf 92' lang='lat' dir='ltr'><strong><em>ne</em></strong></span> <span class='ocrx_word' id='word_1_134' title='bbox 2901 472 3071 542; x_wconf 86' lang='lat' dir='ltr'><strong><em>gratia</em></strong></span> <span class='ocrx_word' id='word_1_135' title='bbox 3117 487 3223 527; x_wconf 93' lang='lat' dir='ltr'><strong><em>nou</em></strong></span> <span class='ocrx_word' id='word_1_136' title='bbox 3255 474 3323 527; x_wconf 87' lang='lat' dir='ltr'><strong><em>sit</em></strong></span> <span class='ocrx_word' id='word_1_137' title='bbox 3368 475 3540 543; x_wconf 83' lang='lat' dir='ltr'><strong><em>gratia</em></strong></span> <span class='ocrx_word' id='word_1_138' title='bbox 3632 536 3633 539; x_wconf 25' lang='grc' dir='ltr'><strong>η</strong></span> 
     </span>
    </p>
   </div>
   <div class='ocr_carea' id='block_1_20' title="bbox 1954 560 3540 635">
    <p class='ocr_par' dir='ltr' id='par_1_20' title="bbox 1954 560 3540 635">
     <span class='ocr_line' id='line_1_20' title="bbox 1954 560 3540 635; baseline 0.002 -20"><span class='ocrx_word' id='word_1_139' title='bbox 1954 560 2131 629; x_wconf 81' lang='lat' dir='ltr'><strong><em>(Rom.</em></strong></span> <span class='ocrx_word' id='word_1_140' title='bbox 2156 562 2391 635; x_wconf 79' lang='lat' dir='ltr'><strong><em>xr,6),si</em></strong></span> <span class='ocrx_word' id='word_1_141' title='bbox 2434 561 2633 630; x_wconf 87' lang='lat' dir='ltr'><strong><em>aliquid</em></strong></span> <span class='ocrx_word' id='word_1_142' title='bbox 2665 578 2781 617; x_wconf 88' lang='lat' dir='ltr'><strong><em>eam</em></strong></span> <span class='ocrx_word' id='word_1_143' title='bbox 2820 575 3040 632; x_wconf 85' lang='lat' dir='ltr'><strong><em>propter</em></strong></span> <span class='ocrx_word' id='word_1_144' title='bbox 3086 563 3227 633; x_wconf 85' lang='lat' dir='ltr'><strong><em>quod</em></strong></span> <span class='ocrx_word' id='word_1_145' title='bbox 3273 563 3540 618; x_wconf 78' lang='lat' dir='ltr'><strong><em>tribuatur</em></strong></span> 
     </span>
    </p>
   </div>
   <div class='ocr_carea' id='block_1_21' title="bbox 1951 653 3535 725">
    <p class='ocr_par' dir='ltr' id='par_1_21' title="bbox 1951 653 3535 725">
     <span class='ocr_line' id='line_1_21' title="bbox 1951 653 3535 725; baseline 0.004 -19"><span class='ocrx_word' id='word_1_146' title='bbox 1951 654 2248 706; x_wconf 77' lang='lat' dir='ltr'><strong><em>antevenit.</em></strong></span> <span class='ocrx_word' id='word_1_147' title='bbox 2281 653 2462 723; x_wconf 84' lang='lat' dir='ltr'><strong><em>Itaque</em></strong></span> <span class='ocrx_word' id='word_1_148' title='bbox 2487 654 2540 707; x_wconf 92' lang='lat' dir='ltr'><strong><em>in</em></strong></span> <span class='ocrx_word' id='word_1_149' title='bbox 2565 669 2629 708; x_wconf 90' lang='lat' dir='ltr'><strong><em>eo</em></strong></span> <span class='ocrx_word' id='word_1_150' title='bbox 2652 654 2776 723; x_wconf 89' lang='lat' dir='ltr'><strong><em>quid</em></strong></span> <span class='ocrx_word' id='word_1_151' title='bbox 2807 654 3004 709; x_wconf 86' lang='lat' dir='ltr'><strong><em>dictum</em></strong></span> <span class='ocrx_word' id='word_1_152' title='bbox 3034 664 3139 723; x_wconf 87' lang='lat' dir='ltr'><strong><em>est,</em></strong></span> <span class='ocrx_word' id='word_1_153' title='bbox 3164 654 3327 710; x_wconf 84' lang='lat' dir='ltr'><strong><em>Jacob</em></strong></span> <span class='ocrx_word' id='word_1_154' title='bbox 3353 657 3535 725; x_wconf 72' lang='lat' dir='ltr'><strong><em>dilexi,</em></strong></span> 
     </span>
    </p>
   </div>
   <div class='ocr_carea' id='block_1_22' title="bbox 1951 745 3538 817">
    <p class='ocr_par' dir='ltr' id='par_1_22' title="bbox 1951 745 3538 817">
     <span class='ocr_line' id='line_1_22' title="bbox 1951 745 3538 817; baseline 0.001 -17"><span class='ocrx_word' id='word_1_155' title='bbox 1951 754 2232 800; x_wconf 89' lang='lat' dir='ltr'><strong><em>ostensum</em></strong></span> <span class='ocrx_word' id='word_1_156' title='bbox 2260 760 2383 800; x_wconf 89' lang='lat' dir='ltr'><strong><em>esse</em></strong></span> <span class='ocrx_word' id='word_1_157' title='bbox 2410 745 2538 815; x_wconf 89' lang='lat' dir='ltr'><strong><em>quid</em></strong></span> <span class='ocrx_word' id='word_1_158' title='bbox 2567 746 2770 800; x_wconf 83' lang='lat' dir='ltr'><strong><em>homini</em></strong></span> <span class='ocrx_word' id='word_1_159' title='bbox 2796 747 3091 801; x_wconf 85' lang='lat' dir='ltr'><strong><em>donaretur</em></strong></span> <span class='ocrx_word' id='word_1_160' title='bbox 3117 762 3131 801; x_wconf 87' lang='lat'>:</span> <span class='ocrx_word' id='word_1_161' title='bbox 3158 755 3213 801; x_wconf 90' lang='lat' dir='ltr'><strong><em>et</em></strong></span> <span class='ocrx_word' id='word_1_162' title='bbox 3234 748 3285 801; x_wconf 91' lang='lat' dir='ltr'><strong><em>iu</em></strong></span> <span class='ocrx_word' id='word_1_163' title='bbox 3308 762 3375 802; x_wconf 91' lang='lat' dir='ltr'><strong><em>eo</em></strong></span> <span class='ocrx_word' id='word_1_164' title='bbox 3398 748 3538 817; x_wconf 87' lang='lat' dir='ltr'><strong><em>quod</em></strong></span> 
     </span>
    </p>
   </div>
   <div class='ocr_carea' id='block_1_23' title="bbox 1951 833 3537 910">
    <p class='ocr_par' dir='ltr' id='par_1_23' title="bbox 1951 833 3537 910">
     <span class='ocr_line' id='line_1_23' title="bbox 1951 833 3537 910; baseline 0.001 -20"><span class='ocrx_word' id='word_1_165' title='bbox 1951 835 2159 890; x_wconf 87' lang='lat' dir='ltr'><strong><em>dictum</em></strong></span> <span class='ocrx_word' id='word_1_166' title='bbox 2190 845 2312 889; x_wconf 90' lang='lat' dir='ltr'><strong><em>est:</em></strong></span> <span class='ocrx_word' id='word_1_167' title='bbox 2364 833 2513 888; x_wconf 89' lang='lat' dir='ltr'><strong><em>Esau</em></strong></span> <span class='ocrx_word' id='word_1_168' title='bbox 2546 846 2717 889; x_wconf 87' lang='lat' dir='ltr'><strong><em>autem</em></strong></span> <span class='ocrx_word' id='word_1_169' title='bbox 2761 837 2881 888; x_wconf 89' lang='lat' dir='ltr'><strong><em>odio</em></strong></span> <span class='ocrx_word' id='word_1_170' title='bbox 2916 834 3072 889; x_wconf 83' lang='lat' dir='ltr'><strong><em>habui</em></strong></span> <span class='ocrx_word' id='word_1_171' title='bbox 3108 835 3284 905; x_wconf 84' lang='lat' dir='ltr'><strong><em>(Rom.</em></strong></span> <span class='ocrx_word' id='word_1_172' title='bbox 3307 851 3387 904; x_wconf 70' lang='grc' dir='ltr'><strong><em>ιχ,</em></strong></span> <span class='ocrx_word' id='word_1_173' title='bbox 3424 836 3537 910; x_wconf 74' lang='grc'><strong><em>13),</em></strong></span> 
     </span>
    </p>
   </div>
   <div class='ocr_carea' id='block_1_24' title="bbox 1950 925 3539 994">
    <p class='ocr_par' dir='ltr' id='par_1_24' title="bbox 1950 925 3539 994">
     <span class='ocr_line' id='line_1_24' title="bbox 1950 925 3539 994; baseline 0.001 -14"><span class='ocrx_word' id='word_1_174' title='bbox 1950 935 2229 980; x_wconf 85' lang='lat' dir='ltr'><strong><em>ostensum</em></strong></span> <span class='ocrx_word' id='word_1_175' title='bbox 2256 940 2378 979; x_wconf 90' lang='lat' dir='ltr'><strong><em>esse</em></strong></span> <span class='ocrx_word' id='word_1_176' title='bbox 2406 925 2530 994; x_wconf 87' lang='lat' dir='ltr'><strong><em>quid</em></strong></span> <span class='ocrx_word' id='word_1_177' title='bbox 2566 926 2771 979; x_wconf 88' lang='lat' dir='ltr'><strong><em>homini</em></strong></span> <span class='ocrx_word' id='word_1_178' title='bbox 2803 925 3116 980; x_wconf 74' lang='lat' dir='ltr'><strong><em>deberetur.</em></strong></span> <span class='ocrx_word' id='word_1_179' title='bbox 3141 926 3252 980; x_wconf 82' lang='lat' dir='ltr'><strong><em>Hoc</em></strong></span> <span class='ocrx_word' id='word_1_180' title='bbox 3274 936 3452 981; x_wconf 88' lang='lat' dir='ltr'><strong><em>autem</em></strong></span> <span class='ocrx_word' id='word_1_181' title='bbox 3479 944 3539 982; x_wconf 89' lang='lat' dir='ltr'><strong><em>se</em></strong></span> 
     </span>
    </p>
   </div>
   <div class='ocr_carea' id='block_1_25' title="bbox 1950 1015 3539 1084">
    <p class='ocr_par' dir='ltr' id='par_1_25' title="bbox 1950 1015 3539 1084">
     <span class='ocr_line' id='line_1_25' title="bbox 1950 1015 3539 1084; baseline 0.001 -13"><span class='ocrx_word' id='word_1_182' title='bbox 1950 1015 2004 1071; x_wconf 91' lang='lat' dir='ltr'><strong><em>in</em></strong></span> <span class='ocrx_word' id='word_1_183' title='bbox 2036 1016 2173 1071; x_wconf 89' lang='lat' dir='ltr'><strong><em>libro</em></strong></span> <span class='ocrx_word' id='word_1_184' title='bbox 2208 1015 2668 1071; x_wconf 62' lang='lat' dir='ltr'><strong><em>lit-tractationum</em></strong></span> <span class='ocrx_word' id='word_1_185' title='bbox 2701 1017 2940 1071; x_wconf 86' lang='lat' dir='ltr'><strong><em>secundo</em></strong></span> <span class='ocrx_word' id='word_1_186' title='bbox 2979 1030 3079 1071; x_wconf 85' lang='lat' dir='ltr'><strong><em>suo</em></strong></span> <span class='ocrx_word' id='word_1_187' title='bbox 3106 1032 3272 1084; x_wconf 83' lang='lat' dir='ltr'><strong><em>Opere</em></strong></span> <span class='ocrx_word' id='word_1_188' title='bbox 3298 1017 3539 1073; x_wconf 82' lang='lat' dir='ltr'><strong><em>studiose</em></strong></span> 
     </span>
    </p>
   </div>
   <div class='ocr_carea' id='block_1_26' title="bbox 1949 1108 3539 1181">
    <p class='ocr_par' dir='ltr' id='par_1_26' title="bbox 1949 1108 3539 1181">
     <span class='ocr_line' id='line_1_26' title="bbox 1949 1108 3539 1181; baseline -0.001 -14"><span class='ocrx_word' id='word_1_189' title='bbox 1949 1112 2247 1167; x_wconf 84' lang='lat' dir='ltr'><strong><em>recoluisse</em></strong></span> <span class='ocrx_word' id='word_1_190' title='bbox 2298 1108 2454 1180; x_wconf 88' lang='lat' dir='ltr'><strong><em>(Cap.</em></strong></span> <span class='ocrx_word' id='word_1_191' title='bbox 2482 1111 2537 1181; x_wconf 82' lang='lat' dir='ltr'><strong><em>l)</em></strong></span> <span class='ocrx_word' id='word_1_192' title='bbox 2566 1127 2579 1162; x_wconf 91' lang='lat'><strong>:</strong></span> <span class='ocrx_word' id='word_1_193' title='bbox 2606 1118 2660 1163; x_wconf 89' lang='lat' dir='ltr'><strong><em>et</em></strong></span> <span class='ocrx_word' id='word_1_194' title='bbox 2689 1125 2811 1164; x_wconf 90' lang='lat' dir='ltr'><strong><em>cum</em></strong></span> <span class='ocrx_word' id='word_1_195' title='bbox 2855 1126 3044 1165; x_wconf 89' lang='lat' dir='ltr'><strong><em>omnes</em></strong></span> <span class='ocrx_word' id='word_1_196' title='bbox 3090 1109 3379 1180; x_wconf 89' lang='lat' dir='ltr'><strong><em>opiniones</em></strong></span> <span class='ocrx_word' id='word_1_197' title='bbox 3413 1125 3539 1166; x_wconf 83' lang='lat' dir='ltr'><strong><em>suas</em></strong></span> 
     </span>
    </p>
   </div>
   <div class='ocr_carea' id='block_1_27' title="bbox 1951 1201 3538 1272">
    <p class='ocr_par' dir='ltr' id='par_1_27' title="bbox 1951 1201 3538 1272">
     <span class='ocr_line' id='line_1_27' title="bbox 1951 1201 3538 1272; baseline -0.001 -15"><span class='ocrx_word' id='word_1_198' title='bbox 1951 1203 2197 1257; x_wconf 91' lang='lat' dir='ltr'><strong><em>censoria</em></strong></span> <span class='ocrx_word' id='word_1_199' title='bbox 2227 1201 2488 1272; x_wconf 83' lang='lat' dir='ltr'><strong><em>gravitate</em></strong></span> <span class='ocrx_word' id='word_1_200' title='bbox 2518 1201 2832 1263; x_wconf 81' lang='lat' dir='ltr'><strong><em>discuteret,</em></strong></span> <span class='ocrx_word' id='word_1_201' title='bbox 2864 1202 3050 1265; x_wconf 89' lang='lat' dir='ltr'><strong><em>istam,</em></strong></span> <span class='ocrx_word' id='word_1_202' title='bbox 3073 1216 3233 1271; x_wconf 86' lang='lat' dir='ltr'><strong><em>quam</em></strong></span> <span class='ocrx_word' id='word_1_203' title='bbox 3268 1202 3538 1257; x_wconf 88' lang='lat' dir='ltr'><strong><em>obtrecta-</em></strong></span> 
     </span>
    </p>
   </div>
   <div class='ocr_carea' id='block_1_28' title="bbox 1949 1291 3538 1362">
    <p class='ocr_par' dir='ltr' id='par_1_28' title="bbox 1949 1291 3538 1362">
     <span class='ocr_line' id='line_1_28' title="bbox 1949 1291 3538 1362; baseline 0.001 -15"><span class='ocrx_word' id='word_1_204' title='bbox 1949 1302 2094 1349; x_wconf 87' lang='lat' dir='ltr'><strong><em>tores</em></strong></span> <span class='ocrx_word' id='word_1_205' title='bbox 2118 1291 2238 1361; x_wconf 86' lang='lat' dir='ltr'><strong><em>ejus</em></strong></span> <span class='ocrx_word' id='word_1_206' title='bbox 2260 1292 2483 1361; x_wconf 85' lang='lat' dir='ltr'><strong><em>eligunt,</em></strong></span> <span class='ocrx_word' id='word_1_207' title='bbox 2512 1292 2872 1361; x_wconf 85' lang='lat' dir='ltr'><strong><em>improbasse,</em></strong></span> <span class='ocrx_word' id='word_1_208' title='bbox 2902 1307 3059 1361; x_wconf 89' lang='lat' dir='ltr'><strong><em>quam</em></strong></span> <span class='ocrx_word' id='word_1_209' title='bbox 3085 1302 3209 1347; x_wconf 87' lang='lat' dir='ltr'><strong><em>ante</em></strong></span> <span class='ocrx_word' id='word_1_210' title='bbox 3240 1292 3538 1362; x_wconf 72' lang='lat' dir='ltr'><strong><em>Pelagiana:</em></strong></span> 
     </span>
    </p>
   </div>
   <div class='ocr_carea' id='block_1_29' title="bbox 1948 1380 3536 1451">
    <p class='ocr_par' dir='ltr' id='par_1_29' title="bbox 1948 1380 3536 1451">
     <span class='ocr_line' id='line_1_29' title="bbox 1948 1380 3536 1451; baseline -0.002 -14"><span class='ocrx_word' id='word_1_211' title='bbox 1948 1382 2177 1437; x_wconf 77' lang='lat' dir='ltr'><strong><em>lueresis</em></strong></span> <span class='ocrx_word' id='word_1_212' title='bbox 2220 1391 2396 1436; x_wconf 90' lang='lat' dir='ltr'><strong><em>ortum</em></strong></span> <span class='ocrx_word' id='word_1_213' title='bbox 2421 1380 2600 1435; x_wconf 82' lang='lat' dir='ltr'><strong><em>futuro</em></strong></span> <span class='ocrx_word' id='word_1_214' title='bbox 2623 1382 2794 1436; x_wconf 87' lang='lat' dir='ltr'><strong><em>errori</em></strong></span> <span class='ocrx_word' id='word_1_215' title='bbox 2841 1382 3071 1435; x_wconf 82' lang='lat' dir='ltr'><strong><em>amicam</em></strong></span> <span class='ocrx_word' id='word_1_216' title='bbox 3103 1397 3222 1437; x_wconf 91' lang='lat' dir='ltr'><strong><em>esse</em></strong></span> <span class='ocrx_word' id='word_1_217' title='bbox 3260 1383 3536 1451; x_wconf 74' lang='lat' dir='ltr'><strong><em>prmvidit,</em></strong></span> 
     </span>
    </p>
   </div>
   <div class='ocr_carea' id='block_1_30' title="bbox 1947 1472 3537 1543">
    <p class='ocr_par' dir='ltr' id='par_1_30' title="bbox 1947 1472 3537 1543">
     <span class='ocr_line' id='line_1_30' title="bbox 1947 1472 3537 1543; baseline -0.001 -13"><span class='ocrx_word' id='word_1_218' title='bbox 1947 1485 2002 1531; x_wconf 90' lang='lat' dir='ltr'><strong><em>et</em></strong></span> <span class='ocrx_word' id='word_1_219' title='bbox 2034 1475 2271 1530; x_wconf 89' lang='lat' dir='ltr'><strong><em>revelata</em></strong></span> <span class='ocrx_word' id='word_1_220' title='bbox 2318 1474 2416 1528; x_wconf 85' lang='lat' dir='ltr'><strong><em>sibi</em></strong></span> <span class='ocrx_word' id='word_1_221' title='bbox 2450 1473 2636 1542; x_wconf 78' lang='lat' dir='ltr'><strong><em>gratia:</em></strong></span> <span class='ocrx_word' id='word_1_222' title='bbox 2683 1472 2911 1527; x_wconf 84' lang='lat' dir='ltr'><strong><em>veritate</em></strong></span> <span class='ocrx_word' id='word_1_223' title='bbox 2954 1473 3160 1542; x_wconf 78' lang='lat' dir='ltr'><strong><em>rejecit.</em></strong></span> <span class='ocrx_word' id='word_1_224' title='bbox 3207 1474 3333 1539; x_wconf 71' lang='lat' dir='ltr'><strong><em>Qua:</em></strong></span> <span class='ocrx_word' id='word_1_225' title='bbox 3380 1475 3537 1543; x_wconf 79' lang='lat' dir='ltr'><strong><em>igitur</em></strong></span> 
     </span>
    </p>
   </div>
   <div class='ocr_carea' id='block_1_31' title="bbox 1947 1564 3539 1637">
    <p class='ocr_par' dir='ltr' id='par_1_31' title="bbox 1947 1564 3539 1637">
     <span class='ocr_line' id='line_1_31' title="bbox 1947 1564 3539 1637; baseline -0.004 -12"><span class='ocrx_word' id='word_1_226' title='bbox 1947 1570 2087 1625; x_wconf 75' lang='lat' dir='ltr'><strong><em>ratio</em></strong></span> <span class='ocrx_word' id='word_1_227' title='bbox 2117 1574 2221 1632; x_wconf 86' lang='lat' dir='ltr'><strong><em>est,</em></strong></span> <span class='ocrx_word' id='word_1_228' title='bbox 2264 1577 2323 1621; x_wconf 92' lang='lat' dir='ltr'><strong><em>ut</em></strong></span> <span class='ocrx_word' id='word_1_229' title='bbox 2361 1566 2500 1621; x_wconf 88' lang='lat' dir='ltr'><strong><em>hanc</em></strong></span> <span class='ocrx_word' id='word_1_230' title='bbox 2529 1565 2632 1620; x_wconf 84' lang='lat' dir='ltr'><strong><em>viri</em></strong></span> <span class='ocrx_word' id='word_1_231' title='bbox 2681 1564 2839 1635; x_wconf 90' lang='lat' dir='ltr'><strong><em>hujus</em></strong></span> <span class='ocrx_word' id='word_1_232' title='bbox 2870 1565 3260 1635; x_wconf 81' lang='lat' dir='ltr'><strong><em>professionem</em></strong></span> <span class='ocrx_word' id='word_1_233' title='bbox 3294 1580 3399 1619; x_wconf 92' lang='lat' dir='ltr'><strong><em>non</em></strong></span> <span class='ocrx_word' id='word_1_234' title='bbox 3442 1581 3539 1637; x_wconf 77' lang='lat' dir='ltr'><strong><em>ap-</em></strong></span> 
     </span>
    </p>
   </div>
   <div class='ocr_carea' id='block_1_32' title="bbox 1949 1659 3535 1733">
    <p class='ocr_par' dir='ltr' id='par_1_32' title="bbox 1949 1659 3535 1733">
     <span class='ocr_line' id='line_1_32' title="bbox 1949 1659 3535 1733; baseline -0.003 -16"><span class='ocrx_word' id='word_1_235' title='bbox 1949 1663 2258 1733; x_wconf 84' lang='lat' dir='ltr'><strong><em>probemus,</em></strong></span> <span class='ocrx_word' id='word_1_236' title='bbox 2288 1675 2393 1731; x_wconf 90' lang='lat' dir='ltr'><strong><em>qua</em></strong></span> <span class='ocrx_word' id='word_1_237' title='bbox 2421 1675 2517 1713; x_wconf 91' lang='lat' dir='ltr'><strong><em>nos</em></strong></span> <span class='ocrx_word' id='word_1_238' title='bbox 2537 1659 2606 1714; x_wconf 89' lang='lat' dir='ltr'><strong><em>ad</em></strong></span> <span class='ocrx_word' id='word_1_239' title='bbox 2632 1659 2971 1729; x_wconf 87' lang='lat' dir='ltr'><strong><em>castigandas</em></strong></span> <span class='ocrx_word' id='word_1_240' title='bbox 2990 1659 3270 1729; x_wconf 89' lang='lat' dir='ltr'><strong><em>opiniones</em></strong></span> <span class='ocrx_word' id='word_1_241' title='bbox 3295 1673 3535 1726; x_wconf 68' lang='lat' dir='ltr'><strong><em>nosnos,</em></strong></span> 
     </span>
    </p>
   </div>
   <div class='ocr_carea' id='block_1_33' title="bbox 258 1752 3537 1842">
    <p class='ocr_par' dir='ltr' id='par_1_33' title="bbox 258 1752 3537 1842">
     <span class='ocr_line' id='line_1_33' title="bbox 258 1752 3537 1842; baseline -0.006 -15"><span class='ocrx_word' id='word_1_242' title='bbox 258 1779 418 1829; x_wconf 80' lang='lat' dir='ltr'><strong><em>ducat</em></strong></span> <span class='ocrx_word' id='word_1_243' title='bbox 451 1790 551 1842; x_wconf 89' lang='lat' dir='ltr'><strong><em>quo</em></strong></span> <span class='ocrx_word' id='word_1_244' title='bbox 579 1782 754 1835; x_wconf 84' lang='lat' dir='ltr'><strong><em>vocat;</em></strong></span> <span class='ocrx_word' id='word_1_245' title='bbox 781 1786 841 1822; x_wconf 88' lang='lat' dir='ltr'><strong><em>ac</em></strong></span> <span class='ocrx_word' id='word_1_246' title='bbox 868 1768 1053 1824; x_wconf 85' lang='lat' dir='ltr'><strong><em>deinde</em></strong></span> <span class='ocrx_word' id='word_1_247' title='bbox 1096 1766 1341 1837; x_wconf 75' lang='lat' dir='ltr'><strong><em>subjunxi</em></strong></span> <span class='ocrx_word' id='word_1_248' title='bbox 1362 1780 1381 1817; x_wconf 90' lang='lat'><strong><em>:</em></strong></span> <span class='ocrx_word' id='word_1_249' title='bbox 1417 1764 1748 1830; x_wconf 73' lang='lat' dir='ltr'><strong><em>Manifestum</em></strong></span> <span class='ocrx_word' id='word_1_250' title='bbox 1772 1771 1845 1815; x_wconf 91' lang='lat' dir='ltr'><strong><em>est</em></strong></span> <span class='ocrx_word' id='word_1_251' title='bbox 1876 1756 1923 1815; x_wconf 88' lang='lat' dir='ltr'><strong>B</strong></span> <span class='ocrx_word' id='word_1_252' title='bbox 1949 1756 1992 1811; x_wconf 89' lang='lat' dir='ltr'><strong><em>si</em></strong></span> <span class='ocrx_word' id='word_1_253' title='bbox 2020 1770 2152 1824; x_wconf 89' lang='lat' dir='ltr'><strong><em>quas</em></strong></span> <span class='ocrx_word' id='word_1_254' title='bbox 2188 1756 2323 1809; x_wconf 82' lang='lat' dir='ltr'><strong><em>forte</em></strong></span> <span class='ocrx_word' id='word_1_255' title='bbox 2364 1752 2734 1823; x_wconf 86' lang='lat' dir='ltr'><strong><em>imprudenter</em></strong></span> <span class='ocrx_word' id='word_1_256' title='bbox 2772 1752 3084 1818; x_wconf 84' lang='lat' dir='ltr'><strong><em>incidimus,</em></strong></span> <span class='ocrx_word' id='word_1_257' title='bbox 3127 1753 3378 1821; x_wconf 82' lang='lat' dir='ltr'><strong><em>exemplo</em></strong></span> <span class='ocrx_word' id='word_1_258' title='bbox 3422 1767 3537 1806; x_wconf 78' lang='lat' dir='ltr'><strong><em>sua:</em></strong></span> 
     </span>
    </p>
   </div>
   <div class='ocr_carea' id='block_1_34' title="bbox 256 1849 1848 1935">
    <p class='ocr_par' dir='ltr' id='par_1_34' title="bbox 256 1849 1848 1935">
     <span class='ocr_line' id='line_1_34' title="bbox 256 1849 1848 1935; baseline -0.01 -16"><span class='ocrx_word' id='word_1_259' title='bbox 256 1882 381 1935; x_wconf 84' lang='lat' dir='ltr'><strong><em>ergo</em></strong></span> <span class='ocrx_word' id='word_1_260' title='bbox 405 1882 507 1917; x_wconf 84' lang='lat' dir='ltr'><strong><em>non</em></strong></span> <span class='ocrx_word' id='word_1_261' title='bbox 536 1863 773 1926; x_wconf 82' lang='lat' dir='ltr'><strong><em>volentis,</em></strong></span> <span class='ocrx_word' id='word_1_262' title='bbox 807 1875 964 1927; x_wconf 85' lang='lat' dir='ltr'><strong><em>neque</em></strong></span> <span class='ocrx_word' id='word_1_263' title='bbox 1007 1857 1281 1921; x_wconf 87' lang='lat' dir='ltr'><strong><em>currentis,</em></strong></span> <span class='ocrx_word' id='word_1_264' title='bbox 1309 1854 1399 1909; x_wconf 91' lang='lat' dir='ltr'><strong><em>sed</em></strong></span> <span class='ocrx_word' id='word_1_265' title='bbox 1430 1851 1713 1907; x_wconf 85' lang='lat' dir='ltr'><strong><em>miserentis</em></strong></span> <span class='ocrx_word' id='word_1_266' title='bbox 1752 1849 1848 1904; x_wconf 91' lang='lat' dir='ltr'><strong><em>Dei</em></strong></span> 
     </span>
    </p>
   </div>
   <div class='ocr_carea' id='block_1_35' title="bbox 257 1940 1850 2025">
    <p class='ocr_par' dir='ltr' id='par_1_35' title="bbox 257 1940 1850 2025">
     <span class='ocr_line' id='line_1_35' title="bbox 257 1940 1850 2025; baseline -0.009 -16"><span class='ocrx_word' id='word_1_267' title='bbox 257 1971 369 2009; x_wconf 84' lang='lat' dir='ltr'><strong><em>esse</em></strong></span> <span class='ocrx_word' id='word_1_268' title='bbox 393 1954 531 2025; x_wconf 88' lang='lat' dir='ltr'><strong><em>quod</em></strong></span> <span class='ocrx_word' id='word_1_269' title='bbox 559 1952 682 2006; x_wconf 88' lang='lat' dir='ltr'><strong><em>bene</em></strong></span> <span class='ocrx_word' id='word_1_270' title='bbox 704 1965 1015 2022; x_wconf 88' lang='lat' dir='ltr'><strong><em>operamur;</em></strong></span> <span class='ocrx_word' id='word_1_271' title='bbox 1043 1947 1250 2001; x_wconf 88' lang='lat' dir='ltr'><strong><em>omnino</em></strong></span> <span class='ocrx_word' id='word_1_272' title='bbox 1274 1944 1595 1999; x_wconf 87' lang='lat' dir='ltr'><strong><em>verissimum</em></strong></span> <span class='ocrx_word' id='word_1_273' title='bbox 1621 1950 1694 1995; x_wconf 87' lang='lat' dir='ltr'><strong><em>est</em></strong></span> <span class='ocrx_word' id='word_1_274' title='bbox 1717 1957 1735 1995; x_wconf 90' lang='lat'><em>:</em></span> <span class='ocrx_word' id='word_1_275' title='bbox 1760 1940 1850 1994; x_wconf 86' lang='lat' dir='ltr'><strong><em>sed</em></strong></span> 
     </span>
    </p>
   </div>
   <div class='ocr_carea' id='block_1_36' title="bbox 260 2033 1850 2115">
    <p class='ocr_par' dir='ltr' id='par_1_36' title="bbox 260 2033 1850 2115">
     <span class='ocr_line' id='line_1_36' title="bbox 260 2033 1850 2115; baseline -0.009 -16"><span class='ocrx_word' id='word_1_276' title='bbox 260 2063 449 2115; x_wconf 83' lang='lat' dir='ltr'><strong><em>parum</em></strong></span> <span class='ocrx_word' id='word_1_277' title='bbox 487 2045 552 2098; x_wconf 92' lang='lat' dir='ltr'><strong><em>de</em></strong></span> <span class='ocrx_word' id='word_1_278' title='bbox 586 2045 702 2115; x_wconf 87' lang='lat' dir='ltr'><strong><em>ipsa</em></strong></span> <span class='ocrx_word' id='word_1_279' title='bbox 755 2042 1017 2097; x_wconf 82' lang='lat' dir='ltr'><strong><em>vocatione</em></strong></span> <span class='ocrx_word' id='word_1_280' title='bbox 1055 2038 1297 2103; x_wconf 86' lang='lat' dir='ltr'><strong><em>disserui,</em></strong></span> <span class='ocrx_word' id='word_1_281' title='bbox 1329 2052 1443 2107; x_wconf 77' lang='lat' dir='ltr'><strong><em>qua:</em></strong></span> <span class='ocrx_word' id='word_1_282' title='bbox 1470 2036 1526 2103; x_wconf 80' lang='lat' dir='ltr'><strong><em>ﬁt</em></strong></span> <span class='ocrx_word' id='word_1_283' title='bbox 1570 2033 1850 2089; x_wconf 87' lang='lat' dir='ltr'><strong><em>secundum</em></strong></span> 
     </span>
    </p>
   </div>
   <div class='ocr_carea' id='block_1_37' title="bbox 262 2124 1852 2207">
    <p class='ocr_par' dir='ltr' id='par_1_37' title="bbox 262 2124 1852 2207">
     <span class='ocr_line' id='line_1_37' title="bbox 262 2124 1852 2207; baseline -0.008 -16"><span class='ocrx_word' id='word_1_284' title='bbox 262 2137 589 2207; x_wconf 82' lang='lat' dir='ltr'><strong><em>propositum</em></strong></span> <span class='ocrx_word' id='word_1_285' title='bbox 621 2134 752 2200; x_wconf 90' lang='lat' dir='ltr'><strong><em>Dei;</em></strong></span> <span class='ocrx_word' id='word_1_286' title='bbox 783 2151 885 2188; x_wconf 89' lang='lat' dir='ltr'><strong><em>non</em></strong></span> <span class='ocrx_word' id='word_1_287' title='bbox 910 2132 1049 2186; x_wconf 90' lang='lat' dir='ltr'><strong><em>enim</em></strong></span> <span class='ocrx_word' id='word_1_288' title='bbox 1083 2131 1313 2185; x_wconf 88' lang='lat' dir='ltr'><strong><em>omnium</em></strong></span> <span class='ocrx_word' id='word_1_289' title='bbox 1341 2128 1429 2199; x_wconf 88' lang='lat' dir='ltr'><strong><em>qui</em></strong></span> <span class='ocrx_word' id='word_1_290' title='bbox 1459 2134 1705 2181; x_wconf 83' lang='lat' dir='ltr'><strong><em>vocantur</em></strong></span> <span class='ocrx_word' id='word_1_291' title='bbox 1736 2124 1852 2179; x_wconf 84' lang='lat' dir='ltr'><strong><em>talis</em></strong></span> 
     </span>
    </p>
   </div>
   <div class='ocr_carea' id='block_1_38' title="bbox 263 2227 1033 2296">
    <p class='ocr_par' dir='ltr' id='par_1_38' title="bbox 263 2227 1033 2296">
     <span class='ocr_line' id='line_1_38' title="bbox 263 2227 1033 2296; baseline -0.008 -13"><span class='ocrx_word' id='word_1_292' title='bbox 263 2240 361 2296; x_wconf 81' lang='lat' dir='ltr'><strong><em>est,</em></strong></span> <span class='ocrx_word' id='word_1_293' title='bbox 395 2229 485 2284; x_wconf 83' lang='lat' dir='ltr'><strong><em>sed</em></strong></span> <span class='ocrx_word' id='word_1_294' title='bbox 512 2237 709 2281; x_wconf 83' lang='lat' dir='ltr'><strong><em>tantum</em></strong></span> <span class='ocrx_word' id='word_1_295' title='bbox 735 2227 1033 2279; x_wconf 87' lang='lat' dir='ltr'><strong><em>electorum.</em></strong></span> 
     </span>
    </p>
   </div>
   <div class='ocr_carea' id='block_1_39' title="bbox 600 2308 1531 2373">
    <p class='ocr_par' dir='ltr' id='par_1_39' title="bbox 600 2308 1531 2373">
     <span class='ocr_line' id='line_1_39' title="bbox 600 2308 1531 2373; baseline -0.009 -2"><span class='ocrx_word' id='word_1_296' title='bbox 600 2313 978 2373; x_wconf 70' lang='lat' dir='ltr'><strong><em>RESPONSIO</em></strong></span> <span class='ocrx_word' id='word_1_297' title='bbox 1016 2313 1107 2368; x_wconf 79' lang='lat' dir='ltr'><strong><em>AD</em></strong></span> <span class='ocrx_word' id='word_1_298' title='bbox 1148 2310 1309 2367; x_wconf 66' lang='lat' dir='ltr'><strong><em>HEC</em></strong></span> <span class='ocrx_word' id='word_1_299' title='bbox 1346 2308 1531 2365; x_wconf 82' lang='lat' dir='ltr'><strong>TRIA.</strong></span> 
     </span>
    </p>
   </div>
   <div class='ocr_carea' id='block_1_40' title="bbox 334 2398 1850 2477">
    <p class='ocr_par' dir='ltr' id='par_1_40' title="bbox 334 2398 1850 2477">
     <span class='ocr_line' id='line_1_40' title="bbox 334 2398 1850 2477; baseline -0.011 -12"><span class='ocrx_word' id='word_1_300' title='bbox 334 2410 398 2465; x_wconf 81' lang='lat' dir='ltr'><strong><em>In</em></strong></span> <span class='ocrx_word' id='word_1_301' title='bbox 431 2410 513 2464; x_wconf 87' lang='lat' dir='ltr'><strong><em>bis</em></strong></span> <span class='ocrx_word' id='word_1_302' title='bbox 543 2410 715 2464; x_wconf 85' lang='lat' dir='ltr'><strong><em>tribus</em></strong></span> <span class='ocrx_word' id='word_1_303' title='bbox 734 2406 1004 2477; x_wconf 89' lang='lat' dir='ltr'><strong><em>capitulis,</em></strong></span> <span class='ocrx_word' id='word_1_304' title='bbox 1029 2406 1153 2459; x_wconf 90' lang='lat' dir='ltr'><strong><em>licet</em></strong></span> <span class='ocrx_word' id='word_1_305' title='bbox 1180 2404 1351 2458; x_wconf 85' lang='lat' dir='ltr'><strong><em>divisa</em></strong></span> <span class='ocrx_word' id='word_1_306' title='bbox 1379 2398 1569 2457; x_wconf 74' lang='lat' dir='ltr'><strong><em>sintda</em></strong></span> <span class='ocrx_word' id='word_1_307' title='bbox 1600 2399 1850 2466; x_wconf 81' lang='lat' dir='ltr'><strong><em>disputa-</em></strong></span> 
     </span>
    </p>
   </div>
   <div class='ocr_carea' id='block_1_41' title="bbox 264 2490 1852 2571">
    <p class='ocr_par' dir='ltr' id='par_1_41' title="bbox 264 2490 1852 2571">
     <span class='ocr_line' id='line_1_41' title="bbox 264 2490 1852 2571; baseline -0.008 -13"><span class='ocrx_word' id='word_1_308' title='bbox 264 2506 432 2559; x_wconf 78' lang='lat' dir='ltr'><strong><em>tionis</em></strong></span> <span class='ocrx_word' id='word_1_309' title='bbox 458 2518 708 2571; x_wconf 87' lang='lat' dir='ltr'><strong><em>corpore,</em></strong></span> <span class='ocrx_word' id='word_1_310' title='bbox 740 2511 794 2557; x_wconf 89' lang='lat' dir='ltr'><strong><em>et</em></strong></span> <span class='ocrx_word' id='word_1_311' title='bbox 824 2517 887 2557; x_wconf 90' lang='lat' dir='ltr'><strong><em>eo</em></strong></span> <span class='ocrx_word' id='word_1_312' title='bbox 908 2500 1028 2569; x_wconf 87' lang='lat' dir='ltr'><strong><em>ipso</em></strong></span> <span class='ocrx_word' id='word_1_313' title='bbox 1056 2497 1371 2554; x_wconf 87' lang='lat' dir='ltr'><strong><em>obscuriora</em></strong></span> <span class='ocrx_word' id='word_1_314' title='bbox 1394 2496 1501 2549; x_wconf 90' lang='lat' dir='ltr'><strong><em>sint</em></strong></span> <span class='ocrx_word' id='word_1_315' title='bbox 1527 2494 1686 2560; x_wconf 80' lang='lat' dir='ltr'><strong><em>facta,</em></strong></span> <span class='ocrx_word' id='word_1_316' title='bbox 1710 2490 1852 2561; x_wconf 88' lang='lat' dir='ltr'><strong><em>quod</em></strong></span> 
     </span>
    </p>
   </div>
   <div class='ocr_carea' id='block_1_42' title="bbox 265 2587 1851 2665">
    <p class='ocr_par' dir='ltr' id='par_1_42' title="bbox 265 2587 1851 2665">
     <span class='ocr_line' id='line_1_42' title="bbox 265 2587 1851 2665; baseline -0.009 -13"><span class='ocrx_word' id='word_1_317' title='bbox 265 2605 323 2652; x_wconf 90' lang='lat' dir='ltr'><strong><em>et</em></strong></span> <span class='ocrx_word' id='word_1_318' title='bbox 351 2594 808 2665; x_wconf 70' lang='lat' dir='ltr'><strong><em>praecedentibus,</em></strong></span> <span class='ocrx_word' id='word_1_319' title='bbox 842 2603 895 2648; x_wconf 91' lang='lat' dir='ltr'><strong><em>et</em></strong></span> <span class='ocrx_word' id='word_1_320' title='bbox 919 2591 1137 2659; x_wconf 90' lang='lat' dir='ltr'><strong><em>mediis,</em></strong></span> <span class='ocrx_word' id='word_1_321' title='bbox 1174 2600 1228 2646; x_wconf 89' lang='lat' dir='ltr'><strong><em>et</em></strong></span> <span class='ocrx_word' id='word_1_322' title='bbox 1256 2587 1714 2657; x_wconf 88' lang='lat' dir='ltr'><strong><em>subsequentibus</em></strong></span> <span class='ocrx_word' id='word_1_323' title='bbox 1745 2598 1851 2638; x_wconf 91' lang='lat' dir='ltr'><strong><em>non</em></strong></span> 
     </span>
    </p>
   </div>
   <div class='ocr_carea' id='block_1_43' title="bbox 262 2680 1855 2756">
    <p class='ocr_par' dir='ltr' id='par_1_43' title="bbox 262 2680 1855 2756">
     <span class='ocr_line' id='line_1_43' title="bbox 262 2680 1855 2756; baseline -0.008 -13"><span class='ocrx_word' id='word_1_324' title='bbox 262 2688 579 2753; x_wconf 68' lang='lat' dir='ltr'><strong><em>cohaerent;</em></strong></span> <span class='ocrx_word' id='word_1_325' title='bbox 628 2684 980 2756; x_wconf 84' lang='lat' dir='ltr'><strong><em>intelligendo</em></strong></span> <span class='ocrx_word' id='word_1_326' title='bbox 1022 2692 1199 2738; x_wconf 86' lang='lat' dir='ltr'><strong><em>tamen</em></strong></span> <span class='ocrx_word' id='word_1_327' title='bbox 1248 2680 1389 2751; x_wconf 88' lang='lat' dir='ltr'><strong><em>quod</em></strong></span> <span class='ocrx_word' id='word_1_328' title='bbox 1441 2693 1600 2733; x_wconf 86' lang='lat' dir='ltr'><strong><em>uuam</em></strong></span> <span class='ocrx_word' id='word_1_329' title='bbox 1636 2686 1660 2714; x_wconf 74' lang='grc' dir='ltr'><strong>ε</strong></span> <span class='ocrx_word' id='word_1_330' title='bbox 1690 2684 1855 2744; x_wconf 89' lang='lat' dir='ltr'><strong><em>atque</em></strong></span> 
     </span>
    </p>
   </div>
   <div class='ocr_carea' id='block_1_44' title="bbox 262 2769 1856 2845">
    <p class='ocr_par' dir='ltr' id='par_1_44' title="bbox 262 2769 1856 2845">
     <span class='ocr_line' id='line_1_44' title="bbox 262 2769 1856 2845; baseline -0.009 -9"><span class='ocrx_word' id='word_1_331' title='bbox 262 2777 522 2836; x_wconf 77' lang='lat' dir='ltr'><strong><em>eamdem</em></strong></span> <span class='ocrx_word' id='word_1_332' title='bbox 553 2792 769 2832; x_wconf 78' lang='lat' dir='ltr'><strong><em>causam</em></strong></span> <span class='ocrx_word' id='word_1_333' title='bbox 802 2778 1037 2845; x_wconf 85' lang='lat' dir='ltr'><strong><em>scriptor</em></strong></span> <span class='ocrx_word' id='word_1_334' title='bbox 1060 2773 1392 2842; x_wconf 73' lang='lat' dir='ltr'><strong><em>exsequitur,</em></strong></span> <span class='ocrx_word' id='word_1_335' title='bbox 1426 2771 1492 2825; x_wconf 92' lang='lat' dir='ltr'><strong><em>de</em></strong></span> <span class='ocrx_word' id='word_1_336' title='bbox 1522 2772 1600 2823; x_wconf 88' lang='lat' dir='ltr'><strong><em>eis</em></strong></span> <span class='ocrx_word' id='word_1_337' title='bbox 1629 2769 1856 2837; x_wconf 88' lang='lat' dir='ltr'><strong><em>loquens</em></strong></span> 
     </span>
    </p>
   </div>
   <div class='ocr_carea' id='block_1_45' title="bbox 261 2864 1856 2940">
    <p class='ocr_par' dir='ltr' id='par_1_45' title="bbox 261 2864 1856 2940">
     <span class='ocr_line' id='line_1_45' title="bbox 261 2864 1856 2940; baseline -0.006 -16"><span class='ocrx_word' id='word_1_338' title='bbox 261 2872 355 2940; x_wconf 88' lang='lat' dir='ltr'><strong><em>qui</em></strong></span> <span class='ocrx_word' id='word_1_339' title='bbox 389 2869 644 2925; x_wconf 74' lang='lat' dir='ltr'><strong><em>dicebant</em></strong></span> <span class='ocrx_word' id='word_1_340' title='bbox 686 2884 812 2923; x_wconf 89' lang='lat' dir='ltr'><strong><em>eum</em></strong></span> <span class='ocrx_word' id='word_1_341' title='bbox 847 2869 1020 2938; x_wconf 91' lang='lat' dir='ltr'><strong><em>primo</em></strong></span> <span class='ocrx_word' id='word_1_342' title='bbox 1063 2864 1435 2921; x_wconf 79' lang='lat' dir='ltr'><strong><em>conversionis</em></strong></span> <span class='ocrx_word' id='word_1_343' title='bbox 1464 2877 1572 2918; x_wconf 76' lang='lat' dir='ltr'><strong><em>sua:</em></strong></span> <span class='ocrx_word' id='word_1_344' title='bbox 1614 2869 1856 2929; x_wconf 89' lang='lat' dir='ltr'><strong><em>tempore</em></strong></span> 
     </span>
    </p>
   </div>
   <div class='ocr_carea' id='block_1_46' title="bbox 264 2952 1855 3030">
    <p class='ocr_par' dir='ltr' id='par_1_46' title="bbox 264 2952 1855 3030">
     <span class='ocr_line' id='line_1_46' title="bbox 264 2952 1855 3030; baseline -0.008 -13"><span class='ocrx_word' id='word_1_345' title='bbox 264 2962 495 3017; x_wconf 77' lang='lat' dir='ltr'><strong><em>meliora</em></strong></span> <span class='ocrx_word' id='word_1_346' title='bbox 538 2961 795 3025; x_wconf 87' lang='lat' dir='ltr'><strong><em>sensisse,</em></strong></span> <span class='ocrx_word' id='word_1_347' title='bbox 820 2958 1035 3030; x_wconf 87' lang='lat' dir='ltr'><strong><em>quando</em></strong></span> <span class='ocrx_word' id='word_1_348' title='bbox 1066 2957 1388 3025; x_wconf 64' lang='lat' dir='ltr'><strong><em>aestimabat,</em></strong></span> <span class='ocrx_word' id='word_1_349' title='bbox 1417 2955 1559 3025; x_wconf 88' lang='lat' dir='ltr'><strong><em>quod</em></strong></span> <span class='ocrx_word' id='word_1_350' title='bbox 1593 2952 1724 3007; x_wconf 78' lang='lat' dir='ltr'><strong><em>fides</em></strong></span> <span class='ocrx_word' id='word_1_351' title='bbox 1751 2966 1855 3021; x_wconf 85' lang='lat' dir='ltr'><strong><em>qua</em></strong></span> 
     </span>
    </p>
   </div>
   <div class='ocr_carea' id='block_1_47' title="bbox 264 3043 1854 3118">
    <p class='ocr_par' dir='ltr' id='par_1_47' title="bbox 264 3043 1854 3118">
     <span class='ocr_line' id='line_1_47' title="bbox 264 3043 1854 3118; baseline -0.009 -8"><span class='ocrx_word' id='word_1_352' title='bbox 264 3054 566 3110; x_wconf 73' lang='lat' dir='ltr'><strong><em>Christiani</em></strong></span> <span class='ocrx_word' id='word_1_353' title='bbox 592 3067 797 3115; x_wconf 86' lang='lat' dir='ltr'><strong><em>sumus.</em></strong></span> <span class='ocrx_word' id='word_1_354' title='bbox 847 3067 953 3107; x_wconf 90' lang='lat' dir='ltr'><strong><em>non</em></strong></span> <span class='ocrx_word' id='word_1_355' title='bbox 984 3061 1130 3105; x_wconf 80' lang='lat' dir='ltr'><strong><em>esset</em></strong></span> <span class='ocrx_word' id='word_1_356' title='bbox 1154 3064 1223 3103; x_wconf 81' lang='lat' dir='ltr'><strong><em>ex</em></strong></span> <span class='ocrx_word' id='word_1_357' title='bbox 1243 3049 1438 3118; x_wconf 85' lang='lat' dir='ltr'><strong><em>gratia,</em></strong></span> <span class='ocrx_word' id='word_1_358' title='bbox 1483 3061 1582 3100; x_wconf 88' lang='lat' dir='ltr'><strong><em>nec</em></strong></span> <span class='ocrx_word' id='word_1_359' title='bbox 1612 3060 1679 3098; x_wconf 81' lang='lat' dir='ltr'><strong><em>ex</em></strong></span> <span class='ocrx_word' id='word_1_360' title='bbox 1709 3043 1854 3098; x_wconf 90' lang='lat' dir='ltr'><strong><em>dono</em></strong></span> 
     </span>
    </p>
   </div>
   <div class='ocr_carea' id='block_1_48' title="bbox 1952 1842 3540 1913">
    <p class='ocr_par' dir='ltr' id='par_1_48' title="bbox 1952 1842 3540 1913">
     <span class='ocr_line' id='line_1_48' title="bbox 1952 1842 3540 1913; baseline -0.002 -11"><span class='ocrx_word' id='word_1_361' title='bbox 1952 1846 2303 1902; x_wconf 79' lang='lat' dir='ltr'><strong><em>correCtionis</em></strong></span> <span class='ocrx_word' id='word_1_362' title='bbox 2333 1846 2593 1910; x_wconf 89' lang='lat' dir='ltr'><strong><em>instituit;</em></strong></span> <span class='ocrx_word' id='word_1_363' title='bbox 2620 1842 2646 1880; x_wconf 69' lang='grc' dir='ltr'>δ</span> <span class='ocrx_word' id='word_1_364' title='bbox 2674 1855 2729 1899; x_wconf 90' lang='lat' dir='ltr'><strong><em>et</em></strong></span> <span class='ocrx_word' id='word_1_365' title='bbox 2757 1860 2860 1913; x_wconf 87' lang='lat' dir='ltr'><strong><em>qua</em></strong></span> <span class='ocrx_word' id='word_1_366' title='bbox 2886 1844 3045 1899; x_wconf 87' lang='lat' dir='ltr'><strong><em>docet</em></strong></span> <span class='ocrx_word' id='word_1_367' title='bbox 3070 1859 3100 1898; x_wconf 89' lang='lat' dir='ltr'><strong><em>a</em></strong></span> <span class='ocrx_word' id='word_1_368' title='bbox 3132 1845 3242 1899; x_wconf 88' lang='lat' dir='ltr'><strong><em>Deo</em></strong></span> <span class='ocrx_word' id='word_1_369' title='bbox 3270 1858 3369 1899; x_wconf 93' lang='lat' dir='ltr'><strong><em>nos</em></strong></span> <span class='ocrx_word' id='word_1_370' title='bbox 3397 1844 3540 1899; x_wconf 64' lang='lat' dir='ltr'><strong><em>accio</em></strong></span> 
     </span>
    </p>
   </div>
   <div class='ocr_carea' id='block_1_49' title="bbox 1953 1938 3210 2011">
    <p class='ocr_par' dir='ltr' id='par_1_49' title="bbox 1953 1938 3210 2011">
     <span class='ocr_line' id='line_1_49' title="bbox 1953 1938 3210 2011; baseline -0.002 -17"><span class='ocrx_word' id='word_1_371' title='bbox 1953 1956 2102 2011; x_wconf 85' lang='lat' dir='ltr'><strong><em>pere,</em></strong></span> <span class='ocrx_word' id='word_1_372' title='bbox 2130 1939 2271 2009; x_wconf 89' lang='lat' dir='ltr'><strong><em>quod</em></strong></span> <span class='ocrx_word' id='word_1_373' title='bbox 2300 1949 2358 1994; x_wconf 91' lang='lat' dir='ltr'><strong><em>ut</em></strong></span> <span class='ocrx_word' id='word_1_374' title='bbox 2383 1938 2711 2007; x_wconf 81' lang='lat' dir='ltr'><strong><em>accipiamus</em></strong></span> <span class='ocrx_word' id='word_1_375' title='bbox 2733 1938 2990 2007; x_wconf 86' lang='lat' dir='ltr'><strong><em>jubetnur</em></strong></span> <span class='ocrx_word' id='word_1_376' title='bbox 3019 1939 3210 1993; x_wconf 75' lang='lat' dir='ltr'><strong><em>orare?</em></strong></span> 
     </span>
    </p>
   </div>
   <div class='ocr_carea' id='block_1_50' title="bbox 2025 2030 3539 2099">
    <p class='ocr_par' dir='ltr' id='par_1_50' title="bbox 2025 2030 3539 2099">
     <span class='ocr_line' id='line_1_50' title="bbox 2025 2030 3539 2099; baseline -0.002 -11"><span class='ocrx_word' id='word_1_377' title='bbox 2025 2032 2082 2089; x_wconf 91' lang='lat' dir='ltr'><strong><em>Si</em></strong></span> <span class='ocrx_word' id='word_1_378' title='bbox 2111 2047 2254 2087; x_wconf 82' lang='lat' dir='ltr'><strong><em>enim</em></strong></span> <span class='ocrx_word' id='word_1_379' title='bbox 2286 2031 2694 2086; x_wconf 85' lang='lat' dir='ltr'><strong><em>consideremus</em></strong></span> <span class='ocrx_word' id='word_1_380' title='bbox 2730 2030 3033 2099; x_wconf 72' lang='lat' dir='ltr'><strong><em>Pelagiana:</em></strong></span> <span class='ocrx_word' id='word_1_381' title='bbox 3064 2036 3378 2099; x_wconf 86' lang='lat' dir='ltr'><strong><em>argumenta</em></strong></span> <span class='ocrx_word' id='word_1_382' title='bbox 3414 2044 3539 2099; x_wconf 89' lang='lat' dir='ltr'><strong><em>per-</em></strong></span> 
     </span>
    </p>
   </div>
   <div class='ocr_carea' id='block_1_51' title="bbox 1952 2120 3539 2193">
    <p class='ocr_par' dir='ltr' id='par_1_51' title="bbox 1952 2120 3539 2193">
     <span class='ocr_line' id='line_1_51' title="bbox 1952 2120 3539 2193; baseline -0.003 -14"><span class='ocrx_word' id='word_1_383' title='bbox 1952 2124 2116 2189; x_wconf 67' lang='lat' dir='ltr'><strong><em>ﬁdim,</em></strong></span> <span class='ocrx_word' id='word_1_384' title='bbox 2144 2122 2272 2193; x_wconf 86' lang='lat' dir='ltr'><strong><em>quid</em></strong></span> <span class='ocrx_word' id='word_1_385' title='bbox 2310 2122 2479 2192; x_wconf 73' lang='lat' dir='ltr'><strong><em>magis</em></strong></span> <span class='ocrx_word' id='word_1_386' title='bbox 2508 2122 2694 2176; x_wconf 90' lang='lat' dir='ltr'><strong><em>nititur</em></strong></span> <span class='ocrx_word' id='word_1_387' title='bbox 2720 2122 2967 2177; x_wconf 89' lang='lat' dir='ltr'><strong><em>obtinere</em></strong></span> <span class='ocrx_word' id='word_1_388' title='bbox 2998 2137 3157 2190; x_wconf 82' lang='lat' dir='ltr'><strong><em>quam</em></strong></span> <span class='ocrx_word' id='word_1_389' title='bbox 3198 2130 3253 2175; x_wconf 94' lang='lat' dir='ltr'><strong><em>ut</em></strong></span> <span class='ocrx_word' id='word_1_390' title='bbox 3291 2120 3539 2175; x_wconf 75' lang='lat' dir='ltr'><strong><em>videatur</em></strong></span> 
     </span>
    </p>
   </div>
   <div class='ocr_carea' id='block_1_52' title="bbox 1952 2212 3541 2285">
    <p class='ocr_par' dir='ltr' id='par_1_52' title="bbox 1952 2212 3541 2285">
     <span class='ocr_line' id='line_1_52' title="bbox 1952 2212 3541 2285; baseline -0.003 -16"><span class='ocrx_word' id='word_1_391' title='bbox 1952 2217 2121 2285; x_wconf 86' lang='lat' dir='ltr'><strong><em>gratia</em></strong></span> <span class='ocrx_word' id='word_1_392' title='bbox 2167 2214 2257 2269; x_wconf 88' lang='lat' dir='ltr'><strong><em>Dei</em></strong></span> <span class='ocrx_word' id='word_1_393' title='bbox 2307 2212 2604 2269; x_wconf 86' lang='lat' dir='ltr'><strong><em>secundum</em></strong></span> <span class='ocrx_word' id='word_1_394' title='bbox 2653 2216 2843 2267; x_wconf 89' lang='lat' dir='ltr'><strong><em>merita</em></strong></span> <span class='ocrx_word' id='word_1_395' title='bbox 2891 2222 3072 2268; x_wconf 90' lang='lat' dir='ltr'><strong><em>nostra</em></strong></span> <span class='ocrx_word' id='word_1_396' title='bbox 3101 2212 3245 2280; x_wconf 87' lang='lat' dir='ltr'><strong><em>dari,</em></strong></span> <span class='ocrx_word' id='word_1_397' title='bbox 3292 2223 3348 2266; x_wconf 90' lang='lat' dir='ltr'><strong><em>ut</em></strong></span> <span class='ocrx_word' id='word_1_398' title='bbox 3378 2213 3431 2266; x_wconf 92' lang='lat' dir='ltr'><strong><em>iu</em></strong></span> <span class='ocrx_word' id='word_1_399' title='bbox 3475 2228 3541 2268; x_wconf 89' lang='lat' dir='ltr'><strong><em>eo</em></strong></span> 
     </span>
    </p>
   </div>
   <div class='ocr_carea' id='block_1_53' title="bbox 1953 2302 3541 2377">
    <p class='ocr_par' dir='ltr' id='par_1_53' title="bbox 1953 2302 3541 2377">
     <span class='ocr_line' id='line_1_53' title="bbox 1953 2302 3541 2377; baseline -0.001 -17"><span class='ocrx_word' id='word_1_400' title='bbox 1953 2306 2075 2377; x_wconf 90' lang='lat' dir='ltr'><strong><em>ipso</em></strong></span> <span class='ocrx_word' id='word_1_401' title='bbox 2101 2305 2154 2359; x_wconf 91' lang='lat' dir='ltr'><strong><em>in</em></strong></span> <span class='ocrx_word' id='word_1_402' title='bbox 2196 2320 2302 2375; x_wconf 92' lang='lat' dir='ltr'><strong><em>quo</em></strong></span> <span class='ocrx_word' id='word_1_403' title='bbox 2333 2305 2559 2374; x_wconf 84' lang='lat' dir='ltr'><strong><em>gratiam</em></strong></span> <span class='ocrx_word' id='word_1_404' title='bbox 2590 2305 2956 2358; x_wconf 87' lang='lat' dir='ltr'><strong><em>necessariam</em></strong></span> <span class='ocrx_word' id='word_1_405' title='bbox 2991 2302 3299 2372; x_wconf 79' lang='lat' dir='ltr'><strong><em>conﬁtetur,</em></strong></span> <span class='ocrx_word' id='word_1_406' title='bbox 3334 2304 3541 2359; x_wconf 89' lang='lat' dir='ltr'><strong><em>meritis</em></strong></span> 
     </span>
    </p>
   </div>
   <div class='ocr_carea' id='block_1_54' title="bbox 1954 2393 3540 2463">
    <p class='ocr_par' dir='ltr' id='par_1_54' title="bbox 1954 2393 3540 2463">
     <span class='ocr_line' id='line_1_54' title="bbox 1954 2393 3540 2463; baseline -0.003 -11"><span class='ocrx_word' id='word_1_407' title='bbox 1954 2412 2073 2452; x_wconf 69' lang='lat' dir='ltr'><strong><em>eam</em></strong></span> <span class='ocrx_word' id='word_1_408' title='bbox 2091 2395 2339 2450; x_wconf 61' lang='lat' dir='ltr'><strong><em>humanae</em></strong></span> <span class='ocrx_word' id='word_1_409' title='bbox 2363 2394 2657 2449; x_wconf 83' lang='lat' dir='ltr'><strong><em>voluntatis</em></strong></span> <span class='ocrx_word' id='word_1_410' title='bbox 2676 2395 2931 2449; x_wconf 83' lang='lat' dir='ltr'><strong><em>enervet?</em></strong></span> <span class='ocrx_word' id='word_1_411' title='bbox 2947 2393 3113 2461; x_wconf 87' lang='lat' dir='ltr'><strong><em>Quam</em></strong></span> <span class='ocrx_word' id='word_1_412' title='bbox 3135 2393 3540 2463; x_wconf 72' lang='lat' dir='ltr'><strong><em>perversitatem</em></strong></span> 
     </span>
    </p>
   </div>
   <div class='ocr_carea' id='block_1_55' title="bbox 1955 2486 3543 2556">
    <p class='ocr_par' dir='ltr' id='par_1_55' title="bbox 1955 2486 3543 2556">
     <span class='ocr_line' id='line_1_55' title="bbox 1955 2486 3543 2556; baseline -0.003 -12"><span class='ocrx_word' id='word_1_413' title='bbox 1955 2490 2176 2544; x_wconf 92' lang='lat' dir='ltr'><strong><em>omnino</em></strong></span> <span class='ocrx_word' id='word_1_414' title='bbox 2209 2488 2439 2543; x_wconf 87' lang='lat' dir='ltr'><strong><em>incurrit</em></strong></span> <span class='ocrx_word' id='word_1_415' title='bbox 2465 2487 2553 2556; x_wconf 87' lang='lat' dir='ltr'><strong><em>qui</em></strong></span> <span class='ocrx_word' id='word_1_416' title='bbox 2581 2486 2739 2542; x_wconf 85' lang='lat' dir='ltr'><strong><em>ﬁdem</em></strong></span> <span class='ocrx_word' id='word_1_417' title='bbox 2768 2486 2836 2540; x_wconf 86' lang='lat' dir='ltr'><strong><em>ad</em></strong></span> <span class='ocrx_word' id='word_1_418' title='bbox 2864 2487 2956 2541; x_wconf 90' lang='lat' dir='ltr'><strong><em>Dei</em></strong></span> <span class='ocrx_word' id='word_1_419' title='bbox 2984 2501 3211 2541; x_wconf 89' lang='lat' dir='ltr'><strong><em>munera</em></strong></span> <span class='ocrx_word' id='word_1_420' title='bbox 3252 2501 3358 2539; x_wconf 90' lang='lat' dir='ltr'><strong><em>non</em></strong></span> <span class='ocrx_word' id='word_1_421' title='bbox 3392 2493 3543 2553; x_wconf 86' lang='lat' dir='ltr'><strong><em>putat</em></strong></span> 
     </span>
    </p>
   </div>
   <div class='ocr_carea' id='block_1_56' title="bbox 1956 2575 3537 2652">
    <p class='ocr_par' dir='ltr' id='par_1_56' title="bbox 1956 2575 3537 2652">
     <span class='ocr_line' id='line_1_56' title="bbox 1956 2575 3537 2652; baseline -0.006 -12"><span class='ocrx_word' id='word_1_422' title='bbox 1956 2580 2227 2652; x_wconf 85' lang='lat' dir='ltr'><strong><em>pertinere</em></strong></span> <span class='ocrx_word' id='word_1_423' title='bbox 2254 2596 2267 2632; x_wconf 91' lang='lat'><strong>:</strong></span> <span class='ocrx_word' id='word_1_424' title='bbox 2301 2588 2390 2633; x_wconf 90' lang='lat' dir='ltr'><strong><em>aut</em></strong></span> <span class='ocrx_word' id='word_1_425' title='bbox 2422 2579 2543 2633; x_wconf 87' lang='lat' dir='ltr'><strong><em>ideo</em></strong></span> <span class='ocrx_word' id='word_1_426' title='bbox 2574 2593 2694 2634; x_wconf 88' lang='lat' dir='ltr'><strong><em>eam</em></strong></span> <span class='ocrx_word' id='word_1_427' title='bbox 2717 2592 2776 2631; x_wconf 91' lang='lat' dir='ltr'><strong><em>se</em></strong></span> <span class='ocrx_word' id='word_1_428' title='bbox 2794 2577 3009 2646; x_wconf 88' lang='lat' dir='ltr'><strong><em>jactitat</em></strong></span> <span class='ocrx_word' id='word_1_429' title='bbox 3032 2576 3097 2631; x_wconf 91' lang='lat' dir='ltr'><strong><em>ad</em></strong></span> <span class='ocrx_word' id='word_1_430' title='bbox 3123 2576 3287 2631; x_wconf 87' lang='lat' dir='ltr'><strong><em>Deum</em></strong></span> <span class='ocrx_word' id='word_1_431' title='bbox 3310 2575 3537 2645; x_wconf 82' lang='lat' dir='ltr'><strong><em>referre,</em></strong></span> 
     </span>
    </p>
   </div>
   <div class='ocr_carea' id='block_1_57' title="bbox 1956 2667 3541 2747">
    <p class='ocr_par' dir='ltr' id='par_1_57' title="bbox 1956 2667 3541 2747">
     <span class='ocr_line' id='line_1_57' title="bbox 1956 2667 3541 2747; baseline -0.006 -18"><span class='ocrx_word' id='word_1_432' title='bbox 1956 2676 2083 2747; x_wconf 88' lang='lat' dir='ltr'><strong><em>quia</em></strong></span> <span class='ocrx_word' id='word_1_433' title='bbox 2110 2674 2178 2727; x_wconf 87' lang='lat' dir='ltr'><strong><em>ab</em></strong></span> <span class='ocrx_word' id='word_1_434' title='bbox 2218 2673 2333 2741; x_wconf 89' lang='lat' dir='ltr'><strong><em>ipso</em></strong></span> <span class='ocrx_word' id='word_1_435' title='bbox 2360 2671 2428 2725; x_wconf 82' lang='lat' dir='ltr'><strong><em>sit</em></strong></span> <span class='ocrx_word' id='word_1_436' title='bbox 2459 2683 2640 2726; x_wconf 90' lang='lat' dir='ltr'><strong><em>creata</em></strong></span> <span class='ocrx_word' id='word_1_437' title='bbox 2673 2678 2887 2734; x_wconf 89' lang='lat' dir='ltr'><strong><em>natura,</em></strong></span> <span class='ocrx_word' id='word_1_438' title='bbox 2921 2670 3007 2723; x_wconf 89' lang='lat' dir='ltr'><strong><em>cui</em></strong></span> <span class='ocrx_word' id='word_1_439' title='bbox 3048 2667 3425 2723; x_wconf 86' lang='lat' dir='ltr'><strong><em>rationabilem</em></strong></span> <span class='ocrx_word' id='word_1_440' title='bbox 3455 2668 3541 2721; x_wconf 82' lang='lat' dir='ltr'><strong><em>in-</em></strong></span> 
     </span>
    </p>
   </div>
   <div class='ocr_carea' id='block_1_58' title="bbox 1955 2761 3542 2835">
    <p class='ocr_par' dir='ltr' id='par_1_58' title="bbox 1955 2761 3542 2835">
     <span class='ocr_line' id='line_1_58' title="bbox 1955 2761 3542 2835; baseline -0.002 -14"><span class='ocrx_word' id='word_1_441' title='bbox 1955 2768 2127 2823; x_wconf 82' lang='lat' dir='ltr'><strong><em>seruit</em></strong></span> <span class='ocrx_word' id='word_1_442' title='bbox 2159 2766 2487 2833; x_wconf 85' lang='lat' dir='ltr'><strong><em>libertatem,</em></strong></span> <span class='ocrx_word' id='word_1_443' title='bbox 2516 2781 2609 2835; x_wconf 90' lang='lat' dir='ltr'><strong><em>per</em></strong></span> <span class='ocrx_word' id='word_1_444' title='bbox 2637 2780 2796 2835; x_wconf 86' lang='lat' dir='ltr'><strong><em>quam</em></strong></span> <span class='ocrx_word' id='word_1_445' title='bbox 2828 2762 3196 2834; x_wconf 75' lang='lat' dir='ltr'><strong><em>unusquisque</em></strong></span> <span class='ocrx_word' id='word_1_446' title='bbox 3233 2770 3287 2818; x_wconf 91' lang='lat' dir='ltr'><strong><em>et</em></strong></span> <span class='ocrx_word' id='word_1_447' title='bbox 3315 2761 3542 2818; x_wconf 89' lang='lat' dir='ltr'><strong><em>credere</em></strong></span> 
     </span>
    </p>
   </div>
   <div class='ocr_carea' id='block_1_59' title="bbox 1958 2852 3542 2925">
    <p class='ocr_par' dir='ltr' id='par_1_59' title="bbox 1958 2852 3542 2925">
     <span class='ocr_line' id='line_1_59' title="bbox 1958 2852 3542 2925; baseline -0.006 -10"><span class='ocrx_word' id='word_1_448' title='bbox 1958 2869 2013 2915; x_wconf 93' lang='lat' dir='ltr'><strong><em>et</em></strong></span> <span class='ocrx_word' id='word_1_449' title='bbox 2040 2875 2146 2914; x_wconf 91' lang='lat' dir='ltr'><strong><em>non</em></strong></span> <span class='ocrx_word' id='word_1_450' title='bbox 2190 2859 2417 2914; x_wconf 89' lang='lat' dir='ltr'><strong><em>credere</em></strong></span> <span class='ocrx_word' id='word_1_451' title='bbox 2457 2859 2512 2913; x_wconf 89' lang='lat' dir='ltr'><strong><em>in</em></strong></span> <span class='ocrx_word' id='word_1_452' title='bbox 2555 2872 2654 2912; x_wconf 89' lang='lat' dir='ltr'><strong><em>sua</em></strong></span> <span class='ocrx_word' id='word_1_453' title='bbox 2698 2856 2891 2911; x_wconf 87' lang='lat' dir='ltr'><strong><em>haheat</em></strong></span> <span class='ocrx_word' id='word_1_454' title='bbox 2919 2862 3219 2925; x_wconf 86' lang='lat' dir='ltr'><strong><em>potestate;</em></strong></span> <span class='ocrx_word' id='word_1_455' title='bbox 3251 2863 3303 2909; x_wconf 89' lang='lat' dir='ltr'><strong><em>et</em></strong></span> <span class='ocrx_word' id='word_1_456' title='bbox 3333 2853 3399 2908; x_wconf 89' lang='lat' dir='ltr'><strong><em>de</em></strong></span> <span class='ocrx_word' id='word_1_457' title='bbox 3439 2852 3542 2907; x_wconf 86' lang='lat' dir='ltr'><strong><em>hoc</em></strong></span> 
     </span>
    </p>
   </div>
   <div class='ocr_carea' id='block_1_60' title="bbox 1959 2943 3540 3020">
    <p class='ocr_par' dir='ltr' id='par_1_60' title="bbox 1959 2943 3540 3020">
     <span class='ocr_line' id='line_1_60' title="bbox 1959 2943 3540 3020; baseline -0.006 -13"><span class='ocrx_word' id='word_1_458' title='bbox 1959 2952 2197 3007; x_wconf 88' lang='lat' dir='ltr'><strong><em>naturali</em></strong></span> <span class='ocrx_word' id='word_1_459' title='bbox 2246 2952 2386 3006; x_wconf 92' lang='lat' dir='ltr'><strong><em>bono</em></strong></span> <span class='ocrx_word' id='word_1_460' title='bbox 2419 2948 2434 2987; x_wconf 79' lang='grc' dir='ltr'>ί</span> <span class='ocrx_word' id='word_1_461' title='bbox 2469 2949 2610 3020; x_wconf 89' lang='lat' dir='ltr'><strong><em>quod</em></strong></span> <span class='ocrx_word' id='word_1_462' title='bbox 2655 2948 2814 3003; x_wconf 87' lang='lat' dir='ltr'><strong><em>nullis</em></strong></span> <span class='ocrx_word' id='word_1_463' title='bbox 2847 2945 3276 3017; x_wconf 75' lang='lat' dir='ltr'><strong><em>przrcedentibus</em></strong></span> <span class='ocrx_word' id='word_1_464' title='bbox 3306 2943 3540 3011; x_wconf 88' lang='lat' dir='ltr'><strong><em>meritis,</em></strong></span> 
     </span>
    </p>
   </div>
   <div class='ocr_carea' id='block_1_61' title="bbox 1956 3037 3542 3112">
    <p class='ocr_par' dir='ltr' id='par_1_61' title="bbox 1956 3037 3542 3112">
     <span class='ocr_line' id='line_1_61' title="bbox 1956 3037 3542 3112; baseline -0.006 -10"><span class='ocrx_word' id='word_1_465' title='bbox 1956 3061 2079 3102; x_wconf 90' lang='lat' dir='ltr'><strong><em>cum</em></strong></span> <span class='ocrx_word' id='word_1_466' title='bbox 2106 3055 2405 3112; x_wconf 86' lang='lat' dir='ltr'><strong><em>crearetur,</em></strong></span> <span class='ocrx_word' id='word_1_467' title='bbox 2437 3044 2671 3112; x_wconf 86' lang='lat' dir='ltr'><strong><em>accepit,</em></strong></span> <span class='ocrx_word' id='word_1_468' title='bbox 2700 3050 2897 3097; x_wconf 64' lang='lat' dir='ltr'><strong><em>caetera</em></strong></span> <span class='ocrx_word' id='word_1_469' title='bbox 2929 3039 3066 3095; x_wconf 86' lang='lat' dir='ltr'><strong><em>dona</em></strong></span> <span class='ocrx_word' id='word_1_470' title='bbox 3099 3048 3388 3094; x_wconf 88' lang='lat' dir='ltr'><strong><em>mereatur.</em></strong></span> <span class='ocrx_word' id='word_1_471' title='bbox 3426 3037 3542 3092; x_wconf 86' lang='lat' dir='ltr'><strong><em>lloc</em></strong></span> 
     </span>
    </p>
   </div>
   <div class='ocr_carea' id='block_1_62' title="bbox 265 3128 3540 3213">
    <p class='ocr_par' dir='ltr' id='par_1_62' title="bbox 265 3128 3540 3213">
     <span class='ocr_line' id='line_1_62' title="bbox 265 3128 3540 3213; baseline -0.006 -11"><span class='ocrx_word' id='word_1_472' title='bbox 265 3147 568 3202; x_wconf 85' lang='lat' dir='ltr'><strong><em>haberetur</em></strong></span> <span class='ocrx_word' id='word_1_473' title='bbox 597 3146 715 3213; x_wconf 89' lang='lat' dir='ltr'><strong><em>Dei,</em></strong></span> <span class='ocrx_word' id='word_1_474' title='bbox 757 3143 855 3201; x_wconf 88' lang='lat' dir='ltr'><strong><em>sed</em></strong></span> <span class='ocrx_word' id='word_1_475' title='bbox 889 3154 1033 3200; x_wconf 90' lang='lat' dir='ltr'><strong><em>esset</em></strong></span> <span class='ocrx_word' id='word_1_476' title='bbox 1063 3158 1128 3197; x_wconf 72' lang='lat' dir='ltr'><strong><em>ex</em></strong></span> <span class='ocrx_word' id='word_1_477' title='bbox 1159 3141 1277 3211; x_wconf 91' lang='lat' dir='ltr'><strong><em>ipso</em></strong></span> <span class='ocrx_word' id='word_1_478' title='bbox 1306 3140 1544 3206; x_wconf 90' lang='lat' dir='ltr'><strong><em>homine,</em></strong></span> <span class='ocrx_word' id='word_1_479' title='bbox 1578 3147 1633 3192; x_wconf 91' lang='lat' dir='ltr'><strong><em>et</em></strong></span> <span class='ocrx_word' id='word_1_480' title='bbox 1660 3151 1729 3193; x_wconf 81' lang='lat' dir='ltr'><strong><em>ex</em></strong></span> <span class='ocrx_word' id='word_1_481' title='bbox 1759 3151 1851 3190; x_wconf 86' lang='lat' dir='ltr'><strong><em>ar-</em></strong></span> <span class='ocrx_word' id='word_1_482' title='bbox 1879 3130 1924 3193; x_wconf 90' lang='lat' dir='ltr'><strong>C</strong></span> <span class='ocrx_word' id='word_1_483' title='bbox 1956 3148 2137 3193; x_wconf 88' lang='lat' dir='ltr'><strong><em>autem</em></strong></span> <span class='ocrx_word' id='word_1_484' title='bbox 2165 3136 2255 3207; x_wconf 90' lang='lat' dir='ltr'><strong><em>qui</em></strong></span> <span class='ocrx_word' id='word_1_485' title='bbox 2281 3136 2499 3202; x_wconf 85' lang='lat' dir='ltr'><strong><em>asserit,</em></strong></span> <span class='ocrx_word' id='word_1_486' title='bbox 2529 3135 2744 3201; x_wconf 79' lang='lat' dir='ltr'><strong><em>fatetur,</em></strong></span> <span class='ocrx_word' id='word_1_487' title='bbox 2777 3132 2967 3199; x_wconf 86' lang='lat' dir='ltr'><strong><em>credo,</em></strong></span> <span class='ocrx_word' id='word_1_488' title='bbox 3000 3132 3280 3186; x_wconf 89' lang='lat' dir='ltr'><strong><em>uobiscum</em></strong></span> <span class='ocrx_word' id='word_1_489' title='bbox 3310 3128 3452 3199; x_wconf 90' lang='lat' dir='ltr'><strong><em>quod</em></strong></span> <span class='ocrx_word' id='word_1_490' title='bbox 3486 3128 3540 3183; x_wconf 91' lang='lat' dir='ltr'><strong><em>in</em></strong></span> 
     </span>
    </p>
   </div>
   <div class='ocr_carea' id='block_1_63' title="bbox 264 3228 1855 3304">
    <p class='ocr_par' dir='ltr' id='par_1_63' title="bbox 264 3228 1855 3304">
     <span class='ocr_line' id='line_1_63' title="bbox 264 3228 1855 3304; baseline -0.006 -9"><span class='ocrx_word' id='word_1_491' title='bbox 264 3240 419 3295; x_wconf 82' lang='lat' dir='ltr'><strong><em>bitrii</em></strong></span> <span class='ocrx_word' id='word_1_492' title='bbox 468 3240 747 3304; x_wconf 88' lang='lat' dir='ltr'><strong><em>libertate;</em></strong></span> <span class='ocrx_word' id='word_1_493' title='bbox 798 3236 959 3293; x_wconf 90' lang='lat' dir='ltr'><strong><em>modo</em></strong></span> <span class='ocrx_word' id='word_1_494' title='bbox 1008 3244 1186 3290; x_wconf 89' lang='lat' dir='ltr'><strong><em>autem</em></strong></span> <span class='ocrx_word' id='word_1_495' title='bbox 1244 3248 1429 3289; x_wconf 88' lang='lat' dir='ltr'><strong><em>errare</em></strong></span> <span class='ocrx_word' id='word_1_496' title='bbox 1479 3247 1628 3297; x_wconf 89' lang='lat' dir='ltr'><strong><em>eum,</em></strong></span> <span class='ocrx_word' id='word_1_497' title='bbox 1666 3228 1685 3268; x_wconf 71' lang='grc' dir='ltr'>ί</span> <span class='ocrx_word' id='word_1_498' title='bbox 1727 3230 1855 3301; x_wconf 85' lang='lat' dir='ltr'><strong><em>quia</em></strong></span> 
     </span>
    </p>
   </div>
   <div class='ocr_carea' id='block_1_64' title="bbox 264 3321 1856 3399">
    <p class='ocr_par' dir='ltr' id='par_1_64' title="bbox 264 3321 1856 3399">
     <span class='ocr_line' id='line_1_64' title="bbox 264 3321 1856 3399; baseline -0.006 -13"><span class='ocrx_word' id='word_1_499' title='bbox 264 3341 543 3387; x_wconf 83' lang='lat' dir='ltr'><strong><em>assereret</em></strong></span> <span class='ocrx_word' id='word_1_500' title='bbox 573 3332 746 3399; x_wconf 89' lang='lat' dir='ltr'><strong><em>ipsam</em></strong></span> <span class='ocrx_word' id='word_1_501' title='bbox 784 3329 946 3385; x_wconf 89' lang='lat' dir='ltr'><strong><em>etiam</em></strong></span> <span class='ocrx_word' id='word_1_502' title='bbox 986 3328 1146 3383; x_wconf 82' lang='lat' dir='ltr'><strong><em>iidem</em></strong></span> <span class='ocrx_word' id='word_1_503' title='bbox 1180 3326 1275 3382; x_wconf 89' lang='lat' dir='ltr'><strong><em>Dei</em></strong></span> <span class='ocrx_word' id='word_1_504' title='bbox 1305 3340 1428 3381; x_wconf 90' lang='lat' dir='ltr'><strong><em>esse</em></strong></span> <span class='ocrx_word' id='word_1_505' title='bbox 1449 3324 1673 3386; x_wconf 87' lang='lat' dir='ltr'><strong><em>donum,</em></strong></span> <span class='ocrx_word' id='word_1_506' title='bbox 1704 3332 1759 3377; x_wconf 90' lang='lat' dir='ltr'><strong><em>et</em></strong></span> <span class='ocrx_word' id='word_1_507' title='bbox 1787 3321 1856 3376; x_wconf 89' lang='lat' dir='ltr'><strong><em>ad</em></strong></span> 
     </span>
    </p>
   </div>
   <div class='ocr_carea' id='block_1_65' title="bbox 265 3413 1854 3493">
    <p class='ocr_par' dir='ltr' id='par_1_65' title="bbox 265 3413 1854 3493">
     <span class='ocr_line' id='line_1_65' title="bbox 265 3413 1854 3493; baseline -0.006 -16"><span class='ocrx_word' id='word_1_508' title='bbox 265 3424 411 3477; x_wconf 81' lang='lat' dir='ltr'><strong><em>hanc</em></strong></span> <span class='ocrx_word' id='word_1_509' title='bbox 431 3437 643 3493; x_wconf 88' lang='lat' dir='ltr'><strong><em>quoque</em></strong></span> <span class='ocrx_word' id='word_1_510' title='bbox 665 3422 938 3491; x_wconf 88' lang='lat' dir='ltr'><strong><em>pertinere</em></strong></span> <span class='ocrx_word' id='word_1_511' title='bbox 966 3419 1106 3489; x_wconf 90' lang='lat' dir='ltr'><strong><em>qttod</em></strong></span> <span class='ocrx_word' id='word_1_512' title='bbox 1126 3418 1329 3473; x_wconf 90' lang='lat' dir='ltr'><strong><em>dictum</em></strong></span> <span class='ocrx_word' id='word_1_513' title='bbox 1358 3426 1440 3471; x_wconf 91' lang='lat' dir='ltr'><strong><em>est</em></strong></span> <span class='ocrx_word' id='word_1_514' title='bbox 1460 3414 1504 3487; x_wconf 94' lang='lat' dir='ltr'><strong><em>(l</em></strong></span> <span class='ocrx_word' id='word_1_515' title='bbox 1527 3413 1647 3471; x_wconf 89' lang='lat' dir='ltr'><strong><em>Cor.</em></strong></span> <span class='ocrx_word' id='word_1_516' title='bbox 1668 3430 1743 3481; x_wconf 83' lang='lat' dir='ltr'><strong><em>tv,</em></strong></span> <span class='ocrx_word' id='word_1_517' title='bbox 1765 3414 1854 3485; x_wconf 81' lang='lat'><strong><em>7):</em></strong></span> 
     </span>
    </p>
   </div>
   <div class='ocr_carea' id='block_1_66' title="bbox 270 3509 1858 3582">
    <p class='ocr_par' dir='ltr' id='par_1_66' title="bbox 270 3509 1858 3582">
     <span class='ocr_line' id='line_1_66' title="bbox 270 3509 1858 3582; baseline -0.002 -16"><span class='ocrx_word' id='word_1_518' title='bbox 270 3515 415 3582; x_wconf 82' lang='lat' dir='ltr'><strong><em>Quid</em></strong></span> <span class='ocrx_word' id='word_1_519' title='bbox 459 3525 627 3567; x_wconf 88' lang='lat' dir='ltr'><strong><em>autem</em></strong></span> <span class='ocrx_word' id='word_1_520' title='bbox 669 3514 821 3566; x_wconf 85' lang='lat' dir='ltr'><strong><em>habes</em></strong></span> <span class='ocrx_word' id='word_1_521' title='bbox 859 3513 997 3581; x_wconf 88' lang='lat' dir='ltr'><strong><em>quod</em></strong></span> <span class='ocrx_word' id='word_1_522' title='bbox 1037 3527 1138 3565; x_wconf 85' lang='lat' dir='ltr'><strong><em>non</em></strong></span> <span class='ocrx_word' id='word_1_523' title='bbox 1166 3509 1449 3579; x_wconf 87' lang='lat' dir='ltr'><strong><em>accepisti?</em></strong></span> <span class='ocrx_word' id='word_1_524' title='bbox 1496 3522 1671 3576; x_wconf 89' lang='lat' dir='ltr'><strong><em>neque</em></strong></span> <span class='ocrx_word' id='word_1_525' title='bbox 1711 3514 1858 3563; x_wconf 83' lang='lat' dir='ltr'><strong><em>recte</em></strong></span> 
     </span>
    </p>
   </div>
   <div class='ocr_carea' id='block_1_67' title="bbox 263 3600 1857 3670">
    <p class='ocr_par' dir='ltr' id='par_1_67' title="bbox 263 3600 1857 3670">
     <span class='ocr_line' id='line_1_67' title="bbox 263 3600 1857 3670; baseline -0.005 -8"><span class='ocrx_word' id='word_1_526' title='bbox 263 3621 393 3662; x_wconf 82' lang='lat' dir='ltr'><strong><em>eum</em></strong></span> <span class='ocrx_word' id='word_1_527' title='bbox 426 3622 567 3660; x_wconf 84' lang='lat' dir='ltr'><strong><em>nunc</em></strong></span> <span class='ocrx_word' id='word_1_528' title='bbox 611 3606 930 3660; x_wconf 89' lang='lat' dir='ltr'><strong><em>electionem</em></strong></span> <span class='ocrx_word' id='word_1_529' title='bbox 971 3604 1137 3658; x_wconf 85' lang='lat' dir='ltr'><strong><em>Jacob</em></strong></span> <span class='ocrx_word' id='word_1_530' title='bbox 1167 3601 1232 3656; x_wconf 89' lang='lat' dir='ltr'><strong><em>ad</em></strong></span> <span class='ocrx_word' id='word_1_531' title='bbox 1269 3602 1603 3670; x_wconf 87' lang='lat' dir='ltr'><strong><em>propositum</em></strong></span> <span class='ocrx_word' id='word_1_532' title='bbox 1647 3600 1738 3654; x_wconf 90' lang='lat' dir='ltr'><strong><em>Dei</em></strong></span> <span class='ocrx_word' id='word_1_533' title='bbox 1768 3614 1857 3654; x_wconf 86' lang='lat' dir='ltr'><strong><em>re-</em></strong></span> 
     </span>
    </p>
   </div>
   <div class='ocr_carea' id='block_1_68' title="bbox 265 3688 1859 3767">
    <p class='ocr_par' dir='ltr' id='par_1_68' title="bbox 265 3688 1859 3767">
     <span class='ocr_line' id='line_1_68' title="bbox 265 3688 1859 3767; baseline -0.006 -14"><span class='ocrx_word' id='word_1_534' title='bbox 265 3698 441 3762; x_wconf 78' lang='lat' dir='ltr'><strong><em>ferre,</em></strong></span> <span class='ocrx_word' id='word_1_535' title='bbox 471 3713 631 3767; x_wconf 81' lang='lat' dir='ltr'><strong><em>quam</em></strong></span> <span class='ocrx_word' id='word_1_536' title='bbox 672 3697 823 3766; x_wconf 87' lang='lat' dir='ltr'><strong><em>prius</em></strong></span> <span class='ocrx_word' id='word_1_537' title='bbox 865 3695 930 3749; x_wconf 83' lang='lat' dir='ltr'><strong><em>ad</em></strong></span> <span class='ocrx_word' id='word_1_538' title='bbox 979 3693 1377 3763; x_wconf 71' lang='lat' dir='ltr'><strong><em>prmscientiam</em></strong></span> <span class='ocrx_word' id='word_1_539' title='bbox 1431 3692 1728 3748; x_wconf 73' lang='lat' dir='ltr'><strong><em>retuli:set.</em></strong></span> <span class='ocrx_word' id='word_1_540' title='bbox 1779 3688 1859 3745; x_wconf 83' lang='lat' dir='ltr'><strong><em>Ad</em></strong></span> 
     </span>
    </p>
   </div>
   <div class='ocr_carea' id='block_1_69' title="bbox 265 3786 1861 3859">
    <p class='ocr_par' dir='ltr' id='par_1_69' title="bbox 265 3786 1861 3859">
     <span class='ocr_line' id='line_1_69' title="bbox 265 3786 1861 3859; baseline -0.004 -14"><span class='ocrx_word' id='word_1_541' title='bbox 265 3790 414 3846; x_wconf 87' lang='lat' dir='ltr'><strong><em>hanc</em></strong></span> <span class='ocrx_word' id='word_1_542' title='bbox 476 3805 607 3859; x_wconf 86' lang='lat' dir='ltr'><strong><em>ergo</em></strong></span> <span class='ocrx_word' id='word_1_543' title='bbox 662 3788 1021 3858; x_wconf 64' lang='lat' dir='ltr'><strong><em>oltjrctionem</em></strong></span> <span class='ocrx_word' id='word_1_544' title='bbox 1079 3786 1244 3859; x_wconf 66' lang='lat' dir='ltr'><strong><em>2M</em></strong></span> <span class='ocrx_word' id='word_1_545' title='bbox 1277 3786 1590 3856; x_wconf 79' lang='lat' dir='ltr'><strong><em>respondet,</em></strong></span> <span class='ocrx_word' id='word_1_546' title='bbox 1620 3798 1679 3840; x_wconf 90' lang='lat' dir='ltr'><strong><em>se</em></strong></span> <span class='ocrx_word' id='word_1_547' title='bbox 1707 3792 1861 3839; x_wconf 53' lang='lat' dir='ltr'><strong><em>ante.</em></strong></span> 
     </span>
    </p>
   </div>
   <div class='ocr_carea' id='block_1_70' title="bbox 262 3881 1858 3952">
    <p class='ocr_par' dir='ltr' id='par_1_70' title="bbox 262 3881 1858 3952">
     <span class='ocr_line' id='line_1_70' title="bbox 262 3881 1858 3952; baseline -0.006 -15"><span class='ocrx_word' id='word_1_548' title='bbox 262 3897 434 3952; x_wconf 80' lang='lat' dir='ltr'><strong><em>quam</em></strong></span> <span class='ocrx_word' id='word_1_549' title='bbox 477 3891 835 3950; x_wconf 70' lang='lat' dir='ltr'><strong><em>cognosceret</em></strong></span> <span class='ocrx_word' id='word_1_550' title='bbox 880 3881 1069 3951; x_wconf 85' lang='lat' dir='ltr'><strong><em>gratiae</em></strong></span> <span class='ocrx_word' id='word_1_551' title='bbox 1103 3885 1414 3944; x_wconf 84' lang='lat' dir='ltr'><strong><em>veritatem,</em></strong></span> <span class='ocrx_word' id='word_1_552' title='bbox 1466 3887 1521 3933; x_wconf 89' lang='lat' dir='ltr'><strong><em>et</em></strong></span> <span class='ocrx_word' id='word_1_553' title='bbox 1568 3890 1858 3946; x_wconf 85' lang='lat' dir='ltr'><strong><em>antequam</em></strong></span> 
     </span>
    </p>
   </div>
   <div class='ocr_carea' id='block_1_71' title="bbox 264 3967 1863 4044">
    <p class='ocr_par' dir='ltr' id='par_1_71' title="bbox 264 3967 1863 4044">
     <span class='ocr_line' id='line_1_71' title="bbox 264 3967 1863 4044; baseline -0.006 -14"><span class='ocrx_word' id='word_1_554' title='bbox 264 3974 522 4044; x_wconf 51' lang='lat' dir='ltr'><strong><em>regenda</em></strong></span> <span class='ocrx_word' id='word_1_555' title='bbox 572 3983 985 4043; x_wconf 76' lang='lat' dir='ltr'><strong><em>pra-poneretur</em></strong></span> <span class='ocrx_word' id='word_1_556' title='bbox 1036 3971 1320 4036; x_wconf 61' lang='lat' dir='ltr'><strong><em>Ecclesize,</em></strong></span> <span class='ocrx_word' id='word_1_557' title='bbox 1363 3971 1416 4025; x_wconf 91' lang='lat' dir='ltr'><strong><em>in</em></strong></span> <span class='ocrx_word' id='word_1_558' title='bbox 1461 3969 1563 4025; x_wconf 83' lang='lat' dir='ltr'><strong><em>hac</em></strong></span> <span class='ocrx_word' id='word_1_559' title='bbox 1607 3967 1863 4039; x_wconf 89' lang='lat' dir='ltr'><strong><em>opinione</em></strong></span> 
     </span>
    </p>
   </div>
   <div class='ocr_carea' id='block_1_72' title="bbox 258 4059 1857 4137">
    <p class='ocr_par' dir='ltr' id='par_1_72' title="bbox 258 4059 1857 4137">
     <span class='ocr_line' id='line_1_72' title="bbox 258 4059 1857 4137; baseline -0.005 -16"><span class='ocrx_word' id='word_1_560' title='bbox 258 4069 581 4137; x_wconf 82' lang='lat' dir='ltr'><strong><em>ignoran&#39;er</em></strong></span> <span class='ocrx_word' id='word_1_561' title='bbox 630 4077 843 4118; x_wconf 81' lang='lat' dir='ltr'><strong><em>errasse</em></strong></span> <span class='ocrx_word' id='word_1_562' title='bbox 891 4080 903 4115; x_wconf 90' lang='lat'>:</span> <span class='ocrx_word' id='word_1_563' title='bbox 951 4062 1044 4117; x_wconf 89' lang='lat' dir='ltr'><strong><em>sed</em></strong></span> <span class='ocrx_word' id='word_1_564' title='bbox 1100 4064 1154 4117; x_wconf 90' lang='lat' dir='ltr'><strong><em>in</em></strong></span> <span class='ocrx_word' id='word_1_565' title='bbox 1204 4063 1323 4131; x_wconf 84' lang='lat' dir='ltr'><strong><em>ipso</em></strong></span> <span class='ocrx_word' id='word_1_566' title='bbox 1376 4064 1731 4130; x_wconf 84' lang='lat' dir='ltr'><strong><em>episcopatus</em></strong></span> <span class='ocrx_word' id='word_1_567' title='bbox 1772 4059 1857 4113; x_wconf 91' lang='lat' dir='ltr'><strong><em>sui</em></strong></span> 
     </span>
    </p>
   </div>
   <div class='ocr_carea' id='block_1_73' title="bbox 258 4154 1849 4227">
    <p class='ocr_par' dir='ltr' id='par_1_73' title="bbox 258 4154 1849 4227">
     <span class='ocr_line' id='line_1_73' title="bbox 258 4154 1849 4227; baseline -0.008 -8"><span class='ocrx_word' id='word_1_568' title='bbox 258 4162 509 4227; x_wconf 76' lang='lat' dir='ltr'><strong><em>exordio,</em></strong></span> <span class='ocrx_word' id='word_1_569' title='bbox 542 4169 566 4206; x_wconf 76' lang='grc' dir='ltr'><strong><em>κ</em></strong></span> <span class='ocrx_word' id='word_1_570' title='bbox 594 4177 624 4213; x_wconf 91' lang='lat' dir='ltr'><strong><em>a</em></strong></span> <span class='ocrx_word' id='word_1_571' title='bbox 656 4165 856 4213; x_wconf 72' lang='lat' dir='ltr'><strong><em>sancite</em></strong></span> <span class='ocrx_word' id='word_1_572' title='bbox 885 4156 1165 4209; x_wconf 75' lang='lat' dir='ltr'><strong><em>memoriae</em></strong></span> <span class='ocrx_word' id='word_1_573' title='bbox 1209 4155 1562 4224; x_wconf 89' lang='lat' dir='ltr'><strong><em>Simpliciano</em></strong></span> <span class='ocrx_word' id='word_1_574' title='bbox 1590 4154 1849 4209; x_wconf 76' lang='lat' dir='ltr'><strong><em>Mediola-</em></strong></span> 
     </span>
    </p>
   </div>
   <div class='ocr_carea' id='block_1_74' title="bbox 256 4245 1852 4317">
    <p class='ocr_par' dir='ltr' id='par_1_74' title="bbox 256 4245 1852 4317">
     <span class='ocr_line' id='line_1_74' title="bbox 256 4245 1852 4317; baseline -0.007 -7"><span class='ocrx_word' id='word_1_575' title='bbox 256 4256 415 4310; x_wconf 70' lang='lat' dir='ltr'><strong><em>ne.:si</em></strong></span> <span class='ocrx_word' id='word_1_576' title='bbox 449 4254 710 4317; x_wconf 85' lang='lat' dir='ltr'><strong><em>antistite,</em></strong></span> <span class='ocrx_word' id='word_1_577' title='bbox 752 4251 818 4305; x_wconf 89' lang='lat' dir='ltr'><strong><em>de</em></strong></span> <span class='ocrx_word' id='word_1_578' title='bbox 856 4249 1023 4304; x_wconf 84' lang='lat' dir='ltr'><strong><em>Jacob</em></strong></span> <span class='ocrx_word' id='word_1_579' title='bbox 1053 4248 1319 4303; x_wconf 91' lang='lat' dir='ltr'><strong><em>electione</em></strong></span> <span class='ocrx_word' id='word_1_580' title='bbox 1348 4257 1399 4301; x_wconf 92' lang='lat' dir='ltr'><strong><em>et</em></strong></span> <span class='ocrx_word' id='word_1_581' title='bbox 1440 4246 1509 4301; x_wconf 87' lang='lat' dir='ltr'><strong><em>de</em></strong></span> <span class='ocrx_word' id='word_1_582' title='bbox 1539 4246 1679 4301; x_wconf 89' lang='lat' dir='ltr'><strong><em>Esau</em></strong></span> <span class='ocrx_word' id='word_1_583' title='bbox 1713 4245 1852 4314; x_wconf 81' lang='lat' dir='ltr'><strong><em>reje-</em></strong></span> 
     </span>
    </p>
   </div>
   <div class='ocr_carea' id='block_1_75' title="bbox 257 4336 1855 4411">
    <p class='ocr_par' dir='ltr' id='par_1_75' title="bbox 257 4336 1855 4411">
     <span class='ocr_line' id='line_1_75' title="bbox 257 4336 1855 4411; baseline -0.009 -9"><span class='ocrx_word' id='word_1_584' title='bbox 257 4348 444 4402; x_wconf 79' lang='lat' dir='ltr'><strong><em>ctione</em></strong></span> <span class='ocrx_word' id='word_1_585' title='bbox 461 4344 791 4411; x_wconf 85' lang='lat' dir='ltr'><strong><em>consultum,</em></strong></span> <span class='ocrx_word' id='word_1_586' title='bbox 815 4351 981 4395; x_wconf 87' lang='lat' dir='ltr'><strong><em>totam</em></strong></span> <span class='ocrx_word' id='word_1_587' title='bbox 1006 4340 1363 4408; x_wconf 66' lang='lat' dir='ltr'><strong><em>quaestionem</em></strong></span> <span class='ocrx_word' id='word_1_588' title='bbox 1389 4337 1455 4391; x_wconf 90' lang='lat' dir='ltr'><strong><em>ad</em></strong></span> <span class='ocrx_word' id='word_1_589' title='bbox 1482 4336 1580 4391; x_wconf 90' lang='lat' dir='ltr'><strong><em>bos</em></strong></span> <span class='ocrx_word' id='word_1_590' title='bbox 1607 4337 1855 4407; x_wconf 85' lang='lat' dir='ltr'><strong><em>geminos</em></strong></span> 
     </span>
    </p>
   </div>
   <div class='ocr_carea' id='block_1_76' title="bbox 257 4429 1854 4510">
    <p class='ocr_par' dir='ltr' id='par_1_76' title="bbox 257 4429 1854 4510">
     <span class='ocr_line' id='line_1_76' title="bbox 257 4429 1854 4510; baseline -0.009 -17"><span class='ocrx_word' id='word_1_591' title='bbox 257 4438 658 4510; x_wconf 67' lang='lat' dir='ltr'><strong><em>pertinentem,</em></strong></span> <span class='ocrx_word' id='word_1_592' title='bbox 698 4434 975 4505; x_wconf 81' lang='lat' dir='ltr'><strong><em>sagaciore</em></strong></span> <span class='ocrx_word' id='word_1_593' title='bbox 998 4431 1276 4502; x_wconf 87' lang='lat' dir='ltr'><strong><em>diligentia</em></strong></span> <span class='ocrx_word' id='word_1_594' title='bbox 1311 4429 1633 4493; x_wconf 77' lang='lat' dir='ltr'><strong><em>ventilasse;</em></strong></span> <span class='ocrx_word' id='word_1_595' title='bbox 1662 4439 1714 4483; x_wconf 90' lang='lat' dir='ltr'><strong><em>et</em></strong></span> <span class='ocrx_word' id='word_1_596' title='bbox 1737 4443 1854 4481; x_wconf 87' lang='lat' dir='ltr'><strong><em>om-</em></strong></span> 
     </span>
    </p>
   </div>
   <div class='ocr_carea' id='block_1_77' title="bbox 1962 3219 3540 3301">
    <p class='ocr_par' dir='ltr' id='par_1_77' title="bbox 1962 3219 3540 3301">
     <span class='ocr_line' id='line_1_77' title="bbox 1962 3219 3540 3301; baseline -0.008 -16"><span class='ocrx_word' id='word_1_597' title='bbox 1962 3232 2134 3301; x_wconf 89' lang='lat' dir='ltr'><strong><em>primo</em></strong></span> <span class='ocrx_word' id='word_1_598' title='bbox 2182 3229 2350 3283; x_wconf 87' lang='lat' dir='ltr'><strong><em>Adam</em></strong></span> <span class='ocrx_word' id='word_1_599' title='bbox 2393 3227 2632 3282; x_wconf 89' lang='lat' dir='ltr'><strong><em>omnium</em></strong></span> <span class='ocrx_word' id='word_1_600' title='bbox 2675 3225 2952 3279; x_wconf 83' lang='lat' dir='ltr'><strong><em>hominum</em></strong></span> <span class='ocrx_word' id='word_1_601' title='bbox 3004 3232 3195 3278; x_wconf 84' lang='lat' dir='ltr'><strong><em>natura</em></strong></span> <span class='ocrx_word' id='word_1_602' title='bbox 3227 3221 3409 3276; x_wconf 82' lang='lat' dir='ltr'><strong><em>vitiata</em></strong></span> <span class='ocrx_word' id='word_1_603' title='bbox 3437 3219 3540 3287; x_wconf 89' lang='lat' dir='ltr'><strong><em>sit;</em></strong></span> 
     </span>
    </p>
   </div>
   <div class='ocr_carea' id='block_1_78' title="bbox 1960 3314 3540 3392">
    <p class='ocr_par' dir='ltr' id='par_1_78' title="bbox 1960 3314 3540 3392">
     <span class='ocr_line' id='line_1_78' title="bbox 1960 3314 3540 3392; baseline -0.008 -13"><span class='ocrx_word' id='word_1_604' title='bbox 1960 3339 2061 3379; x_wconf 91' lang='lat' dir='ltr'><strong><em>nec</em></strong></span> <span class='ocrx_word' id='word_1_605' title='bbox 2090 3333 2251 3392; x_wconf 85' lang='lat' dir='ltr'><strong><em>negat</em></strong></span> <span class='ocrx_word' id='word_1_606' title='bbox 2277 3337 2395 3377; x_wconf 90' lang='lat' dir='ltr'><strong><em>eam</em></strong></span> <span class='ocrx_word' id='word_1_607' title='bbox 2442 3322 2493 3374; x_wconf 90' lang='lat' dir='ltr'><strong><em>in</em></strong></span> <span class='ocrx_word' id='word_1_608' title='bbox 2533 3319 2630 3374; x_wconf 92' lang='lat' dir='ltr'><strong><em>illo</em></strong></span> <span class='ocrx_word' id='word_1_609' title='bbox 2662 3319 2813 3387; x_wconf 82' lang='lat' dir='ltr'><strong><em>lapsu</em></strong></span> <span class='ocrx_word' id='word_1_610' title='bbox 2854 3330 2980 3371; x_wconf 88' lang='lat' dir='ltr'><strong><em>suas</em></strong></span> <span class='ocrx_word' id='word_1_611' title='bbox 3016 3315 3263 3369; x_wconf 87' lang='lat' dir='ltr'><strong><em>amisisse</em></strong></span> <span class='ocrx_word' id='word_1_612' title='bbox 3291 3314 3540 3382; x_wconf 86' lang='lat' dir='ltr'><strong><em>virtutes,</em></strong></span> 
     </span>
    </p>
   </div>
   <div class='ocr_carea' id='block_1_79' title="bbox 1959 3404 3541 3484">
    <p class='ocr_par' dir='ltr' id='par_1_79' title="bbox 1959 3404 3541 3484">
     <span class='ocr_line' id='line_1_79' title="bbox 1959 3404 3541 3484; baseline -0.006 -16"><span class='ocrx_word' id='word_1_613' title='bbox 1959 3428 2096 3484; x_wconf 89' lang='lat' dir='ltr'><strong><em>quas</em></strong></span> <span class='ocrx_word' id='word_1_614' title='bbox 2124 3413 2226 3467; x_wconf 89' lang='lat' dir='ltr'><strong><em>nisi</em></strong></span> <span class='ocrx_word' id='word_1_615' title='bbox 2270 3427 2366 3483; x_wconf 87' lang='lat' dir='ltr'><strong><em>per</em></strong></span> <span class='ocrx_word' id='word_1_616' title='bbox 2406 3412 2633 3482; x_wconf 86' lang='lat' dir='ltr'><strong><em>gratiam</em></strong></span> <span class='ocrx_word' id='word_1_617' title='bbox 2685 3408 2931 3478; x_wconf 83' lang='lat' dir='ltr'><strong><em>recipiat,</em></strong></span> <span class='ocrx_word' id='word_1_618' title='bbox 2966 3406 3166 3462; x_wconf 86' lang='lat' dir='ltr'><strong><em>habere</em></strong></span> <span class='ocrx_word' id='word_1_619' title='bbox 3196 3419 3301 3460; x_wconf 90' lang='lat' dir='ltr'><strong><em>nou</em></strong></span> <span class='ocrx_word' id='word_1_620' title='bbox 3346 3404 3541 3474; x_wconf 57' lang='lat' dir='ltr'><strong><em>possit.</em></strong></span> 
     </span>
    </p>
   </div>
   <div class='ocr_carea' id='block_1_80' title="bbox 1960 3497 3543 3576">
    <p class='ocr_par' dir='ltr' id='par_1_80' title="bbox 1960 3497 3543 3576">
     <span class='ocr_line' id='line_1_80' title="bbox 1960 3497 3543 3576; baseline -0.006 -15"><span class='ocrx_word' id='word_1_621' title='bbox 1960 3508 2100 3576; x_wconf 87' lang='lat' dir='ltr'><strong><em>Quid</em></strong></span> <span class='ocrx_word' id='word_1_622' title='bbox 2125 3516 2210 3562; x_wconf 64' lang='lat' dir='ltr'><strong><em>est</em></strong></span> <span class='ocrx_word' id='word_1_623' title='bbox 2237 3516 2416 3560; x_wconf 91' lang='lat' dir='ltr'><strong><em>autem</em></strong></span> <span class='ocrx_word' id='word_1_624' title='bbox 2446 3504 2589 3575; x_wconf 89' lang='lat' dir='ltr'><strong><em>quod</em></strong></span> <span class='ocrx_word' id='word_1_625' title='bbox 2617 3503 2791 3559; x_wconf 78' lang='lat' dir='ltr'><strong><em>eidem</em></strong></span> <span class='ocrx_word' id='word_1_626' title='bbox 2822 3511 3027 3555; x_wconf 75' lang='lat' dir='ltr'><strong><em>natura:</em></strong></span> <span class='ocrx_word' id='word_1_627' title='bbox 3054 3498 3224 3554; x_wconf 88' lang='lat' dir='ltr'><strong><em>solam</em></strong></span> <span class='ocrx_word' id='word_1_628' title='bbox 3254 3497 3411 3552; x_wconf 83' lang='lat' dir='ltr'><strong><em>tidem</em></strong></span> <span class='ocrx_word' id='word_1_629' title='bbox 3437 3512 3543 3552; x_wconf 88' lang='lat' dir='ltr'><strong><em>non</em></strong></span> 
     </span>
    </p>
   </div>
   <div class='ocr_carea' id='block_1_81' title="bbox 1960 3588 3541 3667">
    <p class='ocr_par' dir='ltr' id='par_1_81' title="bbox 1960 3588 3541 3667">
     <span class='ocr_line' id='line_1_81' title="bbox 1960 3588 3541 3667; baseline -0.008 -14"><span class='ocrx_word' id='word_1_630' title='bbox 1960 3599 2078 3655; x_wconf 85' lang='lat' dir='ltr'><strong><em>vult</em></strong></span> <span class='ocrx_word' id='word_1_631' title='bbox 2106 3613 2226 3653; x_wconf 90' lang='lat' dir='ltr'><strong><em>esse</em></strong></span> <span class='ocrx_word' id='word_1_632' title='bbox 2253 3605 2595 3667; x_wconf 63' lang='lat' dir='ltr'><strong><em>praereptam,</em></strong></span> <span class='ocrx_word' id='word_1_633' title='bbox 2627 3611 2784 3665; x_wconf 88' lang='lat' dir='ltr'><strong><em>quam</em></strong></span> <span class='ocrx_word' id='word_1_634' title='bbox 2832 3593 2936 3647; x_wconf 84' lang='lat' dir='ltr'><strong><em>nisi</em></strong></span> <span class='ocrx_word' id='word_1_635' title='bbox 2978 3590 3203 3661; x_wconf 87' lang='lat' dir='ltr'><strong><em>primam</em></strong></span> <span class='ocrx_word' id='word_1_636' title='bbox 3249 3588 3541 3652; x_wconf 84' lang='lat' dir='ltr'><strong><em>amisisset,</em></strong></span> 
     </span>
    </p>
   </div>
   <div class='ocr_carea' id='block_1_82' title="bbox 1961 3680 3540 3746">
    <p class='ocr_par' dir='ltr' id='par_1_82' title="bbox 1961 3680 3540 3746">
     <span class='ocr_line' id='line_1_82' title="bbox 1961 3680 3540 3746; baseline -0.009 0"><span class='ocrx_word' id='word_1_637' title='bbox 1961 3691 2175 3746; x_wconf 65' lang='lat' dir='ltr'><strong><em>caeteris</em></strong></span> <span class='ocrx_word' id='word_1_638' title='bbox 2205 3690 2359 3743; x_wconf 81' lang='lat' dir='ltr'><strong><em>lnmis</em></strong></span> <span class='ocrx_word' id='word_1_639' title='bbox 2389 3688 2639 3743; x_wconf 86' lang='lat' dir='ltr'><strong><em>omnibus</em></strong></span> <span class='ocrx_word' id='word_1_640' title='bbox 2671 3701 2774 3740; x_wconf 90' lang='lat' dir='ltr'><strong><em>non</em></strong></span> <span class='ocrx_word' id='word_1_641' title='bbox 2805 3683 3054 3739; x_wconf 84' lang='lat' dir='ltr'><strong><em>careret?</em></strong></span> <span class='ocrx_word' id='word_1_642' title='bbox 3084 3680 3365 3737; x_wconf 77' lang='lat' dir='ltr'><strong><em>Credeudo</em></strong></span> <span class='ocrx_word' id='word_1_643' title='bbox 3393 3680 3540 3733; x_wconf 89' lang='lat' dir='ltr'><strong><em>enim</em></strong></span> 
     </span>
    </p>
   </div>
   <div class='ocr_carea' id='block_1_83' title="bbox 1961 3768 3544 3854">
    <p class='ocr_par' dir='ltr' id='par_1_83' title="bbox 1961 3768 3544 3854">
     <span class='ocr_line' id='line_1_83' title="bbox 1961 3768 3544 3854; baseline -0.013 -14"><span class='ocrx_word' id='word_1_644' title='bbox 1961 3785 2131 3840; x_wconf 83' lang='lat' dir='ltr'><strong><em>Adam</em></strong></span> <span class='ocrx_word' id='word_1_645' title='bbox 2164 3782 2325 3854; x_wconf 57' lang='lat'><strong><em>25.5</em></strong></span> <span class='ocrx_word' id='word_1_646' title='bbox 2352 3780 2589 3846; x_wconf 87' lang='lat' dir='ltr'><strong><em>diabolo,</em></strong></span> <span class='ocrx_word' id='word_1_647' title='bbox 2626 3794 2730 3833; x_wconf 88' lang='lat' dir='ltr'><strong><em>ttou</em></strong></span> <span class='ocrx_word' id='word_1_648' title='bbox 2760 3774 2991 3830; x_wconf 77' lang='lat' dir='ltr'><strong><em>credidit</em></strong></span> <span class='ocrx_word' id='word_1_649' title='bbox 3018 3773 3131 3828; x_wconf 89' lang='lat' dir='ltr'><strong><em>Deo</em></strong></span> <span class='ocrx_word' id='word_1_650' title='bbox 3162 3789 3174 3824; x_wconf 89' lang='lat'><strong>:</strong></span> <span class='ocrx_word' id='word_1_651' title='bbox 3207 3780 3261 3825; x_wconf 90' lang='lat' dir='ltr'><strong><em>et</em></strong></span> <span class='ocrx_word' id='word_1_652' title='bbox 3288 3786 3409 3825; x_wconf 92' lang='lat' dir='ltr'><strong><em>cum</em></strong></span> <span class='ocrx_word' id='word_1_653' title='bbox 3436 3768 3544 3836; x_wconf 83' lang='lat' dir='ltr'><strong><em>spi-</em></strong></span> 
     </span>
    </p>
   </div>
   <div class='ocr_carea' id='block_1_84' title="bbox 1962 3860 3544 3946">
    <p class='ocr_par' dir='ltr' id='par_1_84' title="bbox 1962 3860 3544 3946">
     <span class='ocr_line' id='line_1_84' title="bbox 1962 3860 3544 3946; baseline -0.012 -13"><span class='ocrx_word' id='word_1_654' title='bbox 1962 3878 2067 3934; x_wconf 89' lang='lat' dir='ltr'><strong><em>ritu</em></strong></span> <span class='ocrx_word' id='word_1_655' title='bbox 2108 3876 2378 3946; x_wconf 66' lang='lat' dir='ltr'><strong><em>superhizc</em></strong></span> <span class='ocrx_word' id='word_1_656' title='bbox 2409 3872 2702 3926; x_wconf 86' lang='lat' dir='ltr'><strong><em>inebriatus</em></strong></span> <span class='ocrx_word' id='word_1_657' title='bbox 2737 3877 2904 3933; x_wconf 79' lang='lat' dir='ltr'><strong><em>esset,</em></strong></span> <span class='ocrx_word' id='word_1_658' title='bbox 2958 3863 3209 3919; x_wconf 86' lang='lat' dir='ltr'><strong><em>discessit</em></strong></span> <span class='ocrx_word' id='word_1_659' title='bbox 3240 3876 3269 3914; x_wconf 89' lang='lat' dir='ltr'><strong><em>a</em></strong></span> <span class='ocrx_word' id='word_1_660' title='bbox 3313 3860 3544 3914; x_wconf 90' lang='lat' dir='ltr'><strong><em>Domino</em></strong></span> 
     </span>
    </p>
   </div>
   <div class='ocr_carea' id='block_1_85' title="bbox 1961 3950 3534 4036">
    <p class='ocr_par' dir='ltr' id='par_1_85' title="bbox 1961 3950 3534 4036">
     <span class='ocr_line' id='line_1_85' title="bbox 1961 3950 3534 4036; baseline -0.013 -11"><span class='ocrx_word' id='word_1_661' title='bbox 1961 3984 2061 4025; x_wconf 91' lang='lat' dir='ltr'><strong><em>cor</em></strong></span> <span class='ocrx_word' id='word_1_662' title='bbox 2096 3969 2241 4036; x_wconf 85' lang='lat' dir='ltr'><strong><em>ejus;</em></strong></span> <span class='ocrx_word' id='word_1_663' title='bbox 2274 3973 2328 4019; x_wconf 89' lang='lat' dir='ltr'><strong><em>et</em></strong></span> <span class='ocrx_word' id='word_1_664' title='bbox 2372 3963 2541 4017; x_wconf 81' lang='lat' dir='ltr'><strong><em>iactus</em></strong></span> <span class='ocrx_word' id='word_1_665' title='bbox 2569 3970 2651 4015; x_wconf 90' lang='lat' dir='ltr'><strong><em>est</em></strong></span> <span class='ocrx_word' id='word_1_666' title='bbox 2693 3973 2882 4014; x_wconf 84' lang='lat' dir='ltr'><strong><em>servus</em></strong></span> <span class='ocrx_word' id='word_1_667' title='bbox 2927 3963 3206 4024; x_wconf 66' lang='lat' dir='ltr'><strong><em>apostatae,</em></strong></span> <span class='ocrx_word' id='word_1_668' title='bbox 3236 3951 3366 4005; x_wconf 91' lang='lat' dir='ltr'><strong><em>dum</em></strong></span> <span class='ocrx_word' id='word_1_669' title='bbox 3400 3950 3534 4004; x_wconf 88' lang='lat' dir='ltr'><strong><em>liber</em></strong></span> 
     </span>
    </p>
   </div>
   <div class='ocr_carea' id='block_1_86' title="bbox 1962 4047 3546 4128">
    <p class='ocr_par' dir='ltr' id='par_1_86' title="bbox 1962 4047 3546 4128">
     <span class='ocr_line' id='line_1_86' title="bbox 1962 4047 3546 4128; baseline -0.013 -12"><span class='ocrx_word' id='word_1_670' title='bbox 1962 4060 2081 4117; x_wconf 86' lang='lat' dir='ltr'><strong><em>vult</em></strong></span> <span class='ocrx_word' id='word_1_671' title='bbox 2108 4074 2229 4114; x_wconf 90' lang='lat' dir='ltr'><strong><em>esse</em></strong></span> <span class='ocrx_word' id='word_1_672' title='bbox 2254 4055 2500 4128; x_wconf 73' lang='lat' dir='ltr'><strong><em>juStitim.</em></strong></span> <span class='ocrx_word' id='word_1_673' title='bbox 2537 4053 2673 4106; x_wconf 89' lang='lat' dir='ltr'><strong><em>Cum</em></strong></span> <span class='ocrx_word' id='word_1_674' title='bbox 2716 4049 2899 4118; x_wconf 88' lang='lat' dir='ltr'><strong><em>itaque</em></strong></span> <span class='ocrx_word' id='word_1_675' title='bbox 2929 4061 3035 4102; x_wconf 93' lang='lat' dir='ltr'><strong><em>nou</em></strong></span> <span class='ocrx_word' id='word_1_676' title='bbox 3066 4047 3390 4099; x_wconf 85' lang='lat' dir='ltr'><strong><em>haberemus</em></strong></span> <span class='ocrx_word' id='word_1_677' title='bbox 3416 4056 3546 4097; x_wconf 79' lang='lat' dir='ltr'><strong><em>con-</em></strong></span> 
     </span>
    </p>
   </div>
   <div class='ocr_carea' id='block_1_87' title="bbox 1965 4132 3545 4214">
    <p class='ocr_par' dir='ltr' id='par_1_87' title="bbox 1965 4132 3545 4214">
     <span class='ocr_line' id='line_1_87' title="bbox 1965 4132 3545 4214; baseline -0.013 -7"><span class='ocrx_word' id='word_1_678' title='bbox 1965 4151 2269 4214; x_wconf 87' lang='lat' dir='ltr'><strong><em>tinentiam,</em></strong></span> <span class='ocrx_word' id='word_1_679' title='bbox 2312 4145 2415 4201; x_wconf 88' lang='lat' dir='ltr'><strong><em>nisi</em></strong></span> <span class='ocrx_word' id='word_1_680' title='bbox 2468 4144 2610 4199; x_wconf 82' lang='lat' dir='ltr'><strong><em>Deus</em></strong></span> <span class='ocrx_word' id='word_1_681' title='bbox 2651 4141 2808 4197; x_wconf 90' lang='lat' dir='ltr'><strong><em>daret</em></strong></span> <span class='ocrx_word' id='word_1_682' title='bbox 2840 4138 2993 4211; x_wconf 89' lang='lat' dir='ltr'><strong><em>(Sap.</em></strong></span> <span class='ocrx_word' id='word_1_683' title='bbox 3028 4133 3290 4204; x_wconf 60' lang='lat' dir='ltr'><strong><em>vnnil);</em></strong></span> <span class='ocrx_word' id='word_1_684' title='bbox 3326 4147 3424 4187; x_wconf 89' lang='lat' dir='ltr'><strong><em>nec</em></strong></span> <span class='ocrx_word' id='word_1_685' title='bbox 3451 4132 3545 4187; x_wconf 85' lang='lat' dir='ltr'><strong><em>ha-</em></strong></span> 
     </span>
    </p>
   </div>
   <div class='ocr_carea' id='block_1_88' title="bbox 1965 4224 3543 4305">
    <p class='ocr_par' dir='ltr' id='par_1_88' title="bbox 1965 4224 3543 4305">
     <span class='ocr_line' id='line_1_88' title="bbox 1965 4224 3543 4305; baseline -0.017 -2"><span class='ocrx_word' id='word_1_686' title='bbox 1965 4245 2218 4305; x_wconf 85' lang='lat' dir='ltr'><strong><em>beremus</em></strong></span> <span class='ocrx_word' id='word_1_687' title='bbox 2244 4238 2589 4296; x_wconf 89' lang='lat' dir='ltr'><strong><em>dilectionem</em></strong></span> <span class='ocrx_word' id='word_1_688' title='bbox 2619 4242 2882 4298; x_wconf 80' lang='lat' dir='ltr'><strong><em>sanetam,</em></strong></span> <span class='ocrx_word' id='word_1_689' title='bbox 2910 4229 3011 4285; x_wconf 89' lang='lat' dir='ltr'><strong><em>nisi</em></strong></span> <span class='ocrx_word' id='word_1_690' title='bbox 3053 4226 3286 4283; x_wconf 87' lang='lat' dir='ltr'><strong><em>eharitas</em></strong></span> <span class='ocrx_word' id='word_1_691' title='bbox 3316 4225 3405 4279; x_wconf 89' lang='lat' dir='ltr'><strong><em>Dei</em></strong></span> <span class='ocrx_word' id='word_1_692' title='bbox 3439 4224 3543 4277; x_wconf 83' lang='lat' dir='ltr'><strong><em>dii-</em></strong></span> 
     </span>
    </p>
   </div>
   <div class='ocr_carea' id='block_1_89' title="bbox 1965 4321 3543 4393">
    <p class='ocr_par' dir='ltr' id='par_1_89' title="bbox 1965 4321 3543 4393">
     <span class='ocr_line' id='line_1_89' title="bbox 1965 4321 3543 4393; baseline -0.015 -1"><span class='ocrx_word' id='word_1_693' title='bbox 1965 4336 2282 4392; x_wconf 76' lang='lat' dir='ltr'><strong><em>lunderetur</em></strong></span> <span class='ocrx_word' id='word_1_694' title='bbox 2300 4335 2351 4387; x_wconf 90' lang='lat' dir='ltr'><strong><em>itt</em></strong></span> <span class='ocrx_word' id='word_1_695' title='bbox 2374 4330 2629 4387; x_wconf 87' lang='lat' dir='ltr'><strong><em>cordibus</em></strong></span> <span class='ocrx_word' id='word_1_696' title='bbox 2652 4325 2853 4381; x_wconf 84' lang='lat' dir='ltr'><strong><em>nostris</em></strong></span> <span class='ocrx_word' id='word_1_697' title='bbox 2879 4339 2976 4393; x_wconf 90' lang='lat' dir='ltr'><strong><em>per</em></strong></span> <span class='ocrx_word' id='word_1_698' title='bbox 2996 4321 3250 4391; x_wconf 86' lang='lat' dir='ltr'><strong><em>Spiritum</em></strong></span> <span class='ocrx_word' id='word_1_699' title='bbox 3274 4328 3543 4382; x_wconf 85' lang='lat' dir='ltr'><strong><em>sanctum,</em></strong></span> 
     </span>
    </p>
   </div>
   <div class='ocr_carea' id='block_1_90' title="bbox 1965 4416 3545 4500">
    <p class='ocr_par' dir='ltr' id='par_1_90' title="bbox 1965 4416 3545 4500">
     <span class='ocr_line' id='line_1_90' title="bbox 1965 4416 3545 4500; baseline -0.016 -16"><span class='ocrx_word' id='word_1_700' title='bbox 1965 4431 2052 4500; x_wconf 91' lang='lat' dir='ltr'><strong><em>qui</em></strong></span> <span class='ocrx_word' id='word_1_701' title='bbox 2074 4428 2236 4483; x_wconf 83' lang='lat' dir='ltr'><strong><em>datus</em></strong></span> <span class='ocrx_word' id='word_1_702' title='bbox 2262 4433 2348 4480; x_wconf 88' lang='lat' dir='ltr'><strong><em>est</em></strong></span> <span class='ocrx_word' id='word_1_703' title='bbox 2376 4423 2530 4477; x_wconf 89' lang='lat' dir='ltr'><strong><em>nobis</em></strong></span> <span class='ocrx_word' id='word_1_704' title='bbox 2553 4420 2728 4489; x_wconf 82' lang='lat' dir='ltr'><strong><em>(Rom.</em></strong></span> <span class='ocrx_word' id='word_1_705' title='bbox 2752 4432 2805 4483; x_wconf 73' lang='grc' dir='ltr'><strong><em>ν,</em></strong></span> <span class='ocrx_word' id='word_1_706' title='bbox 2831 4416 2917 4485; x_wconf 83' lang='lat'><strong><em>5);</em></strong></span> <span class='ocrx_word' id='word_1_707' title='bbox 2947 4429 3066 4468; x_wconf 92' lang='lat' dir='ltr'><strong><em>cum</em></strong></span> <span class='ocrx_word' id='word_1_708' title='bbox 3096 4420 3363 4480; x_wconf 89' lang='lat' dir='ltr'><strong><em>postremo</em></strong></span> <span class='ocrx_word' id='word_1_709' title='bbox 3386 4423 3545 4462; x_wconf 84' lang='lat' dir='ltr'><strong><em>nemo</em></strong></span> 
     </span>
    </p>
   </div>
   <div class='ocr_carea' id='block_1_91' title="bbox 258 4499 3544 4591">
    <p class='ocr_par' dir='ltr' id='par_1_91' title="bbox 258 4499 3544 4591">
     <span class='ocr_line' id='line_1_91' title="bbox 258 4499 3544 4591; baseline -0.011 -2"><span class='ocrx_word' id='word_1_710' title='bbox 258 4534 425 4589; x_wconf 78' lang='lat' dir='ltr'><strong><em>nibus</em></strong></span> <span class='ocrx_word' id='word_1_711' title='bbox 475 4530 838 4587; x_wconf 75' lang='lat' dir='ltr'><strong><em>ratiocinandi</em></strong></span> <span class='ocrx_word' id='word_1_712' title='bbox 884 4499 1234 4584; x_wconf 39' lang='lat' dir='ltr'><strong><em>viribus&#39;hoc</em></strong></span> <span class='ocrx_word' id='word_1_713' title='bbox 1272 4524 1640 4579; x_wconf 88' lang='lat' dir='ltr'><strong><em>indubitanter</em></strong></span> <span class='ocrx_word' id='word_1_714' title='bbox 1690 4537 1858 4591; x_wconf 87' lang='lat' dir='ltr'><strong><em>agno-</em></strong></span> <span class='ocrx_word' id='word_1_715' title='bbox 1890 4499 1936 4559; x_wconf 74' lang='grc' dir='ltr'><strong><em>ί)</em></strong></span> <span class='ocrx_word' id='word_1_716' title='bbox 1965 4499 2190 4577; x_wconf 82' lang='lat' dir='ltr'><strong><em>haberet</em></strong></span> <span class='ocrx_word' id='word_1_717' title='bbox 2217 4514 2535 4586; x_wconf 88' lang='lat' dir='ltr'><strong><em>sapientiam</em></strong></span> <span class='ocrx_word' id='word_1_718' title='bbox 2563 4523 2616 4566; x_wconf 91' lang='lat' dir='ltr'><strong><em>et</em></strong></span> <span class='ocrx_word' id='word_1_719' title='bbox 2647 4510 2998 4569; x_wconf 89' lang='lat' dir='ltr'><strong><em>intellectum,</em></strong></span> <span class='ocrx_word' id='word_1_720' title='bbox 3026 4501 3309 4559; x_wconf 84' lang='lat' dir='ltr'><strong><em>consilium</em></strong></span> <span class='ocrx_word' id='word_1_721' title='bbox 3339 4508 3394 4553; x_wconf 90' lang='lat' dir='ltr'><strong><em>et</em></strong></span> <span class='ocrx_word' id='word_1_722' title='bbox 3435 4499 3544 4553; x_wconf 82' lang='lat' dir='ltr'><strong><em>ror-</em></strong></span> 
     </span>
    </p>
   </div>
   <div class='ocr_carea' id='block_1_92' title="bbox 258 4616 1855 4695">
    <p class='ocr_par' dir='ltr' id='par_1_92' title="bbox 258 4616 1855 4695">
     <span class='ocr_line' id='line_1_92' title="bbox 258 4616 1855 4695; baseline -0.006 -17"><span class='ocrx_word' id='word_1_723' title='bbox 258 4626 440 4693; x_wconf 67' lang='lat' dir='ltr'><strong><em>visse,</em></strong></span> <span class='ocrx_word' id='word_1_724' title='bbox 471 4623 615 4695; x_wconf 88' lang='lat' dir='ltr'><strong><em>quod</em></strong></span> <span class='ocrx_word' id='word_1_725' title='bbox 652 4622 978 4678; x_wconf 87' lang='lat' dir='ltr'><strong><em>electionem</em></strong></span> <span class='ocrx_word' id='word_1_726' title='bbox 1005 4620 1196 4690; x_wconf 66' lang='lat' dir='ltr'><strong><em>gratiae</em></strong></span> <span class='ocrx_word' id='word_1_727' title='bbox 1224 4616 1371 4673; x_wconf 88' lang='lat' dir='ltr'><strong><em>nulla</em></strong></span> <span class='ocrx_word' id='word_1_728' title='bbox 1401 4617 1594 4672; x_wconf 88' lang='lat' dir='ltr'><strong><em>merita</em></strong></span> <span class='ocrx_word' id='word_1_729' title='bbox 1625 4616 1855 4669; x_wconf 88' lang='lat' dir='ltr'><strong><em>humana</em></strong></span> 
     </span>
    </p>
   </div>
   <div class='ocr_carea' id='block_1_93' title="bbox 336 4817 1851 4882">
    <p class='ocr_par' dir='ltr' id='par_1_93' title="bbox 336 4817 1851 4882">
     <span class='ocr_line' id='line_1_93' title="bbox 336 4817 1851 4882; baseline -0.01 -2"><span class='ocrx_word' id='word_1_730' title='bbox 336 4838 361 4866; x_wconf 79' lang='grc' dir='ltr'>ι</span> <span class='ocrx_word' id='word_1_731' title='bbox 390 4828 449 4880; x_wconf 87' lang='lat' dir='ltr'><strong><em>In</em></strong></span> <span class='ocrx_word' id='word_1_732' title='bbox 496 4842 597 4879; x_wconf 82' lang='lat' dir='ltr'><strong><em>ms.</em></strong></span> <span class='ocrx_word' id='word_1_733' title='bbox 634 4823 855 4880; x_wconf 83' lang='lat' dir='ltr'><strong><em>Joliensi</em></strong></span> <span class='ocrx_word' id='word_1_734' title='bbox 886 4820 942 4875; x_wconf 92' lang='lat' dir='ltr'><strong><em>in</em></strong></span> <span class='ocrx_word' id='word_1_735' title='bbox 977 4818 1147 4874; x_wconf 89' lang='lat' dir='ltr'><strong><em>titulis</em></strong></span> <span class='ocrx_word' id='word_1_736' title='bbox 1191 4817 1606 4882; x_wconf 78' lang='lat' dir='ltr'><strong><em>Excerptorum,</em></strong></span> <span class='ocrx_word' id='word_1_737' title='bbox 1639 4826 1759 4879; x_wconf 79' lang='lat' dir='ltr'><strong><em>seu,</em></strong></span> <span class='ocrx_word' id='word_1_738' title='bbox 1792 4819 1851 4866; x_wconf 90' lang='lat' dir='ltr'><strong><em>ut</em></strong></span> 
     </span>
    </p>
   </div>
   <div class='ocr_carea' id='block_1_94' title="bbox 256 4885 1847 4962">
    <p class='ocr_par' dir='ltr' id='par_1_94' title="bbox 256 4885 1847 4962">
     <span class='ocr_line' id='line_1_94' title="bbox 256 4885 1847 4962; baseline -0.01 -8"><span class='ocrx_word' id='word_1_739' title='bbox 256 4901 398 4954; x_wconf 83' lang='lat' dir='ltr'><strong><em>alias</em></strong></span> <span class='ocrx_word' id='word_1_740' title='bbox 424 4898 553 4951; x_wconf 89' lang='lat' dir='ltr'><strong><em>editi</em></strong></span> <span class='ocrx_word' id='word_1_741' title='bbox 585 4894 976 4962; x_wconf 62' lang='lat' dir='ltr'><strong><em>prmierebant,</em></strong></span> <span class='ocrx_word' id='word_1_742' title='bbox 1015 4889 1332 4962; x_wconf 71' lang='lat' dir='ltr'><strong><em>Dubiorum,</em></strong></span> <span class='ocrx_word' id='word_1_743' title='bbox 1364 4887 1450 4962; x_wconf 84' lang='lat' dir='ltr'><strong><em>hic</em></strong></span> <span class='ocrx_word' id='word_1_744' title='bbox 1476 4894 1537 4962; x_wconf 74' lang='lat' dir='ltr'><strong><em>et</em></strong></span> <span class='ocrx_word' id='word_1_745' title='bbox 1567 4885 1847 4962; x_wconf 57' lang='lat' dir='ltr'><strong><em>deittfeps,</em></strong></span> 
     </span>
    </p>
   </div>
   <div class='ocr_carea' id='block_1_95' title="bbox 262 4955 1852 5035">
    <p class='ocr_par' dir='ltr' id='par_1_95' title="bbox 262 4955 1852 5035">
     <span class='ocr_line' id='line_1_95' title="bbox 262 4955 1852 5035; baseline -0.011 -10"><span class='ocrx_word' id='word_1_746' title='bbox 262 4971 398 5025; x_wconf 82' lang='lat' dir='ltr'><strong><em>Item</em></strong></span> <span class='ocrx_word' id='word_1_747' title='bbox 430 4955 860 5035; x_wconf 40' lang='lat' dir='ltr'><strong><em>verba&#39;ejusdent.</em></strong></span> <span class='ocrx_word' id='word_1_748' title='bbox 894 4961 1054 5035; x_wconf 77' lang='lat' dir='ltr'><strong><em>Editi,</em></strong></span> <span class='ocrx_word' id='word_1_749' title='bbox 1088 4958 1154 5013; x_wconf 86' lang='lat' dir='ltr'><strong><em>In</em></strong></span> <span class='ocrx_word' id='word_1_750' title='bbox 1197 4956 1639 5035; x_wconf 65' lang='lat' dir='ltr'><strong><em>verbisciusdem.</em></strong></span> <span class='ocrx_word' id='word_1_751' title='bbox 1674 4955 1852 5008; x_wconf 80' lang='lat' dir='ltr'><strong><em>Editio</em></strong></span> 
     </span>
    </p>
   </div>
   <div class='ocr_carea' id='block_1_96' title="bbox 255 5030 1486 5109">
    <p class='ocr_par' dir='ltr' id='par_1_96' title="bbox 255 5030 1486 5109">
     <span class='ocr_line' id='line_1_96' title="bbox 255 5030 1486 5109; baseline -0.014 -14"><span class='ocrx_word' id='word_1_752' title='bbox 255 5038 503 5109; x_wconf 74' lang='lat' dir='ltr'><strong><em>appeitd.</em></strong></span> <span class='ocrx_word' id='word_1_753' title='bbox 530 5030 695 5109; x_wconf 69' lang='lat' dir='ltr'><strong><em>Oper.</em></strong></span> <span class='ocrx_word' id='word_1_754' title='bbox 809 5033 953 5101; x_wconf 78' lang='lat' dir='ltr'><strong><em>Aug.</em></strong></span> <span class='ocrx_word' id='word_1_755' title='bbox 979 5033 1093 5109; x_wconf 71' lang='lat' dir='ltr'><strong><em>haec</em></strong></span> <span class='ocrx_word' id='word_1_756' title='bbox 1118 5030 1486 5109; x_wconf 48' lang='lat' dir='ltr'><strong><em>praetermisit.</em></strong></span> 
     </span>
    </p>
   </div>
   <div class='ocr_carea' id='block_1_97' title="bbox 330 5094 1850 5169">
    <p class='ocr_par' dir='ltr' id='par_1_97' title="bbox 330 5094 1850 5169">
     <span class='ocr_line' id='line_1_97' title="bbox 330 5094 1850 5169; baseline -0.011 -5"><span class='ocrx_word' id='word_1_757' title='bbox 330 5094 356 5149; x_wconf 59' lang='grc' dir='ltr'><strong>ὖ</strong></span> <span class='ocrx_word' id='word_1_758' title='bbox 390 5111 492 5164; x_wconf 74' lang='lat' dir='ltr'><strong><em>Ms.</em></strong></span> <span class='ocrx_word' id='word_1_759' title='bbox 529 5094 785 5162; x_wconf 72' lang='lat' dir='ltr'><strong><em>Joliensis</em></strong></span> <span class='ocrx_word' id='word_1_760' title='bbox 832 5094 955 5157; x_wconf 69' lang='lat' dir='ltr'><strong><em>cuin</em></strong></span> <span class='ocrx_word' id='word_1_761' title='bbox 1011 5094 1240 5169; x_wconf 75' lang='lat' dir='ltr'><strong><em>Lug&#39;ud.,</em></strong></span> <span class='ocrx_word' id='word_1_762' title='bbox 1289 5099 1496 5153; x_wconf 88' lang='lat' dir='ltr'><strong><em>Lovan.</em></strong></span> <span class='ocrx_word' id='word_1_763' title='bbox 1536 5103 1591 5151; x_wconf 92' lang='lat' dir='ltr'><strong><em>et</em></strong></span> <span class='ocrx_word' id='word_1_764' title='bbox 1628 5094 1850 5162; x_wconf 78' lang='lat' dir='ltr'><strong><em>Venet.,</em></strong></span> 
     </span>
    </p>
   </div>
   <div class='ocr_carea' id='block_1_98' title="bbox 254 5173 1320 5245">
    <p class='ocr_par' dir='ltr' id='par_1_98' title="bbox 254 5173 1320 5245">
     <span class='ocr_line' id='line_1_98' title="bbox 254 5173 1320 5245; baseline -0.016 -7"><span class='ocrx_word' id='word_1_765' title='bbox 254 5184 469 5237; x_wconf 73' lang='lat' dir='ltr'><strong><em>omisso</em></strong></span> <span class='ocrx_word' id='word_1_766' title='bbox 496 5177 656 5245; x_wconf 86' lang='lat' dir='ltr'><strong><em>quod,</em></strong></span> <span class='ocrx_word' id='word_1_767' title='bbox 690 5178 920 5245; x_wconf 81' lang='lat' dir='ltr'><strong><em>profecto</em></strong></span> <span class='ocrx_word' id='word_1_768' title='bbox 951 5188 1051 5227; x_wconf 89' lang='lat' dir='ltr'><strong><em>non</em></strong></span> <span class='ocrx_word' id='word_1_769' title='bbox 1082 5173 1320 5245; x_wconf 79' lang='lat' dir='ltr'><strong><em>dicerem.</em></strong></span> 
     </span>
    </p>
   </div>
   <div class='ocr_carea' id='block_1_99' title="bbox 335 5234 1848 5317">
    <p class='ocr_par' dir='ltr' id='par_1_99' title="bbox 335 5234 1848 5317">
     <span class='ocr_line' id='line_1_99' title="bbox 335 5234 1848 5317; baseline -0.013 -11"><span class='ocrx_word' id='word_1_770' title='bbox 335 5234 356 5289; x_wconf 59' lang='grc' dir='ltr'><strong>έ</strong></span> <span class='ocrx_word' id='word_1_771' title='bbox 392 5234 1025 5317; x_wconf 63' lang='grc' dir='ltr'><strong><em>Μ8.ἰοι.ξᾴαω’άαηιην,</em></strong></span> <span class='ocrx_word' id='word_1_772' title='bbox 1047 5257 1103 5296; x_wconf 90' lang='lat' dir='ltr'><strong><em>ut</em></strong></span> <span class='ocrx_word' id='word_1_773' title='bbox 1129 5244 1180 5296; x_wconf 87' lang='lat' dir='ltr'><strong><em>in</em></strong></span> <span class='ocrx_word' id='word_1_774' title='bbox 1207 5242 1342 5294; x_wconf 88' lang='lat' dir='ltr'><strong><em>libro</em></strong></span> <span class='ocrx_word' id='word_1_775' title='bbox 1373 5235 1654 5317; x_wconf 74' lang='lat' dir='ltr'><strong><em>Augusﬁni</em></strong></span> <span class='ocrx_word' id='word_1_776' title='bbox 1681 5253 1694 5317; x_wconf 63' lang='grc' dir='ltr'>ξ</span> <span class='ocrx_word' id='word_1_777' title='bbox 1720 5234 1848 5317; x_wconf 70' lang='lat' dir='ltr'><strong><em>editi</em></strong></span> 
     </span>
    </p>
   </div>
   <div class='ocr_carea' id='block_1_100' title="bbox 252 5307 1847 5384">
    <p class='ocr_par' dir='ltr' id='par_1_100' title="bbox 252 5307 1847 5384">
     <span class='ocr_line' id='line_1_100' title="bbox 252 5307 1847 5384; baseline -0.011 -8"><span class='ocrx_word' id='word_1_778' title='bbox 252 5335 455 5376; x_wconf 81' lang='lat' dir='ltr'><strong><em>omnes</em></strong></span> <span class='ocrx_word' id='word_1_779' title='bbox 483 5334 605 5373; x_wconf 90' lang='lat' dir='ltr'><strong><em>cum</em></strong></span> <span class='ocrx_word' id='word_1_780' title='bbox 636 5307 870 5384; x_wconf 72' lang='lat' dir='ltr'><strong><em>Remig.,</em></strong></span> <span class='ocrx_word' id='word_1_781' title='bbox 902 5330 1017 5383; x_wconf 78' lang='lat' dir='ltr'><strong><em>qua:</em></strong></span> <span class='ocrx_word' id='word_1_782' title='bbox 1042 5317 1214 5375; x_wconf 84' lang='lat' dir='ltr'><strong><em>datur,</em></strong></span> <span class='ocrx_word' id='word_1_783' title='bbox 1260 5321 1312 5366; x_wconf 89' lang='lat' dir='ltr'><strong><em>et</em></strong></span> <span class='ocrx_word' id='word_1_784' title='bbox 1342 5311 1501 5379; x_wconf 87' lang='lat' dir='ltr'><strong><em>paulo</em></strong></span> <span class='ocrx_word' id='word_1_785' title='bbox 1531 5316 1655 5376; x_wconf 77' lang='lat' dir='ltr'><strong><em>p0st</em></strong></span> <span class='ocrx_word' id='word_1_786' title='bbox 1684 5307 1847 5361; x_wconf 90' lang='lat' dir='ltr'><strong><em>idem.</em></strong></span> 
     </span>
    </p>
   </div>
   <div class='ocr_carea' id='block_1_101' title="bbox 250 5388 844 5457">
    <p class='ocr_par' dir='ltr' id='par_1_101' title="bbox 250 5388 844 5457">
     <span class='ocr_line' id='line_1_101' title="bbox 250 5388 844 5457; baseline -0.015 -9"><span class='ocrx_word' id='word_1_787' title='bbox 250 5408 362 5448; x_wconf 84' lang='lat' dir='ltr'><strong><em>rus.</em></strong></span> <span class='ocrx_word' id='word_1_788' title='bbox 392 5389 499 5441; x_wconf 85' lang='lat' dir='ltr'><strong><em>.lnl.</em></strong></span> <span class='ocrx_word' id='word_1_789' title='bbox 531 5388 682 5442; x_wconf 86' lang='lat' dir='ltr'><strong><em>addit</em></strong></span> <span class='ocrx_word' id='word_1_790' title='bbox 701 5402 844 5457; x_wconf 86' lang='lat' dir='ltr'><strong><em>ergo.</em></strong></span> 
     </span>
    </p>
   </div>
   <div class='ocr_carea' id='block_1_102' title="bbox 330 5446 1854 5524">
    <p class='ocr_par' dir='ltr' id='par_1_102' title="bbox 330 5446 1854 5524">
     <span class='ocr_line' id='line_1_102' title="bbox 330 5446 1854 5524; baseline -0.01 -9"><span class='ocrx_word' id='word_1_791' title='bbox 330 5460 357 5500; x_wconf 70' lang='grc' dir='ltr'><strong><em>ἀ</em></strong></span> <span class='ocrx_word' id='word_1_792' title='bbox 396 5460 541 5514; x_wconf 81' lang='lat' dir='ltr'><strong><em>Editi</em></strong></span> <span class='ocrx_word' id='word_1_793' title='bbox 592 5446 787 5514; x_wconf 67' lang='lat' dir='ltr'><strong><em>omnes</em></strong></span> <span class='ocrx_word' id='word_1_794' title='bbox 839 5473 871 5508; x_wconf 87' lang='lat' dir='ltr'><strong><em>a</em></strong></span> <span class='ocrx_word' id='word_1_795' title='bbox 913 5454 1258 5524; x_wconf 82' lang='lat' dir='ltr'><strong><em>disputatione</em></strong></span> <span class='ocrx_word' id='word_1_796' title='bbox 1299 5465 1533 5520; x_wconf 87' lang='lat' dir='ltr'><strong><em>corpora.</em></strong></span> <span class='ocrx_word' id='word_1_797' title='bbox 1587 5446 1854 5524; x_wconf 60' lang='lat' dir='ltr'><strong><em>Emenda-</em></strong></span> 
     </span>
    </p>
   </div>
   <div class='ocr_carea' id='block_1_103' title="bbox 252 5517 1847 5592">
    <p class='ocr_par' dir='ltr' id='par_1_103' title="bbox 252 5517 1847 5592">
     <span class='ocr_line' id='line_1_103' title="bbox 252 5517 1847 5592; baseline -0.012 -3"><span class='ocrx_word' id='word_1_798' title='bbox 252 5548 381 5589; x_wconf 85' lang='lat' dir='ltr'><strong><em>mus</em></strong></span> <span class='ocrx_word' id='word_1_799' title='bbox 428 5546 498 5585; x_wconf 80' lang='lat' dir='ltr'><strong><em>ex</em></strong></span> <span class='ocrx_word' id='word_1_800' title='bbox 542 5544 645 5584; x_wconf 74' lang='lat' dir='ltr'><strong><em>ms.</em></strong></span> <span class='ocrx_word' id='word_1_801' title='bbox 686 5526 933 5589; x_wconf 82' lang='lat' dir='ltr'><strong><em>Jolicusi,</em></strong></span> <span class='ocrx_word' id='word_1_802' title='bbox 967 5517 1053 5579; x_wconf 58' lang='lat' dir='ltr'><strong><em>c&#39;ui</em></strong></span> <span class='ocrx_word' id='word_1_803' title='bbox 1082 5517 1428 5592; x_wconf 52' lang='lat' dir='ltr'><strong><em>sum‘agatur.</em></strong></span> <span class='ocrx_word' id='word_1_804' title='bbox 1459 5534 1562 5573; x_wconf 86' lang='lat' dir='ltr'><strong><em>ms.</em></strong></span> <span class='ocrx_word' id='word_1_805' title='bbox 1590 5517 1847 5572; x_wconf 76' lang='lat' dir='ltr'><strong><em>Remens.</em></strong></span> 
     </span>
    </p>
   </div>
   <div class='ocr_carea' id='block_1_104' title="bbox 250 5598 1001 5668">
    <p class='ocr_par' dir='ltr' id='par_1_104' title="bbox 250 5598 1001 5668">
     <span class='ocr_line' id='line_1_104' title="bbox 250 5598 1001 5668; baseline -0.019 -6"><span class='ocrx_word' id='word_1_806' title='bbox 250 5613 314 5662; x_wconf 79' lang='lat' dir='ltr'><strong><em>et</em></strong></span> <span class='ocrx_word' id='word_1_807' title='bbox 340 5602 478 5657; x_wconf 83' lang='lat' dir='ltr'><strong><em>edit.</em></strong></span> <span class='ocrx_word' id='word_1_808' title='bbox 512 5598 745 5668; x_wconf 82' lang='lat' dir='ltr'><strong><em>append.</em></strong></span> <span class='ocrx_word' id='word_1_809' title='bbox 776 5600 1001 5666; x_wconf 82' lang='lat' dir='ltr'><strong><em>August.</em></strong></span> 
     </span>
    </p>
   </div>
   <div class='ocr_carea' id='block_1_105' title="bbox 332 5666 1213 5737">
    <p class='ocr_par' dir='ltr' id='par_1_105' title="bbox 332 5666 1213 5737">
     <span class='ocr_line' id='line_1_105' title="bbox 332 5666 1213 5737; baseline -0.016 -8"><span class='ocrx_word' id='word_1_810' title='bbox 332 5684 357 5712; x_wconf 85' lang='grc'><strong><em>⁸</em></strong></span> <span class='ocrx_word' id='word_1_811' title='bbox 385 5674 491 5728; x_wconf 68' lang='lat' dir='ltr'><strong><em>lis.</em></strong></span> <span class='ocrx_word' id='word_1_812' title='bbox 520 5666 651 5737; x_wconf 61' lang='lat'><strong><em>10].,</em></strong></span> <span class='ocrx_word' id='word_1_813' title='bbox 682 5686 841 5722; x_wconf 82' lang='lat' dir='ltr'><strong><em>unum</em></strong></span> <span class='ocrx_word' id='word_1_814' title='bbox 864 5666 1213 5734; x_wconf 88' lang='lat' dir='ltr'><strong><em>eamdemque.</em></strong></span> 
     </span>
    </p>
   </div>
   <div class='ocr_carea' id='block_1_106' title="bbox 331 5730 1849 5814">
    <p class='ocr_par' dir='ltr' id='par_1_106' title="bbox 331 5730 1849 5814">
     <span class='ocr_line' id='line_1_106' title="bbox 331 5730 1849 5814; baseline -0.014 -12"><span class='ocrx_word' id='word_1_815' title='bbox 331 5742 355 5785; x_wconf 71' lang='grc' dir='ltr'>ί</span> <span class='ocrx_word' id='word_1_816' title='bbox 387 5744 568 5801; x_wconf 77' lang='lat' dir='ltr'><strong><em>Editia</em></strong></span> <span class='ocrx_word' id='word_1_817' title='bbox 594 5730 826 5814; x_wconf 78' lang='lat' dir='ltr'><strong><em>append.</em></strong></span> <span class='ocrx_word' id='word_1_818' title='bbox 858 5742 1082 5809; x_wconf 77' lang='lat' dir='ltr'><strong><em>AuguSt.</em></strong></span> <span class='ocrx_word' id='word_1_819' title='bbox 1108 5730 1179 5792; x_wconf 75' lang='lat' dir='ltr'><strong><em>ex</em></strong></span> <span class='ocrx_word' id='word_1_820' title='bbox 1205 5748 1310 5789; x_wconf 85' lang='lat' dir='ltr'><strong><em>ms.</em></strong></span> <span class='ocrx_word' id='word_1_821' title='bbox 1334 5730 1570 5802; x_wconf 75' lang='lat' dir='ltr'><strong><em>Remig.,</em></strong></span> <span class='ocrx_word' id='word_1_822' title='bbox 1593 5730 1683 5803; x_wconf 87' lang='lat' dir='ltr'><strong><em>qui</em></strong></span> <span class='ocrx_word' id='word_1_823' title='bbox 1711 5744 1849 5784; x_wconf 83' lang='lat' dir='ltr'><strong><em>asse-</em></strong></span> 
     </span>
    </p>
   </div>
   <div class='ocr_carea' id='block_1_107' title="bbox 1962 4588 3545 4674">
    <p class='ocr_par' dir='ltr' id='par_1_107' title="bbox 1962 4588 3545 4674">
     <span class='ocr_line' id='line_1_107' title="bbox 1962 4588 3545 4674; baseline -0.017 -5"><span class='ocrx_word' id='word_1_824' title='bbox 1962 4610 2271 4674; x_wconf 86' lang='lat' dir='ltr'><strong><em>titudinem,</em></strong></span> <span class='ocrx_word' id='word_1_825' title='bbox 2313 4605 2593 4661; x_wconf 86' lang='lat' dir='ltr'><strong><em>scientiam</em></strong></span> <span class='ocrx_word' id='word_1_826' title='bbox 2639 4611 2694 4656; x_wconf 91' lang='lat' dir='ltr'><strong><em>et</em></strong></span> <span class='ocrx_word' id='word_1_827' title='bbox 2739 4598 3016 4668; x_wconf 81' lang='lat' dir='ltr'><strong><em>pie&#39;atem,</em></strong></span> <span class='ocrx_word' id='word_1_828' title='bbox 3058 4608 3122 4648; x_wconf 87' lang='lat' dir='ltr'><strong><em>ac</em></strong></span> <span class='ocrx_word' id='word_1_829' title='bbox 3157 4592 3404 4645; x_wconf 80' lang='lat' dir='ltr'><strong><em>timorem</em></strong></span> <span class='ocrx_word' id='word_1_830' title='bbox 3440 4588 3545 4643; x_wconf 82' lang='lat' dir='ltr'><strong><em>Do-</em></strong></span> 
     </span>
    </p>
   </div>
   <div class='ocr_carea' id='block_1_108' title="bbox 1952 4816 3532 4940">
    <p class='ocr_par' dir='ltr' id='par_1_108' title="bbox 1952 4816 3532 4940">
     <span class='ocr_line' id='line_1_108' title="bbox 1952 4816 3532 4940; baseline -0.011 -5"><span class='ocrx_word' id='word_1_831' title='bbox 1952 4816 2322 4933; x_wconf 47' lang='lat' dir='ltr'><strong><em>nrfitntehac</em></strong></span> <span class='ocrx_word' id='word_1_832' title='bbox 2364 4875 2493 4931; x_wconf 90' lang='lat' dir='ltr'><strong><em>editi</em></strong></span> <span class='ocrx_word' id='word_1_833' title='bbox 2536 4872 2806 4940; x_wconf 74' lang='lat' dir='ltr'><strong><em>legebant.</em></strong></span> <span class='ocrx_word' id='word_1_834' title='bbox 2860 4869 3056 4924; x_wconf 87' lang='lat' dir='ltr'><strong><em>omissa</em></strong></span> <span class='ocrx_word' id='word_1_835' title='bbox 3111 4865 3532 4940; x_wconf 76' lang='lat' dir='ltr'><strong><em>przt&#39;pttsiti_one:</em></strong></span> 
     </span>
    </p>
   </div>
   <div class='ocr_carea' id='block_1_109' title="bbox 1950 4938 3536 5010">
    <p class='ocr_par' dir='ltr' id='par_1_109' title="bbox 1950 4938 3536 5010">
     <span class='ocr_line' id='line_1_109' title="bbox 1950 4938 3536 5010; baseline -0.011 -3"><span class='ocrx_word' id='word_1_836' title='bbox 1950 4961 2143 5007; x_wconf 78' lang='lat' dir='ltr'><strong><em>sancta:</em></strong></span> <span class='ocrx_word' id='word_1_837' title='bbox 2165 4948 2428 5002; x_wconf 76' lang='lat' dir='ltr'><strong><em>memoria:</em></strong></span> <span class='ocrx_word' id='word_1_838' title='bbox 2451 4938 2795 5010; x_wconf 79' lang='lat' dir='ltr'><strong><em>Simpliciano</em></strong></span> <span class='ocrx_word' id='word_1_839' title='bbox 2820 4940 3191 4995; x_wconf 82' lang='lat' dir='ltr'><strong><em>Mediolanensi</em></strong></span> <span class='ocrx_word' id='word_1_840' title='bbox 3218 4938 3536 5010; x_wconf 51' lang='lat' dir='ltr'><strong><em>antistita...</em></strong></span> 
     </span>
    </p>
   </div>
   <div class='ocr_carea' id='block_1_110' title="bbox 1951 5006 3536 5079">
    <p class='ocr_par' dir='ltr' id='par_1_110' title="bbox 1951 5006 3536 5079">
     <span class='ocr_line' id='line_1_110' title="bbox 1951 5006 3536 5079; baseline -0.009 -4"><span class='ocrx_word' id='word_1_841' title='bbox 1951 5006 2205 5075; x_wconf 78' lang='lat' dir='ltr'><strong><em>consulto.</em></strong></span> <span class='ocrx_word' id='word_1_842' title='bbox 2233 5020 2549 5073; x_wconf 89' lang='lat' dir='ltr'><strong><em>Correetum</em></strong></span> <span class='ocrx_word' id='word_1_843' title='bbox 2571 5006 2643 5069; x_wconf 78' lang='lat' dir='ltr'><strong><em>ex</em></strong></span> <span class='ocrx_word' id='word_1_844' title='bbox 2679 5027 2778 5066; x_wconf 89' lang='lat' dir='ltr'><strong><em>ms.</em></strong></span> <span class='ocrx_word' id='word_1_845' title='bbox 2813 5010 3023 5079; x_wconf 82' lang='lat' dir='ltr'><strong><em>Remig.</em></strong></span> <span class='ocrx_word' id='word_1_846' title='bbox 3057 5012 3109 5064; x_wconf 92' lang='lat' dir='ltr'><strong><em>in</em></strong></span> <span class='ocrx_word' id='word_1_847' title='bbox 3147 5010 3276 5063; x_wconf 88' lang='lat' dir='ltr'><strong><em>edit.</em></strong></span> <span class='ocrx_word' id='word_1_848' title='bbox 3307 5006 3536 5074; x_wconf 75' lang='lat' dir='ltr'><strong><em>appetiti.</em></strong></span> 
     </span>
    </p>
   </div>
   <div class='ocr_carea' id='block_1_111' title="bbox 1955 5082 3541 5162">
    <p class='ocr_par' dir='ltr' id='par_1_111' title="bbox 1955 5082 3541 5162">
     <span class='ocr_line' id='line_1_111' title="bbox 1955 5082 3541 5162; baseline -0.011 -15"><span class='ocrx_word' id='word_1_849' title='bbox 1955 5091 2098 5162; x_wconf 83' lang='lat' dir='ltr'><strong><em>Aug.</em></strong></span> <span class='ocrx_word' id='word_1_850' title='bbox 2133 5102 2185 5145; x_wconf 87' lang='lat' dir='ltr'><strong><em>et</em></strong></span> <span class='ocrx_word' id='word_1_851' title='bbox 2212 5105 2241 5143; x_wconf 86' lang='lat' dir='ltr'><strong><em>a</em></strong></span> <span class='ocrx_word' id='word_1_852' title='bbox 2267 5089 2420 5143; x_wconf 91' lang='lat' dir='ltr'><strong><em>nobis</em></strong></span> <span class='ocrx_word' id='word_1_853' title='bbox 2440 5100 2639 5162; x_wconf 52' lang='lat' dir='ltr'><strong><em>estus.</em></strong></span> <span class='ocrx_word' id='word_1_854' title='bbox 2669 5082 3065 5162; x_wconf 76' lang='lat' dir='ltr'><strong><em>Joliensi._Quia</em></strong></span> <span class='ocrx_word' id='word_1_855' title='bbox 3096 5091 3300 5159; x_wconf 73' lang='lat' dir='ltr'><strong><em>eertum</em></strong></span> <span class='ocrx_word' id='word_1_856' title='bbox 3333 5087 3541 5162; x_wconf 46' lang='lat' dir='ltr'><strong><em>calﬁt-tun</em></strong></span> 
     </span>
    </p>
   </div>
   <div class='ocr_carea' id='block_1_112' title="bbox 1958 5146 3543 5230">
    <p class='ocr_par' dir='ltr' id='par_1_112' title="bbox 1958 5146 3543 5230">
     <span class='ocr_line' id='line_1_112' title="bbox 1958 5146 3543 5230; baseline -0.015 -11"><span class='ocrx_word' id='word_1_857' title='bbox 1958 5146 2371 5230; x_wconf 53' lang='lat' dir='ltr'><strong><em>Sitﬁplicianttm</em></strong></span> <span class='ocrx_word' id='word_1_858' title='bbox 2405 5158 2473 5209; x_wconf 82' lang='lat' dir='ltr'><strong><em>alt</em></strong></span> <span class='ocrx_word' id='word_1_859' title='bbox 2504 5156 2822 5230; x_wconf 76' lang='lat' dir='ltr'><strong><em>Augustino,</em></strong></span> <span class='ocrx_word' id='word_1_860' title='bbox 2850 5154 2939 5205; x_wconf 83' lang='lat' dir='ltr'><strong><em>sed</em></strong></span> <span class='ocrx_word' id='word_1_861' title='bbox 2974 5146 3543 5230; x_wconf 36' lang='lat' dir='ltr'><strong><em>Augustinum‘aSiuis-</em></strong></span> 
     </span>
    </p>
   </div>
   <div class='ocr_carea' id='block_1_113' title="bbox 1962 5216 3539 5302">
    <p class='ocr_par' dir='ltr' id='par_1_113' title="bbox 1962 5216 3539 5302">
     <span class='ocr_line' id='line_1_113' title="bbox 1962 5216 3539 5302; baseline -0.013 -15"><span class='ocrx_word' id='word_1_862' title='bbox 1962 5216 2217 5302; x_wconf 15' lang='lat' dir='ltr'><strong><em>[vilici-ano,</em></strong></span> <span class='ocrx_word' id='word_1_863' title='bbox 2246 5216 2762 5302; x_wconf 34' lang='lat' dir='ltr'><strong><em>cpmultumfduas</em></strong></span> <span class='ocrx_word' id='word_1_864' title='bbox 2812 5216 3141 5302; x_wconf 67' lang='lat' dir='ltr'><strong><em>qumstiones</em></strong></span> <span class='ocrx_word' id='word_1_865' title='bbox 3183 5236 3245 5273; x_wconf 78' lang='lat' dir='ltr'><strong><em>ex</em></strong></span> <span class='ocrx_word' id='word_1_866' title='bbox 3304 5216 3539 5284; x_wconf 79' lang='lat' dir='ltr'><strong><em>Epistula</em></strong></span> 
     </span>
    </p>
   </div>
   <div class='ocr_carea' id='block_1_114' title="bbox 1959 5292 3543 5357">
    <p class='ocr_par' dir='ltr' id='par_1_114' title="bbox 1959 5292 3543 5357">
     <span class='ocr_line' id='line_1_114' title="bbox 1959 5292 3543 5357; baseline -0.011 0"><span class='ocrx_word' id='word_1_867' title='bbox 1959 5292 2112 5357; x_wconf 65' lang='lat' dir='ltr'><strong><em>Pauli</em></strong></span> <span class='ocrx_word' id='word_1_868' title='bbox 2154 5301 2221 5354; x_wconf 87' lang='lat' dir='ltr'><strong><em>ad</em></strong></span> <span class='ocrx_word' id='word_1_869' title='bbox 2264 5299 2538 5353; x_wconf 81' lang='lat' dir='ltr'><strong><em>Romanos</em></strong></span> <span class='ocrx_word' id='word_1_870' title='bbox 2583 5295 2890 5349; x_wconf 79' lang='lat' dir='ltr'><strong><em>tractandas</em></strong></span> <span class='ocrx_word' id='word_1_871' title='bbox 2935 5292 3281 5353; x_wconf 78' lang='lat' dir='ltr'><strong><em>suscepisse:</em></strong></span> <span class='ocrx_word' id='word_1_872' title='bbox 3316 5300 3543 5357; x_wconf 82' lang='lat' dir='ltr'><strong><em>quarum</em></strong></span> 
     </span>
    </p>
   </div>
   <div class='ocr_carea' id='block_1_115' title="bbox 1955 5356 3540 5440">
    <p class='ocr_par' dir='ltr' id='par_1_115' title="bbox 1955 5356 3540 5440">
     <span class='ocr_line' id='line_1_115' title="bbox 1955 5356 3540 5440; baseline -0.011 -13"><span class='ocrx_word' id='word_1_873' title='bbox 1955 5356 2228 5440; x_wconf 79' lang='lat' dir='ltr'><strong><em>posterior</em></strong></span> <span class='ocrx_word' id='word_1_874' title='bbox 2256 5379 2339 5423; x_wconf 91' lang='lat' dir='ltr'><strong><em>est</em></strong></span> <span class='ocrx_word' id='word_1_875' title='bbox 2364 5369 2432 5423; x_wconf 92' lang='lat' dir='ltr'><strong><em>de</em></strong></span> <span class='ocrx_word' id='word_1_876' title='bbox 2463 5366 2628 5440; x_wconf 57' lang='lat' dir='ltr'><strong><em>{acab</em></strong></span> <span class='ocrx_word' id='word_1_877' title='bbox 2666 5364 2937 5440; x_wconf 72' lang='lat' dir='ltr'><strong><em>electione</em></strong></span> <span class='ocrx_word' id='word_1_878' title='bbox 2965 5361 3187 5440; x_wconf 48' lang='lat' dir='ltr'><strong><em>etuEsau</em></strong></span> <span class='ocrx_word' id='word_1_879' title='bbox 3221 5356 3540 5440; x_wconf 74' lang='lat' dir='ltr'><strong><em>rejectione.</em></strong></span> 
     </span>
    </p>
   </div>
   <div class='ocr_carea' id='block_1_116' title="bbox 1953 5429 3464 5507">
    <p class='ocr_par' dir='ltr' id='par_1_116' title="bbox 1953 5429 3464 5507">
     <span class='ocr_line' id='line_1_116' title="bbox 1953 5429 3464 5507; baseline -0.013 -9"><span class='ocrx_word' id='word_1_880' title='bbox 1953 5429 2105 5498; x_wconf 71' lang='lat' dir='ltr'><strong><em>i’ctet</em></strong></span> <span class='ocrx_word' id='word_1_881' title='bbox 2128 5458 2191 5496; x_wconf 77' lang='lat' dir='ltr'><strong><em>ex</em></strong></span> <span class='ocrx_word' id='word_1_882' title='bbox 2223 5440 2453 5507; x_wconf 81' lang='lat' dir='ltr'><strong><em>epistola</em></strong></span> <span class='ocrx_word' id='word_1_883' title='bbox 2479 5439 2567 5497; x_wconf 78' lang='lat'><strong><em>37.</em></strong></span> <span class='ocrx_word' id='word_1_884' title='bbox 2596 5444 2727 5489; x_wconf 91' lang='lat' dir='ltr'><strong><em>tom.</em></strong></span> <span class='ocrx_word' id='word_1_885' title='bbox 2757 5435 2795 5486; x_wconf 95' lang='lat' dir='ltr'><strong><em>ll</em></strong></span> <span class='ocrx_word' id='word_1_886' title='bbox 2823 5446 2946 5507; x_wconf 83' lang='lat' dir='ltr'><strong><em>nov.</em></strong></span> <span class='ocrx_word' id='word_1_887' title='bbox 2969 5429 3292 5507; x_wconf 45' lang='lat' dir='ltr'><strong><em>ed_il._0p.ur.</em></strong></span> <span class='ocrx_word' id='word_1_888' title='bbox 3329 5431 3464 5495; x_wconf 77' lang='lat' dir='ltr'><strong><em>Aug.</em></strong></span> 
     </span>
    </p>
   </div>
   <div class='ocr_carea' id='block_1_117' title="bbox 2024 5498 3536 5575">
    <p class='ocr_par' dir='ltr' id='par_1_117' title="bbox 2024 5498 3536 5575">
     <span class='ocr_line' id='line_1_117' title="bbox 2024 5498 3536 5575; baseline -0.011 -8"><span class='ocrx_word' id='word_1_889' title='bbox 2024 5512 2052 5551; x_wconf 72' lang='grc' dir='ltr'><strong>ιι</strong></span> <span class='ocrx_word' id='word_1_890' title='bbox 2076 5513 2173 5567; x_wconf 82' lang='lat' dir='ltr'><strong><em>Ms.</em></strong></span> <span class='ocrx_word' id='word_1_891' title='bbox 2206 5498 2484 5574; x_wconf 74' lang='lat' dir='ltr'><strong><em>Jdliensis,</em></strong></span> <span class='ocrx_word' id='word_1_892' title='bbox 2523 5517 2571 5560; x_wconf 89' lang='lat' dir='ltr'><strong><em>et</em></strong></span> <span class='ocrx_word' id='word_1_893' title='bbox 2617 5520 2771 5575; x_wconf 90' lang='lat' dir='ltr'><strong><em>quam</em></strong></span> <span class='ocrx_word' id='word_1_894' title='bbox 2814 5503 2981 5554; x_wconf 85' lang='lat' dir='ltr'><strong><em>docet.</em></strong></span> <span class='ocrx_word' id='word_1_895' title='bbox 3012 5499 3118 5555; x_wconf 80' lang='lat' dir='ltr'><strong><em>Sed</em></strong></span> <span class='ocrx_word' id='word_1_896' title='bbox 3148 5498 3327 5554; x_wconf 82' lang='lat' dir='ltr'><strong><em>minus</em></strong></span> <span class='ocrx_word' id='word_1_897' title='bbox 3364 5507 3536 5564; x_wconf 87' lang='lat' dir='ltr'><strong><em>recte,</em></strong></span> 
     </span>
    </p>
   </div>
   <div class='ocr_carea' id='block_1_118' title="bbox 1955 5584 2278 5639">
    <p class='ocr_par' dir='ltr' id='par_1_118' title="bbox 1955 5584 2278 5639">
     <span class='ocr_line' id='line_1_118' title="bbox 1955 5584 2278 5639; baseline -0.015 0"><span class='ocrx_word' id='word_1_898' title='bbox 1955 5596 2011 5639; x_wconf 90' lang='lat' dir='ltr'><strong><em>ut</em></strong></span> <span class='ocrx_word' id='word_1_899' title='bbox 2042 5584 2278 5637; x_wconf 84' lang='lat' dir='ltr'><strong><em>videtur.</em></strong></span> 
     </span>
    </p>
   </div>
   <div class='ocr_carea' id='block_1_119' title="bbox 2031 5636 3543 5721">
    <p class='ocr_par' dir='ltr' id='par_1_119' title="bbox 2031 5636 3543 5721">
     <span class='ocr_line' id='line_1_119' title="bbox 2031 5636 3543 5721; baseline -0.011 -12"><span class='ocrx_word' id='word_1_900' title='bbox 2031 5653 2046 5692; x_wconf 75' lang='grc' dir='ltr'><strong>ί</strong></span> <span class='ocrx_word' id='word_1_901' title='bbox 2084 5636 2248 5715; x_wconf 75' lang='lat' dir='ltr'><strong><em>Editi,</em></strong></span> <span class='ocrx_word' id='word_1_902' title='bbox 2276 5651 2364 5721; x_wconf 87' lang='lat' dir='ltr'><strong><em>qui</em></strong></span> <span class='ocrx_word' id='word_1_903' title='bbox 2388 5645 2547 5701; x_wconf 76' lang='lat' dir='ltr'><strong><em>nullis</em></strong></span> <span class='ocrx_word' id='word_1_904' title='bbox 2573 5661 2591 5698; x_wconf 90' lang='lat'><strong><em>:</em></strong></span> <span class='ocrx_word' id='word_1_905' title='bbox 2616 5643 2937 5721; x_wconf 25' lang='lat' dir='ltr'><strong><em>meliusnms.</em></strong></span> <span class='ocrx_word' id='word_1_906' title='bbox 2966 5639 3075 5698; x_wconf 81' lang='lat' dir='ltr'><strong><em>Jol.</em></strong></span> <span class='ocrx_word' id='word_1_907' title='bbox 3103 5648 3156 5698; x_wconf 88' lang='lat' dir='ltr'><strong><em>et</em></strong></span> <span class='ocrx_word' id='word_1_908' title='bbox 3184 5654 3252 5697; x_wconf 79' lang='lat' dir='ltr'><strong><em>ex</em></strong></span> <span class='ocrx_word' id='word_1_909' title='bbox 3294 5652 3400 5696; x_wconf 82' lang='lat' dir='ltr'><strong><em>ms.</em></strong></span> <span class='ocrx_word' id='word_1_910' title='bbox 3433 5636 3543 5693; x_wconf 64' lang='lat' dir='ltr'><strong><em>ﬁlo</em></strong></span> 
     </span>
    </p>
   </div>
   <div class='ocr_carea' id='block_1_120' title="bbox 1954 5714 2904 5798">
    <p class='ocr_par' dir='ltr' id='par_1_120' title="bbox 1954 5714 2904 5798">
     <span class='ocr_line' id='line_1_120' title="bbox 1954 5714 2904 5798; baseline -0.015 -17"><span class='ocrx_word' id='word_1_911' title='bbox 1954 5727 2082 5798; x_wconf 81' lang='lat' dir='ltr'><strong><em>mig.</em></strong></span> <span class='ocrx_word' id='word_1_912' title='bbox 2118 5714 2349 5794; x_wconf 53' lang='lat' dir='ltr'><strong><em>appen&#39;d.</em></strong></span> <span class='ocrx_word' id='word_1_913' title='bbox 2375 5720 2538 5789; x_wconf 81' lang='lat' dir='ltr'><strong><em>Aug.,</em></strong></span> <span class='ocrx_word' id='word_1_914' title='bbox 2563 5716 2697 5785; x_wconf 88' lang='lat' dir='ltr'><strong><em>quod</em></strong></span> <span class='ocrx_word' id='word_1_915' title='bbox 2723 5714 2904 5769; x_wconf 79' lang='lat' dir='ltr'><strong><em>nullis.</em></strong></span> 
     </span>
    </p>
   </div>
  </div>
