4026 6176
489 281 581 338 l9!

1713 283 1773 343 S.
1816 281 2148 341 PROSPERI
2188 279 2514 349 AQUITANI

3632 285 3747 345 {9!

486 398 617 455 mini
647 397 800 470 (lsat.
832 416 905 465 st,
928 401 1010 472 Ξ),
1049 406 1152 456 nisi
1195 409 1292 456 has
1319 409 1545 458 Virtutes
1567 403 1803 472 Spiritus
1841 411 2060 454 sanctus
2089 402 2135 461 Α
2165 415 2337 451 mensa
2363 413 2538 452 eorum
2559 398 2612 450 in
2640 399 2906 467 laqueum,
2926 409 2972 452 et
2998 404 3050 453 tn
3073 399 3411 464 venationem,
3444 409 3492 454 et
3513 406 3567 454 in
3593 417 3748 455 scan-

485 491 667 558 daret;
699 493 966 562 quomodo
997 493 1130 548 ﬁdes
1159 495 1210 547 in
1254 494 1425 548 Adam
1460 496 1665 564 perdita
1710 495 1761 547 in
1790 505 2063 562 quoquam

486 584 714 638 ﬁliorum
743 584 860 652 ejus
885 585 1234 652 inveniretur,
1261 587 1360 640 nisi
1385 602 1502 641 eam
1528 587 1669 640 idem
1693 585 1947 653 Spiritus,
1975 581 2066 651 qui

486 676 664 730 omnia
693 677 743 729 in
775 677 1024 730 omnibus
1056 689 1310 745 cperatur
1338 679 1381 750 (Ι
1413 675 1532 733 Cor.
1565 693 1662 740 sn,
1696 678 1772 746 6),
1808 674 2064 729 infunde-

485 765 604 819 ret?
658 765 807 820 Unde
859 766 903 819 si
951 766 1090 834 quod
1133 767 1303 821 Adam
1350 768 1580 835 perdidit
1623 767 1911 834 posteritas
1958 779 2063 818 non

487 855 684 919 amisit,
735 855 907 923 ipsum
956 858 1126 910 solum
1180 856 1320 910 ltesit
1369 866 1647 924 peccatum
1688 855 1826 925 ejus,
1874 864 1927 909 et
1959 869 2063 908 non

485 961 653 1016 genus
703 947 1017 1004 humanum.
1071 949 1174 1004 Sed
1227 964 1416 1002 omnes
1468 951 1518 1002 in
1566 965 1674 1002 uno
1709 954 2067 1017 peccaverunt

488 1037 666 1108 (Rom.
701 1055 753 1101 v,
797 1038 908 1108 1-2),
959 1048 1015 1092 et
1067 1039 1526 1108 praevaricationis
1574 1042 1767 1093 merito
1811 1046 1918 1092 tota
1950 1039 2066 1106 ejus

487 1144 722 1199 propago
737 1131 983 1183 damnata
1017 1140 1122 1185 est.
1151 1132 1348 1186 Omnes
1381 1132 1541 1200 igitur
1571 1131 1710 1201 quod
1741 1129 1910 1186 Adam
1939 1146 2064 1199 per-

487 1220 622 1273 didit
660 1220 1028 1289 perdiderunt.
1075 1223 1313 1277 Perdidit
1351 1234 1534 1278 autem
1580 1223 1828 1292 primitus
1868 1221 2062 1286 ﬁdem;

487 1327 645 1381 quam
673 1327 883 1379 omnes,
917 1315 1039 1384 quia
1072 1315 1300 1383 primum
1333 1316 1603 1384 potuimus
1641 1317 1910 1380 amittere,
1957 1317 2067 1383 pri-

486 1417 630 1455 mam
655 1411 678 1438 ⁸
709 1418 926 1472 egemus
953 1407 1218 1473 accipere.
1245 1405 1456 1459 Placeat
1479 1421 1607 1475 ergo
1631 1407 1784 1461 nobis
1807 1406 1920 1459 hrec
1946 1420 2068 1473 gra-

486 1495 573 1548 tize
601 1494 928 1562 praedicatio,
953 1513 1054 1566 qua
1083 1497 1217 1551 ﬁdes
1246 1497 1441 1551 donum
1460 1499 1553 1552 Dei
1581 1514 1701 1553 esse
1723 1497 2063 1563 defenditur;

487 1596 542 1640 et
570 1586 620 1640 in
655 1587 802 1640 nullo
831 1588 984 1643 nobis
1006 1587 1031 1626 δ
1058 1591 1255 1658 poterit
1282 1589 1602 1659 Pelagianus
1630 1605 1785 1644 error
1812 1591 2059 1654 illudere,

485 1678 596 1748 qui,
629 1688 685 1732 ut
709 1681 934 1748 gratiam
964 1682 1284 1749 persuadeat
1315 1682 1577 1746 debitam,
1607 1682 1766 1736 ﬁdem
1810 1697 1916 1736 non
1950 1683 2065 1734 vult

2169 489 2366 557 dalum,
2402 499 2446 544 et
2474 491 2527 542 in
2546 490 2929 545 retributionem
2957 489 3064 544 illis
3091 505 3108 544 :
3137 488 3470 544 obscurentur
3497 493 3633 545 oculi
3654 509 3746 545 eo-

2166 597 2304 646 rum,
2329 598 2392 634 ne
2407 582 2630 647 videant,
2652 592 2700 635 et
2721 582 2926 636 dorsum
2939 597 3111 634 eorum
3131 597 3326 650 semper
3339 582 3546 635 incurva
3566 584 3583 647 (
3595 582 3746 636 llam.

2167 688 2242 736 ιι.
2270 673 2350 742 7).
2385 672 2404 712 ί
2440 673 2573 727 Ecce
2613 675 2962 728 misericordia
2987 685 3036 728 et
3073 675 3321 743 judicium
3350 690 3370 729 :
3397 676 3755 730 misericordia

2166 764 2220 818 in
2241 765 2556 829 electionem,
2605 781 2718 834 quae
2745 776 3017 819 consecuta
3048 777 3119 818 est
3132 766 3391 835 justitiam
3419 764 3516 820 Dei
3539 783 3560 833 ,°
3599 769 3755 840 judi-

2166 855 2301 907 cium
2323 870 2438 908 vero
2460 857 2511 908 in
2537 865 2775 921 cteteros,
2815 856 2902 924 qui
2943 856 3184 909 exctecati
3205 865 3324 908 sunt
3347 872 3363 911 :
3391 864 3439 908 et
3467 864 3638 910 tamen
3676 858 3755 910 illi

2167 947 2287 1012 quia
2311 948 2578 1000 voluerunt
2621 947 2988 1013 crediderunt;
3023 948 3101 1000 illi
3128 948 3250 1017 quia
3280 947 3593 1018 noluerunt,
3649 967 3755 1002 non
3801 1001 3808 1005 .

2167 1036 2511 1090 crediderunt.
2575 1037 2931 1090 Misericordia
2972 1039 3128 1109 igitur
3165 1049 3211 1092 et
3243 1041 3502 1110 judicium
3532 1040 3585 1093 in
3617 1041 3753 1110 ipsis

2167 1127 2510 1181 voluntatibus
2549 1132 2685 1195 facta
2717 1138 2854 1180 sunt.
2881 1138 2905 1175 ε
2963 1127 3157 1182 Electio
3185 1130 3374 1199 quippe
3421 1131 3519 1182 ista
3567 1133 3753 1200 gratice

2168 1228 2262 1286 est,
2311 1236 2413 1272 non
2459 1220 2634 1286 utique
2669 1221 2988 1273 meritorum.
3063 1219 3316 1288 Superius
3354 1221 3489 1275 enim
3515 1222 3744 1286 dixerat,

2169 1309 2259 1366 Sic
2283 1312 2414 1364 enim
2438 1311 2490 1364 in
2517 1313 2611 1364 hoc
2641 1321 2862 1382 tempore
2891 1312 3120 1379 reliquie:
3144 1329 3234 1380 per
3254 1313 3547 1366 electionem
3571 1316 3754 1384 gratim

2164 1400 2318 1454 salva:
2339 1400 2489 1468 facta:
2509 1409 2642 1453 sunt.
2676 1399 2736 1454 Si
2753 1411 2918 1455 autem
2940 1402 3126 1473 gratia,
3147 1406 3262 1474 jam
3278 1419 3378 1456 non
3399 1420 3460 1457 ea:
3481 1406 3746 1472 aperibus,

2166 1490 2395 1561 alioquin
2435 1493 2604 1562 gratia
2652 1493 2756 1558 iam
2801 1510 2904 1547 non
2950 1504 3022 1548 est
3069 1497 3236 1566 gratia
3265 1496 3457 1566 (Rom.
3506 1513 3594 1563 XI,
3649 1499 3748 1567 5).

2168 1578 2196 1618 ιι
2219 1582 2395 1637 Gratis
2423 1599 2548 1657 ergo
2577 1595 2850 1638 consecuta
2873 1594 2945 1639 est
2971 1587 3107 1654 quod
3136 1597 3406 1641 consecuta
3449 1598 3520 1642 est
3550 1590 3752 1643 electio.

2171 1675 2293 1730 Non
2344 1677 2598 1745 praecessit
2630 1693 2806 1731 eorum
2831 1678 3026 1747 aliquid
3055 1679 3194 1749 quod
3221 1680 3416 1747 priores
3462 1681 3664 1748 darent,
3705 1690 3753 1734 et

485 1784 604 1823 esse
632 1771 902 1823 donatam.
929 1771 1064 1838 Quia
1089 1787 1216 1842 ergo
1243 1783 1264 1811 ο
1290 1788 1389 1828 nec
1414 1776 1578 1841 jUSla,
1605 1789 1703 1828 nec
1730 1773 2063 1829 rationabilis
2093 1771 2140 1830 B
2165 1766 2527 1821 retribueretur
2553 1767 2655 1821 illis
2685 1784 2703 1821 :
2735 1785 2830 1838 pro
2857 1768 3019 1822 nihilo
3053 1768 3068 1806 ί
3129 1770 3296 1823 salvos
3323 1772 3440 1839 fecit
3466 1787 3548 1823 eos
3575 1770 3751 1840 (l’sal.

487 1860 802 1932 intelligitur
840 1878 1028 1918 eorum
1075 1865 1240 1918 fuisse
1294 1867 1594 1932 persuasio,
1644 1866 1732 1934 qui
1781 1865 1936 1932 hujus
1966 1865 2066 1918 viri

485 1952 762 2006 scientiam
792 1963 868 2006 tet
895 1953 1348 2009 incrementorum
1372 1955 1698 2024 profectibus
1723 1955 2064 2023 aadilicatam,

486 2054 565 2099 tot
590 2061 851 2100 annorum
883 2046 1074 2100 studiis
1105 2048 1417 2115 expolitam,
1451 2047 1518 2101 ad
1549 2047 1928 2102 adolescentia:
1975 2063 2068 2101 ru-

484 2135 722 2191 dimenta
752 2137 1101 2202 revocabant,
1136 2147 1192 2190 ut
1223 2138 1393 2207 magis
1429 2139 1818 2208 suﬁ‘ragaretur
1846 2138 2067 2192 haereti-

485 2225 564 2278 cis
601 2225 742 2295 quod
776 2226 917 2280 inter
947 2227 1096 2280 initia
1124 2230 1493 2282 conversionis
1523 2243 1634 2283 sua:
1664 2229 1912 2298 imperite
1943 2244 2067 2285 sen-

489 2320 654 2378 serat,
709 2329 867 2381 quam
924 2315 1204 2382 prodesset
1249 2316 1528 2370 catholicis
1575 2317 1719 2386 quod
1770 2317 2066 2386 pontiﬁcali

487 2400 782 2471 diligentias
811 2404 1010 2458 veritas
1041 2405 1343 2470 revelarat;
1377 2407 1566 2460 merito
1594 2408 1712 2460 illos
1741 2407 1844 2465 hoc
1873 2409 2068 2477 pmju-

491 2495 636 2548 dicio
662 2503 894 2561 utentes,
927 2505 980 2550 et
1008 2497 1057 2549 in
1090 2495 1172 2550 his
1197 2512 1316 2564 quae
1347 2497 1546 2550 dudum
1577 2497 1820 2552 abdicata
1855 2499 2066 2552 inerant

485 2583 859 2649 immorantes,
906 2585 978 2654 pii
1025 2585 1263 2640 doctoris
1308 2586 1543 2655 gravitas
1573 2597 1749 2654 notat;
1795 2589 1937 2658 quod
1976 2590 2064 2656 qui

486 2684 812 2730 curaverunt
841 2691 1029 2730 omnes
1055 2691 1244 2731 sensus
1273 2679 1440 2746 ipsius
1468 2678 1744 2749 indagare,
1791 2680 2069 2736 noluerint

486 2780 607 2822 Cum
636 2767 755 2836 ejus
783 2767 1087 2822 eruditione
1116 2769 1398 2837 proﬁcere.

554 2857 658 2911 Sed
685 2857 793 2925 jam
818 2857 1230 2913 consideremus
1261 2859 1419 2928 quale
1463 2859 1566 2927 sit,
1596 2860 1740 2930 quod
1771 2860 1838 2915 de
1877 2861 2066 2917 subse-

489 2949 778 3019 quentibus
808 2951 1131 3003 annotastis.

864 3061 1282 3118 EXCERPTUM
1325 3061 1683 3129 QUARTUM.

550 3168 706 3235 (Ibid.
737 3184 786 3224 c.
817 3169 869 3236 5,
905 3187 959 3225 n.
988 3170 1098 3240 10.)
1136 3171 1256 3225 Νοη
1287 3175 1407 3241 quia
1437 3175 1641 3229 credere
1683 3175 1760 3229 vel
1819 3193 1920 3231 non
1959 3195 2068 3232 cre-

485 3237 647 3313 dere,
700 3255 800 3292 non
840 3251 915 3292 est
967 3243 1018 3294 in
1049 3237 1262 3295 arbitrio
1286 3237 1566 3297 uoluntatis
1592 3246 1859 3313 humana,
1895 3251 1984 3302 sed
2015 3250 2067 3303 in

483 3308 658 3362 electis
683 3320 1009 3379 prwparalur
1036 3313 1274 3366 voluntas
1297 3330 1327 3366 a
1356 3313 1596 3372 Domino.

1075 3404 1475 3460 RESPONSIO.

557 3488 858 3558 Jungamus
887 3492 1032 3558 quod
1065 3496 1340 3568 sequitur,
1370 3507 1430 3549 ut
1451 3496 1594 3565 quod
1627 3500 1964 3568 propositum
1987 3511 2071 3558 est

491 3579 560 3635 de
587 3596 836 3636 conuexo
864 3598 1116 3640 sermone
1146 3587 1216 3640 sit
1241 3586 1462 3641 clarius.
1511 3587 1639 3642 Ideo
1659 3591 1726 3644 ad
1752 3591 1920 3660 ipsam
1940 3611 2068 3664 quo~

480 3690 576 3742 que
599 3675 755 3741 ﬁdem
778 3672 804 3712 ά
834 3693 948 3744 quae
975 3677 1026 3731 in
1065 3677 1331 3733 voluntate
1356 3689 1429 3735 est
1454 3683 1698 3751 pertinet,
1738 3683 1900 3756 246
1939 3688 2066 3752 Quis

483 3766 621 3818 enim
651 3776 697 3820 te
725 3767 1008 3823 discernit?
1058 3771 1195 3837 Quid
1235 3781 1405 3826 autem
1448 3773 1601 3828 habes
1627 3780 1764 3844 quod
1786 3794 1888 3831 non
1922 3796 2066 3834 acce-

483 3858 604 3926 pisti
633 3859 673 3930 (l
701 3859 826 3914 Cor.
863 3877 938 3927 tv,
964 3863 1065 3931 7)?
1106 3862 1264 3918 Multi
1297 3866 1516 3920 audiunt
1555 3867 1761 3921 verbum
1795 3871 2016 3925 veritatis
2043 3887 2064 3926 :

479 3952 569 4004 sed
597 3952 689 4005 alii
711 3953 944 4020 credunt,
977 3957 1066 4008 alii
1078 3958 1457 4011 contradicunt.
1496 3957 1687 4013 Volunt
1712 3977 1830 4031 ergo
1849 3963 1934 4015 isti
1954 3979 2060 4017 cre-

480 4043 620 4107 dere,
644 4046 820 4098 nolunt
841 4056 1009 4100 autem
1036 4049 1136 4102 illi.
1178 4051 1302 4116 Quis
1325 4051 1418 4103 hoc
1444 4052 1692 4120 ignoret?
1718 4055 1830 4122 quis
1857 4055 1951 4107 hoc
1973 4072 2062 4108 ne-

480 4135 602 4202 get.’
644 4136 748 4190 Sed
769 4153 883 4191 cum
910 4141 1026 4192 aliis
1056 4151 1375 4209 praeparetur
1396 4186 1410 4209 ,
1453 4145 1571 4196 aliis
1601 4161 1701 4198 non
1741 4157 2060 4215 pra'paretur

481 4224 713 4281 voluntas
744 4245 776 4280 a
807 4228 1048 4296 Domino,
1102 4240 1125 4268 θ
1155 4232 1528 4286 discutiendum
1549 4244 1624 4288 est
1644 4237 1814 4305 utique
1835 4239 1958 4306 quid
1980 4255 2061 4292 ve-

481 4318 588 4370 niat
614 4318 678 4373 de
704 4321 1073 4387 misericordia,
1102 4325 1226 4392 quid
1255 4325 1318 4380 de
1345 4327 1567 4397 judicio.
1627 4327 1777 4393 Quod
1805 4331 2059 4398 quazrebat

483 4406 672 4476 Israel,
701 4413 799 4465 hoc
828 4431 926 4466 non
947 4425 1018 4468 est
1051 4425 1371 4484 consecutus,
1398 4418 1574 4472 electio
1598 4429 1766 4473 autem
1793 4433 2060 4478 cansecuta

2169 1873 2253 1924 Lv,
2287 1857 2364 1929 8).
2422 1858 2625 1913 Cteteris
2653 1869 2824 1913 autent
2850 1861 2936 1929 qui
2961 1863 3200 1914 excwcati
3235 1872 3369 1927 sunt,
3403 1865 3531 1916 sicut
3557 1863 3624 1916 ibi
3651 1880 3755 1915 non

2168 1953 2376 2002 tacitum
2402 1957 2495 2014 est,
2524 1951 2578 2002 in
2617 1950 2943 2004 retributione
2967 1951 3156 2020 factum
3193 1962 3283 2006 est.
3357 1952 3623 2007 Universae
3647 1954 3747 2006 rice

2167 2039 2375 2093 Domini
2413 2041 2759 2094 misericordia
2799 2051 2846 2095 et
2888 2044 3073 2096 veritas
3113 2043 3282 2114 (Psal.
3313 2060 3460 2112 utv,
3496 2045 3603 2111 10).
3651 2043 3754 2096 la-

2166 2131 2481 2200 vestigabiles
2507 2143 2626 2186 sunt
2654 2143 2824 2186 autem
2855 2135 2948 2187 vite
2968 2134 3130 2202 ipsius
3157 2135 3333 2202 (llam.
3361 2150 3436 2197 ιι,
3463 2135 3576 2205 53).
3607 2135 3620 2184 i
3659 2134 3755 2188 In-

2167 2223 2477 2291 uestigabilis
2518 2225 2677 2293 igitur
2710 2225 3059 2278 misericordia
3097 2241 3197 2294 qua
3243 2227 3404 2298 gratis
3436 2227 3614 2280 liberat
3637 2271 3652 2297 ,
3709 2237 3757 2281 et

2167 2313 2350 2365 veritas
2375 2329 2473 2379 qua
2490 2316 2635 2383 juste
2649 2314 2876 2386 judicat.

2239 2404 2365 2458 Haec
2392 2406 2572 2458 omnia
2631 2407 2770 2475 apud
2813 2408 2957 2474 pium
2993 2408 3429 2478 catholicumque
3466 2410 3753 2476 lectorem,

2168 2495 2294 2562 quid
2329 2494 2646 2552 oﬁ'ensionis
2703 2498 2967 2566 pariunt?
3015 2498 3142 2567 quid
3181 2501 3626 2556 contradictionis
3674 2505 3756 2556 in-

2169 2584 2442 2638 currunt?
2489 2583 2756 2653 Numquid
2807 2585 2997 2640 falsum
3028 2595 3130 2654 est,
3158 2585 3186 2626 ι
3243 2590 3384 2656 quod
3419 2602 3753 2659 prteparatur

2169 2674 2416 2728 voluntas
2443 2689 2471 2728 a
2497 2675 2726 2735 Domino
2750 2675 2935 2747 (Prov.
2962 2693 3076 2742 vut,
3101 2695 3206 2734 sec.
3231 2677 3450 2750 LXX)?
3480 2682 3754 2753 Numquid

2169 2781 2279 2820 non
2307 2777 2567 2836 quotquot
2598 2768 2800 2835 Spiritu
2837 2769 2926 2823 Dei
2961 2779 3229 2839 aguntur,
3288 2772 3338 2826 hi
3370 2773 3464 2827 lilii
3502 2784 3628 2828 sunt
3655 2776 3756 2832 Dei

2168 2859 2344 2929 (Rom.
2368 2875 2482 2922 vm,
2517 2858 2603 2929 l4)
2635 2861 2657 2913 3
2712 2860 2982 2930 Numquid
3016 2863 3286 2918 hominem
3316 2865 3383 2921 ab
3419 2867 3638 2922 homine
3664 2883 3755 2922 ua-

2171 2960 2291 3004 tura
2324 2951 2604 3017 discernit,
2637 2967 2701 3008 ac
2725 2967 2832 3006 non
2867 2954 3043 3022 potius
3073 2957 3240 3023 gratia
3273 2957 3340 3010 ab
3377 2957 3574 3014 inﬁdeli
3611 2960 3750 3015 ﬁde-

2172 3043 2279 3098 lem
2309 3043 2332 3097 ?
2375 3044 2641 3113 Numquid
2689 3053 2870 3113 potest
2897 3046 3036 3100 ullus
3068 3047 3251 3102 dicere
3292 3049 3492 3106 habere
3521 3066 3580 3106 se
3606 3053 3751 3120 quod

2097 3136 2142 3199 C
2175 3151 2283 3190 non
2314 3135 2552 3205 accepit,
2595 3144 2687 3189 aut
2716 3137 2866 3206 quasi
2899 3137 2967 3191 de
3008 3153 3113 3192 non
3145 3149 3366 3208 accepto
3401 3141 3494 3195 sed
3535 3145 3755 3210 proprio

2172 3227 2391 3298 gloriari
2421 3243 2436 3292 ;
2481 3227 2622 3297 quod
2655 3227 2698 3282 si
2732 3243 2836 3282 non
2868 3229 3190 3299 accepisset,
3219 3233 3411 3301 utique
3447 3249 3550 3287 non
3578 3234 3752 3290 habe-

2173 3320 2302 3373 ret?
2347 3318 2613 3388 Nutnquid
2654 3319 2873 3375 dubium
2916 3331 3032 3385 est,
3084 3338 3206 3377 cum
3247 3324 3467 3378 verbum
3499 3327 3750 3380 veritatis

2172 3410 2512 3480 praedicatur,
2541 3410 2678 3463 alios
2706 3412 2981 3466 voluntate
3013 3413 3256 3476 credere,
3297 3414 3434 3468 alios
3469 3415 3751 3472 voluntate

2171 3518 2278 3556 non
2309 3503 2570 3557 credere?
2611 3502 2720 3558 Sed
2751 3520 2870 3558 cum
2907 3505 3119 3560 illorum
3157 3521 3250 3561 cor
3279 3507 3423 3562 Deus
3449 3511 3747 3576 aperuerit,

2169 3593 2378 3647 illorum
2409 3603 2587 3648 autem
2618 3609 2724 3648 non
2757 3597 3052 3663 aperuerit,
3071 3597 3482 3653 discernendum
3506 3611 3588 3655 est
3616 3605 3747 3670 quid

2167 3686 2344 3740 veniat
2369 3685 2435 3741 de
2464 3686 2859 3755 misericordia,
2906 3688 3031 3756 quid
3064 3689 3129 3744 de
3150 3689 3373 3757 judicio.
3425 3691 3553 3745 Post
3585 3707 3742 3746 com-

2165 3778 2607 3832 memorationem
2649 3786 2826 3833 autem
2886 3780 3193 3848 apostolicae
3238 3783 3517 3836 sententiae
3559 3783 3742 3852 (Rom.

2165 3887 2239 3937 st,
2264 3870 2354 3942 7),
2400 3887 2560 3941 quam
2609 3872 2943 3940 propheticis
2985 3875 3308 3930 testimoniis
3358 3877 3554 3931 astruit
3603 3879 3752 3947 quod

2154 3961 2416 4030 justitiam
2454 3963 2566 4023 Dei.
2591 3976 2747 4027 quam
2779 3962 2932 4033 247
2959 3964 3123 4018 Israel
3155 3980 3404 4033 quzerens
3425 3979 3752 4022 consecutus

2161 4069 2266 4108 non
2297 4063 2399 4119 est,
2433 4053 2623 4108 electio
2647 4054 2714 4107 sit
2738 4064 3022 4109 consecuta
3054 4070 3148 4122 per
3174 4057 3419 4125 gratiam,
3439 4059 3652 4113 creteris
3682 4075 3750 4114 ex

2160 4146 2516 4200 retributione
2538 4147 2769 4204 cmeatis.
2797 4147 3054 4211 numquid
3099 4163 3203 4201 non
3234 4148 3513 4203 verissime
3542 4149 3750 4204 dictum

2160 4245 2240 4291 cst
2273 4253 2285 4289 :
2337 4236 2467 4288 Ecce
2497 4237 2842 4288 misericordia
2865 4247 2910 4288 et
2940 4238 3201 4306 judicium
3245 4254 3264 4292 :
3313 4240 3663 4295 misericordia
3697 4243 3752 4295 in

2159 4328 2453 4381 electionem
2482 4342 2594 4394 qua:
2619 4334 2890 4379 consecuta
2913 4335 2982 4380 est
3007 4328 3266 4396 justitiam
3310 4326 3402 4382 Dei
3437 4347 3455 4395 ;
3487 4331 3751 4398 judicium

2161 4437 2280 4473 vero
2316 4421 2368 4472 in
2395 4430 2602 4472 cceteros
2626 4459 2640 4481 ,
2679 4419 2769 4488 qui
2808 4420 3050 4472 excwcati
3072 4432 3187 4472 sunt
3217 4421 3241 4473 .’
3296 4421 3362 4474 Et
3393 4423 3551 4488 paulo
3578 4432 3701 4489 post
3733 4439 3747 4476 :

480 4510 574 4566 est,
600 4505 766 4556 ca’teri
797 4521 911 4558 vero
937 4509 1175 4560 (πίεσαιὶ
1198 4516 1338 4575 sunt,
1367 4509 1497 4561 sicut
1526 4511 1771 4580 scriptum
1790 4522 1863 4565 est
1886 4510 2065 4582 (Isaia
2093 4499 2144 4558 Ι)
2169 4509 2343 4566 Gratis
2387 4527 2510 4580 ergo
2539 4518 2807 4562 consecuta
2835 4518 2938 4574 est,
2984 4510 3121 4576 quod
3151 4522 3417 4564 consecuta
3444 4521 3514 4565 est
3544 4514 3746 4568 electio.

481 4607 556 4658 vr,
585 4594 676 4663 9),
710 4594 865 4651 Dedit
911 4598 1015 4653 illis
1037 4601 1274 4672 spiritum
1319 4603 1755 4670 compunctionis,
1798 4606 1971 4658 oculos
2007 4614 2062 4659 ut

483 4698 583 4736 non
613 4685 832 4751 videant,
865 4699 908 4741 et
951 4707 1100 4743 aures
1130 4700 1185 4744 ut
1213 4709 1312 4745 non
1341 4692 1556 4745 audiant
1587 4709 1746 4763 usque
1772 4695 1821 4748 in
1855 4696 2061 4749 hodier-

481 4791 603 4829 num
642 4775 794 4829 diem.
862 4777 930 4831 Et
980 4780 1143 4833 David
1187 4783 1309 4835 dicit
1343 4782 1530 4854 (Psal.
1557 4799 1742 4848 uvut,
1774 4784 1908 4855 23),
1942 4783 2065 4840 Fiat

553 4940 588 5009 ι.
613 4931 774 4996 Editi,
799 4934 1014 5009 primam
1043 4934 1283 5009 habemus
1309 4936 1558 5009 accipere.
1583 4936 1680 4990 Ms.
1707 4935 1834 5009 {ol.,
1857 4954 2060 5009 egemus

480 5002 884 5077 accipere,cuni
909 5004 1037 5058 edit.
1070 5005 1300 5073 append.
1332 5002 1466 5073 Aug.
1498 5023 1562 5060 ex
1591 5023 1691 5060 ms.
1725 5002 1930 5077 Remig.

553 5070 578 5108 ι’
610 5071 883 5148 Editiones
899 5070 1118 5148 omnes,
1137 5070 1374 5142 potuerit.
1399 5070 1495 5131 his.
1523 5079 1628 5132 Jul.
1645 5119 1658 5143 ,
1681 5070 1971 5148 ροιενὶιξθι
1993 5095 2059 5133 ex

484 5141 614 5194 Rem
639 5143 847 5213 gredit.
883 5145 1109 5212 August.
1137 5141 1367 5213 append.

558 5221 596 5291 ξ,
616 5211 750 5291 Edit.
789 5213 949 5291 Duae.
978 5211 1032 5267 et
1060 5211 1251 5291 Colon.
1291 5217 1588 5272 omiserunt
1611 5218 1753 5283 Ιιωο,
1783 5221 2055 5291 necjusta.

485 5280 691 5348 Reliqui
715 5281 928 5338 Codices
955 5299 1057 5337 non
1091 5287 1405 5339 omiserunt.

555 5348 580 5386 ἀ
613 5351 708 5405 Ms.
733 5354 836 5408 Jol.
873 5370 978 5407 non
1008 5355 1183 5419 habet,
1209 5372 1321 5422 qua'
1347 5359 1396 5409 in
1421 5357 1677 5411 voluntate
1705 5367 1796 5411 est.

558 5429 582 5456 ε
611 5421 700 5494 Sic
725 5424 852 5478 editi
874 5441 1062 5480 omnes
1090 5436 1142 5479 et
1167 5421 1296 5480 is.
1323 5427 1530 5494 Remig.
1555 5437 1609 5480 et
1634 5427 1734 5480 Jol.
1764 5427 1919 5491 Apud
1947 5429 2053 5481 Au-

483 5492 753 5566 gustinum
782 5511 906 5548 vero
936 5498 1142 5564 legitur,
1170 5492 1595 5550 discernendum:
1627 5498 1765 5566 quod
1793 5515 1884 5563 pro
1910 5513 2049 5551 cen-

482 5563 688 5632 jeetura
722 5563 771 5632 in
801 5563 1036 5630 margine
1072 5577 1319 5620 netarant
1345 5583 1531 5621 omnes
1561 5563 1853 5632 editiones,
1887 5579 1941 5621 et
1968 5568 2051 5621 in-

487 5631 650 5700 ferius
681 5631 834 5683 etiam
865 5635 1053 5700 legitur
1076 5638 1124 5688 in
1157 5638 1401 5691 eumdem
1433 5653 1670 5692 sensum.

561 5699 581 5739 ¹
628 5700 789 5769 Editi,
833 5699 967 5760 Ecce
1013 5706 1411 5763 misericordium
1449 5719 1492 5764 et
1523 5710 1823 5778 judicium:
1859 5709 2054 5764 miser-i-

2172 4602 2293 4657 Nan
2333 4602 2586 4672 prwcessit
2632 4601 2832 4670 aliquid
2876 4617 3044 4653 eorum
3073 4603 3209 4664 quod
3248 4603 3444 4670 priores
3470 4603 3669 4666 darent,
3700 4609 3749 4655 et

2168 4695 2526 4748 retribueretur
2548 4691 2652 4744 illis
2683 4707 2700 4744 :
2741 4709 2832 4762 pro
2860 4691 3017 4744 nihilo
3042 4693 3206 4744 salt'os
3239 4693 3354 4759 fecit
3381 4709 3484 4746 eos.
3541 4693 3751 4746 Ca'teris

2169 4796 2336 4838 autem
2365 4783 2448 4854 qui
2471 4783 2709 4836 exctrcati
2741 4791 2878 4847 sunt,
2912 4783 3041 4835 sicut
3065 4783 3132 4834 ibi
3153 4799 3252 4834 non
3286 4784 3498 4836 tacitum
3542 4795 3638 4854 est,
3691 4786 3747 4838 in

2169 4936 2346 4990 cordia
2369 4935 2422 4988 in
2451 4935 2716 4989 electione.
2767 4932 3131 4988 Emendamus
3154 4949 3217 4987 ex
3248 4933 3383 4986 libro
3416 4935 3699 5001 Augustini
3730 4955 3743 4989 :

2167 5023 2266 5076 per
2309 5021 2494 5060 vocent
2539 5006 2681 5060 enim
2736 5004 3038 5072 electionis,
3072 5005 3274 5058 electos
3316 5004 3584 5073 intelligit,
3637 5022 3747 5061 non

2165 5088 2343 5133 actum
2368 5093 2474 5145 quo
2500 5076 2658 5143 elegit
2692 5076 2850 5128 Deus.

2238 5157 2262 5193 ε
2296 5143 2528 5199 lta‘mss.
2571 5145 2824 5216 Joliensis
2854 5153 2908 5199 et
2935 5143 3141 5216 Remig.
3173 5158 3292 5216 cum
3321 5143 3448 5198 edit.
3473 5143 3732 5216 August.,

2167 5218 2259 5272 ubi
2284 5217 2465 5270 cmlcri
2497 5217 2730 5280 codices,
2767 5215 2957 5268 Electio
2982 5215 3169 5284 quippe
3193 5215 3323 5267 istis.

2235 5287 2264 5325 ιι
2296 5287 2419 5340 Sola
2450 5287 2576 5338 edit.
2609 5286 2837 5352 append.
2868 5284 3002 5352 Aug.
3033 5284 3215 5338 Gratia
3239 5299 3376 5352 ergo.

2231 5355 2246 5394 ί
2283 5358 2377 5409 l’lic
2394 5356 2603 5408 additur
2625 5359 2756 5408 enim
2779 5356 2828 5408 i.t
2852 5357 2980 5409 edit.
3006 5355 3229 5411 Lovan..
3269 5355 3430 5406 Duae.
3457 5363 3513 5409 et
3535 5353 3728 5410 Colon.

2226 5425 2240 5477 ἱ
2281 5427 2337 5479 lu
2366 5426 2502 5479 libro
2533 5425 2648 5493 ipso
2695 5429 2860 5488 Aug.,
2909 5424 3288 5493 lnvestigabiles
3333 5426 3488 5493 igitur
3528 5435 3643 5478 sunt
3688 5435 3738 5480 et

2153 5497 2537 5557 misericordia,
2597 5506 2698 5548 etc.
2750 5495 2912 5547 Favet
2969 5511 3068 5547 ms.
3107 5495 3313 5562 lietnig.
3371 5496 3457 5546 ubi
3512 5495 3738 5550 habetur

2155 5582 2257 5620 vox
2291 5567 2428 5632 inec,
2463 5565 2868 5634 lnrestigabiles,
2889 5573 2943 5618 et
2972 5567 3120 5619 locus
3152 5566 3264 5632 ipse
3290 5605 3305 5630 ,
3359 5573 3416 5616 ut
3471 5567 3740 5632 repetitur

2156 5638 2317 5693 infra.

2229 5713 2253 5746 κ
2281 5706 2378 5763 Ms.
2413 5705 2619 5776 Rcmig.
2653 5704 2801 5772 Quod
2826 5713 3171 5777 prteparatum
3201 5715 3271 5758 cst
3302 5704 3372 5759 ita
3398 5720 3427 5756 a
3459 5702 3708 5761 Domino.
