4026 6176
230 312 330 369 495

231 521 326 575 nisi
355 520 497 590 apud
521 520 769 574 inimicos
799 521 982 588 gratia:
1008 536 1022 584 ;
1053 521 1142 589 qui
1171 519 1270 572 nisi
1299 519 1364 571 ad
1401 517 1810 572 retributionem

229 611 491 666 referatur
521 609 664 680 quod
694 613 860 681 gratis
909 609 1068 664 ditur
1092 651 1107 674 ,
1148 609 1211 663 ad
1255 608 1594 677 iniquitatem
1627 608 1814 661 volunt

229 703 508 771 pertinere
539 700 680 769 quod
706 700 988 754 redditur?
1016 699 1218 755 Deinde
1248 699 1390 769 quod
1436 699 1502 753 de
1533 697 1812 766 propheti-

226 793 300 846 cis
329 791 513 844 intulit
540 792 743 855 verbis,
775 793 1023 844 universae
1068 791 1162 843 vita
1207 791 1414 843 Domini
1463 789 1813 842 misericordia

226 895 270 937 et
303 887 493 937 veritas
523 883 701 953 (Psal.
737 900 888 948 xxiv,
916 884 1023 951 10),
1070 885 1190 952 quis
1234 883 1487 951 negavit?
1531 882 1635 936 Aut
1669 882 1809 951 quod

226 976 288 1030 de
318 976 628 1042 aposxolico
663 976 923 1028 annexuit
969 990 1132 1028 sensu
1160 973 1335 1044 (Rom.
1369 991 1441 1036 χι,
1481 977 1569 1043 55)
1599 1015 1615 1039 ,
1670 973 1813 1028 Inre-

226 1066 485 1137 stigabiles
513 1076 632 1121 sunt
663 1077 832 1119 autem
863 1068 955 1120 ria!
981 1067 1142 1136 ipsius
1171 1069 1194 1120 ?
1253 1066 1632 1137 lnrestigabiles
1654 1067 1810 1136 igitur

227 1166 364 1219 sunt,
396 1166 442 1208 et
466 1155 814 1207 misericordia
840 1171 942 1223 qua
984 1155 1140 1225 gratis
1173 1155 1384 1219 liberat,
1431 1165 1474 1207 et
1503 1155 1685 1207 acritas
1712 1169 1810 1222 qua

227 1251 358 1320 fuste
391 1248 627 1318 judicat.
693 1246 810 1300 Non
841 1257 920 1301 est
959 1262 1086 1315 ergo
1133 1262 1384 1300 sanarum
1417 1247 1675 1301 mentium
1710 1250 1806 1299 ism

231 1338 664 1406 reprehendere;
714 1349 768 1391 et
817 1338 1210 1407 investigabiles
1249 1339 1360 1391 vias
1408 1337 1648 1403 Domini,
1705 1339 1809 1390 hoc

232 1440 326 1492 est,
356 1429 498 1484 dona
530 1427 914 1484 misericordia:
953 1437 1005 1482 et
1051 1429 1251 1497 judicia
1280 1428 1520 1483 veritatis
1560 1427 1808 1496 Pelagia-

236 1534 425 1573 norum
459 1517 680 1572 elationi
722 1517 1072 1586 penetrabilis
1108 1517 1389 1587 deputare.
1439 1517 1572 1585 Quia
1612 1532 1808 1572 secun-

239 1608 358 1662 dum
395 1607 542 1676 ipsos
573 1622 676 1661 non
718 1607 848 1660 latet
882 1607 1166 1661 consilium
1201 1606 1295 1662 Dei
1323 1649 1336 1672 ,
1385 1623 1482 1662 nec
1512 1607 1563 1661 in
1596 1609 1806 1662 occulto

231 1708 306 1753 est
332 1696 530 1750 divina:
563 1696 702 1750 ratio
725 1696 1037 1759 voluntatis,
1065 1695 1110 1750 si
1133 1712 1254 1766 erga
1273 1712 1488 1750 omnem
1523 1697 1802 1753 hominem

233 1801 330 1843 tam
361 1786 533 1856 gratia
564 1786 658 1840 Dei
700 1795 724 1822 ⁸
755 1801 913 1856 quam
945 1794 999 1840 et
1027 1787 1105 1839 ira
1135 1786 1205 1841 de
1229 1788 1420 1840 merito
1441 1797 1545 1842 est.

293 1878 422 1934 Post
444 1879 562 1934 haec
585 1879 843 1948 posuistis
881 1878 1022 1947 quod
1051 1878 1185 1933 infra
1216 1879 1414 1933 dictum
1446 1888 1550 1934 est.

626 2011 1047 2067 EXCERPTUM
1075 2012 1406 2079 QUINTUM.

294 2103 452 2177 (Ibid.
487 2118 538 2158 c.
571 2103 622 2166 8,
655 2118 710 2156 n.
740 2102 814 2171 5.)
871 2101 1029 2157 Fides
1057 2104 1212 2173 igitur
1242 2113 1286 2156 et
1319 2103 1580 2170 inchoata,
1611 2113 1657 2157 et
1686 2121 1804 2172 per-

231 2198 376 2266 ferta,
408 2196 600 2248 donum
634 2193 730 2247 Dei
752 2202 825 2248 est
859 2209 878 2248 :
909 2206 956 2247 et
984 2193 1077 2248 hoc
1106 2195 1298 2248 donum
1329 2195 1633 2265 quibusdam
1666 2196 1802 2259 dari,

229 2289 532 2358 quibusdam
582 2305 683 2341 non
706 2287 820 2340 dari
848 2304 945 2340 non
976 2288 1170 2341 dubitet
1198 2288 1287 2358 qui
1319 2305 1420 2342 non
1440 2289 1548 2343 vult
1590 2290 1805 2358 manife-

228 2380 458 2434 stissimis
487 2379 648 2432 sacris
675 2378 857 2431 litteris
882 2394 1186 2450 repugnare.

813 2512 1206 2569 RESPONSIO.

293 2607 405 2661 Hoc
431 2607 522 2675 qui
553 2621 659 2660 non
690 2605 899 2674 recipit,
933 2606 1088 2674 cujus
1116 2605 1327 2660 videtur
1347 2619 1469 2660 esse
1497 2607 1800 2671 sententite,

229 2701 322 2754 nisi
351 2698 590 2754 dicentis
615 2716 627 2752 :
659 2698 815 2752 Fides
841 2713 938 2768 per
963 2714 1123 2766 quam
1147 2698 1448 2766 justillcor,
1473 2712 1539 2752 ex
1568 2714 1654 2752 me
1679 2707 1800 2764 est;

229 2799 275 2843 et
305 2792 406 2844 hoc
434 2790 656 2853 bonum,
692 2805 755 2842 ex
779 2805 882 2857 quo
909 2788 1088 2857 justus
1113 2790 1240 2843 vivit
1266 2789 1488 2860 (Hebae.
1516 2790 1662 2859 HJ),
1695 2806 1802 2844 non

227 2883 401 2951 accepi
436 2897 532 2950 per
554 2882 801 2950 gratiam,
821 2881 915 2936 sed
945 2881 1117 2936 habeo
1146 2897 1240 2951 per
1266 2893 1511 2936 naturam
1536 2885 1558 2935 ἲ
1589 2883 1646 2938 Si
1674 2899 1803 2953 ergo

228 2975 356 3028 lides
382 2973 588 3027 donum
620 2973 716 3026 Dei
745 2989 850 3027 non
882 2981 984 3040 est,
1035 2973 1230 3026 frustra
1274 2974 1515 3028 Ecclesia
1564 2989 1662 3042 pro
1695 2989 1801 3028 non

227 3066 576 3120 credentibus
606 3074 744 3133 orat,
776 3074 837 3119 ut
864 3064 1122 3128 credant,
1150 3073 1204 3120 et
1237 3064 1434 3119 sufﬁcit
1473 3065 1653 3132 impiis
1681 3079 1801 3118 ma-

226 3159 502 3226 gisterium
535 3156 666 3222 legis
692 3155 956 3222 adhiberi,
988 3155 1053 3209 de
1082 3170 1185 3225 qua
1213 3155 1412 3210 dictum
1445 3164 1526 3211 est
1558 3154 1700 3225 (Gal.
1735 3171 1795 3221 ιι,
1831 3145 1876 3207 C

225 3249 334 3314 Ql),
381 3247 441 3303 Si
464 3264 528 3300 ea:
554 3247 662 3316 lege
688 3255 758 3299 est
779 3247 1011 3315 iustitia,
1059 3263 1177 3316 ergo
1207 3245 1433 3300 Christus
1455 3248 1614 3317 gratis
1653 3263 1802 3300 mor-

229 3353 338 3392 tuus
358 3348 433 3392 est
462 3354 481 3391 :
507 3337 645 3406 quod
673 3337 922 3391 similiter
951 3337 1051 3392 dici
1087 3347 1260 3403 potest
1290 3340 1452 3394 etiam
1484 3339 1551 3394 de
1577 3350 1795 3394 natura.

231 3433 444 3485 Frustra
479 3432 641 3485 etiam
668 3429 960 3498 Apostolus
1012 3429 1095 3500 (ll
1123 3429 1302 3484 Thess.
1342 3445 1413 3493 ιι.
1447 3432 1549 3499 12)
1601 3433 1802 3502 gratias

229 3525 333 3591 agit
370 3524 481 3578 Deo
516 3537 614 3591 pro
646 3521 728 3576 his
763 3523 850 3592 qui
886 3523 1228 3592 Evangelium
1277 3533 1631 3592 receperunt,
1679 3539 1799 3578 cum

231 3617 326 3668 hoc
377 3614 673 3667 secundum
731 3613 1042 3680 Pelagianos
1085 3629 1186 3668 non
1240 3615 1330 3668 Dei
1375 3617 1445 3669 sit
1497 3617 1793 3684 praestitum

229 3721 447 3760 munere
473 3746 490 3769 ,
519 3706 613 3759 sed
642 3720 707 3760 ex
730 3707 841 3759 sola
872 3706 1128 3760 habeatur
1170 3707 1446 3761 hominum
1482 3709 1757 3766 voluntate
1783 3729 1798 3778 ;

229 3798 490 3853 ctfrustra
509 3797 830 3866 quibusdam
858 3810 1104 3867 precatur
1118 3800 1257 3854 idern
1275 3799 1392 3869 Apo
1407 3802 1567 3856 stolus
1582 3803 1798 3873 (Ep/tes.

229 3904 308 3954 vi,
337 3891 430 3958 23)
457 3929 471 3953 ,
495 3899 551 3942 ut
580 3891 650 3942 sit
679 3889 757 3943 eis
787 3905 886 3958 pax
917 3899 970 3944 et
999 3889 1235 3944 charitas
1257 3903 1383 3952 eum
1430 3893 1566 3956 ﬁde,
1611 3909 1638 3946 a
1689 3895 1801 3948 Deo

228 3977 381 4034 Patre
410 3988 468 4032 et
496 3979 720 4034 Domino
751 3979 876 4034 Iesu
908 3979 1146 4048 Christo,
1173 3991 1231 4036 ut
1254 3983 1362 4052 jam
1393 4001 1496 4037 non
1521 3985 1696 4039 solum
1731 3986 1797 4041 de

228 4070 347 4138 ﬁde,
375 4071 471 4126 sed
499 4071 658 4125 etiam
688 4086 816 4141 pace
845 4081 897 4126 et
918 4073 1202 4142 charitate,
1225 4075 1473 4143 superbia
1507 4076 1795 4132 haeretico-

225 4178 339 4216 rum
381 4164 733 4217 convincatur
780 4164 994 4229 dicere,
1050 4164 1212 4236 248
1240 4166 1307 4220 de
1337 4168 1552 4236 proprio
1599 4184 1656 4222 se
1703 4169 1800 4223 has

227 4256 419 4311 habere
449 4259 698 4311 virtutes.
744 4257 894 4325 Quod
928 4257 972 4313 si
995 4259 1108 4312 haec
1129 4275 1194 4313 ex
1226 4259 1440 4314 homine
1474 4268 1622 4326 sunt,
1671 4262 1796 4331 quid

223 4349 375 4402 obest
401 4356 461 4402 ut
493 4362 597 4402 non
634 4364 702 4402 ex
735 4349 1031 4418 semetipso
1073 4349 1266 4404 habeat
1311 4361 1366 4405 et
1412 4363 1605 4405 cratera
1662 4353 1797 4405 bona

222 4457 334 4511 quae
368 4440 625 4495 inferiora
650 4453 809 4506 sunt;
865 4457 986 4497 cum
1019 4443 1213 4496 audeat
1242 4443 1340 4496 sibi
1386 4443 1648 4512 deputare
1680 4461 1799 4514 quae

223 4550 426 4587 summa
453 4545 614 4598 sunt,
649 4543 703 4587 et
727 4536 844 4588 sine
871 4535 1064 4603 quibus
1086 4535 1188 4588 alia
1213 4575 1228 4599 ,
1281 4535 1525 4602 quamvis
1553 4536 1716 4589 multa
1747 4547 1798 4590 et

220 4627 387 4692 clara,
419 4642 528 4679 non
571 4626 838 4692 prosunt?
895 4625 1011 4679 Non
1046 4635 1226 4693 potest
1256 4625 1436 4695 itaque
1474 4627 1671 4680 merito
1708 4641 1798 4681 re-

221 4719 376 4773 futari
400 4717 544 4787 quod
577 4718 785 4773 dictum
810 4730 931 4773 est:
976 4717 1135 4772 Fides
1164 4720 1320 4788 igitur
1359 4729 1404 4772 et
1445 4719 1685 4773 inchoata
1707 4764 1719 4786 ,
1753 4728 1798 4772 et

219 4817 460 4882 perfecta,
491 4813 684 4865 donum
713 4811 806 4865 Dei
825 4821 896 4866 est
923 4828 943 4865 :
970 4813 1091 4882 quia
1128 4813 1316 4866 eadem
1345 4823 1398 4868 et
1427 4814 1668 4881 Apostoli
1694 4828 1796 4868 vox

218 4913 296 4956 est
327 4902 562 4956 dicentis
590 4901 804 4972 (Ephes.
837 4917 894 4968 tt,
936 4903 992 4972 8)
1019 4920 1031 4954 :
1055 4901 1229 4956 Gratia
1260 4904 1388 4957 salui
1418 4903 1540 4974 facti
1565 4905 1686 4957 estis
1708 4921 1798 4975 per

215 4989 371 5053 ﬁdem
394 5007 410 5053 ;
432 5001 480 5043 et
501 4991 597 5043 hoc
616 5009 718 5045 non
738 5009 800 5046 ea:
820 4995 978 5060 vobis,
1004 4997 1100 5050 Dei
1118 5000 1254 5052 enim
1273 5001 1466 5054 donum
1485 5009 1590 5067 est;
1612 5020 1713 5056 non
1734 5021 1796 5059 ea:

215 5083 478 5150 operibus,
510 5100 576 5136 ne
603 5084 737 5152 forte
773 5090 888 5155 quis
916 5089 1233 5157 extollatur;
1263 5102 1317 5145 et
1343 5093 1560 5164 (Philip.
1605 5111 1642 5160 ι,
1664 5095 1754 5165 29)
1780 5113 1792 5149 :

219 5176 366 5229 Vobis
389 5180 646 5231 donatum
674 5188 748 5232 est
778 5197 874 5248 pro
907 5181 1132 5247 Christo,
1169 5201 1270 5237 non
1295 5185 1461 5238 solum
1497 5195 1551 5239 ut
1591 5188 1645 5240 in
1679 5203 1797 5241 eum

282 5315 311 5342 ι
349 5303 514 5366 Editi,
539 5321 694 5372 quam
717 5314 762 5357 et
780 5307 877 5385 _iraA
895 5309 1074 5359 merito
1092 5318 1192 5385 est.
1225 5307 1349 5363 Mss.
1373 5309 1555 5385 Jol.get
1578 5312 1790 5385 Remig.

215 5385 745 5448 ex_quoicor_rectum
779 5375 829 5428 in
853 5378 986 5448 Aug.
1014 5387 1069 5430 ut
1092 5380 1143 5432 in
1168 5390 1312 5433 textu
1347 5383 1639 5448 posuimus.

280 5445 310 5484 δ
346 5445 483 5498 Edit.
531 5444 738 5508 Venet.,
775 5463 876 5499 non
908 5446 1120 5500 dubitet.

283 5527 304 5553 ε
347 5515 486 5568 Editi
526 5514 766 5578 l.ovan..
813 5517 975 5569 Duae.
1019 5528 1073 5570 et
1102 5519 1288 5571 Colon.
1333 5519 1444 5574 haec
1489 5520 1685 5576 habent
1740 5525 1791 5577 in

213 5586 426 5652 plurali.
457 5586 543 5653 qui
568 5587 860 5661 gloriantur
881 5589 1196 5661 non_in_suis
1225 5591 1414 5642 meritis
1444 5634 1456 5651 ,
1500 5608 1615 5661 qua:
1644 5596 1796 5658 paria

213 5659 383 5728 rident
410 5673 521 5728 esse
551 5657 825 5720 damnatis,
871 5657 961 5728 sed
989 5659 1039 5710 in
1069 5658 1286 5712 Domino
1330 5657 1650 5728 glorientur.
1669 5664 1794 5718 Mss.

216 5725 319 5781 Jol.
351 5736 404 5781 et
454 5727 662 5796 Remig.
696 5742 816 5781 cum
847 5727 974 5784 edit.
1011 5733 1258 5799 August.,
1309 5725 1475 5800 Lugd.
1500 5743 1552 5786 et
1578 5732 1793 5802 Venet.,

785 311 916 367 PRO
957 310 1352 368 AUGUSTINO
1392 302 1906 364 RESPONSIONES
1945 303 2036 359 AD
2076 302 2444 359 EXCERPTA
2483 303 2949 365 GENUENSIUM.

229 429 557 484 retributione
587 429 783 497 factum
818 436 910 481 est.
962 427 1092 492 Quis
1121 426 1206 480 hic
1246 426 1399 479 locus
1425 421 1806 492 querimoniae,
1840 417 1880 474 A
1916 417 2169 482 credatis,
2197 418 2286 471 sed
2314 418 2468 471 etiam
2512 425 2568 471 ut
2611 421 2882 489 patiamini
2926 437 3017 489 pro
3042 420 3106 476 eo
3153 439 3172 477 :

1832 1774 1881 1835 Β

3391 292 3496 370 itis

3218 432 3270 480 et
3301 425 3491 480 iterum

1917 505 2102 575 (Hebr.
2142 523 2237 570 xu,
2276 508 2325 576 Ι)
2355 524 2368 559 :
2409 506 2512 561 Per
2544 511 2839 578 patientiam
2869 528 3134 566 curramus
3166 516 3232 566 ad
3264 532 3494 586 prOpost-

1916 607 2023 650 tum
2045 598 2188 650 nobis
2218 609 2470 651 certamen
2493 638 2508 663 ,
2555 601 2853 670 aspicientes
2894 604 2944 654 in
2974 615 3230 656 auctorem
3259 607 3380 673 ﬁdei
3399 650 3411 671 ,
3447 615 3495 660 et
3553 625 3556 628 ·

1915 703 2372 746 consummatorem
2438 695 2636 748 Jesum.
2709 697 2910 763 Quibus
2962 708 3015 752 et
3074 698 3313 767 plurimis
3375 700 3492 753 aliis

1918 790 2236 844 testimoniis
2298 792 2601 846 divinarum
2668 793 3064 862 Scripturarum
3129 795 3493 849 indubitanter

1915 882 2221 946 agnoscitur
2250 885 2524 952 quoniam,
2549 885 2684 938 sicut
2712 887 2780 940 ab
2813 886 2912 940 hoc
2938 887 3054 942 viro
3083 886 3356 942 definitum
3383 897 3485 952 est,

1915 969 2075 1025 Fides
2097 982 2143 1025 et
2173 973 2414 1026 inchoata
2433 1017 2445 1038 ,
2469 985 2516 1028 et
2547 978 2797 1046 perfecta,
2821 979 3012 1031 donum
3042 988 3116 1032 est
3143 977 3239 1032 Dei
3263 995 3282 1042 ;
3321 989 3367 1031 et
3397 979 3493 1031 hoc

1915 1061 2126 1126 donum,
2157 1063 2347 1131 inquit,
2377 1065 2681 1132 quibusdam
2711 1069 2844 1130 dari,
2875 1069 3176 1136 quibusdam
3207 1086 3308 1122 non
3351 1070 3485 1136 dari,

1915 1159 2122 1208 omnino
2143 1155 2169 1192 b
2202 1173 2301 1210 non
2325 1157 2519 1210 dubitat
2542 1200 2556 1220 ,
2595 1161 2681 1228 qui
2707 1177 2806 1212 non
2827 1161 2932 1213 vult
2957 1162 3380 1231 manifestissimis
3408 1179 3490 1214 sa-

1912 1247 2012 1298 cris
2055 1245 2238 1300 litteris
2283 1264 2608 1320 repugnare;
2661 1265 2765 1305 non
2816 1261 3062 1320 putemus
3094 1254 3195 1308 hoc
3228 1257 3491 1310 veraciter

1913 1337 2147 1402 dictum,
2208 1341 2253 1392 si
2299 1355 2486 1394 omnes
2516 1341 2759 1395 homines
2792 1343 2975 1398 fideles
3027 1355 3144 1398 sunt
3183 1363 3197 1398 :
3243 1347 3336 1400 sed
3367 1363 3487 1400 cum

1911 1428 2000 1481 alii
2031 1429 2274 1497 credant,
2305 1433 2392 1485 alii
2419 1448 2546 1485 vero
2575 1447 2680 1486 non
2714 1435 2954 1498 credant,
2981 1435 3227 1506 dicatque
3259 1439 3486 1505 Aposto-

1911 1519 1990 1572 lus
2014 1521 2076 1590 (11
2095 1519 2272 1573 Thess.
2304 1521 2581 1586 nt'l),Non
2609 1525 2740 1577 enim
2784 1529 3008 1578 omnium
3053 1539 3122 1580 est
3153 1528 3319 1595 ﬁdes;
3369 1532 3488 1598 quis

1910 1627 2018 1666 non
2049 1614 2225 1668 videat
2255 1614 2435 1680 ﬁdem,
2465 1631 2626 1686 quam
2659 1629 2983 1686 acceperunt
3011 1621 3097 1689 qui
3131 1620 3347 1688 habent,
3381 1639 3484 1676 non

1910 1706 2185 1774 accepisse
2213 1707 2303 1775 qui
2345 1723 2448 1760 non
2480 1708 2682 1762 habent
2709 1710 2732 1762 ?

2304 1797 2728 1854 EXCERPTUM
2773 1801 3083 1857 SEXTUM.

1979 1908 2163 1981 (lbid.)
2216 1909 2416 1962 Deinde
2461 1911 2578 1964 ait:
2630 1910 2734 1965 Cur
2783 1923 2950 1966 autem
2985 1932 3084 1967 non
3122 1913 3351 1968 omnibus
3395 1889 3484 1968 de-

1909 2008 2014 2066 tur,
2039 1999 2240 2066 ﬁdelem
2268 2015 2470 2052 morere
2492 2016 2591 2052 non
2615 2001 2777 2066 debet,
2805 2003 2892 2070 qui
2922 2003 3078 2056 credit
3102 2019 3162 2056 ex
3187 2021 3286 2057 uno
3316 2020 3486 2057 omnes

1906 2090 2006 2143 isse
2034 2090 2089 2142 in
2117 2090 2586 2143 condemnationem
2630 2089 2804 2160 (Rom.
2830 2108 2881 2158 v,
2911 2091 2997 2156 12)
3035 2094 3144 2147 sine
3176 2094 3487 2148 dubitatione

1899 2180 2246 2251 justissimam
2273 2195 2293 2243 ,°
2343 2181 2417 2233 ita
2442 2189 2494 2234 ut
2522 2179 2668 2233 nulla
2698 2192 2825 2235 esset
2859 2181 2956 2237 Dei
2976 2186 3120 2254 justa
3142 2186 3484 2255 reprehensio,

1909 2270 2063 2322 etiam
2091 2271 2323 2324 sinullus
2351 2271 2468 2324 inde
2497 2271 2816 2325 liberaretur.
2850 2271 2999 2327 Unde
3027 2284 3224 2327 constat
3247 2293 3484 2343 magnam

1908 2377 2014 2413 esse
2033 2363 2247 2430 gratiosa
2279 2361 2413 2430 quod
2444 2362 2652 2430 plurimi
2678 2363 2988 2430 liberantur,
3045 2374 3090 2418 et
3119 2366 3242 2434 quid
3269 2367 3365 2418 sibi
3397 2366 3486 2420 de-

1908 2453 2108 2505 beretur
2153 2453 2205 2506 in
2234 2454 2305 2506 eis
2333 2454 2419 2522 qui
2441 2471 2544 2507 non
2577 2454 2878 2523 liberantur,
2908 2466 3188 2527 agnoscunt
3216 2473 3236 2522 ;
3265 2466 3318 2509 ut
3347 2467 3368 2495 ο
3397 2458 3484 2526 qui

1908 2543 2184 2613 gloriatur,
2218 2561 2318 2598 non
2340 2548 2393 2598 in
2413 2547 2518 2600 suis
2545 2547 2758 2613 meritis,
2781 2564 2894 2617 quae
2921 2549 3069 2618 paria
3098 2549 3228 2602 videt
3258 2566 3364 2602 esse
3391 2552 3486 2603 da-

1916 2634 2132 2697 mnatis,
2170 2634 2259 2685 sed
2290 2634 2340 2685 in
2375 2633 2600 2686 Domino
2641 2635 2914 2702 glorietur.
2962 2636 3069 2690 Cur
3113 2647 3288 2690 autent
3330 2641 3490 2692 istum

1916 2725 2085 2795 potius
2128 2741 2288 2794 quant
2329 2724 2475 2776 illum
2518 2725 2716 2788 liberet,
2749 2728 3112 2781 inscrutabilia
3141 2740 3259 2782 sunt
3283 2731 3490 2799 judicia

1918 2817 2052 2886 ejus,
2083 2825 2129 2868 et
2155 2815 2536 2884 investigabiles
2567 2817 2662 2868 nia:
2687 2817 2848 2885 ipsius
2881 2817 3054 2881 (Rom.
3083 2837 3152 2881 si,
3184 2820 3489 2889 5i).Melius

1907 2905 2044 2956 enim
2070 2912 2114 2957 et
2142 2903 2223 2958 hic
2251 2903 2277 2940 ιι
2315 2905 2551 2958 audimus
2580 2913 2668 2958 attt
2694 2907 2907 2960 dicimus
2937 2924 2954 2960 :
2988 2906 3030 2960 Ο
3051 2907 3204 2961 homo
3224 2951 3238 2975 ,
3291 2919 3344 2962 tu
3373 2911 3488 2978 quis

1908 3011 1959 3047 es
1986 2995 2074 3064 qui
2101 2995 2410 3064 respondeas
2445 2995 2552 3050 Deo
2591 2996 2779 3068 (Rom.
2821 3014 2894 3066 is,
2923 2997 3022 3066 20)
3057 2998 3079 3047 ‘l
3135 3015 3288 3068 quam
3319 3000 3489 3052 dicere

1909 3088 2209 3154 audeamus,
2244 3089 2388 3155 quasi
2416 3089 2701 3142 noverimus
2729 3090 2863 3159 quod
2897 3091 3150 3143 occultum
3180 3107 3286 3145 esse
3306 3092 3486 3161 voluit,

1906 3181 1994 3251 qui
2017 3190 2184 3235 tamen
2204 3179 2400 3251 aliquid
2429 3182 2676 3252 injustum
2705 3182 2834 3236 velle
2864 3198 2965 3235 non
2995 3190 3180 3254 potuit.

2498 3315 2876 3374 RESPONSIO

1975 3429 2104 3484 Haec
2125 3430 2302 3484 omnia
2320 3430 2362 3483 si
2382 3444 2484 3484 non
2501 3440 2646 3485 recte
2659 3430 2799 3486 dicta
2819 3433 3256 3488 suntscrutabilia
3277 3435 3489 3505 suntju-

1906 3520 2040 3574 dicia
2074 3521 2205 3587 Dei,
2225 3531 2280 3574 et
2300 3521 2638 3589 vestigabiles
2658 3521 2756 3576 viae
2789 3522 2938 3591 ejus;
2977 3539 3074 3579 nec
3105 3526 3374 3580 occultum
3404 3535 3490 3581 est

1906 3628 2070 3682 quare
2090 3613 2178 3668 ille
2201 3616 2374 3682 potius
2391 3629 2549 3683 quam
2565 3615 2662 3668 iste
2677 3615 2912 3670 salvetur
2931 3632 2944 3682 ;
2962 3627 3013 3671 et
3032 3617 3082 3671 in
3107 3633 3164 3672 se
3181 3634 3284 3671 non
3309 3619 3357 3672 in
3385 3619 3489 3672 Do-

1905 3707 2052 3760 mino
2074 3706 2407 3774 gloriabitur,
2439 3708 2551 3776 qui,
2577 3707 2694 3761 aliis
2712 3709 2844 3763 vitio
2863 3725 2960 3764 suo
2984 3712 3354 3778 pereuntibus,
3383 3713 3490 3767 ele-

1904 3797 2080 3850 ctione
2108 3797 2300 3866 dignus
2329 3796 2579 3851 inventus
2600 3809 2704 3852 est.
2745 3800 3123 3868 Acsicjuslitia
3146 3800 3360 3865 quidem
3389 3803 3490 3856 erit

1904 3891 2043 3961 quod
2077 3891 2289 3960 plurimi
2323 3891 2686 3944 damnantur:
2721 3892 2814 3946 sed
2863 3906 2969 3946 non
3000 3892 3165 3964 249
3193 3893 3293 3947 erit
3321 3894 3488 3962 gratia

1902 3981 2041 4051 quod
2069 3980 2278 4051 plurimi
2300 3981 2618 4035 liberantur.
2650 3982 2869 4036 °Absint
2888 3980 3042 4038 hzeca
3065 3983 3343 4037 catholicis
3369 3998 3490 4037 cor-

1903 4074 2085 4140 dibus,
2109 4075 2250 4130 absit
2273 4075 2394 4128 talis
2416 4075 2680 4144 impietas,
2696 4087 2752 4130 ut
2776 4093 3094 4146 quemquam
3111 4089 3361 4148 putemus
3378 4093 3489 4134 me-

1902 4170 2017 4223 ritis
2041 4171 2151 4223 suis
2173 4171 2287 4224 erui
2311 4169 2376 4224 de
2409 4179 2676 4239 potestate
2701 4174 3064 4240 tenebrarum,
3099 4185 3153 4230 et
3180 4178 3229 4229 in
3259 4190 3486 4246 regnum

1905 4262 2027 4316 Filii
2065 4264 2156 4317 Dei
2182 4263 2384 4329 debita,
2417 4279 2521 4318 non
2553 4266 2815 4334 gratuita,
2849 4268 3144 4336 adoptione
3178 4269 3484 4324 transferri.

1903 4356 2093 4424 Magno
2118 4367 2339 4424 peccato
2355 4357 2509 4424 periit
2525 4359 2718 4424 Adam,
2738 4369 2788 4412 et
2803 4359 2856 4412 in
2876 4359 2967 4414 illo
2983 4375 3169 4415 omnes
3189 4360 3486 4429 perierunt.

1910 4445 2077 4512 lQuia
2107 4447 2253 4500 omni
2284 4446 2488 4501 homini
2516 4448 2766 4502 damnata
2792 4450 3070 4503 nativitate
3092 4449 3294 4520 genito,
3318 4450 3485 4506 hocin

1826 4507 2076 4592 ΒΛιιειῐη
2108 4539 2331 4594 debetur
2383 4550 2439 4593 ut
2487 4554 2690 4608 pereat.
2745 4539 2810 4594 Et
2856 4541 2996 4595 sicut
3044 4557 3151 4596 non
3196 4557 3486 4612 possumus

1907 4631 2164 4699 conqueri
2217 4629 2282 4684 de
2321 4645 2386 4684 eo
2415 4631 2556 4699 quod
2610 4632 2660 4685 in
2705 4631 2993 4700 praeteritis
3024 4633 3236 4687 sseculis
3289 4633 3489 4688 dimisit

1905 4737 2091 4776 omnes
2123 4729 2308 4790 gentes
2340 4721 2548 4792 ingredi
2580 4722 2692 4776 vias
2721 4736 2848 4776 suas
2878 4739 2891 4774 :
2927 4720 3004 4776 ita
3029 4722 3228 4792 justam
3261 4739 3362 4777 non
3397 4724 3489 4777 ha-

1905 4811 2155 4866 beremus
2184 4811 2481 4881 querelam,
2532 4811 2575 4865 si
2623 4826 2747 4866 cum
2797 4812 2899 4876 eis,
2930 4826 3051 4867 cum
3086 4813 3283 4882 quibus
3331 4813 3487 4868 nobis

1904 4903 2006 4958 fuit
2036 4918 2194 4959 causa
2224 4904 2547 4966 communis,
2577 4915 2826 4960 cessante
2851 4905 3025 4959 adhuc
3049 4904 3240 4974 gratia,
3275 4904 3483 4972 perire-

1907 5009 2045 5049 mus.
2092 4994 2222 5060 Quae
2269 5003 2447 5048 tamen
2488 4995 2627 5048 sicut
2659 5004 2783 5049 tunc
2829 4995 2896 5050 de
2927 4996 3071 5049 omni
3100 4995 3300 5049 mundo
3339 4995 3484 5050 eruit

1906 5100 2108 5154 paucos
2137 5101 2152 5151 ;
2210 5085 2281 5139 ita
2313 5100 2454 5140 nunc
2479 5085 2548 5139 de
2575 5085 2826 5140 universo
2854 5100 3051 5155 genere
3082 5085 3354 5139 hominum
3376 5085 3481 5139 sal-

1905 5190 1993 5234 vat
2022 5179 2356 5244 innumeros,
2393 5191 2500 5232 non
2531 5177 2826 5234 secundum
2856 5191 3016 5246 opera
3048 5189 3251 5242 nostra,
3278 5175 3371 5230 sed
3396 5188 3478 5230 se.

1902 5313 1956 5367 in
1983 5308 2239 5379 singulari
2281 5309 2558 5365 exhibent.

1975 5379 2000 5419 ἀ
2037 5375 2092 5435 lu
2116 5395 2243 5433 mss.
2274 5381 2481 5445 Remig.
2512 5391 2562 5434 et
2591 5378 2816 5435 Joliensl
2849 5419 2863 5442 ,
2911 5377 3183 5430 audiemus
3205 5415 3218 5440 ,
3263 5389 3362 5431 nec
3383 5375 3478 5432 ad-

1904 5455 2058 5513 dunt,
2094 5461 2187 5504 aut
2217 5453 2453 5503 dicimus.

1981 5533 2003 5559 ε
2046 5524 2138 5577 Sic
2164 5537 2264 5574 ms.
2299 5520 2571 5574 Joliensis.
2607 5519 2734 5583 Alii,
2763 5517 2905 5570 Absit
2932 5515 3061 5578 hare,
3096 5527 3204 5569 etc.

1984 5595 1997 5630 ί
2045 5593 2143 5647 Ms.
2173 5591 2454 5650 Joliensis,
2493 5589 2627 5654 Quia
2670 5590 2806 5641 omni
2843 5587 3034 5638 homini
3071 5587 3314 5641 damnata
3348 5589 3480 5644 nati—

1905 5667 2058 5719 vitate
2087 5665 2136 5716 in
2169 5663 2411 5732 genitore,
2446 5659 2542 5713 hoc
2572 5667 2664 5725 est,
2690 5659 2742 5710 in
2775 5658 2960 5724 Adam,
2983 5656 3210 5712 debetur.
