4026 6176
464 265 569 323 ηδ

1691 259 1751 316 S.
1792 258 2133 317 PROSPERI
2171 254 2499 327 AQUITANI

3630 250 3742 309 198

462 377 690 433 cundum
720 388 874 430 suum
906 372 1264 445 propositum,
1294 378 1352 427 et
1387 372 1619 443 gratiam
1661 385 1781 440 qua:
1809 369 1934 424 data
1960 377 2045 425 est
2071 374 2121 431 Α
2149 371 2280 424 toris
2321 367 2475 424 Iudae.
2508 375 2563 421 et
2605 363 2917 421 Iudaeorum
2961 364 3239 420 voluntate
3278 361 3604 431 Complelam
3635 381 3650 416 :
3681 375 3745 419 et

463 469 621 525 nobis
650 468 703 523 in
732 467 948 523 Christo
970 465 1124 533 .Icsu,
1148 472 1275 521 ante
1305 473 1548 534 tempora
1588 472 1788 518 aeterna
1817 460 1885 531 (ll
1904 460 2042 515 Tim.

465 573 506 621 ι.
537 558 616 616 9).

537 644 918 705 Subnexuistis
938 647 1098 707 etiam
1123 644 1263 716 quod
1296 654 1416 714 post
1452 642 1617 698 multa
1647 642 1925 699 disserens
1951 642 2047 697 ait.

837 754 1262 810 EXCERPTUM
1301 753 1683 810 SEPTIMUM.

537 848 705 920 (Ibid.
737 863 789 904 c.
819 848 918 911 {6,
948 865 1002 901 n.
1029 846 1117 915 2.)
1150 847 1242 901 Est
1272 865 1391 916 ergo
1431 849 1484 900 in
1516 849 1771 900 malorunt
1809 854 2055 918 potestate

470 957 678 1012 peccare
705 958 724 995 :
751 950 806 994 ut
845 950 1013 994 autem
1044 941 1299 1010 peccando
1338 941 1433 992 hoc
1468 938 1542 993 vel
1578 941 1674 991 hoc
1719 938 1810 992 illa
1853 940 2053 993 malitia

471 1034 687 1101 faciant,
714 1048 817 1087 non
847 1041 921 1086 est
959 1033 1011 1085 in
1036 1048 1211 1085 eorum
1243 1041 1508 1102 potestate,
1541 1033 1629 1084 sed
1660 1031 1752 1086 Dei
1783 1032 2055 1085 dividentis

472 1124 724 1188 tenebras,
751 1133 798 1176 et
816 1123 1100 1175 ordinantis
1122 1138 1205 1175 eas
1231 1139 1251 1175 :
1278 1131 1331 1174 ut
1363 1124 1481 1174 hinc
1510 1124 1663 1175 etiam
1693 1123 1827 1190 quod
1859 1123 2055 1191 faciunt

473 1222 652 1266 contra
698 1213 1007 1267 voluntatem
1051 1211 1177 1280 Dei,
1228 1229 1330 1266 non
1373 1212 1646 1284 impleatur
1690 1215 1789 1268 nisi
1824 1214 2057 1270 uoluntas

474 1304 595 1359 Dei.

1075 1370 1474 1429 RESPONSIO.

545 1464 697 1533 Quod
734 1479 856 1519 cum
904 1465 975 1519 sit
1001 1466 1361 1535 apertissima:
1406 1465 1684 1533 veritatis,
1719 1467 1887 1521 miror
1923 1467 2063 1522 inter

477 1555 706 1610 obscura
736 1556 1053 1624 decerptum
1080 1574 1091 1607 :
1116 1556 1269 1625 quasi
1294 1571 1399 1610 non
1432 1572 1495 1609 ex
1527 1557 1932 1613 cohmrentibus
1962 1573 2061 1628 po-

480 1646 642 1699 tuerit
664 1647 841 1699 omnis
865 1645 1135 1699 haesitatio
1161 1647 1381 1701 lectoris
1407 1646 1635 1701 absolvi.
1663 1647 1913 1718 Inspicite
1933 1664 2063 1719 ergo

2149 460 2239 529 qui
2281 461 2333 513 in
2375 456 2702 528 evangelicis
2746 456 2960 538 paginis
3002 457 3151 523 legit,
3193 456 3410 509 dicente
3453 454 3627 508 Pilato
3667 455 3741 509 ad

2148 556 2334 610 Jesum
2379 552 2562 622 (Joan.
2600 567 2721 617 xu,
2758 548 2888 620 10):
2928 548 3060 602 Mihi
3102 565 3204 601 non
3252 548 3512 616 loqueris?
3554 547 3748 601 Nescis

2149 646 2273 716 quia
2319 652 2617 713 potestatem
2670 643 2828 695 habeo
2876 641 3173 710 cruciﬁgere
3216 649 3294 697 te.
3346 648 3391 693 et
3438 647 3749 709 potestatem

2151 736 2311 790 habeo
2337 735 2624 787 dimittendi
2652 734 2735 786 te?
2767 732 3118 798 reSpondtsse
3145 731 3463 795 Dominum,
3497 730 3619 783 Non
3649 734 3749 783 ha-

2155 831 2293 883 beres
2322 828 2376 881 in
2401 843 2479 880 me
2510 834 2805 896 patestatem
2833 825 3013 883 ullam,
3048 823 3146 876 nisi
3176 832 3303 876 esset
3334 823 3424 875 tibi
3465 818 3492 859 δ
3518 816 3749 869 datada-

2154 935 2327 987 super.
2361 915 2559 970 Dividit
2588 915 2769 983 itaque
2798 914 2938 967 Deus
2978 914 3116 966 inter
3148 913 3320 967 lucem
3352 920 3407 966 et
3441 912 3697 965 tenebras
3731 930 3746 964 :

2158 1024 2257 1064 nec
2294 1008 2418 1062 ideo
2450 1005 2808 1073 inculpabiles
2857 1016 2983 1058 sunt
3028 1004 3300 1068 tenebrae,
3332 1003 3457 1071 quia
3488 1004 3569 1057 eis
3607 1005 3751 1057 bene

2159 1102 2324 1155 utitur
2374 1101 2542 1163 Deus,
2582 1100 2671 1168 qui
2710 1097 2871 1152 etiam
2917 1096 2983 1150 de
3026 1110 3192 1165 opere
3225 1103 3249 1133 ε
3287 1095 3562 1164 ipsarum,
3602 1096 3752 1165 quod

2159 1192 2284 1247 ﬁliis
2317 1193 2450 1246 lucis
2481 1191 2534 1246 in
2580 1191 2779 1245 bonum
2827 1189 3166 1257 procederet,
3198 1188 3506 1243 ordinavit:
3535 1199 3749 1243 tantum

2160 1283 2410 1353 progredi
2438 1283 2621 1336 sitiens
2657 1281 2913 1334 malitian
2958 1295 3155 1334 nocere
3185 1280 3543 1347 cupientium,
3578 1297 3753 1346 quan-

2164 1384 2271 1427 tum
2302 1388 2421 1426 eam
2467 1371 2668 1425 sanctis
2697 1370 2811 1425 suis
2840 1370 2924 1421 vel
2971 1369 3302 1438 castigandis
3344 1370 3492 1423 novit
3535 1372 3750 1437 utilem,

2162 1466 2250 1521 vel
2301 1464 2633 1533 probaudis;
2685 1470 2745 1516 ttt
2793 1461 2917 1515 binc
2963 1462 3126 1514 etiam
3177 1461 3317 1531 quod
3370 1461 3573 1516 iaciunt
3618 1478 3755 1516 con-

2166 1567 2246 1611 tra
2298 1558 2629 1612 voluntatem
2680 1553 2805 1619 Dei,
2854 1567 2959 1607 non
3008 1552 3297 1621 impleatur
3344 1552 3452 1607 nisi
3502 1554 3755 1610 voluntas

2170 1650 2289 1704 Dei.

478 1736 624 1805 quod
678 1739 924 1807 sequitur
956 1735 1145 1809 (Ibid)
1176 1755 1189 1790 :
1224 1736 1493 1807 Legimus,
1528 1737 1730 1808 inquit,
1765 1740 1817 1793 in
1859 1740 2063 1794 Actibus
2094 1745 2140 1804 B
2238 1738 2491 1804 Sequitur
2538 1738 2796 1807 deinceps
2849 1737 2992 1806 quod
3051 1737 3103 1791 in
3155 1737 3294 1792 libro
3346 1739 3618 1792 invenitur
3669 1754 3759 1794 se-

480 1828 843 1899 Apostolorum
876 1830 1012 1899 (Act.
1043 1845 1128 1897 tv,
1166 1830 1227 1885 i3
1253 1839 1299 1885 et
1332 1828 1485 1901 seq.),
1515 1831 1653 1901 quod
1683 1848 1796 1884 cum
1818 1832 2015 1886 dimissi
2033 1849 2066 1886 a

479 1919 512 1973 J
523 1919 679 1974 udtris
691 1919 915 1987 apostoli
930 1922 1177 1975 venissent
1198 1921 1267 1973 ad
1288 1937 1428 1986 suos,
1444 1931 1468 1958 ι
1495 1923 1861 1978 etindicassent
1875 1933 2067 1991 quanta

483 2012 554 2065 eis
595 2016 882 2067 sacerdotes
922 2023 968 2066 et
999 2014 1221 2067 seniores
1252 2014 1481 2082 fecerunt
1507 2057 1520 2080 ,
1549 2016 1836 2070 levaverunt
1868 2018 1942 2071 illi
1974 2033 2065 2071 tto-

484 2120 589 2157 cem
618 2107 880 2158 unanimes
920 2122 1090 2158 omnes
1122 2105 1189 2157 ad
1221 2103 1525 2175 Dominum,
1569 2116 1616 2159 et
1646 2108 1918 2173 dixerunt,
1956 2107 2060 2161 Da-

488 2196 650 2253 mine.
680 2204 734 2248 tu
765 2212 814 2249 es
842 2197 930 2266 qui
960 2196 1125 2266 fecisti
1149 2197 1329 2249 malum
1358 2206 1404 2249 et
1443 2208 1660 2263 terram,
1687 2209 1735 2251 et
1761 2200 1931 2252 omnia
1957 2215 2070 2269 qua:

488 2286 541 2338 in
569 2286 641 2337 cis
663 2293 810 2352 sunt,
841 2286 929 2356 qui
958 2303 1047 2355 per
1070 2303 1125 2339 os
1163 2286 1319 2353 patris
1350 2289 1512 2340 nostri
1541 2287 1706 2341 David
1727 2291 1891 2342 sancti
1926 2292 2071 2357 pueri

491 2376 566 2427 tui
602 2376 816 2429 dixisti:
845 2376 1015 2443 Quare
1058 2377 1375 2447 fremuerunt
1412 2388 1605 2449 gentes,
1636 2388 1682 2432 et
1709 2380 1887 2451 pepuli
1911 2382 2073 2434 medi-

490 2468 583 2522 ta'i
627 2477 744 2521 sunt
792 2468 1005 2533 inania;
1044 2469 1312 2521 astiterunt
1344 2485 1484 2539 reges
1516 2480 1681 2532 terrae,
1729 2483 1777 2525 et
1818 2473 2071 2541 principes

491 2573 832 2616 convenerunt
860 2564 913 2615 in
941 2578 1119 2629 unum,
1151 2563 1389 2616 adversus
1432 2561 1711 2617 Dominum
1755 2573 1800 2618 et
1829 2565 2071 2619 adversus

492 2654 753 2710 Christum
783 2659 893 2725 eius
924 2655 1094 2729 (Psal.
1143 2672 1178 2710 It
1197 2697 1211 2719 ,
1241 2654 1334 2729 ‘2)?
1364 2655 1713 2711 Convenerunt
1741 2660 1875 2711 enim
1904 2658 1957 2710 in
1993 2674 2075 2710 ve-

491 2750 663 2811 ritate,
691 2748 744 2801 in
774 2749 977 2801 civitate
1009 2748 1109 2802 ista
1135 2746 1377 2801 adversus
1418 2758 1650 2801 sanctum
1677 2764 1893 2819 puerum
1932 2759 2074 2801 tuum

490 2839 669 2893 Iesum
697 2856 843 2908 quem
881 2839 1105 2903 unxisti,
1138 2836 1370 2891 Herodes
1410 2849 1457 2891 et
1502 2837 1737 2901 Pilatus,
1765 2850 1812 2892 et
1856 2844 2075 2910 populus

492 2928 682 2991 Israel,
708 2929 877 2998 facere
895 2937 1083 2997 quanta
1110 2943 1291 2980 manus
1321 2936 1407 2980 tua
1434 2936 1480 2981 et
1510 2929 1781 2982 consilium
1813 2930 2077 2997 prcedesti-

493 3022 628 3074 navit
666 3020 800 3090 ﬁeri.
842 3019 898 3075 Si
942 3035 1074 3089 ergo
1103 3034 1225 3089 qua:
1271 3033 1451 3088 peros
1495 3021 1661 3088 patris
1702 3019 1871 3075 nostri
1899 3019 2070 3074 David

2167 1830 2367 1887 cundo.

2556 1918 2975 1976 EXCERPTUM
3016 1919 3368 1975 OCTAVUM.

2242 2014 2398 2087 (Ibid.
2434 2028 2484 2069 c.
2532 2014 2627 2081 16,
2662 2030 2715 2067 n.
2760 2011 2875 2081 55)
2917 2013 2996 2065 An
3034 2013 3301 2083 quisquam
3341 2012 3506 2067 dicere
3547 2013 3759 2067 audebit

2169 2105 2339 2159 Deum
2366 2122 2467 2158 non
2490 2105 2756 2171 prtescisse
2784 2105 2970 2176 quibus
3000 2117 3125 2158 esset
3150 2106 3363 2157 daturus
3390 2112 3442 2156 ut
3470 2106 3757 2169 crederent,

2170 2202 2259 2246 aut
2285 2210 2413 2265 quos
2440 2194 2654 2247 daturus
2684 2203 2813 2249 esset
2845 2190 2986 2246 Filio
3017 2210 3131 2257 suo,
3165 2204 3218 2246 ut
3249 2210 3312 2247 ex
3345 2194 3414 2247 eis
3439 2211 3540 2247 non
3568 2196 3760 2265 perde-

2170 2296 2245 2339 ret
2271 2302 2573 2355 quemquam
2604 2283 2784 2356 (Joan.
2818 2300 2966 2343 xvm.
2999 2284 3095 2350 9)?
3123 2284 3250 2349 Quae
3270 2285 3441 2353 ulique
3468 2285 3514 2338 si
3544 2287 3759 2352 prwsci-

2171 2377 2263 2441 vit,
2293 2378 2517 2447 profecto
2546 2376 2792 2445 beneﬁcia
2814 2394 2909 2431 sua
2940 2377 3122 2446 quibus
3154 2394 3246 2430 nos
3271 2377 3513 2448 dignatur
3539 2378 3761 2434 liberare

2174 2470 2444 2535 praesciuit.
2482 2467 2502 2507 ί
2539 2468 2665 2523 Haec
2706 2479 2783 2524 est
2827 2470 3211 2539 prwdestinatio
3258 2478 3580 2534 sanctorum,
3627 2470 3763 2524 nihil

2171 2559 2316 2612 aliud
2336 2574 2356 2613 :
2383 2560 2705 2627 prazscientia
2733 2560 2946 2626 scilicet,
2986 2568 3032 2613 et
3055 2562 3370 2630 praeparatio
3398 2559 3764 2629 beneficiorum

2174 2650 2290 2717 Dei,
2319 2650 2499 2718 quibus
2528 2652 2807 2706 certissime
2829 2652 3109 2705 liberantur
3130 2653 3435 2723 quicumque
3455 2654 3759 2708 liberantur.

2175 2739 2359 2795 theri
2389 2752 2586 2807 autem,
2617 2742 2739 2810 ubi,
2771 2743 2871 2796 nisi
2900 2745 2953 2797 in
2984 2760 3149 2797 massa
3182 2745 3480 2812 perditionis
3499 2748 3643 2816 justo
3682 2745 3767 2798 di-

2174 2833 2293 2886 vino
2335 2833 2543 2903 judicio
2582 2834 2975 2903 relinquuntur,
3025 2835 3112 2888 ubi
3165 2833 3311 2905 Tyrii
3353 2836 3516 2888 relicti
3552 2846 3674 2889 sunt
3718 2846 3768 2891 et

2178 2922 2400 2986 Sidonii,
2439 2923 2527 2993 qui
2565 2926 2717 2977 etiam
2760 2925 2968 2978 credere
3008 2935 3317 2994 potuerunt,
3355 2927 3515 2997 251
3552 2928 3599 2979 si
3631 2931 3770 2981 mira

2177 3016 2271 3070 illa
2320 3015 2508 3070 Christi
2536 3019 2685 3086 signa
2727 3017 2972 3072 vidissent
3020 3017 3235 3089 (Matth.
3277 3033 3367 3086 ιι,
3407 3020 3501 3085 21)
3546 3035 3558 3070 :
3604 3027 3629 3066 ι
3674 3018 3767 3072 sed

496 3112 729 3179 Spiritus
774 3121 993 3166 sanctus
1043 3111 1419 3181 prophetavit,
1467 3111 1628 3165 aliter
1684 3112 1910 3180 intelligi
1964 3112 2073 3167 ullo
2103 3111 2150 3175 C
2180 3111 2424 3179 quoniam
2453 3120 2505 3163 ut
2542 3111 2800 3165 crederent
2831 3126 2931 3163 non
2957 3109 3031 3163 eis
3072 3119 3180 3163 erat
3209 3110 3425 3176 datum,
3447 3110 3600 3164 etiam
3630 3110 3767 3165 unde

497 3202 659 3256 Illudt)
698 3217 855 3271 quam
906 3203 972 3257 ab
1004 3203 1266 3273 apostolis
1302 3210 1429 3257 sunt
1468 3202 1739 3258 intellecta
1777 3204 1939 3276 250
1969 3219 2075 3259 non

498 3303 741 3361 possunt.
787 3301 842 3347 ct
889 3293 1131 3348 Herodes
1180 3308 1244 3348 ac
1285 3293 1492 3348 Pilatus
1536 3301 1593 3349 et
1638 3298 1868 3364 populus
1910 3295 2077 3350 Israel

499 3382 745 3438 fecerunt
786 3393 987 3453 quanta
1037 3401 1229 3440 manus
1272 3384 1364 3439 Dei
1393 3394 1448 3440 et
1480 3385 1762 3441 consilium
1798 3386 2078 3456 prmdesti-

499 3477 643 3530 navit
676 3476 828 3541 ﬁeri;
863 3476 987 3545 quid
1020 3476 1407 3531 inconveniens
1429 3477 1505 3530 ait
1528 3477 1866 3532 admirabilis
1895 3478 2081 3549 dispu-

502 3567 675 3622 tator?
704 3566 828 3636 Est,
860 3569 1129 3637 inquiens,
1166 3568 1221 3621 in
1255 3568 1511 3621 malorum
1538 3578 1783 3639 potestate
1820 3586 2030 3640 peccare
2058 3584 2079 3623 :

500 3668 555 3711 ut
596 3669 761 3711 autem
806 3658 1065 3725 peccando
1113 3658 1208 3710 hoc
1252 3657 1330 3711 vel
1359 3658 1451 3710 hoc
1495 3657 1588 3711 illa
1627 3660 1822 3712 malitia
1866 3662 2076 3729 faciant,

499 3766 601 3803 non
628 3760 699 3804 est
729 3751 781 3802 in
810 3765 985 3803 eorum
1015 3757 1281 3819 potestate,
1311 3750 1400 3802 sed
1429 3747 1524 3802 Dei
1547 3750 1818 3804 dividentis
1846 3752 2079 3806 tenebras

498 3854 543 3896 et
574 3842 860 3896 ordinantis
896 3857 981 3897 eas
1009 3857 1028 3895 :
1058 3850 1111 3895 ut
1139 3840 1263 3895 hinc
1301 3841 1452 3896 etiam
1489 3842 1627 3906 quod
1666 3843 1867 3913 faciunt
1903 3854 2081 3896 contra

498 3935 808 3988 voluntatem
859 3932 992 3998 Dei,
1046 3950 1148 3987 non
1194 3933 1470 4001 impleatur
1523 3933 1622 3986 nisi
1670 3931 1910 3986 voluntas
1964 3933 2077 3988 Dei.

498 4023 526 4064 δ
552 4027 689 4082 Male
732 4026 877 4080 enim
922 4026 1065 4080 velle
1112 4024 1428 4079 facillimum
1463 4033 1547 4080 est
1589 4025 1782 4079 malis:
1811 4036 2080 4080 eteorum

499 4116 856 4173 damnabilem
896 4116 1232 4171 voluntatem
1265 4132 1373 4170 non
1403 4116 1626 4171 dubium
1668 4129 1756 4171 est
1800 4132 1829 4171 a
1870 4119 1960 4172 Dei
1991 4135 2083 4188 po-

500 4218 692 4263 testate
731 4206 1014 4274 concludi,
1059 4215 1118 4261 ut
1158 4206 1411 4262 cﬁ‘ectum
1447 4207 1771 4276 .cnpiditatis
1811 4222 1944 4269 suae,
1981 4210 2081 4263 ηἰμί

499 4299 591 4354 ille
631 4297 973 4368 permiserit,
1008 4297 1208 4352 habere
1252 4312 1359 4351 non
1390 4301 1620 4366 possint.
1656 4297 1738 4352 Uti
1783 4309 1961 4353 autem
1997 4314 2086 4352 sa-

499 4392 757 4461 pientiam
789 4400 846 4447 et
868 4389 1132 4460 justitiam
1168 4389 1262 4444 Dei
1291 4389 1455 4443 etiam
1501 4388 1762 4442 malorum
1805 4391 2079 4460 operibus,

2184 3202 2450 3256 crederent
2480 3212 2553 3257 est
2579 3211 2839 3275 negatum.

2788 3293 3186 3350 RESPONSIO.

2249 3384 2350 3453 Qui
2396 3384 2512 3440 istis
2541 3385 2829 3451 resistunt,
2876 3383 2982 3439 hoc
3023 3385 3224 3439 sentire
3271 3384 3613 3454 apertissime
3642 3399 3772 3454 pro-

2178 3476 2395 3542 bantur,
2443 3476 2584 3545 quod
2620 3474 2752 3530 ﬁdes
2782 3490 2887 3530 non
2913 3475 2983 3529 sit
3003 3475 3202 3529 donum
3235 3476 3362 3541 Dei;
3387 3484 3444 3530 et
3472 3474 3614 3545 quod
3644 3492 3770 3546 gra-

2179 3569 2249 3622 tia
2283 3582 2389 3622 non
2420 3569 2721 3636 praeveniat
2748 3567 2978 3621 liberum
3011 3566 3314 3631 arbitrium,
3346 3566 3442 3622 sed
3470 3576 3768 3637 sequatur;

2179 3660 2399 3730 etquod
2443 3659 2611 3725 gratia
2645 3660 2738 3715 Dei
2786 3660 3081 3715 secundum
3114 3660 3303 3713 merita
3352 3668 3535 3714 nostra
3581 3661 3767 3716 detur.

2179 3752 2311 3807 Nam
2362 3754 2405 3807 si
2449 3752 2651 3822 aliquid
2698 3752 2936 3807 conferri
2983 3752 3186 3805 homini
3233 3766 3327 3818 per
3366 3753 3594 3823 gratiam
3639 3769 3773 3807 con-

2183 3845 2421 3909 ﬁtentur,
2454 3852 2510 3900 et
2564 3844 2615 3899 id
2648 3859 2755 3900 non
2802 3844 2998 3913 accipit
3046 3844 3149 3898 nisi
3201 3843 3363 3906 ﬁdes,
3398 3859 3515 3911 qua:
3544 3856 3769 3915 accepta

2182 3952 2289 3991 non
2319 3946 2438 4001 est;
2474 3938 2526 3990 in
2551 3936 2663 4005 ipsa
2689 3944 2774 3990 est
2812 3938 3086 4001 meritum,
3116 3934 3201 3989 cui
3230 3950 3334 3990 ηοτι
3363 3935 3559 3989 donum
3582 3936 3768 4001 datur,

2181 4029 2276 4084 sed
2307 4029 2546 4089 debitum
2579 4026 2839 4081 redditur.
2872 4027 2928 4081 In
2977 4026 3080 4081 hac
3124 4027 3606 4096 sententiapositi,
3637 4042 3774 4081 con-

2182 4128 2471 4187 sequenter
2501 4119 2718 4188 sapiunt
2759 4134 2852 4172 eos
2899 4132 3019 4173 esse
3068 4119 3475 4185 prmdcstinatos
3505 4120 3561 4171 in
3603 4120 3769 4173 vitam

2183 4220 2481 4276 mternam,
2541 4225 2679 4277 quos
2737 4225 2833 4278 per
2886 4209 3072 4265 libera:
3130 4210 3419 4265 voluntatis
3478 4210 3770 4266 arbitrium

2186 4303 2371 4358 ﬁdeles
2423 4304 2631 4358 futuros
2675 4303 2965 4372 pm'scierit
3014 4303 3187 4365 Deus;
3222 4312 3275 4355 ut
3322 4302 3436 4371 ipsa
3466 4304 3770 4359 electorum

2185 4396 2585 4466 praedestinatio
2639 4411 2741 4449 non
2774 4397 2843 4450 sit
2886 4396 2989 4450 nisi
3036 4395 3367 4451 retributio:
3414 4405 3574 4466 atque
3600 4395 3671 4451 ita
3716 4400 3770 4453 in

501 4498 621 4550 quae
665 4498 729 4537 ex
776 4484 1019 4551 ipsorum
1068 4480 1336 4552 prodeunt
1380 4479 1642 4550 appetitu,
1695 4480 1763 4535 ad
1812 4482 2084 4548 implenda
2113 4470 2162 4530 Ῑ)
2190 4488 2381 4558 bisqui
2416 4488 2780 4556 prwdestinati
2809 4495 2935 4542 sunt
2961 4488 3256 4541 secundum
3292 4489 3624 4555 propositum
3652 4489 3773 4555 eius

501 4574 725 4628 consilia
773 4580 829 4628 et
867 4572 1067 4642 judicia
1098 4586 1194 4627 sua
1218 4612 1233 4637 ,
1265 4571 1447 4627 nullus
1488 4570 1573 4625 vel
1605 4573 1839 4626 tenuiter
1886 4587 2083 4627 secun-

500 4665 627 4719 dum
670 4664 926 4733 pietatem.
964 4662 1155 4719 doctus
1186 4663 1434 4733 ignorat;
1472 4663 1560 4733 qui
1589 4663 1734 4718 videt
1774 4664 1865 4718 Dei
1910 4664 2087 4721 Patris

502 4754 754 4822 optimam
787 4754 1123 4809 voluntatem
1167 4769 1275 4809 non
1322 4756 1592 4824 parcentis
1639 4754 1778 4810 Filio
1809 4771 1940 4824 suo,
1986 4759 2085 4813 sed

500 4863 606 4918 pro
634 4847 790 4903 nobis
826 4846 1077 4903 omnibus
1112 4846 1372 4902 tradentis
1401 4863 1556 4919 cum,
1590 4849 1823 4918 pessima
1870 4860 1893 4887 ο
1925 4852 2089 4907 tradi-

576 5063 600 5091 ι
642 5052 739 5106 Ms.
772 5046 1045 5110 Joliensis,
1077 5043 1385 5099 iudicassent
1411 5062 1493 5101 eos
1525 5056 1714 5111 quanta
1744 5045 1869 5100 illis.
1903 5045 1959 5100 In
1990 5061 2081 5097 eo-

503 5125 624 5179 dem
657 5124 844 5175 desunt
876 5118 1018 5181 lucc,
1047 5118 1101 5169 in
1133 5118 1367 5181 veritate,
1404 5117 1702 5185 legiturque
1730 5116 1866 5170 infra
1890 5156 1904 5182 ,
1940 5116 2081 5170 Pon-

503 5198 607 5249 tius
641 5192 862 5245 Pilatus.

576 5266 601 5304 ι)
641 5264 766 5317 Mss.
810 5257 1019 5323 Remig.
1052 5266 1104 5310 et
1133 5254 1263 5320 Jol.,
1296 5254 1440 5308 Mula
1470 5255 1603 5309 enim
1632 5256 1777 5309 velle.

575 5347 599 5375 ε
645 5334 813 5398 Editi,
862 5329 1187 5384 traditarum.
1237 5326 1425 5381 Melius
1474 5325 1826 5395 Remigiauus
1876 5326 2077 5393 codex,

503 5404 788 5457 traditoris.

573 5474 600 5510 ά
642 5474 698 5525 In
742 5472 871 5526 edit.
924 5468 1151 5539 August.
1200 5482 1267 5523 ex
1318 5482 1418 5522 ms.
1465 5465 1743 5533 Remensi,
1794 5467 1969 5520 datum
1990 5466 2082 5519 de-

503 5559 805 5674 necréditi,
836 5609 1085 5677 ipsorum.
1119 5607 1302 5663 Melius
1347 5624 1475 5663 mss.
1523 5609 1628 5663 Jul.
1665 5619 1718 5663 et
1747 5589 1979 5676 Remig.,
2024 5618 2078 5662 et

503 5700 569 5741 ex
600 5684 703 5738 boe
744 5686 878 5750 Aug.
906 5679 1101 5747 editio,
1131 5679 1393 5749 ipsarum,
1427 5682 1632 5739 scilicet
1680 5686 2024 5737 tenebrarum
2056 5696 2070 5709 ’

2191 4579 2280 4648 qui
2330 4578 2577 4634 universa
2605 4590 2885 4648 cperatur,
2938 4593 3042 4633 non
3069 4587 3323 4647 operat-ur
3370 4578 3509 4632 Deus
3561 4578 3771 4645 ﬁdem;

2188 4685 2289 4725 nec
2313 4670 2418 4725 ulla
2456 4669 2563 4724 sint
2588 4669 2821 4723 hominis
2851 4669 3063 4730 merita,
3098 4670 3141 4722 si
3187 4668 3327 4722 Deus
3370 4677 3625 4736 operatur
3654 4671 3777 4724 uni-

2188 4776 2362 4816 versa.
2394 4759 2422 4798 ιι
2448 4759 2587 4815 Vere
2631 4760 2721 4830 qui
2772 4760 2873 4813 ista
2905 4758 3163 4825 sentiunt,
3195 4758 3351 4812 ﬁdem
3398 4774 3502 4812 non
3547 4774 3774 4829 accepe-

2189 4863 2341 4920 runt,
2372 4862 2463 4906 aut
2508 4867 2667 4921 quam
2711 4859 3032 4920 acceperant
3086 4848 3466 4919 perdiderunt,
3496 4853 3775 4920 sequendo

2188 5060 2291 5114 qua
2322 5058 2453 5099 voce
2479 5042 2693 5111 quidem
2728 5040 2897 5094 malos
2919 5038 3196 5114 intelligit;
3218 5038 3326 5114 sed
3350 5054 3471 5092 cum
3504 5039 3775 5098 allusittne

2188 5110 2253 5172 ad
2291 5110 2539 5168 tenebras
2573 5115 2714 5174 ipsas
2742 5122 2963 5179 quarum
2996 5110 3093 5163 ﬁlii
3119 5110 3231 5162 dici
3261 5118 3509 5176 possant.

2265 5184 2283 5221 τ
2326 5185 2379 5237 In
2419 5184 2548 5238 edit.
2580 5182 2714 5235 Ven.
2760 5190 2818 5235 et
2860 5181 3032 5249 Lugd.
3065 5221 3078 5243 ,
3115 5179 3244 5233 ch
3272 5188 3344 5233 est
3390 5181 3777 5247 prwdestinatia

2187 5266 2513 5315 sanctorum,
2568 5252 2698 5305 nihil
2747 5253 2927 5315 aliud,
2982 5251 3305 5319 prmsciemia
3357 5250 3571 5304 scilicet.
3628 5253 3772 5308 Idem

2190 5324 2408 5394 pra-fert
2444 5338 2543 5376 ms.
2576 5323 2853 5394 Juliensis.
2887 5322 3023 5394 Aliae
3058 5321 3356 5394 editiones,
3394 5319 3519 5374 Hth
3570 5324 3773 5393 prende-

2188 5391 2395 5450 stinatio
2435 5402 2733 5447 sanctorum
2776 5393 2903 5446 nihil
2948 5391 3095 5446 aliud
3142 5400 3216 5444 est
3256 5406 3410 5460 quam
3449 5391 3773 5461 prwscientia

2188 5468 2404 5521 scilicet.

2262 5546 2286 5584 ις
2331 5536 2469 5589 Edit.
2502 5532 2639 5588 Ven.
2668 5542 2720 5589 et
2750 5532 2943 5603 Lugd,
2973 5531 3062 5586 sed
3087 5530 3360 5601 quomodo.

2258 5605 2285 5645 ιι
2325 5608 2422 5663 διδ.
2457 5604 2713 5663 Joliensis
2739 5605 2938 5662 omittit
2969 5603 3107 5659 banc
3137 5616 3357 5667 vocem,
3390 5616 3523 5657 uere.
