4026 6176
214 202 317 264 197

759 198 894 258 PRO
933 197 1329 258 AUGUSTINO
1365 192 1878 254 RESPONSIONES
1918 193 2012 249 AD
2053 192 2423 250 EXCERPTA
2465 193 2938 255 οεΝυεΝειυΜ.

211 315 560 373 vanissimam
580 311 996 382 Pelagianorum
1024 309 1354 380 superbiam,
1375 318 1430 363 et
1455 307 1508 362 in
1532 322 1614 369 se.
1639 315 1663 344 ³
1690 319 1796 362 non
1825 308 1876 369 Α
1899 303 2109 375 justitia
2133 305 2344 361 auferat
2370 306 2795 363 misericordiam
2816 307 2959 379 apud
2997 323 3122 366 eum
3144 323 3174 366 a
3200 325 3307 381 quo
3325 326 3488 368 nemo

210 407 268 464 in
315 406 579 470 Domino,
619 403 923 473 gloriando,
949 402 1039 470 qui
1087 409 1344 469 cperatur
1381 400 1559 453 omnia
1598 399 1650 452 in
1682 411 1801 452 om-

211 497 376 554 nibus
399 495 444 567 (l
477 492 594 549 Cor.
628 507 727 557 xu.
775 492 853 562 6).
896 492 1038 546 bona
1069 489 1331 561 profecto,
1381 503 1488 544 non
1534 489 1673 543 mala
1703 505 1717 540 :
1749 495 1804 542 et

211 592 259 647 si
313 589 496 645 omnia
544 587 707 650 bona,
753 586 942 655 utique
989 592 1044 638 et
1091 582 1289 645 fidem,
1341 582 1459 635 sine
1497 595 1599 650 qua
1645 593 1802 634 nemo

211 690 398 752 potest
437 678 656 748 placere
700 675 890 746 (Hebr.
942 690 1025 741 xt,
1055 673 1144 744 6),
1193 684 1248 730 et
1275 688 1395 742 quae
1423 682 1506 728 est
1549 671 1803 727 virtutum

211 773 458 827 omnium
487 769 918 838 fundamentum.
951 766 1120 832 Quale
1143 769 1228 819 est
1247 774 1445 829 autem,
1469 771 1538 828 ,ut
1558 777 1678 817 cum
1710 761 1804 815 Dei

213 865 289 918 sit
316 861 626 924 mdificatio,
659 870 711 915 et
743 859 845 912 nisi
881 856 1136 911 Dominus
1188 853 1533 910 aedificaverit
1562 853 1800 918 domum,

214 956 273 1010 in
299 967 500 1007 vanum
549 951 796 1005 laborent
837 950 926 1017 qui
977 947 1245 1001 tedificant
1273 959 1390 999 eam
1423 944 1592 1013 (Psal.
1624 957 1805 1010 cxxvt,

217 1044 319 1115 1);
350 1051 444 1098 aut
474 1042 649 1098 nolint
678 1041 764 1095 isti
797 1039 1198 1094 fundamentum
1230 1037 1295 1091 ad
1327 1035 1607 1090 :edificium
1638 1035 1805 1104 perti-

217 1150 377 1201 nere,
412 1143 504 1188 aut
548 1148 608 1188 se
635 1132 806 1187 velint
850 1131 1103 1185 inchoare
1147 1129 1288 1197 quod
1336 1127 1594 1181 Dominus
1639 1125 1809 1194 possit

217 1227 545 1285 exstruere?
572 1226 686 1280 Non
716 1225 821 1280 erit
851 1240 979 1292 ergo
1011 1223 1116 1277 illis
1144 1221 1465 1292 principium
1499 1219 1665 1273 Filius
1687 1217 1807 1284 Dei,

223 1335 335 1376 non
391 1317 758 1371 fundabuniur
806 1316 858 1369 in
911 1315 1028 1382 ipso
1076 1312 1318 1382 angulari
1364 1311 1539 1380 lapide
1593 1310 1809 1364 Christo

221 1411 379 1470 Jesu,
409 1423 510 1464 nec
537 1409 605 1462 de
637 1407 716 1460 eis
756 1405 957 1460 dictum
982 1411 1102 1458 est:
1134 1401 1368 1455 Firmum
1411 1411 1578 1453 autem
1622 1401 1812 1470 funda-

222 1511 450 1554 mentum
486 1497 584 1552 Dei
612 1505 709 1549 stat
754 1495 823 1566 (ll
846 1493 981 1547 Tim.
1025 1509 1084 1559 ll,
1116 1493 1240 1562 13):
1281 1493 1403 1562 quia
1431 1489 1457 1528 δ
1492 1499 1653 1545 totam
1700 1490 1809 1546 ele-

223 1594 461 1646 ctiOnem
517 1598 666 1643 suam
721 1585 936 1640 solubili
995 1597 1176 1638 arena:
1229 1591 1285 1637 et
1334 1580 1589 1637 succiduo
1641 1581 1807 1635 cineri

222 1686 618 1752 superponunt.

296 1778 670 1844 Agnoscamus
724 1770 903 1839 itaque
952 1768 1243 1836 sapienter,
1276 1766 1466 1834 pieque
1519 1762 1803 1828 fateamur,

226 1866 512 1938 pmscisse
542 1860 1054 1918 incommutabiliter
1083 1861 1244 1913 Deum
1273 1858 1464 1926 quibus
1492 1865 1634 1909 esset
1663 1855 1810 1908 datu-

229 1974 319 2013 rus
373 1967 433 2012 ut
477 1956 805 2020 crederent,
862 1961 954 2006 aut
1007 1965 1144 2021 quos
1194 1950 1416 2004 daturus
1470 1957 1615 2003 esset
1670 1947 1808 2001 Filio

229 2065 348 2115 suo,
381 2059 438 2102 ut
478 2064 542 2103 ex
572 2048 650 2102 eis
695 2061 800 2100 non
832 2044 1078 2114 perderet
1109 2056 1430 2112 quemquam
1463 2057 1476 2095 :
1522 2048 1576 2094 et
1601 2039 1649 2093 si
1693 2038 1808 2093 haec

232 2142 520 2211 praescivit,
552 2139 812 2194 beneficia
859 2151 954 2192 sua
1001 2135 1148 2189 illum
1175 2133 1371 2203 quibus
1418 2147 1516 2185 nos
1559 2131 1809 2199 dignatur

231 2237 464 2289 liberare
502 2234 819 2302 przescisse;
853 2237 907 2285 et
944 2230 1081 2282 hanc
1119 2241 1239 2282 esse
1281 2223 1808 2293 praedestinationem

232 2339 580 2390 sanctorum,
642 2334 664 2362 ε
722 2320 1110 2392 praescientiam
1171 2317 1380 2372 scilicet
1432 2323 1488 2369 et
1543 2328 1810 2382 praepara—

233 2420 432 2472 tionem
497 2415 684 2487 gratiae
742 2413 876 2478 Dei,
942 2426 1044 2481 qua
1116 2407 1418 2464 certissime
1491 2407 1806 2461 liberantur.

233 2505 257 2544 ἀ
284 2507 524 2562 Crateros
564 2517 744 2559 autem
782 2503 1101 2573 quicumque
1131 2517 1236 2556 non
1276 2500 1592 2562 liberantur,
1623 2509 1757 2564 quos
1779 2510 1806 2547 a

233 2597 470 2668 generali
521 2596 822 2666 perditione
881 2593 1100 2648 humani
1151 2591 1365 2662 generis
1421 2590 1581 2660 252
1636 2585 1811 2657 gratia

235 2706 338 2744 non
368 2689 592 2752 exemit,
613 2689 760 2757 justo
790 2685 1096 2741 noverimus
1119 2683 1325 2753 judicio
1351 2695 1457 2736 non
1485 2687 1763 2747 exemptos
1794 2695 1809 2731 :

235 2789 286 2834 et
311 2780 444 2850 quid
469 2778 621 2833 nobis
652 2777 938 2831 remissum
966 2776 1059 2838 sit,
1088 2775 1142 2828 in
1171 2773 1250 2828 eis
1281 2772 1550 2826 discamus
1577 2769 1645 2824 de
1673 2782 1809 2838 quo-

237 2887 350 2926 rum
391 2870 545 2940 queri
576 2869 923 2923 damnatione
956 2881 1059 2921 non
1089 2878 1393 2933 possumus.
1414 2863 1529 2917 Non
1558 2872 1639 2916 est
1668 2861 1812 2916 enim

237 2963 489 3032 iniquitas
529 2961 669 3029 apud
700 2960 867 3015 Deum
901 2958 966 3028 (ll
1017 2956 1144 3010 Par.
1187 2971 1296 3020 xtx,
1342 2954 1422 3025 7),
1467 2969 1640 3024 neque
1668 2955 1814 3024 quis-

1903 398 2011 452 nisi
2057 397 2198 468 juste
2224 397 2530 466 damnatur,
2581 415 2742 456 nemo
2796 401 2900 457 nisi
2952 404 3376 461 misericorditer
3420 406 3485 462 li-

1903 490 2139 546 beratur.

1979 584 2052 638 De
2083 583 2261 654 Tyriis
2308 597 2439 638 vero
2476 593 2532 638 et
2556 585 2793 640 Sidoniis
2835 585 2962 656 quid
3003 586 3145 642 aliud
3197 602 3486 657 possumus

1905 673 2108 739 dicere,
2140 690 2298 744 quam
2328 690 2434 729 non
2460 691 2582 732 esse
2611 677 2690 732 eis
2717 678 2898 732 datum
2931 688 2988 733 ut
3016 680 3323 747 crederent,
3353 696 3490 751 quos

1904 764 2063 818 etiam
2111 765 2414 820 credituros
2462 767 2624 821 fuisse
2671 769 2783 836 ipsa
2828 768 3040 823 Veritas
3087 770 3235 837 dicit,
3287 772 3332 824 si
3366 772 3492 826 talia

1905 855 2085 924 qualia
2143 855 2282 922 apud
2340 871 2446 910 non
2507 856 2794 912 credentes
2846 858 2984 913 facta
3041 867 3167 914 sunt
3221 860 3482 914 virtutum

1905 945 2053 1014 signa
2114 947 2374 1002 vidissent
2431 947 2647 1018 (Matth.
2700 947 3265 1024 xt,Qf;Luc.x,13)f
3315 953 3494 1019 Quare

1905 1044 2085 1088 autem
2133 1037 2235 1090 hoc
2279 1038 2358 1090 eis
2391 1048 2641 1106 negatum
2692 1039 2887 1106 fuerit,
2917 1040 3129 1110 dicant,
3161 1045 3204 1096 si
3246 1054 3490 1112 possunt,

1907 1127 1994 1194 qui
2040 1127 2488 1182 calumniantur:
2530 1140 2582 1184 et
2610 1132 2895 1186 ostendant
2937 1148 3032 1187 cur
3077 1135 3217 1204 apud
3249 1151 3343 1190 eos
3388 1136 3494 1189 Do-

1908 1219 2087 1271 minus
2140 1219 2425 1287 mirabilia,
2470 1221 2662 1289 quibus
2715 1223 2986 1290 profutura
3043 1241 3146 1278 non
3195 1235 3370 1290 erant,
3417 1225 3496 1281 fe-

1907 1310 2071 1371 cerit,
2112 1306 2126 1344 ί
2164 1317 2218 1362 et
2271 1310 2410 1377 apud
2464 1325 2556 1364 eos
2608 1312 2798 1380 quibus
2853 1322 3005 1366 erant
3058 1314 3336 1382 profutura
3389 1330 3495 1370 non

1909 1397 2120 1453 fecerit.
2169 1400 2276 1453 Nos
2314 1402 2475 1454 etiam
2523 1401 2565 1454 si
2613 1404 2872 1457 rationein
2923 1405 3074 1469 facti,
3119 1417 3170 1459 et
3223 1407 3498 1475 profundi-

1908 1495 2071 1543 tatem
2117 1490 2303 1559 judicii
2336 1491 2453 1558 ejus
2498 1503 2780 1559 penetrare
2812 1510 2916 1548 non
2969 1510 3276 1565 possumus,
3330 1499 3500 1550 mani-

1908 1579 2199 1636 festissime
2239 1591 2413 1635 tamen
2443 1584 2644 1636 scimus
2668 1625 2682 1647 .
2706 1595 2758 1638 et
2790 1600 2974 1638 verum
3005 1601 3124 1641 esse
3154 1588 3294 1656 quod
3338 1588 3496 1654 dixit,

1835 1665 1882 1724 B
1911 1671 2184 1739 etjustutn
2233 1687 2355 1726 esse
2395 1673 2534 1740 quod
2587 1673 2743 1738 fecit;
2779 1685 2834 1729 et
2863 1691 2966 1729 non
2997 1677 3172 1731 solum
3225 1679 3418 1748 Tyrios
3444 1688 3499 1733 ct

1911 1762 2181 1830 Sidonios,
2214 1764 2309 1818 sed
2339 1766 2501 1818 etiam
2533 1765 2793 1819 Corozain
2829 1776 2882 1821 et
2934 1768 3216 1823 Bethsaida
3259 1771 3499 1837 potuisse

1909 1855 2168 1919 converti,
2194 1864 2247 1907 et
2291 1855 2474 1909 fideles
2503 1871 2570 1910 ex
2607 1857 2910 1911 infidelibus
2943 1860 3081 1925 ﬁeri,
3110 1860 3155 1914 si
3196 1859 3298 1914 hoc
3336 1862 3388 1914 in
3420 1864 3500 1916 eis

1911 1943 2171 1997 Dominus
2218 1945 2476 2000 soluisset
2506 1949 2738 2015 operari.
2766 1948 2948 2018 Neque
2994 1951 3139 2004 enim
3183 1951 3274 2004 ulli
3304 1951 3496 2007 falsum

1921 2035 2097 2092 videri
2133 2046 2313 2107 potest
2361 2040 2507 2109 quod
2542 2043 2754 2098 Veritas
2789 2044 2869 2098 ait
2900 2061 2914 2097 :
2943 2045 3106 2100 Nemo
3130 2054 3296 2116 potest
3318 2050 3497 2104 venire

1925 2126 1995 2179 ad
2023 2143 2124 2189 me,
2160 2130 2262 2182 nisi
2295 2129 2452 2198 fuerit
2480 2134 2525 2185 ei
2563 2133 2747 2187 datum
2775 2152 2806 2187 a
2839 2135 2996 2190 Patre
3026 2155 3138 2191 meo
3173 2138 3387 2206 (Joann.
3416 2152 3494 2203 vt,

1923 2216 2044 2287 66);
2081 2227 2136 2274 et
2190 2222 2398 2286 (Matth.
2436 2240 2545 2282 xm.
2605 2225 2690 2291 11)
2727 2244 2738 2278 :
2780 2227 2927 2282 Vobis
2979 2231 3163 2283 datum
3221 2241 3296 2285 est
3345 2248 3499 2285 nosse

1910 2313 2241 2381 mysteriumi
2277 2315 2419 2385 regni
2445 2317 2708 2381 caelorum,
2742 2317 2848 2371 illis
2875 2326 3042 2370 autem
3065 2334 3165 2372 non
3195 2327 3266 2371 est
3290 2318 3467 2372 datum
3483 2337 3502 2384 ,-

1909 2413 1967 2459 et
2010 2402 2177 2472 (Ibid.
2210 2420 2290 2470 χι,
2345 2405 2461 2476 27),
2499 2407 2662 2462 Nemo
2713 2410 2848 2463 novit
2899 2409 3126 2478 Filium,
3178 2411 3275 2465 nisi
3321 2411 3500 2478 Pater,

1909 2510 2068 2561 neque
2113 2495 2324 2551 Patrem
2371 2499 2486 2569 quis
2527 2502 2682 2566 novit,
2713 2502 2813 2555 nisi
2861 2501 3058 2568 Filius,
3092 2511 3138 2557 et
3181 2503 3265 2556 cui
3293 2505 3505 2557 voluerit

1912 2585 2080 2640 Filius
2101 2589 2360 2654 revelare;
2386 2601 2436 2644 et
2463 2589 2643 2662 (Joan.
2671 2606 2725 2655 ν,
2754 2591 2851 2660 21)
2876 2633 2889 2656 ,
2925 2592 3074 2647 Sicut
3097 2591 3259 2646 Pater
3285 2595 3503 2662 viri/iras

1911 2689 2161 2743 mortuos,
2189 2680 2260 2732 ita
2286 2690 2334 2733 et
2366 2679 2534 2734 Filius
2581 2697 2708 2750 quos
2754 2683 2860 2736 vult
2902 2684 3120 2748 vivi/icat
3145 2699 3166 2736 :
3210 2691 3268 2737 et
3312 2684 3354 2751 (1
3380 2684 3502 2738 Cor.

1912 2784 2009 2836 xu,
2026 2769 2105 2840 5),
2132 2769 2302 2824 Nemo
2314 2781 2479 2841 potest
2493 2772 2660 2826 dicere
2680 2775 2840 2844 253
2858 2773 2882 2810 ιι
2903 2773 3182 2827 Dominum
3193 2774 3392 2840 Iesum,
3407 2776 3506 2830 nisi

1913 2861 1968 2915 in
2017 2863 2219 2934 Spiritu
2268 2874 2462 2917 sancto.
2490 2864 2582 2919 His
2625 2866 2924 2920 divinarum
2977 2883 3168 2922 vocum
3212 2869 3506 2924 auctorita-

1914 2953 2056 3007 tibus
2087 2953 2277 3007 eruditi
2323 2957 2523 3024 gratias
2564 2971 2784 3026 agamus
2830 2958 2978 3023 Deo,
3012 2958 3104 3028 qui
3150 2959 3298 3014 dedit
3349 2960 3507 3014 nobis

239 3023 392 3121 quam
443 3053 544 3108 sub
566 3023 772 3120 judicio
816 3023 932 3119 ejus
963 3049 1225 3102 innocens
1273 3023 1428 3115 perit.
1473 3023 1625 3102 Sicut
1673 3023 1814 3102 enim
1847 3023 1892 3086 (ἶ
1924 3046 2169 3114 spiritum
2202 3023 2405 3102 ﬁdeiiet
2445 3023 2675 3115 virtutis,
2710 3023 3054 3104 continentiae
3095 3060 3148 3105 et
3195 3051 3498 3120 charitntis,

241 3143 323 3198 hic
369 3145 486 3212 ipse
529 3142 751 3211 insignis
789 3140 971 3208 gratim
1016 3137 1338 3207 praedicator
1381 3136 1503 3190 alibi
1535 3137 1607 3190 ait
1654 3137 1810 3210 (Aug.

241 3234 326 3286 lib.
358 3233 422 3285 de
464 3229 616 3286 στω.
661 3240 707 3283 et
741 3231 850 3284 Lib.
878 3229 997 3283 Arb.
1029 3245 1143 3296 cap.
1171 3227 1263 3297 2'5)
1293 3242 1310 3283 :
1343 3237 1364 3264 °
1402 3226 1588 3279 Reddit
1611 3229 1816 3281 omnino

243 3323 378 3376 Βίας
410 3330 458 3375 et
487 3321 620 3374 mala
646 3338 738 3393 pro
783 3321 953 3386 malis,
984 3319 1225 3388 quoniam
1244 3321 1419 3388 justus
1458 3327 1566 3381 est;
1611 3329 1656 3371 et
1686 3319 1818 3372 bona

244 3434 330 3486 pro
369 3414 538 3476 malis.
583 3414 603 3453 ί
652 3415 892 3484 quoniam
936 3413 1094 3466 bonus
1129 3421 1232 3474 est;
1269 3420 1315 3463 et
1343 3409 1471 3462 bona
1515 3426 1606 3480 pro
1650 3410 1817 3475 bonis,

245 3510 476 3576 quoniam
504 3510 681 3578 justus
719 3517 767 3562 et
806 3509 964 3560 bonus
1010 3512 1129 3558 est:
1170 3503 1516 3556 tantummodo
1552 3504 1687 3555 mala
1727 3519 1819 3572 pro

247 3598 382 3650 ὺπιὶε
427 3616 529 3653 non
574 3600 764 3661 reddit,
795 3583 1032 3664 quoniam
1065 3596 1287 3664 injustus
1336 3609 1437 3646 non
1484 3603 1578 3646 est.
1632 3593 1822 3646 Reddit

247 3712 356 3766 ergo
394 3694 532 3746 mala
565 3707 655 3760 pro
696 3688 860 3750 malis,
907 3702 1105 3754 poenam
1135 3701 1226 3754 pro
1265 3685 1552 3756 injustitia;
1579 3692 1625 3737 et
1652 3685 1823 3739 reddit

249 3788 370 3840 bona
392 3801 485 3853 pro
513 3783 684 3844 malis,
716 3780 934 3847 gratiam
971 3792 1063 3847 pro
1102 3776 1387 3847 injustitia;
1416 3786 1461 3827 et
1500 3776 1665 3827 reddit
1695 3775 1824 3829 bona

248 3896 334 3943 pro
383 3877 548 3935 bonis,
580 3874 798 3945 gratiam
848 3887 942 3937 pro
980 3869 1168 3939 gratia.
1199 3867 1330 3921 Cum
1377 3867 1543 3938 aliqui
1574 3876 1820 3937 pereunt,

251 3984 347 4022 non
392 3966 700 4020 dubitemus
750 3964 983 4027 ipsorum
1015 3958 1221 4011 meritis
1262 3957 1504 4025 deputari
1553 3959 1694 4028 quod
1729 3973 1824 4028 pe-

251 4067 430 4122 reunt;
487 4067 621 4124 quos
647 4054 832 4121 utique
878 4057 1061 4119 ροεεοι
1104 4049 1243 4102 Deus
1288 4048 1707 4103 misericorditer
1756 4050 1825 4103 li—

253 4151 464 4212 berare,
495 4147 539 4201 si
590 4143 770 4198 vellet.
805 4151 829 4188 6
881 4142 947 4196 Et
990 4154 1110 4194 cum
1160 4138 1321 4207 aliqui
1369 4139 1685 4207 liberantur,
1721 4158 1827 4196 non

253 4240 542 4292 audeamus
572 4234 816 4296 definire,
845 4229 986 4301 quod
1013 4229 1158 4298 digni
1192 4227 1381 4282 fuerint
1418 4229 1660 4295 liberari;
1694 4247 1829 4300 quos

257 4330 432 4397 utique
466 4334 649 4397 posset
695 4325 832 4378 Deus
859 4324 1002 4391 juste
1045 4321 1334 4384 damnare,
1359 4320 1404 4374 si
1435 4321 1614 4375 vellet.
1649 4323 1828 4392 Quare

1920 3138 2196 3206 sapientiae
2248 3148 2302 3192 et
2351 3140 2690 3205 intellectus,
2750 3141 2959 3194 consilii
3015 3151 3068 3196 et
3121 3142 3447 3197 fortitudinis
3481 3186 3497 3211 ,

1919 3231 2162 3285 scientiae
2207 3240 2259 3285 et
2308 3232 2540 3300 ρίι-ιειὶε,
2589 3247 2651 3286 ac
2702 3232 2909 3286 timoris
2959 3234 3060 3287 sui.
3095 3234 3224 3301 Quae
3277 3236 3410 3289 bona
3459 3235 3505 3289 si

1920 3337 2026 3375 non
2059 3321 2297 3375 dedi~set
2325 3323 2500 3388 nobis,
2532 3324 2620 3390 qui
2651 3327 2829 3375 omnia
2860 3333 3112 3391 operatur
3156 3324 3210 3377 in
3259 3323 3508 3378 omnibus

1922 3413 2132 3485 (lbid.),
2176 3428 2398 3482 prorsus
2445 3431 2551 3467 non
2599 3414 2920 3469 haberemus
2968 3415 3021 3469 in
3073 3415 3227 3470 nobis
3260 3434 3271 3468 :
3303 3426 3507 3471 etcum

1923 3506 2026 3570 his,
2059 3504 2148 3574 qui
2181 3521 2285 3559 non
2335 3514 2698 3572 cognoverunt
2753 3506 3060 3572 Dominum,
3112 3515 3204 3560 aut
3245 3522 3366 3561 cum
3417 3522 3509 3561 co-

1921 3597 2262 3665 gnovissent,
2318 3611 2424 3650 non
2477 3596 2615 3650 sicut
2671 3597 2836 3652 Deum
2885 3597 3363 3666 gl0tificaverunt,
3416 3607 3510 3653 aut

1924 3692 2119 3757 gratias
2170 3700 2427 3757 egerunt,
2483 3689 2577 3742 sed
2627 3689 2728 3743 hoc
2788 3691 2958 3759 ipsum
3016 3706 3128 3744 sua:
3186 3691 3507 3758 sapientiae,

1926 3778 2244 3847 deputantes
2287 3779 2433 3831 stulti
2483 3778 2628 3841 facti,
2677 3775 2695 3815 ι
2747 3787 2801 3832 et
2845 3779 3130 3832 obscurato
3171 3779 3333 3833 corde
3376 3795 3511 3832 eva-

1927 3879 2154 3922 nuerunt
2179 3868 2228 3920 in
2257 3866 2670 3936 cogitationibus
2691 3868 2804 3921 suis
2828 3869 3005 3938 (Rom.
3030 3884 3069 3936 ι,
3090 3867 3217 3936 2|);
3247 3883 3368 3923 cum
3400 3867 3508 3934 his,

1927 3960 2166 4029 inquam,
2201 3958 2515 4015 sederemus
2543 3959 2592 4011 in
2641 3961 2875 4014 tenebris
2904 3969 2957 4014 et
2985 3960 3036 4013 in
3078 3960 3267 4014 umbra
3299 3962 3510 4026 mortis,

1931 4066 2027 4106 nec
2051 4049 2324 4118 querelam
2356 4049 2614 4105 habentes
2645 4051 2712 4105 de
2755 4067 2940 4120 pmna,
2971 4066 3070 4106 nec
3108 4051 3513 4107 excusationem

1929 4141 1995 4195 de
2019 4141 2337 4210 ignomntia,
2371 4155 2469 4195 nec
2501 4141 2807 4210 praesidium
2839 4142 2904 4196 de
2937 4152 3150 4196 natura.

2003 4244 2043 4272 ιιι
2084 4235 2236 4289 Nunc
2259 4233 2369 4303 jam
2395 4234 2536 4304 quod
2561 4235 2808 4303 sequitur
2831 4235 2992 4300 quale
3014 4236 3085 4289 sit
3112 4235 3411 4291 videamus.

2446 4323 2872 4378 EXCERPTUM
2911 4323 3006 4378 IX.

256 4389 424 4474 autem
450 4389 556 4473 rion
581 4389 1098 4482 omnes,autquare
1123 4413 1244 4466 illos
1275 4414 1450 4481 potius
1477 4389 1687 4483 hquani
1709 4416 1830 4470 illos
1856 4389 1907 4448 D
2005 4421 2172 4493 (Aug.
2212 4419 2307 4476 lih.
2351 4433 2409 4472 Ill
2437 4416 2504 4472 de
2547 4418 2698 4472 Dono
2747 4420 3023 4473 Persevcr.
3074 4433 3196 4487 cap.
3247 4417 3369 4488 16.)
3413 4418 3519 4474 Sed

257 4512 476 4576 liberet,
508 4524 607 4563 nec
631 4509 991 4562 necessarium
1021 4516 1101 4559 est
1130 4520 1376 4574 quazrere
1399 4544 1416 4572 ,
1445 4521 1546 4561 nec
1575 4508 1832 4577 possibile

260 4601 524 4669 reperire;
558 4614 712 4662 cum,
764 4595 978 4650 omissis
1024 4595 1366 4650 discretionis
1412 4594 1567 4651 istius
1611 4600 1834 4666 causis,

262 4693 391 4748 scire
421 4691 651 4745 sufficiat
697 4688 836 4758 quod
869 4702 969 4742 nec
1005 4687 1374 4742 misericordia
1415 4688 1698 4760 justitiam,
1733 4709 1832 4749 nec

333 4864 358 4891 ⁸
395 4851 538 4907 Editi
565 4850 846 4911 hactenus,
871 4854 921 4900 et
947 4847 999 4898 in
1021 4861 1072 4899 se
1103 4857 1148 4900 et
1179 4846 1232 4900 in
1273 4846 1518 4909 Domino,
1551 4850 1838 4906 manifesto

268 4940 468 4985 errore,
498 4936 656 4992 quem
683 4919 960 4987 corrigunt
989 4931 1118 4970 mss.
1147 4917 1403 4973 Joliensis
1426 4927 1480 4974 et
1506 4919 1740 4992 Remig.,
1771 4938 1840 4978 ex

267 5012 368 5065 quo
397 4993 528 5049 edit.
563 4992 784 5065 ᾼυγςςιιειτ

336 5067 359 5103 δ
402 5066 528 5117 Mss.
565 5059 817 5114 Joliensis
857 5066 910 5112 et
949 5057 1334 5129 Rcmigianns,
1370 5067 1526 5112 totam
1571 5061 1840 5116 elationem

271 5152 430 5188 suam.
467 5131 612 5187 Edit.
641 5129 784 5193 Cul.,
815 5131 1109 5200 ejectionem
1138 5146 1316 5194 suam;
1347 5129 1438 5183 sed
1471 5132 1628 5186 male.

341 5217 361 5244 c
405 5207 528 5260 Mss,
563 5202 770 5269 Remig.
805 5198 858 5252 et
878 5198 1007 5264 10L,
1041 5199 1537 5268 prwrlestinutionem
1562 5201 1776 5258 scilicet.

268 5278 272 5286 ’
335 5275 364 5313 ει
406 5275 568 5329 Forte
597 5272 682 5324 hic
710 5270 1037 5337 addendum,
1061 5271 1359 5339 quicumque
1381 5269 1662 5324 liberantur
1685 5289 1700 5325 :
1725 5287 1846 5340 qua!

273 5347 431 5401 verba
463 5359 564 5399 nec
595 5343 648 5395 in
684 5356 811 5394 mss.
843 5355 942 5394 nec
973 5340 1026 5411 in
1065 5342 1225 5411 editis
1266 5341 1525 5395 hactenus
1564 5344 1844 5411 reperiun-

275 5425 379 5479 tur,
410 5416 514 5470 nisi
542 5415 594 5468 in
627 5413 792 5481 Lugd.
830 5410 1138 5481 recentiori.

347 5498 368 5524 ε
412 5487 556 5542 ﬁdit,
593 5479 749 5548 Levi,
782 5481 948 5534 Duae.
980 5489 1032 5535 et
1058 5479 1270 5543 Colon.,
1309 5481 1501 5535 Reddet
1527 5483 1756 5538 omnino.

351 5556 370 5595 ¹
414 5558 553 5612 Editi
598 5557 682 5608 hic
712 5564 764 5606 et
797 5564 874 5605 ter
921 5553 972 5604 in
1019 5551 1391 5618 sequentibus,
1437 5553 1725 5619 quomodo;
1757 5553 1849 5609 ubi

283 5629 337 5684 in
360 5643 489 5684 mss.
524 5625 751 5681 Jeliensi
781 5633 834 5679 et
864 5621 1000 5693 apud
1026 5623 1276 5693 August.,
1305 5625 1730 5695 quoniamjustus
1750 5633 1844 5694 est,

1934 4512 2101 4572 aiunt,
2135 4519 2186 4560 ut
2216 4507 2464 4573 scribitis,
2509 4509 2761 4561 nemiuem
2792 4523 2942 4578 posse
2982 4508 3317 4578 correptionis
3342 4509 3520 4562 stimu-

1934 4601 1998 4654 lis
2037 4598 2284 4660 excitari,
2315 4599 2359 4650 si
2391 4598 2596 4650 dicatur
2643 4599 2697 4652 in
2727 4608 2978 4652 conventu
3016 4597 3262 4652 Ecclesia:
3306 4600 3521 4653 audien-

1937 4697 2069 4751 tibus
2096 4691 2272 4745 multis
2296 4705 2314 4744 :
2337 4688 2422 4744 Ita
2457 4707 2510 4744 se
2543 4690 2694 4743 habet
2734 4691 2795 4744 de
2831 4692 3276 4762 prwdestinatione
3307 4691 3522 4760 de/inita

1943 4858 1997 4906 et
2024 4849 2101 4903 sic
2130 4847 2196 4901 de
2227 4845 2441 4900 cmteris
2469 4848 2710 4914 partibus
2740 4846 2895 4913 hujus
2923 4846 3224 4899 sententiae.

2016 4931 2040 4964 κ
2081 4919 2178 4972 Ms.
2211 4913 2611 4971 Joliensiscum
2643 4919 2771 4971 edit.
2799 4918 2991 4983 Lugth
3021 4926 3063 4968 ct
3088 4932 3201 4968 cum
3226 4913 3334 4966 alii.

2015 4988 2043 5027 δ
2083 4991 2182 5043 Ms.
2215 4987 2500 5051 Joliensis,
2546 5005 2695 5053 quam
2732 4989 2870 5041 istos.
2911 4987 3153 5053 lleli'jui,
3184 5000 3344 5054 quam
3380 4985 3518 5038 illos.

2022 5060 2037 5098 ί
2087 5061 2210 5113 “me
2245 5059 2402 5111 verba
2425 5101 2437 5123 ,
2472 5069 2518 5112 et
2545 5059 2686 5128 apud
2732 5076 2814 5110 eos
2844 5059 3019 5127 quibus
3063 5068 3205 5128 erant
3246 5058 3520 5128 profutura

1946 5149 2046 5184 non
2099 5129 2303 5198 fecerit,
2336 5145 2454 5196 qua:
2504 5126 2891 5183 onitttebantu'r
2942 5128 2991 5180 in
3042 5127 3200 5179 editis
3248 5126 3522 5198 omnibus,

1948 5193 2196 5255 restituta
2223 5193 2389 5252 habes
2419 5215 2484 5252 ex
2517 5215 2615 5252 ms.
2648 5199 2897 5260 Joliensi.
2928 5206 2982 5252 et
3009 5207 3165 5250 antea
3195 5212 3261 5250 ex
3291 5210 3390 5250 tus.
3420 5193 3524 5248 Rev

1952 5273 2187 5340 migiano
2218 5271 2269 5340 in
2290 5270 2533 5340 append.
2571 5271 2793 5340 Anglia.

2026 5339 2047 5410 7i
2090 5340 2188 5393 Ms.
2220 5339 2493 5410 .loliensis,
2523 5341 2664 5410 regni
2696 5339 2807 5395 Dei.

2021 5409 2047 5447 ιι
2091 5411 2187 5463 Ms.
2220 5409 2490 5474 Joliens-s,
2538 5406 2788 5461 Dominus
2818 5406 2992 5460 Jesus.

2027 5479 2043 5518 ι
2091 5480 2185 5534 Ms.
2216 5479 2486 5536 Joliensis.
2513 5488 2558 5533 et
2593 5479 2850 5530 obscurati
2874 5477 3046 5531 corde.

2023 5561 2062 5588 ω
2101 5551 2198 5606 Ms.
2230 5549 2507 5618 Joliettsis,
2539 5547 2693 5602 Nunc
2725 5549 2898 5603 etiam.
