4030 6178
475 234 577 293 199

1690 223 1749 282 S.
1793 219 2134 280 PROSPERI
2173 218 2503 290 AQUlTANl

3645 219 3752 278 ξω

471 358 498 386 ⁸
520 347 770 403 sententia
799 344 1071 400 voluntatis
1095 341 1212 406 Dei,
1244 349 1300 394 ut
1329 338 1420 392 alii
1445 354 1506 392 ea:
1527 335 1666 389 vobis
1693 334 1719 372 δ
1743 334 1807 389 de
1832 332 2056 404 inﬁdeli—
2083 339 2134 397 Α
2163 334 2341 402 pulum
2363 350 2463 388 non
2486 333 2721 388 existimo
2744 333 2922 388 debere
2942 334 3190 403 stt/ﬁcere,
3213 334 3315 390 nisi
3338 333 3438 390 hoc
3458 335 3536 390 vel
3555 336 3751 408 aliquid

471 450 592 507 tate,
640 448 846 510 accepta
884 434 1151 490 obediendi
1193 430 1478 497 voluntate,
1515 427 1753 481 veneritis
1778 426 1846 478 ad
1877 424 2053 494 ﬁdem,

471 531 547 585 vel
572 541 776 599 accepta
803 525 1192 596 perseverantia,
1235 520 1578 590 permaneatis
1619 519 1671 570 in
1704 517 1840 587 ﬁde;
1887 516 2058 570 ceteri

471 638 586 677 vero
615 624 701 690 qui
726 623 779 674 in
804 627 1130 690 peccatorum
1159 614 1498 670 delectatione
1540 610 1895 675 remoramini,
1939 609 2057 664 ideo

471 716 699 768 nondum
727 711 1041 778 surrexistis,
1073 709 1195 780 quia
1231 706 1448 760 necdum
1476 720 1562 759 vos
1587 703 1905 775 adjutorium
1936 717 2058 771 gra-

469 811 555 862 tia:
582 807 868 860 miserantis
899 806 1072 858 erexit.
1109 802 1470 855 Verumtamen
1498 799 1545 852 si
1569 799 1656 867 qui
1679 797 1798 851 estis
1825 797 2056 849 nondum

469 901 650 966 vocati,
679 915 803 970 quos
836 899 1006 969 gratia
1033 914 1129 951 sua
1161 893 1602 965 prasdestinaverit
1639 891 1936 962 eligendos,
1968 905 2057 943 ac-

468 992 662 1062 cipietis
689 991 914 1044 eamdem
943 989 1166 1060 gratiam
1191 1003 1294 1058 qua
1317 984 1482 1039 velitis
1513 991 1561 1037 et
1588 983 1702 1037 sitis
1731 982 1911 1047 electi;
1941 990 1987 1034 et
2011 981 2057 1034 si

467 1083 554 1152 qui
577 1082 808 1146 obeditis,
831 1084 872 1134 si
905 1077 1253 1151 preedestinati
1277 1077 1397 1130 estis
1418 1072 1709 1146 rejiciendi,
1749 1072 2056 1126 subtrahen-

469 1185 560 1230 tur
589 1185 611 1214 ο
639 1174 905 1230 obediendi
934 1174 1084 1240 vires,
1119 1179 1173 1224 ut
1203 1169 1407 1222 obedire
1434 1166 1658 1222 cessetis.

1057 1259 1457 1318 BESPONSIO.

535 1358 735 1427 Stupeo
767 1356 1107 1411 sanctitatem
1139 1363 1398 1419 vestram,
1431 1348 1798 1418 obiectionem
1844 1348 2054 1402 calum-

467 1451 728 1505 uiantium
765 1464 795 1503 a
825 1462 1054 1517 persona
1096 1445 1400 1500 defensoris
1441 1443 1632 1512 gratiae
1666 1457 1772 1496 non
1809 1440 2054 1510 potuisse

467 1543 799 1606 discernere,
828 1549 882 1595 et
907 1540 1070 1593 verba
1097 1535 1512 1593 obtrectantium
1545 1535 1594 1588 ei
1625 1535 1727 1603 ipsi
1755 1533 1844 1604 qni
1873 1534 2056 1587 obtre-

466 1634 766 1690 ctatoribus
794 1634 905 1687 suis
935 1631 1224 1701 respondet
1255 1636 1494 1699 aptasse.
1528 1628 1652 1681 Haec
1680 1629 1822 1681 enim
1857 1626 1926 1682 de
1957 1625 2056 1679 do-

2162 425 2458 494 hujusmodi
2483 425 2665 489 addat,
2686 434 2741 477 ut
2758 424 2935 478 dicat:
2966 424 3070 479 Vos
3085 425 3254 495 itaque
3280 427 3429 480 etiam
3453 427 3614 496 ipsam
3637 432 3753 482 obe-

2160 514 2335 568 diendi
2364 518 2784 585 perseverantiam
2815 533 2845 567 a
2877 514 3033 570 Patre
3057 516 3328 581 luminum,
3361 534 3392 570 a
3416 535 3516 587 quo
3543 521 3754 575 descen-

2159 607 2233 660 dit
2280 625 2426 662 omne
2463 611 2642 663 datum
2686 613 2936 680 Optimum
2964 621 3010 666 et
3050 627 3197 664 omne
3239 613 3433 666 donum
3475 616 3750 685 perfectum

2160 698 2180 770 (
2193 698 2310 754 Jac.
2354 717 2390 767 ι,
2423 703 2486 755 17
2503 701 2545 773 ),
2567 719 2773 773 sperare
2792 703 3000 769 debetis,
3025 713 3074 757 et
3095 705 3415 774 quotidianis
3435 709 3752 765 orationibus

2159 808 2366 861 poscere
2397 809 2416 847 :
2443 803 2592 863 atque
2632 795 2727 848 hoc
2757 796 2994 864 faciendo
3032 798 3288 866 conﬁdere
3331 814 3434 852 non
3463 816 3549 852 vos
3591 819 3697 854 esse
3721 820 3754 854 a

2157 885 2602 955 praedestinatione
2629 889 2809 958 populi
2833 889 2945 960 ejus
2973 891 3204 955 alienos;
3235 889 3250 940 i
3290 892 3411 961 quia
3442 894 3595 946 etiam
3626 894 3745 962 hoc,

2156 983 2212 1028 ut
2250 976 2476 1047 faciatis,
2506 978 2614 1046 ipse
2639 979 2873 1049 largitur.
2913 980 3059 1035 Absit
3093 993 3258 1035 antem
3287 1001 3318 1035 a
3343 983 3478 1036 vobis
3508 984 3626 1038 ideo
3654 987 3750 1040 de-

2153 1083 2362 1137 sperare
2389 1070 2455 1123 de
2477 1072 2638 1140 vobis,
2665 1073 2906 1141 quoniam
2943 1089 3083 1138 spem
3108 1087 3321 1128 vestram
3352 1077 3403 1128 in
3432 1077 3541 1147 ipso
3569 1078 3753 1134 habere

2145 1159 2417 1231 jubemini,
2442 1179 2545 1216 non
2566 1165 2618 1216 in
2638 1165 2795 1218 vobis.
2823 1163 3130 1220 Maledictus
3151 1167 3288 1220 enim
3311 1169 3472 1222 omnis
3498 1173 3587 1238 qui
3606 1188 3751 1238 spem

2156 1250 2305 1305 habet
2333 1253 2387 1305 in
2413 1254 2614 1309 homine
2645 1252 2866 1325 (Jerem.
2894 1271 3021 1322 xvn,
3052 1255 3122 1328 5)
3151 1273 3165 1322 ;
3191 1267 3261 1325 et,
3293 1257 3495 1312 Bonum
3524 1273 3596 1316 est
3617 1279 3749 1316 con-

2155 1342 2312 1409 ﬁdere
2339 1343 2392 1396 in
2423 1342 2641 1399 Domino
2669 1343 2696 1382 ¹ι
2736 1363 2889 1416 quam
2930 1349 3189 1415 conﬁdere
3230 1350 3283 1402 in
3315 1350 3517 1405 homine
3557 1352 3746 1422 (Psal.

2154 1447 2329 1499 cam,
2373 1435 2480 1506 8);
2517 1434 2534 1474 ι
2568 1440 2808 1506 quoniam
2851 1441 2980 1494 beati
3029 1457 3205 1494 omnes
3251 1444 3338 1510 qui
3382 1445 3646 1514 conﬁdunt
3694 1448 3749 1502 in

2154 1540 2287 1579 eum.
2318 1534 2357 1562 ω
2379 1525 2527 1580 lianc
2548 1545 2688 1596 spent
2733 1541 2974 1596 tenentes,
3005 1533 3184 1587 servile
3213 1533 3435 1588 Domino
3463 1537 3514 1589 in
3546 1540 3742 1604 timore,

2154 1625 2199 1668 et
2229 1619 2479 1672 exsultate
2507 1621 2552 1673 ei
2579 1637 2694 1674 cum
2738 1633 2955 1677 tremore
2983 1623 3003 1692 (
3029 1622 3174 1678 Psal.
3212 1641 3272 1688 ιι,
3310 1626 3368 1680 11
3395 1628 3435 1697 ).
3487 1630 3748 1695 Quoniam

466 1727 638 1784 ctrina
683 1724 938 1780 catholici
984 1725 1080 1778 viri
1128 1723 1344 1792 quidam
1388 1721 1639 1791 nequiter
1675 1732 1727 1775 et
1772 1719 2051 1790 nngatorie

2161 1708 2219 1763 de
2245 1712 2347 1764 vita
2376 1723 2569 1767 aeterna
2589 1757 2603 1779 ,
2649 1732 2804 1784 quam
2831 1716 2955 1784 ﬁliis
2984 1719 3337 1788 promissionis
3363 1723 3596 1791 promisit
3641 1741 3746 1778 non

465 1816 798 1890 iactitabant,
830 1815 969 1884 quod
998 1815 1086 1884 qui
1119 1814 1275 1868 talem
1322 1813 1416 1866 Dei
1448 1813 1672 1881 gratiam
1704 1809 2049 1880 praedicaret,

467 1918 526 1964 ut
553 1907 683 1962 ﬁdes
708 1915 761 1960 et
789 1907 1117 1970 ohedientia,
1147 1914 1469 1974 casteratque
1499 1905 1731 1957 virtutes
1750 1944 1766 1969 ,
1795 1909 1852 1957 et
1888 1903 1942 1956 in
1974 1903 2053 1958 eis

465 2019 634 2074 usque
664 2004 718 2059 in
747 2004 905 2057 linem
938 1999 1362 2071 perseverantia,
1403 2015 1506 2051 non
1544 1997 1646 2051 nisi
1678 2011 1743 2051 ex
1777 1996 1922 2049 dono
1956 1995 2051 2049 Dei

466 2095 655 2152 haberi
689 2110 852 2165 posse
879 2092 1204 2156 credantur;
1236 2104 1578 2159 consequens
1608 2103 1729 2144 esse
1768 2097 1824 2142 ut
1855 2087 2053 2143 talibus

466 2187 651 2242 verbis
673 2197 914 2241 uteretur
934 2183 999 2238 ad
1033 2183 1307 2252 populum,
1334 2189 1388 2236 et
1421 2179 1724 2250 hujusmodi
1758 2179 2051 2233 denuntia-

465 2278 699 2332 tionibus
741 2289 955 2331 omnetn
989 2275 1140 2328 liberi
1181 2271 1388 2328 arbitrii
1430 2271 1660 2325 evitaret
1701 2269 2049 2324 industriam.

465 2367 617 2434 Quod
641 2367 766 2438 quia
800 2366 1078 2437 piissimus
1117 2365 1310 2419 doctor
1353 2363 1552 2418 litteris
1596 2377 1785 2418 eorum
1817 2361 1884 2415 ad
1915 2376 2052 2432 quos

464 2461 653 2516 scribit
697 2465 1016 2530 agnoverat,
1047 2454 1074 2494 δ
1103 2456 1224 2511 ideo
1256 2453 1422 2526 25h.
1461 2453 1614 2516 dicit,
1665 2451 1772 2509 Sed
1802 2454 1970 2515 aiunt,
1997 2461 2052 2506 ut

462 2551 716 2617 scribitis;
745 2561 799 2605 et
826 2558 1033 2619 postea,
1059 2545 1172 2602 Ista
1194 2564 1310 2600 cum
1336 2546 1534 2599 dicunt.
1561 2542 1642 2599 Es
1672 2546 1775 2599 hoc
1799 2543 2052 2613 potuistis

463 2641 766 2710 advertere,
798 2654 905 2694 non
933 2637 1111 2708 ipsum
1141 2639 1257 2692 hmo
1279 2637 1486 2701 dicere,
1510 2635 1604 2690 sed
1636 2649 1730 2690 eos
1759 2633 1829 2690 de
1856 2634 2050 2705 quibus

463 2732 641 2786 dixit:
682 2730 790 2787 Sed
818 2735 988 2794 alunt,
1029 2738 1085 2782 ut
1117 2728 1376 2794 scribitis;
1407 2734 1464 2781 et
1502 2769 1517 2794 ,
1551 2725 1667 2780 Ista
1706 2742 1821 2779 cum
1850 2727 2048 2780 dicunt.

463 2823 616 2892 Quod
643 2823 895 2878 similiter
915 2829 968 2876 et
1001 2822 1294 2888 Apostolus
1334 2821 1410 2874 ait
1441 2818 1629 2890 (Rom.
1671 2834 1726 2885 v,
1760 2819 1829 2889 8)
1857 2836 1872 2873 :
1902 2818 2050 2875 Sicut

463 2919 609 2971 aiunt
654 2933 744 2970 nos
787 2915 998 2984 quidam
1036 2915 1224 2981 dicere,
1257 2911 1539 2966 Faciamus
1567 2912 1726 2975 mala,
1753 2921 1808 2965 ut
1845 2913 2051 2966 veniant

463 3010 616 3064 bona.
645 3007 871 3064 inferius
902 3017 1103 3072 autem,
1136 3006 1223 3060 ubi
1260 3005 1472 3075 plenius
1500 3005 1566 3059 ad
1597 3005 1696 3059 ista
1728 3004 2044 3074 respondet,

2157 1805 2377 1858 mendax
2403 1804 2544 1861 Deus
2572 1818 2689 1862 ante
2733 1819 2964 1877 tempora
2991 1821 3211 1875 eterna,
3262 1829 3406 1866 nemo
3452 1824 3612 1882 potest
3639 1833 3747 1870 esse

2155 1910 2383 1962 securus,
2417 1899 2518 1952 nisi
2547 1912 2901 1954 consummata
2932 1903 3087 1970 fuerit
3118 1904 3216 1958 ista
3244 1905 3366 1969 vita,
3395 1921 3509 1971 qum
3531 1908 3747 1961 tentatio

2154 1997 2227 2042 est
2248 2006 2402 2056 super
2427 2001 2650 2057 terram;
2673 1995 2760 2046 sed
2783 2002 2810 2028 η
2842 1994 2994 2064 faciet
3027 2011 3119 2048 nos
3147 2012 3470 2061 perseverare
3497 1999 3551 2050 in
3575 2015 3629 2050 se
3659 2016 3743 2052 ns-

2153 2097 2250 2150 que
2273 2083 2339 2134 ad
2368 2080 2524 2154 hujus
2554 2084 2671 2137 vita:
2697 2085 2874 2153 ﬁnem.
2905 2087 2988 2139 cui
3015 2087 3245 2157 quotidie
3267 2088 3484 2142 dicimus
3502 2104 3520 2141 :
3545 2087 3626 2143 Ne
3651 2106 3744 2145 nos

2154 2175 2348 2245 inferas
2369 2176 2422 2229 in
2449 2181 2778 2232 tentationem
2806 2178 3029 2250 (Matth.
3058 2196 3134 2246 γι,
3162 2179 3279 2249 15).

2227 2265 2521 2332 Videtisne,
2554 2268 2817 2335 obsecro,
2849 2281 3108 2340 quantum
3137 2271 3302 2326 distet
3347 2271 3436 2327 hic
3465 2287 3646 2328 sermo
3673 2275 3746 2329 ab

2154 2369 2222 2411 eo
2265 2371 2426 2426 quem
2467 2359 2773 2426 composuit
2816 2361 3121 2429 malignitas
3160 2361 3609 2432 obloquentinm;
3651 2366 3744 2435 qui

2153 2449 2476 2505 atuduerunt
2502 2452 2664 2506 etiam
2696 2467 2758 2507 ea
2790 2468 2910 2522 qua:
2941 2454 3101 2525 255
3132 2467 3278 2510 recte
3313 2456 3444 2511 dicit
3472 2459 3743 2528 exquisita

2152 2543 2444 2597 verborum
2473 2542 2663 2599 fraude
2689 2548 3083 2616 corrumpere?
3113 2546 3187 2601 De
3211 2562 3316 2616 quo
3339 2557 3364 2582 ο
3389 2547 3530 2603 idem
3552 2550 3746 2604 doctor

2152 2632 2454 2688 rectissime
2497 2633 2571 2688 ait
2601 2634 2774 2705 (Aug.
2807 2635 2904 2691 lib.
2932 2636 2998 2690 de
3028 2637 3178 2691 Dono
3211 2637 3474 2694 Persever.
3511 2656 3560 2695 c.
3599 2641 3742 2710 22):

2153 2722 2336 2778 Dolosi
2361 2735 2530 2780 autem
2552 2727 2629 2779 vel
2655 2728 2879 2796 imperiti
2909 2729 3095 2782 medici
3119 2739 3211 2796 est,
3245 2731 3399 2784 etiam
3429 2729 3556 2784 utile
3582 2733 3745 2784 medi—

2150 2825 2438 2870 camentum
2462 2819 2535 2871 sic
2557 2817 2794 2888 alligare,
2822 2829 2878 2873 ut
2902 2835 2991 2873 aut
3021 2839 3126 2875 non
3152 2825 3337 2890 prosit,
3368 2832 3459 2876 aut
3489 2824 3639 2878 obsit.
3675 2826 3746 2880 Ει

2151 2908 2343 2962 iterum
2369 2910 2436 2965 de
2473 2911 2634 2966 simili
2680 2912 2881 2983 ineptia
2929 2912 3479 2988 (lbidem):Nempe,
3524 2919 3742 2988 inquit,

2150 3001 2249 3056 hoc
2277 3006 2595 3059 verissimum
2621 3017 2693 3060 cst
2717 3023 2737 3061 :
2759 3009 2830 3061 ita
2859 3024 3002 3070 sane,
3027 3010 3115 3062 sed
3143 3011 3598 3078 improbissimum,
3645 3013 3748 3066 im-

463 3104 637 3158 tnulto
676 3103 1014 3157 manifestius
1055 3109 1204 3171 patet
1235 3109 1257 3138 ⁸
1290 3115 1448 3170 quam
1493 3099 1608 3154 hate
1635 3101 1701 3155 ab
1740 3099 1858 3169 ipso
1894 3115 2049 3153 nutu-
2077 3095 2122 3158 C
2153 3099 2596 3168 portunissimum,
2637 3101 3251 3171 incongruentissimum;
3279 3115 3306 3152 Ρ
3337 3121 3437 3157 non
3469 3106 3604 3174 [also
3629 3110 3746 3161 eto-

463 3211 621 3266 quam
670 3196 848 3248 taliter
888 3195 1029 3250 dicta
1081 3194 1220 3260 sint,
1253 3200 1306 3247 et
1337 3200 1598 3262 quantum
1640 3193 1690 3248 ei
1737 3192 2048 3261 huiusmodi

463 3285 864 3357 praedicationis
909 3284 1082 3339 forma
1129 3284 1450 3354 displiceat;
1490 3299 1650 3354 quam
1680 3285 1961 3354 corrigens
1993 3292 2049 3338 et

465 3376 730 3430 mundana
775 3386 937 3442 atque
963 3374 1282 3439 emendans,
1318 3375 1747 3429 tolerabiliorem
1779 3375 2050 3429 audienti-

465 3466 566 3521 bus
592 3466 752 3532 l'acit;
782 3481 902 3536 qua:
929 3480 1056 3520 vera
1087 3473 1217 3519 sunt
1243 3475 1574 3534 temperans,
1605 3481 1726 3535 quas
1761 3465 1894 3520 falsa
1925 3473 2052 3519 sunt

466 3574 739 3626 resecans,
763 3569 818 3614 et
845 3569 967 3628 post
994 3558 1160 3612 multa
1187 3558 1447 3628 adjiciens
1478 3556 1662 3625 (Idem
1687 3559 1776 3613 lib.
1811 3559 1874 3613 de
1901 3559 2049 3612 Dono

467 3651 729 3706 Persever.
761 3666 878 3719 cap.
904 3649 1004 3720 2?.)
1031 3667 1044 3701 :
1074 3647 1193 3703 Jum
1221 3665 1337 3704 vero
1371 3649 1509 3720 quod
1534 3650 1640 3703 illis
1685 3650 1844 3703 verbis
1876 3647 1894 3686 ί
1925 3665 2052 3702 con—

467 3743 706 3806 nectitur,
732 3743 889 3796 miror
909 3743 954 3796 si
981 3742 1084 3795 ullo
1110 3743 1260 3796 modo
1282 3749 1442 3813 potest
1464 3743 1516 3796 in
1545 3743 1738 3812 populo
1764 3741 2052 3797 Christiano

467 3837 732 3907 quisquam
761 3835 996 3904 inﬁrmus
1043 3835 1289 3904 patienter
1317 3833 1520 3899 audire,
1561 3850 1678 3887 cum
1719 3834 1910 3888 dicitur
1937 3834 2009 3888 eis
2033 3875 2050 3902 ,

469 3925 536 3979 Et
558 3927 601 3978 si
625 3926 711 3994 qui
732 3924 964 3989 obeditis,
986 3925 1066 3978 Bsi
1082 3923 1426 3995 pmdestinati
1445 3924 1564 3977 estis
1587 3922 1873 3994 rejiciendi,
1893 3920 1920 3961 1³
1934 3925 2057 3977 sub~

471 4019 735 4072 trahentur
763 4017 1056 4070 obedientiae
1096 4017 1264 4081 vires,
1309 4025 1365 4069 ut
1410 4014 1614 4069 obedire
1660 4016 1886 4070 cessetis.
1935 4015 2054 4070 Hoc

470 4109 601 4163 enim
643 4108 828 4173 dicere,
852 4107 976 4176 quid
1015 4106 1215 4160 videtur
1239 4106 1384 4158 aliud
1423 4121 1530 4160 esse
1548 4121 1704 4176 quam
1729 4105 2050 4176 maledicere,

470 4207 559 4251 aut
587 4198 721 4250 ntala
748 4197 967 4267 quodam
991 4196 1138 4248 modo
1172 4197 1512 4265 praphetare?
1543 4195 1610 4249 Et
1637 4205 1759 4264 post
1790 4195 1905 4250 haec
1931 4211 2051 4251 cum

471 4289 676 4344 diceret
710 4288 943 4358 qualiter
979 4287 1047 4342 de
1075 4287 1158 4340 his
1182 4286 1510 4355 loquendum
1548 4295 1693 4342 esset
1722 4287 1773 4340 in
1807 4288 2009 4356 populo
2032 4331 2048 4356 ,

475 4381 678 4452 pr0prii
739 4395 930 4436 sensus
980 4380 1142 4434 verba
1188 4381 1485 4434 connexuit
1535 4380 1722 4435 dicens
1773 4380 1961 4452 (Ibid.
1994 4383 2049 4453 ):

2151 3190 2293 3256 quia,
2319 3189 2409 3242 sed
2430 3206 2532 3243 non
2560 3191 2834 3246 salubriter
2855 3193 3136 3246 valetudini
3162 3195 3400 3248 humana:
3421 3197 3743 3263 inﬁrmitatis

2150 3281 2405 3350 apposito.
2437 3281 2551 3335 Non
2583 3280 2745 3351 igitur
2771 3297 2991 3338 necesse
3014 3292 3097 3338 est
3116 3284 3181 3338 de
3214 3285 3296 3338 his
3326 3286 3592 3341 rationem
3619 3287 3744 3341 red-

2151 3371 2299 3436 dere,
2331 3387 2451 3441 quae
2494 3382 2549 3426 et
2588 3373 2658 3426 ab
2685 3372 2804 3427 aliis
2830 3373 2994 3438 dicta,
3039 3381 3095 3428 et
3140 3375 3206 3427 ab
3242 3373 3360 3444 ipso
3404 3376 3744 3431 ostendimus

2151 3465 2490 3534 improbata;
2520 3465 2589 3518 ita
2625 3476 2827 3530 tamen,
2857 3475 2914 3518 ut
2944 3465 3076 3520 nihil
3110 3465 3215 3520 sibi
3248 3481 3345 3535 per
3369 3467 3624 3522 falsorum
3647 3469 3746 3522 ad-

2152 3555 2463 3610 mixtionem
2489 3557 2710 3626 prmripi
2732 3566 3010 3626 pateretur
3027 3572 3097 3612 ex
3122 3559 3284 3612 veris.
3310 3559 3571 3624 Quamvis
3593 3561 3741 3616 enim

2152 3661 2444 3715 numquam
2491 3656 2598 3700 tam
2649 3647 2964 3714 insipienter
3007 3647 3213 3702 locutus
3255 3648 3323 3703 sit
3366 3649 3432 3702 ad
3483 3653 3742 3719 populum

2151 3739 2540 3808 Christianum,
2572 3752 2625 3794 et
2653 3740 2706 3794 id
2729 3741 2872 3809 quod
2901 3740 3132 3794 mendax
3165 3740 3487 3796 obtrectatio
3518 3743 3743 3812 ineptis-

2153 3831 2289 3885 sime
2318 3831 2480 3884 linxit
2507 3841 2536 3881 ιι
2565 3832 2871 3897 horruerit;
2905 3832 2987 3900 pia
3029 3840 3203 3886 tamen
3231 3833 3609 3902 constantique
3638 3833 3743 3887 do-

2153 3923 2326 3976 ctrina
2363 3923 2702 3976 abundanter
2743 3921 3015 3990 probavit,
3050 3920 3450 3991 prredicandatn
3483 3938 3604 3977 esse
3637 3925 3747 3979 Ec-

2153 4014 2334 4070 clesiae
2363 4026 2418 4070 et
2446 4015 3004 4085 prtedestinationem,
3039 4016 3092 4068 in
3117 4029 3218 4082 qua
3251 4022 3335 4069 est
3362 4013 3552 4084 gratias
3577 4016 3746 4087 256

2155 4110 2505 4178 praeparatio;
2534 4119 2587 4165 et
2625 4110 2851 4179 gratiam
2899 4109 2950 4163 in
2990 4123 3092 4178 qua
3123 4117 3206 4164 est
3248 4110 3742 4178 praedestinationis

2154 4200 2409 4267 eliectus;
2467 4211 2520 4256 et
2572 4202 2969 4271 praescientiam
3031 4200 3158 4268 Dei,
3214 4215 3320 4271 qua
3367 4211 3494 4256 ante
3541 4203 3743 4258 sacula

2154 4303 2356 4350 aeterna
2387 4295 2584 4365 quibus
2612 4305 2756 4350 esset
2782 4294 3076 4349 collaturus
3118 4309 3216 4348 sua
3247 4293 3389 4349 dona
3447 4295 3739 4365 przescivit.

2154 4385 2320 4456 Cujus
2356 4386 2758 4457 praedicationis
2797 4387 3041 4456 quisquis
3073 4396 3158 4440 est
3184 4386 3552 4456 impugnator,
3582 4402 3747 4456 aper-

471 4472 635 4528 Illum
679 4474 833 4528 etiam
881 4474 1120 4543 modum,
1173 4489 1274 4543 quo
1307 4471 1322 4510 ί
1357 4475 1598 4528 utendmn
1645 4491 1752 4530 esse
1785 4475 1836 4528 in
1865 4478 2062 4547 praede-
2085 4460 2140 4524 D
2167 4479 2405 4535 tissimus
2434 4487 2518 4534 est
2543 4479 2843 4550 Pelagianae
2869 4478 3120 4533 elationis
3147 4477 3387 4546 adiutor.

470 4566 760 4622 stinationis
789 4567 1151 4638 pradicatione
1182 4582 1278 4620 nos
1308 4566 1532 4620 diximus
1552 4606 1567 4633 ,
1601 4567 1825 4638 loquenti
1854 4569 1924 4622 ad
1962 4585 2059 4640 po-

543 4707 570 4736 ι
609 4697 782 4760 Editi.
815 4697 1045 4774 scientia.
1087 4697 1214 4753 Mss.
1247 4698 1354 4754 101.
1397 4709 1452 4754 et
1491 4698 1706 4769 Retnig.
1749 4715 1870 4756 cum
1908 4701 2048 4774 Aug.

470 4768 634 4834 libro,
664 4769 929 4822 sententia.

542 4838 570 4877 ιι
613 4839 736 4894 llaec
768 4842 950 4907 verba,
977 4840 1042 4892 de
1063 4839 1390 4907 inﬁdelitate,
1421 4839 1616 4894 absunt
1639 4857 1666 4892 a
1694 4856 1826 4897 mss.
1862 4842 1969 4899 Jol.
1997 4853 2053 4900 et

472 4909 718 4980 Remig.;
768 4911 1015 4976 leguntur
1056 4912 1106 4963 in
1137 4911 1296 4963 cdtlis
1333 4913 1604 4977 omnibus,
1645 4925 1700 4967 et
1735 4913 1788 4967 in
1819 4914 1958 4970 libro
1987 4916 2048 4972 S.

475 4983 685 5050 August
734 4980 801 5035 de
829 4981 978 5035 Dono
1006 4981 1290 5035 Persever.

550 5064 572 5090 ο
617 5050 757 5104 Edit.
792 5051 981 5106 Venet.
1019 5059 1073 5106 et
1102 5050 1374 5118 Lugdun..
1403 5052 1706 5108 obedientiar
1731 5053 1879 5110 vires.

545 5119 573 5159 δ
612 5121 701 5176 Sic
730 5136 830 5174 ms.
863 5121 967 5175 101.
1000 5122 1148 5174 Alias
1177 5122 1332 5186 editi,
1359 5123 1474 5175 ideo
1499 5125 1590 5176 ait.

549 5202 572 5230 ⁸
613 5193 712 5247 Ms.
743 5191 1017 5256 Joliensis,
1044 5194 1180 5259 quod
1213 5193 1318 5246 hac
1341 5193 1404 5246 ab
1433 5194 1566 5258 ipso.

551 5261 570 5302 ί
611 5263 706 5316 Ms.
735 5262 862 5328 1οΙ.,
896 5266 1204 5317 annectitur.

549 5342 587 5406 ﬁ
616 5333 757 5406 Edtt.
787 5332 1145 5406 l._ov.,_unac.
1165 5341 1233 5406 _et
1274 5333 1460 5406 Colon.
1507 5335 1810 5406 habebant,
1840 5338 1885 5391 si
1914 5355 2049 5406 prte-

475 5404 589 5476 sciti
619 5404 757 5476 estis.
789 5403 918 5457 Mss.
951 5402 1057 5476 lol.
1082 5413 1135 5456 et
1164 5404 1368 5476 Remig.
1399 5421 1519 5458 cum
1550 5405 1740 5476 l.ugd.,
1779 5402 1968 5464 Venet.
1994 5420 2050 5465 ct

474 5473 790 5544 editaAug"
825 5474 1175 5544 prwdestinati
1205 5475 1341 5528 estis.

546 5541 575 5580 ιι
614 5542 737 5597 Mss.
779 5541 884 5618 tot.
917 5557 970 5596 et
998 5545 1209 5618 lterinig.
1255 5544 1618 5618 cttmLugd.,
1651 5547 2044 5618 subtrahuntur,

478 5624 531 5670 et
564 5625 740 5678 antea,
783 5613 952 5668 codex
987 5615 1238 5668 Jolicnsis
1267 5613 1530 5671 obedistis:

552 5683 570 5723 ί
613 5683 713 5739 Ms.
751 5683 891 5746 101..
935 5687 1183 5740 utendum
1223 5696 1348 5741 esset
1389 5689 1646 5753 loquendo
1675 5689 1742 5743 ad
1772 5691 2021 5762 populum

2231 4573 2344 4628 lloc
2374 4583 2553 4629 autem
2582 4572 2724 4644 quod
2751 4572 2805 4628 in
2839 4582 2861 4610 τ
2897 4574 3001 4627 line
3028 4571 3310 4643 posuistis,
3343 4572 3614 4642 superiori
3650 4588 3747 4628 ca-

2160 4705 2528 4779 Attgslibade
2567 4707 2718 4762 Dono
2745 4707 2994 4774 Persev.,
3026 4707 3169 4776 apud
3199 4708 3465 4779 populum.

2232 4780 2247 4847 l
2299 4777 2395 4847 Ms.
2427 4777 2534 4832 Jul.
2564 4821 2578 4840 ,
2613 4779 2700 4847 qui
2726 4779 2878 4832 etiam
2905 4778 3025 4832 hoc.

2217 4845 2255 4930 ,ι
2296 4846 2352 4902 In
2391 4863 2494 4902 ms.
2524 4845 2634 4903 Jol.
2661 4849 2858 4904 desunt
2902 4850 3039 4917 tunc,
3085 4866 3237 4918 quam
3279 4847 3538 4917 conﬁdere
3564 4848 3617 4901 in
3647 4847 3747 4903 ho-

2159 4935 2462 5053 m'iwliditi,
2493 4990 2615 5060 quia
2648 4988 2811 5060 beati.
2837 4989 2962 5043 Mss.
3004 4989 3108 5045 Jol.
3143 5000 3197 5045 et
3230 4990 3440 5060 Remig.
3477 5003 3597 5044 cum
3633 4988 3744 5047 Vc-

2157 5069 2272 5166 nel:
2295 5064 2598 5184 'E‘iiiimtiitv
2613 5059 3183 5186 ὑείὸξλὲιξῑάδοῗὲιῗηι
3204 5063 3429 5186 guttatae
3455 5147 3594 5186 spem

2227 5149 2266 5166 ω
2309 5149 2450 5184 bu“.
2486 5149 2642 5197 μοι,
2674 5149 2840 5184 uuae.
2870 5149 2926 5185 ει
2953 5149 3166 5196 ιιοιοηη
3204 5149 3266 5186 ιιι
3297 5149 3429 5183 nunc
3455 5149 3614 5200 spem.

2225 5207 2253 5235 ’³
2289 5200 2421 5274 Mss.
2445 5200 2553 5255 101.
2579 5211 2634 5254 et
2652 5200 2892 5272 Remig.,
2917 5203 3064 5269 faciet
3090 5220 3180 5257 nos
3203 5217 3542 5274 perseverare.
3568 5201 3748 5257 Abest

2154 5284 2255 5325 vos
2288 5271 2423 5335 haec,
2456 5287 2569 5333 nos,
2599 5273 2667 5326 ab
2695 5271 2878 5328 editis.

2227 5348 2252 5376 °
2292 5339 2387 5394 Ms.
2420 5340 2700 5405 Joliensis,
2727 5343 2866 5396 idem
2895 5351 3096 5399 auctor.

2226 5420 2254 5485 ξ
2289 5410 2367 5485 ita
2399 5427 2510 5466 mss
2558 5413 2664 5485 Jol.
2690 5424 2744 5468 et
2768 5414 2975 5485 Remig.
3008 5430 3129 5468 cum
3154 5415 3282 5467 edit.
3314 5413 3480 5483 Oper.
3510 5417 3742 5484 August.

2156 5481 2299 5555 Editi
2325 5496 2454 5555 vero
2477 5484 2647 5537 nostri
2677 5499 2890 5555 omnes,
2915 5481 3014 5538 non
3045 5487 3230 5554 falsum
3257 5481 3484 5555 eloquio,
3515 5481 3609 5538 sed
3631 5501 3744 5539 non

2154 5553 2423 5626 salubriter
2442 5555 2727 5626 valetudini
2755 5554 2995 5626 humana:
3023 5557 3332 5624 inﬁrmitatis
3352 5553 3677 5626 appositum.

2228 5633 2254 5673 ς
2298 5623 2397 5677 Ms.
2433 5623 2714 5691 .Ioliensis,
2745 5625 3080 5680 inhorruerit.

2231 5705 2252 5732 ι
2296 5692 2546 5752 Editores
2596 5695 2984 5766 Lovanicnses,
3018 5706 3071 5753 et
3101 5697 3189 5768 qui
3243 5696 3343 5754 hos
3382 5706 3511 5754 sunt
3550 5692 3738 5754 secuti
