4030 6178
281 321 385 376 205

741 318 945 375 LIBER
983 317 1049 374 IN
1089 317 1227 383 QUO
1266 279 1785 373 PRDFERUNH‘R
1827 315 2356 373 AUCTORITATES
2398 315 2899 388 EPISCOPORUM,
2931 322 3084 379 ETC.

3441 326 3548 382 208

278 438 440 517 tepuit
470 435 773 517 Leo,.quem
795 447 844 488 et
878 434 1160 505 Prospero,
1189 451 1304 487 cum
1333 435 1449 490 aliis
1470 433 1725 503 ejusmodi
1749 433 1952 501 scriptis
1979 433 2222 499 tradidit,
2267 445 2321 486 ut
2361 435 2440 488 illi
2487 436 2554 487 ad
2607 436 2914 506 refellendas
2957 439 3364 496 Massiliensium
3405 447 3538 514 obje-

272 511 465 561 ctiones
497 511 615 558 usui
642 516 788 559 esset.

349 577 432 629 E1:
459 578 536 629 his
567 578 800 628 omnibus
827 576 1166 629 verosimilius
1198 575 1342 628 nobis
1373 576 1570 629 videtur
1597 575 1693 627 hoc
1719 576 2164 646 commonitorium
2185 591 2249 628 ea:
2271 573 2526 628 Caelestini
2542 577 2749 640 imperio
2771 595 2802 628 a
2826 579 2990 630 Leone
3013 579 3144 644 forte
3170 581 3551 646 concinnatum,

270 658 326 701 et
357 647 601 715 Prosperi
628 647 798 700 usibus
821 648 1167 699 contraditum
1198 663 1216 699 :
1239 645 1415 700 eodem
1442 663 1562 717 ergo
1593 656 1818 714 tempore
1844 662 1960 699 cum
1985 645 2202 715 epistola
2222 645 2493 714 superiori,
2516 646 2571 697 id
2597 656 2671 700 est
2695 663 2829 699 anno
2865 649 3053 702 Christi
3081 651 3205 704 451.

280 773 3558 802 W

1341 864 1490 977 S-
1570 863 2485 977 PROSPERI

1688 1053 2145 1115 AQUITANI

1575 1179 1764 1221 LIBER
1807 1178 1912 1221 CUI
1957 1177 2227 1219 TITULUS

897 1299 1789 1373 PBJBTEBITOBUM

536 1449 1881 1582 EPISCOPORUM

1865 1297 2170 1370 SEDIS
2249 1299 2942 1372 APOSTOLICZE

1974 1444 3306 1598 AUCTORITATES,

845 1639 948 1697 DE
994 1637 1297 1699 GRATIA
1345 1637 1472 1696 DEI
1519 1636 1620 1695 ET
1665 1632 1958 1694 LIBERO
1989 1597 2511 1694 IVOLUNTATIS
2555 1635 2937 1696 ARBITRIO
2969 1642 3015 1694 '.

1687 1896 2177 2002 praefatio.

1629 2064 1774 2117 Alias
1833 2063 2062 2119 CAPUT
2129 2065 2218 2119 ΙΙΙ.

353 2188 511 2259 271
543 2184 678 2253 Quia
708 2183 952 2239 nonnulli
977 2183 1066 2254 qui
1101 2181 1370 2239 catholico
1398 2182 1617 2237 nomine
1643 2181 1877 2249 gloriau-
1907 2184 1954 2241 A
1981 2183 2136 2238 liberi
2163 2184 2366 2238 arbitrii
2396 2185 2731 2251 defensores,
2751 2187 2878 2256 quid
2910 2187 2976 2242 de
3004 2189 3175 2256 gratia
3207 2186 3297 2242 Dei
3323 2189 3563 2244 sentien~

280 2293 386 2346 tur,
424 2285 477 2335 in
519 2281 791 2336 damnatis
828 2291 1009 2332 autem
1053 2276 1431 2331 haereticorum
1475 2275 1746 2339 sensibus,
1780 2289 1875 2326 seu

279 2374 570 2441 pravitate,
604 2370 719 2424 sive
764 2368 1030 2437 imperitia
1077 2366 1446 2430 demorantes,
1478 2365 1733 2434 piissimis
1761 2363 1874 2417 dis-

287 2462 634 2532 putatoribus
675 2461 893 2514 obviare
935 2469 1294 2528 praesumunt;
1343 2466 1398 2512 et
1441 2473 1560 2511 cum
1603 2455 1878 2525 Pelagium

282 2566 442 2623 atque
473 2552 794 2606 leestium
835 2549 1290 2603 anathematizare
1323 2565 1430 2602 non
1468 2548 1733 2609 dubitent,
1768 2561 1882 2599 lna-

282 2646 463 2714 gistris
495 2653 675 2698 tamen
707 2642 927 2709 nostris,
962 2650 1234 2712 tamquam
1267 2643 1628 2696 necessarium
1655 2639 1875 2693 modum

281 2735 644 2796 excesserint,
687 2733 1070 2801 obloquuntur,
1105 2747 1276 2796 eaque
1312 2730 1684 2786 tantummodo
1725 2729 1876 2798 sequi

280 2837 336 2883 et
367 2828 602 2896 probare
634 2827 980 2894 proﬁtentur,
1013 2841 1134 2892 quas
1173 2825 1535 2878 sacratissima
1576 2824 1720 2878 beati
1753 2837 1877 2891 apo-

281 2922 408 2975 stoli
442 2920 588 2975 Petri
620 2919 777 2974 sedes
804 2928 990 2973 contra
1023 2919 1274 2972 inimicos
1297 2918 1483 2986 gratiae
1520 2918 1635 2980 Dei,
1665 2932 1759 2986 per
1782 2917 1882 2970 mi-

282 3013 573 3069 nisterium
609 3012 896 3081 prtesulum
925 3025 1149 3065 suorum
1181 3011 1378 3077 sanxit,
1413 3018 1469 3064 et
1498 3010 1681 3065 docuit
1721 3028 1734 3064 :
1781 3026 1876 3065 ne-

284 3105 583 3159 cessarium
635 3102 732 3156 fuit
779 3102 1069 3171 diligenter
1116 3102 1413 3171 inquirere,
1465 3101 1592 3170 quid
1639 3111 1880 3156 rectores

284 3197 546 3254 Romanae
584 3194 863 3260 Ecclesiae,
895 3195 962 3252 de
999 3194 1214 3264 hmresi,
1247 3210 1366 3267 quae
1407 3209 1596 3252 eorum
1629 3195 1883 3266 tempori-

285 3294 395 3348 bus
415 3303 602 3348 exorta
627 3291 823 3354 fuerat,
843 3289 1158 3360 judicarint,
1185 3300 1238 3344 et
1259 3301 1447 3344 contra
1470 3289 1883 3345 nocentissimos

364 3438 390 3463 ι·
423 3426 677 3481 ϐοιιεοιτε
707 3426 847 3480 circa
875 3441 1072 3480 annum
1097 3424 1300 3480 Christi
1328 3423 1453 3480 851.

362 3496 392 3537 b
423 3497 568 3554 Editi
613 3495 874 3566 Mogunt.,
919 3496 1148 3564 Lovan.,
1189 3496 1355 3550 Duac.
1398 3505 1452 3550 et
1495 3493 1717 3560 Colon.,
1761 3495 1884 3547 dum

1982 2277 2102 2330 dum
2174 2293 2296 2332 esse
2343 2280 2656 2334 censuerint
2698 2297 2711 2332 :
2760 2286 2831 2334 ita
2873 2291 2928 2334 ut
2978 2283 3141 2336 etiam
3192 2281 3568 2339 Africanorum

1981 2370 2335 2424 conciliorum
2382 2372 2639 2441 quasdam
2689 2374 2983 2428 sententias
3023 2375 3393 2444 jungeremus,
3435 2391 3570 2444 quas

1983 2463 2165 2529 utique
2193 2477 2319 2516 suas
2342 2464 2582 2517 fecerunt
2608 2465 2889 2532 apostolici
2921 2466 3214 2527 antistites,
3239 2463 3265 2501 δ
3292 2480 3412 2518 cum
3447 2480 3573 2534 pro-

1983 2553 2202 2607 barunt.
2238 2552 2308 2608 Ut
2338 2568 2467 2622 ergo
2498 2554 2733 2622 plenius,
2765 2557 2852 2624 qui
2889 2555 2940 2608 in
2980 2556 3158 2622 aliquo
3193 2555 3459 2618 dubitant,
3491 2557 3576 2609 in-

1985 2650 2284 2710 struantur,
2331 2643 2745 2698 constitutiones
2795 2655 3103 2697 sanctorum
3154 2645 3373 2697 Patrum
3423 2659 3576 2698 com—

1981 2735 2245 2803 pendioso
2293 2733 2701 2789 manifestumus
2749 2734 3008 2799 indiculo,
3057 2749 3161 2802 quo
3203 2734 3246 2786 si
3295 2735 3416 2802 quis
3466 2749 3572 2789 non

1980 2827 2202 2881 nimium
2232 2835 2316 2880 est
2345 2826 2740 2887 contentiosus,
2771 2833 3026 2894 agnoscat
3060 2826 3300 2879 omnium
3331 2827 3568 2894 disputa-

1982 2922 2185 2975 tionum
2231 2919 2623 2974 connexiunem
2664 2934 2728 2973 ex
2772 2919 2873 2973 hac
2911 2919 3245 2973 subditarum
3277 2921 3574 2974 auctorita—

1985 3022 2096 3064 tum
2129 3011 2390 3064 brevitate
2423 3010 2680 3078 pendere,
2714 3010 3021 3079 nullamque
3051 3010 3152 3064 sibi
3183 3010 3571 3066 contradictio-

1988 3102 2073 3155 nis
2103 3115 2390 3170 superesse
2419 3100 2710 3166 rationem,
2743 3101 2788 3155 si
2827 3115 2952 3154 cum
2995 3099 3276 3156 catholicis
3304 3101 3489 3155 credat
3521 3112 3578 3156 et

1990 3191 2133 3248 dicat
2171 3209 2182 3244 :

1984 3421 2104 3475 illas
2129 3419 2536 3486 comprobarent.
2567 3419 2705 3472 Edit.
2738 3421 2970 3488 append.
2999 3422 3133 3489 Aug.
3161 3437 3225 3474 ex
3255 3435 3388 3476 mss.
3415 3424 3578 3476 (Iorb.

1992 3505 2046 3548 et
2071 3492 2270 3546 Leonis
2294 3505 2544 3559 Operum,
2577 3490 2741 3546 editio
2771 3492 3069 3558 Quesnelli,
3099 3502 3152 3544 ut
3177 3493 3230 3546 in
3265 3503 3432 3547 textu.

1332 3743 1965 3853 INCIPIT
2038 3737 2544 3844 LIBER.

1784 3943 2116 3966 —

565 4044 965 4106 CAPITULUM
1007 4049 1046 4103 Ι.
1088 4049 1230 4102 Alias
1270 4045 1496 4102 CAPUT
1537 4045 1627 4100 IV.

297 4141 457 4208 Quod
496 4140 665 4192 Adam
710 4156 882 4193 omnes
923 4141 1150 4192 homines
1191 4137 1396 4199 laeserit,
1422 4152 1529 4208 inec
1565 4149 1888 4206 quanquam,

637 4211 734 4263 nisi
766 4209 951 4263 Christi
981 4212 1147 4281 gratia
1173 4224 1324 4280 posse
1349 4207 1563 4261 salvari.

365 4324 433 4378 ln
465 4322 915 4393 praevaricatione
944 4322 1070 4376 Adda
1095 4333 1284 4375 omnes
1311 4319 1558 4372 homines
1587 4316 1892 4372 naturalem

293 4420 719 4491 possibilitatem
761 4426 816 4470 et
854 4417 1218 4470 innocentiam
1259 4411 1585 4481 perdidisse,
1625 4421 1680 4466 et
1721 4410 1894 4465 nemi-

296 4529 428 4568 nem
460 4512 528 4566 de
559 4509 823 4579 profundo
860 4509 1006 4563 illius
1035 4508 1194 4579 272
1222 4505 1391 4558 ruinae
1423 4519 1517 4574 per
1549 4504 1777 4558 liberum
1806 4519 1894 4556 ar-

297 4606 528 4659 bitrium
559 4617 716 4672 posse
747 4616 1092 4670 consurgere,
1122 4599 1223 4653 nisi
1246 4614 1367 4653 eum
1399 4599 1568 4666 gratia
1601 4598 1694 4652 Dei
1725 4598 1893 4652 mise-

298 4696 479 4752 rantis
512 4695 750 4751 erexerit
783 4711 798 4747 :
828 4692 1209 4762 pronuntiante
1248 4691 1421 4745 beata:
1456 4690 1729 4744 memoria:
1759 4703 1896 4757 papa

300 4786 647 4848 Innocentio,
688 4791 850 4852 atque
886 4783 1099 4837 dicente
1141 4783 1194 4835 in
1235 4783 1462 4849 epistola
1511 4780 1576 4833 ad
1619 4780 1898 4849 Carthagi-

300 4893 480 4933 nense
518 4875 806 4930 concilium
847 4873 1008 4944 (Vide
1045 4875 1176 4926 inter
1212 4873 1363 4942 epist.
1398 4870 1580 4926 Innoc.
1629 4881 1764 4925 tomo
1807 4887 1901 4925 no—

300 4983 413 5023 stro
451 4968 577 5037 XX)
619 4977 689 5023 ξι
719 4967 957 5020 Liberum
996 4967 1128 5018 enim
1173 4966 1442 5018 arbitrium
1479 4966 1568 5018 ille
1607 4981 1896 5035 perpessus,

301 5062 430 5112 dum
464 5061 572 5112 suis
602 5058 942 5111 inconsultius
969 5057 1126 5109 utitur
1155 5057 1320 5118 bonis,
1355 5057 1542 5109 cadens
1568 5057 1618 5109 in
1651 5057 1900 5125 prevari-

300 5152 526 5205 cationis
571 5151 833 5221 profunda
874 5149 1131 5202 demersus
1170 5157 1279 5213 est;
1311 5157 1358 5199 et
1387 5146 1537 5216 nihil,
1567 5148 1898 5216 quemadmo-

299 5246 428 5296 dum
463 5243 650 5296 exinde
675 5256 884 5310 surgere
915 5248 1080 5309 posset
1110 5238 1300 5292 invenit
1323 5254 1342 5292 :
1363 5254 1553 5307 suaque
1579 5239 1630 5292 in
1655 5250 1903 5294 (uernum

377 5433 404 5460 ι
446 5421 626 5475 Editio
669 5419 868 5475 Leonis
915 5420 1239 5484 novissima,
1286 5419 1472 5473 Libero
1516 5422 1652 5475 enim
1691 5423 1902 5478 arbitrio

299 5495 394 5549 ille
426 5508 716 5559 perversus.
748 5491 994 5565 Nostram
1029 5493 1569 5565 lectionemAmargini
1611 5495 1902 5565 inscripsit,

303 5580 433 5634 qum
457 5572 542 5616 est
570 5566 730 5616 etiam
761 5561 1054 5615 editionum
1085 5562 1338 5624 Prosncri
1369 5569 1424 5614 et
1454 5561 1794 5630 Augustmi.‘

382 5635 408 5672 δ
443 5634 536 5686 Sic
577 5647 707 5686 mss.
754 5644 808 5684 et
848 5633 1016 5686 editio
1051 5633 1176 5684 anni
1212 5630 1355 5685 1524
1387 5631 1648 5690 Μοξιηιι..
1683 5646 1735 5687 et
1765 5636 1905 5690 apud

383 5651 408 5672 ”
443 5651 536 5686 DIC
577 5651 707 5686 mss.
754 5651 808 5684 ει
848 5651 1016 5686 curuo
1051 5651 1176 5684 anttt
1212 5651 1355 5685 ἰθΖῦ
1387 5651 1648 5699 magunu,
1683 5651 1735 5687 et
1765 5651 1905 5702 apuu

308 5707 543 5772 August.
575 5713 720 5756 tomo
749 5702 810 5764 ll,
839 5714 894 5756 et
925 5701 1156 5771 append.
1195 5703 1324 5756 tomi
1351 5701 1418 5755 Χ.
1451 5702 1506 5755 ln
1533 5701 1715 5757 Leone
1745 5722 1906 5770 novo,

309 5775 475 5845 hujus
500 5773 665 5827 ruina:
689 5773 1024 5845 subjacuisset
1047 5789 1320 5844 oppressus
1339 5773 1493 5830 ,Αιιω
1521 5773 1776 5844 Prosperi
1801 5776 1910 5832 edi-

1920 4046 1967 4105 B
1996 4038 2226 4090 libertate
2254 4036 2511 4104 deceptus,
2537 4033 2562 4072 δ
2588 4035 2742 4103 hujus
2769 4037 2932 4088 ruina:
2958 4036 3186 4090 latuisset
3217 4051 3462 4107 Oppressu
3485 4039 3585 4090 nisi

1995 4145 2109 4184 eum
2153 4137 2266 4199 post
2309 4128 2498 4181 Christi
2533 4145 2625 4197 pro
2669 4145 2762 4182 sua
2803 4129 2971 4199 gratia
3013 4130 3279 4182 relevasset
3314 4130 3584 4196 adventus,

1995 4224 2083 4292 qui
2134 4239 2222 4291 per
2265 4237 2408 4275 nova:
2453 4223 2851 4292 regenerationis
2903 4223 3331 4290 puriﬁcationem,
3375 4234 3397 4262 ο
3439 4241 3589 4278 omne

1994 4316 2306 4386 prateritum
2330 4316 2506 4367 vitium
2535 4317 2616 4368 sui
2642 4314 2963 4386 baptismatis
2991 4315 3192 4368 lavacro
3218 4317 3476 4387 purgavit.

2285 4469 2682 4526 CAPITULUM
2724 4470 2789 4524 ll.
2829 4469 2975 4522 Alias
3013 4469 3165 4524 CAP.
3213 4470 3274 4523 V.

2001 4582 2152 4648 Quod
2192 4599 2340 4636 nemo
2379 4585 2446 4638 sit
2484 4584 2641 4637 bonus
2681 4585 2786 4656 suis
2826 4583 3035 4648 uiribus,
3068 4585 3168 4637 nisi
3196 4585 3590 4656 participatione

2440 4659 2550 4726 ejus
2582 4656 2667 4723 qui
2695 4655 2834 4707 solus
2865 4664 2937 4706 est
2967 4655 3146 4707 bonus.

2073 4793 2348 4849 Neminem
2377 4807 2498 4848 esse
2529 4807 2621 4860 per
2651 4793 2999 4861 semetipsum
3036 4792 3258 4858 bonum,
3291 4794 3393 4848 nisi
3427 4798 3589 4864 parti-

2004 4883 2327 4953 cipationem
2353 4883 2433 4936 sui
2467 4882 2557 4936 ille
2585 4881 2771 4945 donet,
2803 4882 2894 4950 qui
2923 4883 3072 4936 solus
3097 4891 3181 4937 est
3210 4883 3382 4938 bonus
3409 4901 3420 4936 :
3449 4889 3594 4955 quod

2006 4973 2060 5027 in
2091 4971 2296 5026 eisdem
2329 4971 2544 5039 scriptis
2575 4970 2816 5039 ejusdem
2859 4974 3129 5042 pontiﬁcis
3166 4977 3432 5029 sententia
3469 4994 3597 5045 pro-

2004 5070 2231 5117 testetur
2270 5061 2457 5116 dicens
2493 5061 2654 5131 (Vide
2685 5063 2770 5115 ubi
2799 5066 2999 5129 supra),
3030 5059 3058 5099 ἀ
3091 5061 3228 5115 Nam
3257 5066 3384 5134 quid
3413 5083 3504 5120 nos
3537 5071 3600 5120 de

2004 5169 2177 5206 eorum
2210 5151 2424 5223 posthac
2448 5161 2640 5204 rectum
2663 5153 2913 5206 mentibus
2949 5155 3274 5222 testimemus,
3302 5155 3390 5226 qui
3416 5157 3513 5208 sibi
3545 5173 3599 5210 se

2009 5254 2189 5314 putant
2218 5251 2242 5280 °
2268 5243 2446 5297 debere
2478 5244 2614 5313 quod
2656 5244 2772 5297 boni
2792 5255 2928 5310 sunt,
2967 5261 3060 5298 nec
3094 5245 3241 5298 illum
3272 5250 3599 5304 considerant

2009 5428 2207 5516 tiones,
2238 5431 2663 5516 ruinaljacuisset
2690 5447 2982 5511 oppressus.

2087 5511 2108 5535 ε
2141 5499 2195 5552 1η
2225 5515 2354 5553 mss.
2388 5499 2574 5563 Corb.,
2609 5502 2855 5566 prateriti
2881 5504 3081 5553 vitium.

2081 5566 2117 5644 d_
2138 5569 2316 5644 Editio
2335 5569 2568 5644 Mogunt.
2585 5609 2599 5634 ,
2621 5569 2886 5644 Numquid
2904 5588 3014 5625 nos.
3041 5571 3195 5642 Apud
3217 5575 3354 5644 Aug.
3383 5583 3510 5629 tom.
3529 5573 3600 5643 ll,

2011 5641 2074 5695 de
2097 5639 2178 5693 Itis
2207 5640 2423 5705 posthac
2448 5651 2639 5693 rectum
2669 5641 2937 5694 mentibus.

2089 5720 2112 5750 θ
2141 5710 2282 5765 Editi
2315 5711 2658 5780 Prosperiani
2689 5725 2896 5779 omnes,
2925 5713 3120 5768 deberi.
