4026 6176
435 209 541 266 ΞΟῚ

1676 192 1735 248 S.
1777 189 2118 248 PROSPERI
2159 186 2485 258 AQUITANI

3605 179 3716 237 208

439 327 583 390 cujus
618 315 842 379 quotidie
876 311 1096 386 gratiam
1131 315 1533 377 consequuntur,
1571 313 1596 342 ⁸
1636 304 1725 374 qui
1771 303 1880 358 sine
1929 300 2098 375 illoA
2117 300 2371 370 jutorium
2396 295 2650 352 extollunt
2675 293 2886 347 humani
2911 291 3112 346 arbitrii
3141 291 3448 359 libertatem,
3478 290 3719 347 districto

439 424 636 469 tantum
659 426 710 463 se
738 409 937 477 assequi
965 421 1113 477 posse
1137 401 1444 471 conﬁdunt?

718 536 1113 594 CAPITULUM
1153 533 1240 589 Ill.
1283 533 1426 588 Alias
1460 530 1616 587 CAP.
1657 529 1750 585 VI.

530 634 682 704 Quod
711 634 808 686 nisi
834 633 998 704 gratia
1030 629 1127 682 Dei
1156 627 1396 680 continua
1416 628 1684 698 juvemur,
1718 622 1936 676 insidias

774 701 965 755 diaboli
991 714 1232 766 superare
1255 713 1354 749 non
1385 711 1682 764 possumus.

509 796 789 854 Neminem
841 793 1003 847 etiam
1060 786 1398 856 baptismatis
1455 785 1628 854 gratia
1682 790 2022 845 renovatum,

440 891 694 945 idoneum
723 900 845 940 esse
874 883 940 938 ad
960 880 1303 948 superaudas
1329 877 1528 932 diaboli
1557 875 1796 939 insidias,
1825 883 1878 929 et
1903 872 1931 912 δ
1957 872 2024 927 ad

437 979 730 1036 vincendas
759 975 940 1030 carnis
970 970 1459 1040 concupiscentias,
1500 967 1600 1021 nisi
1634 981 1732 1035 per
1758 964 2026 1034 quotidia-

437 1089 564 1128 num
590 1069 913 1140 adjutorium
945 1064 1040 1119 Dei
1071 1062 1526 1133 perseverantiam
1555 1060 1711 1113 bona:
1737 1070 2030 1111 conversa-

441 1165 599 1218 tionis
637 1159 906 1227 acceperit
943 1173 956 1208 :
995 1155 1138 1225 quod
1173 1151 1414 1222 ejusdem
1450 1149 1704 1204 antistitis
1743 1149 1796 1202 in
1835 1147 2024 1201 iisdem

439 1257 647 1327 paginis
677 1251 920 1306 doctrina
951 1247 1241 1301 conﬁrmat
1276 1243 1463 1298 dicens
1495 1240 1656 1312 (Vide
1686 1240 1772 1293 ubi
1796 1236 1984 1307 supra)
2012 1254 2024 1289 :

441 1349 581 1402 Nam
625 1345 853 1414 quamvis
892 1340 1146 1392 hominem
1190 1348 1212 1375 ε
1254 1335 1520 1389 redemerit
1558 1350 1590 1386 α
1631 1331 1903 1401 prceteritis
1940 1328 2029 1383 ille

441 1440 600 1510 273
626 1435 872 1506 peccatis;
895 1442 1061 1484 tamen
1079 1430 1245 1482 sciens
1262 1427 1408 1480 illum
1430 1427 1609 1478 iterum
1631 1439 1777 1494 posse
1791 1437 2024 1491 peccare,

441 1533 506 1585 ad
555 1527 930 1599 reparationem
976 1523 1095 1589 sibi,
1127 1518 1559 1591 quemadmodum
1601 1525 1766 1585 posset
1795 1515 1943 1567 illum
1980 1522 2030 1566 et

441 1633 554 1695 post
581 1625 682 1676 ista
714 1620 988 1688 corrigere,
1023 1616 1190 1668 multa
1213 1613 1466 1666 servavit:
1495 1607 1521 1646 ἀ
1552 1609 1855 1680 quotidiana
1885 1621 2026 1676 prte-

441 1726 539 1771 stat
581 1715 668 1767 ille
694 1711 942 1774 remedia,
976 1706 1154 1775 quibus
1185 1705 1284 1757 nisi
1311 1703 1448 1771 freti,
1477 1700 1754 1766 con/isique
1776 1698 2024 1759 nitamur,

441 1807 729 1860 nullatenus
750 1802 1000 1854 humanos
1023 1798 1224 1849 vincere
1255 1793 1533 1862 poterimus
1563 1806 1781 1845 errores.
1809 1788 2029 1842 Necesse

440 1908 514 1952 est
544 1898 674 1951 enim
703 1904 755 1947 ut
778 1909 878 1963 quo
904 1891 1188 1944 auxiliante
1214 1886 1487 1948 vincimus,
1516 1899 1573 1936 eo
1595 1884 1776 1937 iterum
1805 1897 1908 1934 non
1933 1879 2030 1932 ad-

436 1992 647 2063 juvante
673 1987 958 2038 vincamur.

704 2069 1100 2128 CAPITULUM
1137 2067 1223 2122 IV.
1264 2066 1408 2120 Alias
1450 2066 1606 2120 CAP.
1648 2063 1761 2119 VII.

542 2165 692 2232 Quod
721 2180 807 2234 per
835 2161 1100 2217 Christum
1127 2158 1288 2212 libero
1317 2157 1442 2210 bene
1471 2165 1676 2210 utamur
1700 2154 1932 2209 arbitrio.

514 2277 667 2345 Quod
696 2288 876 2341 nemo,
911 2271 1014 2326 nisi
1047 2286 1141 2340 per
1156 2268 1452 2334 Christum,
1487 2266 1655 2322 libero
1687 2264 1826 2319 bene
1847 2271 2030 2317 utatur

442 2369 687 2434 arbitrio,
730 2367 872 2421 idem
907 2363 1159 2432 magiSter
1189 2361 1243 2415 in
1290 2359 1518 2429 epistola
1563 2357 1629 2411 ad
1661 2356 2027 2411 Milevitanum

441 2462 732 2517 concilium
777 2457 899 2512 data
932 2453 1218 2525 praedicat,
1261 2452 1447 2506 dicens
1481 2447 1642 2521 (Vide
1683 2448 1769 2501 ubi
1807 2446 2024 2517 supra):

443 2555 656 2608 Advorte
700 2551 927 2615 tandem,
979 2563 1007 2600 ο
1049 2545 1468 2616 pravissimarum
1511 2541 1756 2594 mentium
1796 2554 2031 2610 perversa

442 2645 694 2706 doctrina,
727 2641 864 2711 quod
898 2639 1121 2709 primum
1153 2636 1408 2688 hominem
1448 2634 1519 2686 ita
1563 2632 1766 2685 libertas
1802 2632 1915 2698 ipsa
1943 2629 2032 2682 de-

440 2737 594 2802 cepit,
633 2743 689 2786 ut
721 2734 844 2785 dum
888 2729 1238 2800 indulgentius
1269 2727 1428 2796 frenis
1460 2727 1572 2795 ejus
1599 2725 1780 2788 utitur,
1814 2723 1866 2775 in
1893 2737 2027 2790 prte—

441 2826 801 2880 varicationem
843 2821 1236 2890 pratsumptione
1287 2825 1310 2854 ο
1344 2815 1652 2880 concideret,
1703 2829 1791 2866 nec
1827 2829 1892 2866 ex
1934 2811 2030 2865 hac

445 2918 606 2987 potuit
652 2915 779 2977 erui,
832 2913 931 2965 nisi
962 2911 1008 2963 ei
1047 2908 1370 2981 providentia
1406 2907 1801 2977 regenerationis
1845 2915 2028 2958 statum

445 3011 675 3078 pristina
700 3007 948 3060 libertatis
967 3003 1156 3058 Christi
1179 3000 1388 3056 Domini
1417 3004 1738 3071 reformasset
1759 2999 2026 3052 adventus.

706 3136 1104 3195 CAPITULUM
1143 3135 1207 3190 γ.
1250 3133 1394 3189 Alias
1434 3131 1586 3187 CAP.
1631 3130 1766 3185 VIII.

591 3233 738 3299 Quod
760 3231 932 3286 omnia
960 3239 1257 3283 sanctorum
1276 3226 1458 3280 merita
1479 3226 1614 3279 dona
1641 3225 1741 3278 sint
1770 3224 1883 3277 Dei.

543 3345 699 3412 Quod
749 3343 929 3397 omnia
980 3341 1156 3396 studia
1195 3350 1247 3394 et
1300 3340 1479 3393 omnia
1528 3353 1690 3407 opera
1731 3353 1794 3392 ac
1841 3335 2030 3391 merita

447 3449 755 3494 sanctorum
819 3436 885 3489 ad
937 3435 1033 3489 Dei
1085 3433 1312 3503 gloriam
1372 3431 1691 3499 laudentque
1744 3429 2028 3485 reicienda

445 3533 571 3598 sint,
601 3529 721 3599 quia
755 3541 914 3582 nemo
947 3524 1166 3579 aliunde
1198 3524 1248 3578 ei
1277 3525 1507 3593 placeat,
1541 3524 1640 3577 uisi
1675 3539 1740 3578 ex
1781 3539 1847 3577 eo
1887 3523 2029 3594 quod

445 3623 562 3691 ipse
589 3617 893 3673 donaverit.
921 3616 978 3670 In
1001 3629 1160 3684 quam
1187 3628 1285 3668 nos
1311 3613 1634 3668 sententiam
1659 3613 1842 3683 dirigit
1863 3612 2034 3669 beata

446 3708 834 3769 recordationis
867 3721 1019 3778 papa:
1048 3706 1250 3760 Zosimi
1281 3705 1543 3773 regularis
1571 3707 1879 3770 auctoritas,
1905 3720 2031 3760 cum

445 3804 689 3859 scribens
727 3801 794 3854 ad
828 3801 991 3853 totius
1036 3797 1188 3852 orbis
1237 3795 1526 3866 episcopos
1573 3795 1648 3849 ait
1677 3796 1822 3863 (Non
1870 3805 2033 3849 exstat

447 3897 553 3949 hate
584 3891 842 3962 epistola),
885 3889 996 3942 Nos
1034 3898 1207 3942 autem
1235 3888 1480 3940 instinctu
1523 3885 1620 3940 Dei
1666 3887 1856 3955 (omnia
1897 3887 2034 3940 enim

447 3987 579 4038 bona
617 3983 685 4035 ad
712 3991 972 4034 auctorem
1001 3994 1151 4031 suum
1178 3978 1447 4046 referenda
1476 3987 1615 4040 sunt,
1649 3979 1782 4031 unde
1812 3995 2034 4032 nascun-

449 4075 552 4145 tur)
579 4076 645 4126 ad
668 4074 892 4141 fratrum
937 4080 984 4122 et
1013 4070 1426 4137 coepiscoporum
1457 4078 1743 4122 nostrorum
1773 4071 2034 4122 conscien-

449 4182 573 4219 tiam
606 4166 844 4218 universo
877 4160 1164 4215 retulimus.
1204 4159 1357 4212 Hune
1377 4168 1556 4212 autem
1594 4174 1900 4214 sermonem
1924 4162 2036 4214 sin-

445 4260 738 4315 cerissima:
756 4254 1000 4309 veritatis
1020 4254 1137 4307 luce
1161 4253 1459 4307 radiantem
1485 4261 1633 4306 tanto
1655 4252 1767 4307 Afri
1795 4253 2033 4322 episcopi

447 4351 656 4403 honore
685 4346 929 4402 venerati
960 4353 1106 4408 sunt,
1140 4353 1197 4397 ut
1223 4343 1294 4397 ita
1326 4343 1392 4397 ad
1425 4343 1672 4398 eumdem
1701 4345 1872 4398 virum
1900 4349 2034 4400 scri-

2122 390 2295 461 gladio
2331 388 2580 450 veritatis,
2625 383 2643 422 ¹
2683 387 2817 439 velut
2858 384 3048 437 cursim
3091 382 3352 436 transiens
3395 391 3717 449 amputares.

2127 481 2265 546 Quid
2296 481 2427 534 enim
2455 489 2560 532 tam
2594 478 2755 532 libero
2786 477 2950 546 fecisti
2980 474 3215 540 arbitrio,
3244 490 3398 544 quam
3429 475 3567 543 quod
3598 476 3722 528 uni-

2123 589 2268 626 versa
2305 573 2357 624 in
2402 581 2588 624 nostra:
2615 569 2920 622 humilitatis
2968 567 3330 620 conscientiam
3364 567 3622 633 retulisti;
3671 573 3722 620 et

2124 675 2294 719 tamen
2335 666 2576 718 instinctu
2613 661 2710 716 Dei
2747 662 2943 730 factum
2984 676 3092 713 esse
3119 659 3340 728 ﬁdeliter
3365 658 3724 728 sapienterque

2123 759 2315 825 vidisti,
2347 758 2587 813 veraciter
2619 755 2928 824 ﬁdenterque
2967 753 3189 806 dixisti?
3226 750 3358 805 Ideo
3396 752 3573 821 u'ique
3596 754 3723 821 quia

2126 860 2446 922 prteparatur
2490 851 2726 903 voluntas
2773 865 2805 901 a
2862 846 3098 909 Domino,
3154 853 3200 898 et
3244 853 3299 897 ut
3350 845 3465 896 boni
3519 844 3724 912 aliquid

2127 954 2306 1013 agant,
2353 942 2579 1013 paternis
2623 938 3048 1010 inspirationibus
3097 953 3306 990 suorum
3348 937 3456 1006 ipse
3491 945 3516 982 ε
3549 937 3724 1005 tangit

2129 1037 2284 1090 corda
2303 1038 2549 1102 filiorum.
2585 1034 2846 1100 Quotquot
2871 1033 3004 1084 enim
3033 1030 3234 1100 Spiritu
3266 1029 3356 1082 Dei
3387 1040 3633 1098 aguntur,
3668 1031 3724 1082 hi

2130 1128 2227 1194 filii
2255 1125 2350 1180 Dei
2399 1135 2516 1178 sunt
2541 1124 2716 1193 (Rom.
2749 1138 2866 1188 vttt,
2898 1121 3018 1189 M):
3058 1130 3112 1173 ut
3154 1137 3245 1173 nec
3274 1132 3501 1172 nostrum
3543 1120 3722 1174 deesse

2130 1220 2407 1269 sentiamus
2436 1216 2731 1278 arbitrium,
2759 1225 2803 1266 et
2825 1215 2877 1265 in
2901 1212 3043 1266 bonis
3064 1213 3342 1280 quibusque
3356 1210 3516 1282 274
3535 1211 3721 1265 volun-

2136 1311 2261 1362 tatis
2285 1309 2525 1362 humana:
2549 1308 2765 1380 singulis
2788 1305 3029 1365 motibus,
3058 1306 3218 1376 magis
3247 1305 3386 1359 illius
3411 1307 3580 1360 valere
3615 1322 3722 1360 non

2133 1403 2418 1456 dubitemus
2447 1403 2720 1455 auxilium.

2399 1491 2795 1549 CAPITULUM
2841 1491 2929 1546 Vl.
2979 1491 3123 1545 Alias
3161 1490 3314 1544 CAP.
3356 1489 3447 1544 IX.

2135 1582 2288 1647 Quod
2317 1585 2481 1637 omnis
2527 1593 2705 1637 sancta
2731 1582 2969 1650 cogitatio
2999 1590 3046 1633 et
3090 1590 3256 1634 motus
3303 1580 3401 1648 piw
3438 1579 3718 1634 voluntatis

2763 1669 2826 1705 ex
2857 1651 2964 1704 Deo
2993 1653 3078 1703 sit.

2201 1764 2352 1832 Quod
2380 1765 2454 1818 ita
2484 1765 2625 1820 Deus
2648 1764 2703 1819 in
2729 1763 2983 1818 cordibus
3008 1762 3309 1828 hominum,
3339 1761 3574 1830 atquein
3601 1762 3719 1832 ipso

2131 1856 2304 1911 libero
2347 1867 2602 1924 operetur
2629 1855 2877 1921 arbitrio,
2922 1863 2982 1908 ut
3010 1862 3196 1908 sancta
3238 1853 3519 1922 cogitatio,
3566 1856 3716 1921 pium

2129 1949 2437 2014 Consilium,
2472 1948 2756 2017 omnisque
2789 1955 2966 2001 motus
2997 1946 3153 2000 bona:
3181 1945 3477 1998 voluntatis
3506 1959 3570 1998 ex
3604 1944 3717 1998 Deo

2129 2043 2222 2106 sit,
2253 2041 2376 2108 quia
2408 2055 2505 2108 per
2536 2039 2684 2093 illum
2718 2037 2920 2107 aliquid
2951 2036 3075 2091 boui
3109 2050 3415 2105 possumus,
3450 2036 3570 2090 sine
3608 2049 3716 2103 quo

2131 2132 2264 2185 nihil
2316 2145 2624 2198 possumus.
2677 2128 2758 2184 Ad
2809 2128 2948 2184 hanc
2989 2126 3135 2182 enim
3182 2141 3280 2180 nos
3319 2125 3716 2192 professionem

2133 2226 2270 2279 idem
2318 2224 2507 2278 doctor
2544 2223 2798 2286 instituit,
2841 2220 2936 2290 qui
2975 2235 3098 2275 cum
3129 2220 3194 2273 ad
3226 2219 3392 2272 totius
3418 2218 3569 2272 orbis
3601 2219 3719 2286 ep“:-

2131 2332 2325 2382 scopos
2371 2317 2437 2370 de
2478 2314 2677 2368 divina:
2721 2313 2908 2382 gratia:
2956 2311 3309 2380 Opitulatioue
3350 2311 3713 2376 loqueretur:

2136 2409 2285 2476 Quod
2326 2424 2468 2476 ergo,
2509 2408 2579 2458 ait
2616 2404 2741 2476 (Ubi
2779 2401 2981 2472 supra),
3027 2411 3226 2472 tempus
3274 2401 3558 2461 intervenit,
3610 2414 3720 2469 quo

2131 2501 2244 2569 ejus
2285 2514 2384 2550 non
2416 2512 2653 2567 egeamus
2685 2495 2919 2548 auxilio?
2957 2491 3023 2545 In
3050 2491 3284 2546 omnibus
3314 2491 3465 2559 igitur
3490 2489 3717 2556 actibus,

2133 2587 2158 2625 ιι
2183 2590 2470 2656 causisque.
2525 2587 2940 2657 ragitationibus.
2984 2583 3226 2645 mosibus,
3272 2584 3482 2653 adjutor
3521 2592 3567 2636 et
3594 2599 3720 2653 pro-

2133 2691 2290 2734 tector
2320 2681 2540 2734 orandus
2575 2689 2668 2732 est.
2701 2678 2989 2749 Superbum
3027 2687 3102 2731 est
3144 2677 3300 2742 enim,
3335 2685 3388 2728 ut
3432 2677 3716 2744 quidquam

2133 2776 2225 2829 sibi
2271 2774 2494 2826 humana
2549 2781 2736 2826 natura
2777 2779 3084 2841 praesumat;
3135 2769 3388 2822 clamante
3420 2769 3664 2839 Apostolo
3697 2783 3716 2821 :

2136 2865 2256 2919 Non
2279 2876 2349 2918 est
2366 2865 2506 2918 nobis
2527 2862 2822 2916 colluctatio
2843 2863 3085 2915 adversus
3107 2876 3307 2913 carnem
3330 2871 3375 2913 et
3392 2860 3715 2930 sanguinem,

2134 2957 2224 3012 sed
2252 2967 2435 3009 contra
2465 2955 2720 3025 principes
2760 2963 2808 3008 et
2851 2961 3120 3023 potestates
3155 2951 3286 3005 aeris
3329 2950 3504 3021 hujus,
3537 2960 3718 3003 contra

2059 3044 2103 3106 C
2133 3048 2389 3118 spiritalia
2432 3046 2669 3116 nequitia:
2710 3046 2763 3098 in
2803 3043 3085 3098 coelestibus
3120 3042 3333 3113 (Ephes.
3377 3057 3446 3100 Vl,
3493 3041 3604 3108 l2).
3648 3039 3718 3093 Et

2132 3140 2380 3209 sicutipse
2411 3140 2589 3192 iterum
2618 3137 2775 3189 dicit:
2802 3134 2995 3204 Infelix
3023 3151 3114 3204 ego
3145 3135 3316 3196 homo,
3343 3133 3458 3202 quis
3486 3147 3564 3184 me
3593 3131 3718 3184 libe-

2131 3231 2264 3283 rabit
2292 3232 2353 3283 de
2391 3245 2600 3295 corpore
2637 3229 2816 3280 mortis
2860 3227 3052 3297 hujus?
3076 3224 3259 3278 Gratia
3290 3223 3386 3277 Dei
3427 3239 3514 3292 per
3537 3220 3718 3274 Iesum

2133 3320 2390 3376 Christum
2415 3320 2689 3374 Dominum
2709 3330 2943 3372 nostrum
2967 3317 3142 3388 (Rom.
3167 3332 3264 3382 vn,
3288 3315 3402 3384 23);
3431 3326 3474 3366 et
3496 3317 3718 3367 iterum:

2134 3413 2315 3467 Gratia
2339 3413 2433 3467 Dei
2454 3428 2564 3466 sum
2593 3413 2646 3464 id
2672 3412 2810 3480 quod
2830 3426 2960 3473 sum,
2988 3418 3037 3463 et
3059 3410 3224 3476 gratia
3245 3409 3356 3476 ejus
3379 3407 3430 3458 in
3455 3421 3530 3457 me
3557 3419 3718 3456 vacua

2135 3521 2237 3557 non
2276 3505 2394 3574 fuit,
2428 3505 2516 3557 sed
2544 3503 2657 3570 plus
2686 3501 2791 3555 illis
2819 3500 3052 3554 omnibus
3082 3499 3342 3563 laboravi;
3374 3514 3472 3550 non
3503 3511 3595 3565 ego
3625 3509 3721 3546 ass-

2135 3610 2266 3664 tem,
2300 3598 2388 3652 sed
2417 3596 2584 3668 gratia
2617 3595 2710 3648 Dei
2737 3609 2930 3648 mecum
2953 3592 2994 3662 (I
3017 3590 3136 3646 Cor.
3168 3607 3254 3655 xv,
3289 3591 3399 3660 l0).

2432 3749 2828 3808 CAPITULUM
2861 3749 2970 3804 VII.
3008 3749 3151 3802 Alias
3172 3745 3328 3802 CAP.
3362 3747 3430 3802 Χ.

2137 3845 2289 3910 Quod
2310 3845 2474 3916 gratia
2507 3843 2602 3895 Dei
2630 3860 2729 3916 non
2752 3841 2918 3895 solum
2945 3851 3149 3910 peccata
3179 3840 3421 3916 dimittat,
3450 3839 3541 3916 sed
3568 3838 3719 3916 etiam

2206 3909 2414 3982 adjuvet
2451 3930 2510 3965 ne
2538 3914 2940 3982 committantur,
2978 3921 3024 3963 et
3062 3919 3267 3981 prastet
3297 3919 3350 3961 ut
3383 3911 3464 3982 lex
3503 3909 3722 3982 implea-

2207 3981 2319 4050 tur;
2351 4001 2452 4036 non
2482 3985 2611 4037 sicut
2634 3985 2704 4035 ait
2738 3981 3003 4051 Pelagius,
3038 3983 3208 4049 facile,
3250 3982 3396 4050 quasi
3419 3981 3530 4033 sine
3550 3981 3726 4049 gratia

2208 4057 2304 4110 Dei
2331 4056 2585 4125 difﬁcilius
2610 4055 2764 4118 possit
2794 4052 3018 4121 impleri.

2207 4168 2338 4223 Illud
2369 4168 2528 4222 etiam
2568 4166 2708 4235 quod
2743 4166 2880 4220 intra
2923 4163 3362 4233 Carthaginensis
3402 4161 3594 4233 synodi
3625 4162 3722 4216 de-

2135 4268 2280 4313 creta
2327 4257 2679 4311 constitutum
2729 4265 2832 4320 est,
2880 4258 3032 4323 quasi
3080 4254 3357 4322 proprium
3402 4254 3721 4321 apostolicae

2136 4351 2280 4404 sedis
2308 4350 2710 4418 amplectimur,
2743 4345 2886 4416 quod
2919 4346 3126 4400 scilicet
3153 4345 3313 4400 tertio
3353 4345 3588 4413 capitulo
3625 4344 3723 4398 de-

444 4441 639 4496 berent
672 4437 877 4508 (Neque
907 4437 1014 4489 haec
1040 4433 1257 4506 epistola
1293 4435 1512 4504 exstat):
1562 4433 1705 4488 Illud
1735 4452 1849 4490 vero
1893 4439 2029 4506 quod
2060 4408 2108 4465 Β
2137 4441 2346 4496 [initum
2393 4408 2476 4496 est
2521 4408 2950 4509 (Vide'append.
2989 4457 3040 4507 p.
3083 4437 3214 4506 272)
3247 4452 3262 4488 :
3304 4435 3373 4491 Ut
3418 4408 3721 4505 quicumque

443 4535 496 4585 in
539 4531 740 4595 litteris,
783 4544 909 4596 quas
955 4529 1008 4578 in
1036 4527 1295 4580 universas
1343 4527 1631 4596 provincias
1678 4529 1872 4581 curasti
1921 4545 2029 4584 esse

443 4621 740 4685 mittendas,
767 4619 978 4689 posuisti
1002 4619 1174 4671 dicens
1199 4633 1216 4670 :
1240 4636 1259 4669 ι
1282 4617 1393 4670 Nos
1412 4627 1577 4670 tamen
1600 4618 1844 4672 instinctu
1869 4619 1984 4686 Dei,
2001 4638 2021 4672 s

447 4725 576 4780 etc.,
599 4712 673 4765 sic
697 4709 990 4778 accepimus
1005 4708 1216 4778 dictum,
1247 4719 1300 4762 ut
1329 4708 1570 4780 illos,qui
1602 4719 1783 4765 contra
1812 4710 1906 4764 Dei
1932 4714 2026 4766 ad-

515 4881 541 4910 ·
573 4871 748 4925 Locus
781 4869 869 4923 hic
901 4868 1106 4936 plenius
1131 4867 1323 4937 legitur
1350 4868 1402 4923 in
1427 4869 1650 4938 epistola
1679 4870 1820 4924 inter
1845 4872 2027 4939 Augu-

442 4942 703 4996 stiuianas
732 4940 827 4994 181
861 4941 940 4994 sic
966 4957 979 4993 :
1010 4939 1116 4993 Sed
1137 4942 1253 5010 jam
1273 4940 1379 5001 isti,
1405 4940 1490 5009 qui
1512 4940 1638 4993 tales
1659 4949 1799 5003 sunt,
1825 4941 2029 4994 nullam

443 5015 538 5066 Dei
567 5010 786 5084 gratiam
811 5017 1211 5084 consequuntur,
1228 5010 1316 5078 qui
1343 5010 1562 5084 sineillo
1585 5021 1783 5084 tantum
1806 5028 1861 5084 se
1887 5029 2027 5066 asse-

441 5087 526 5154 qui
563 5079 708 5148 posse
744 5080 1029 5154 conﬁdunt,
1053 5089 1303 5148 quantum
1337 5079 1422 5132 vix
1449 5080 1549 5147 illi,
1577 5083 1665 5150 qui
1702 5081 1765 5134 ab
1802 5082 1896 5136 illo
1935 5098 2028 5152 po-

441 5153 657 5216 stulant,
681 5153 912 5221 accipere
935 5159 1306 5221 promerentur.

515 5224 541 5262 ιι
570 5227 641 5276 Ita
676 5217 804 5275 mss.
838 5217 1000 5274 Corb.
1033 5229 1086 5274 et
1113 5220 1280 5274 editio
1309 5217 1469 5291 hujus
1495 5218 1652 5287 epist.
1676 5220 1752 5291 (iu
1789 5222 2021 5291 appond.

443 5296 572 5347 tomi
612 5293 661 5346 Χ
698 5296 920 5361 August.
958 5295 1024 5344 At
1051 5291 1183 5344 editi
1215 5303 1404 5344 omnes
1437 5287 1780 5358 Prosperiaui
1824 5287 1879 5346 ei
1908 5293 2017 5347 ιιι-ο

442 5380 632 5424 novus,
661 5364 728 5414 ad
757 5361 1081 5414 evincendas.

519 5445 540 5471 ε
576 5433 728 5498 Apud
754 5436 975 5498 August.
1004 5441 1134 5484 tom.
1163 5429 1205 5483 Il
1235 5438 1288 5483 et
1313 5429 1574 5496 Leonem,
1601 5431 1914 5486 redemisset.

511 5501 537 5539 ἀ
582 5507 651 5556 Ita
699 5503 890 5569 legitur
920 5502 974 5554 in
1007 5503 1137 5555 edit.
1175 5502 1412 5562 Moguul.
1459 5504 1512 5555 in
1562 5502 1792 5570 epistola
1835 5502 2024 5558 lunoc.

446 5583 578 5627 tam.
626 5572 670 5625 11
717 5575 879 5642 Oper.
915 5575 1138 5640 August.
1179 5571 1320 5624 etin
1353 5572 1585 5640 appetit].
1622 5583 1753 5626 tom.
1791 5571 1834 5626 Χ
1876 5575 2024 5642 ejus-

443 5645 587 5704 dem.
629 5640 824 5697 (lateri
863 5641 1074 5697 codices
1108 5642 1451 5710 l‘rosperiaui
1476 5642 1679 5697 addunt
1709 5640 2025 5714 particulam

2134 4536 2319 4587 dixerit
2345 4534 2564 4603 gratiam
2603 4530 2720 4597 Dei,
2747 4547 2848 4598 qua
2865 4529 3219 4601 justiﬁcamur
3241 4545 3330 4598 per
3364 4526 3543 4580 Iesum
3570 4525 3725 4580 Chri—

2131 4635 2262 4678 stum
2290 4624 2566 4677 Dominum
2592 4631 2842 4686 nostrum,
2877 4621 2943 4672 ad
2971 4622 3134 4673 solam
3162 4620 3512 4672 remissionem
3542 4633 3723 4686 pecca-

2134 4724 2300 4770 torum
2327 4715 2517 4779 valere,
2561 4727 2673 4783 qua:
2701 4715 2818 4784 jam
2848 4711 3115 4766 commissa
3152 4721 3295 4778 sunt,
3335 4725 3435 4762 non
3466 4709 3621 4762 etiam
3652 4707 3720 4760 ad

2133 4883 2302 4942 atque.
2341 4872 2448 4926 Leo
2491 4887 2681 4934 novus,
2717 4872 2918 4926 omissa
2964 4870 3066 4925 hac
3096 4869 3384 4939 particula,
3417 4871 3720 4938 quotidiana

2135 4952 2384 5013 prastans
2410 4943 2499 4996 ille
2527 4943 2772 5013 remedia.

2205 5024 2227 5050 ο
2268 5014 2324 5067 1η
2357 5014 2584 5082 epistola
2617 5012 2914 5068 Innocentii
2963 5022 3092 5065 tom.
3124 5010 3168 5064 II
3201 5010 3427 5077 August.
3459 5009 3616 5064 locus
3641 5011 3722 5064 in-

2130 5084 2262 5152 cipit
2278 5085 2347 5137 ab
2367 5085 2448 5137 his
2474 5084 2688 5136 verbis:
2715 5084 2760 5136 0
2781 5083 3198 5154 pravissimarum
3221 5083 3466 5154 mentium
3484 5097 3721 5154 perversa

2130 5151 2397 5207 doctrina!
2421 5153 2663 5206 Advertat
2689 5154 2743 5206 id
2781 5151 3009 5218 tandem,
3039 5152 3175 5220 quod
3196 5153 3416 5220 primum
3440 5151 3716 5216 hominem,

2130 5232 2265 5288 etc.,
2302 5235 2409 5276 tum
2451 5224 2752 5288 conciderit,
2783 5225 2874 5278 ubi
2908 5223 2998 5276 alii
3037 5223 3342 5275 concideret.
3385 5220 3532 5275 Idem
3581 5221 3714 5277 edit.

2129 5294 2347 5358 Leonis,
2381 5308 2498 5362 qua:
2528 5305 2712 5362 postea
2746 5295 2909 5349 habet
2945 5293 3188 5364 potuerit,
3219 5306 3317 5361 pro
3359 5305 3489 5346 voce
3529 5295 3714 5360 potuit,

2129 5374 2185 5419 et
2209 5365 2272 5417 in
2299 5365 2427 5430 line,
2453 5365 2696 5417 adventu.

2207 5433 2225 5472 ί
2273 5435 2415 5488 Edit.
2449 5435 2713 5501 Mogurtt.,
2744 5435 2877 5488 velut
2901 5451 3104 5486 cursum
3135 5434 3409 5488 transiens.

2201 5514 2225 5552 ε
2269 5505 2451 5570 Editi,
2497 5515 2670 5573 tangat
2718 5508 2873 5557 corda
2915 5505 3167 5572 fidelium.
3220 5507 3414 5572 Aptius
3461 5519 3525 5557 ex
3584 5519 3714 5564 mss,

2131 5575 2277 5630 Edit.
2309 5578 2542 5644 append.
2577 5578 2707 5629 tomi
2735 5575 2781 5628 Χ
2811 5581 3063 5643 August.,
3091 5575 3253 5645 tangit
3282 5576 3436 5626 corda
3460 5575 3714 5641 ﬁliorum.

2205 5647 2230 5682 ῒι
2272 5646 2328 5701 In
2353 5647 2556 5711 Leone,
2587 5647 2774 5719 causis,
2801 5647 3220 5715 cogitationibus;
3251 5660 3348 5700 nec
3377 5649 3540 5698 male.
