4026 6176
297 249 399 306 209

763 241 966 302 LIBER
1007 242 1073 299 lN
1113 239 1252 310 QUO
1291 232 1806 295 PROFEBUNTUR
1845 231 2379 292 AUCTORITATES
2416 232 2924 303 EPISCOPORUM,
2955 233 3107 291 ETC.

3469 236 3586 292 HO-

296 365 638 437 adjutorium,
683 369 741 415 ut
786 377 890 414 non
935 357 1338 422 committantur,
1383 353 1658 408 anathema
1695 350 1781 406 sit.
1816 349 1882 404 Et
1907 351 1961 412 Α
1985 363 2014 404 a
2051 349 2281 404 Domino
2311 350 2445 418 peti,
2489 363 2672 405 rerum
2718 348 2956 418 ipsarum
3006 353 3277 404 monstrat
3306 347 3572 404 eﬂ'ectus:

297 457 492 512 iterum
519 461 716 522 quarto
740 450 978 520 capitulo
1009 467 1022 502 :
1057 448 1124 504 Ut
1152 445 1383 517 quisquis
1413 444 1619 510 dixerit,
1663 442 1885 512 gratiam

297 548 394 601 Dei
423 563 514 616 per
531 543 714 600 Iesum
744 541 1004 597 Christum
1031 551 1238 612 propter
1263 538 1361 591 hoc
1387 545 1588 590 tantum
1616 551 1708 589 nos
1728 534 1887 607 adju-

298 655 419 694 vare
457 641 527 693 ad
556 655 658 692 non
701 637 1032 704 peccandum,
1061 637 1237 708 quia}I
1266 649 1356 703 per
1381 632 1544 699 ipsum
1574 630 1718 684 nobis
1747 645 1888 683 reve-

302 736 440 790 latur
475 744 522 787 et
553 733 783 804 aperitur
811 728 1151 800 intelligentia
1177 727 1558 784 mandatorum,
1589 730 1645 775 ut
1670 722 1888 776 sciamus

299 826 422 892 quid
443 833 685 892 appetere
705 831 752 875 et
781 821 904 889 quid
934 821 1091 872 vitare
1118 815 1426 877 debeamus;
1480 830 1579 866 non
1601 821 1774 865 autem
1798 828 1891 879 per

302 915 443 969 illam
488 915 632 968 nobis
665 914 921 979 praestari,
960 910 1175 979 utquod
1215 908 1505 978 faciendum
1536 906 1886 975 cognorimus,

304 1007 456 1058 etiam
485 1004 649 1074 facere
676 1003 955 1072 diligamus
982 1010 1138 1070 atque
1168 998 1428 1051 valeamus
1453 1038 1467 1060 ,
1501 996 1772 1049 anathema
1800 997 1888 1049 sit.

303 1094 433 1150 Cum
479 1094 615 1147 enim
659 1092 799 1145 dicat
839 1091 1139 1158 Apostolus,
1188 1088 1415 1142 Scientia
1463 1089 1633 1156 inﬂat,
1666 1087 1891 1142 charitas

307 1202 418 1240 vero
452 1185 682 1252 aediﬁcat
723 1184 763 1252 (l
802 1180 923 1237 Cor.
951 1195 1060 1246 vut,
1093 1182 1170 1249 1),
1206 1179 1367 1250 275
1407 1179 1552 1232 valde
1576 1180 1788 1249 impium
1818 1187 1892 1232 est

308 1289 361 1332 ut
395 1281 690 1344 credamus,
732 1276 798 1328 ad
837 1291 948 1328 eam
986 1289 1100 1344 quw
1134 1273 1285 1340 inﬂat
1326 1288 1417 1325 nos
1457 1270 1642 1324 habere
1669 1271 1891 1340 gratiam

309 1374 521 1439 Christi,
553 1382 600 1426 et
644 1373 711 1424 ad
756 1387 866 1424 eam
896 1385 1010 1440 qua:
1039 1367 1266 1435 a'diﬁcat
1297 1382 1397 1419 non
1429 1366 1649 1430 habere;
1687 1381 1802 1418 cum
1829 1365 1894 1417 sit

309 1475 577 1534 utrumque
619 1464 812 1516 donum
841 1461 954 1525 Dei,
995 1469 1042 1512 et
1071 1458 1202 1511 scire
1227 1456 1351 1527 quid
1391 1460 1558 1526 facere
1599 1454 1888 1517 debeamus,

309 1563 355 1609 et
379 1554 596 1624 diligere
620 1563 672 1607 ut
696 1552 969 1622 faciamus,
995 1559 1049 1602 ut
1071 1548 1363 1616 wdiﬁcante
1392 1546 1658 1608 charitate,
1684 1545 1894 1597 scientia

311 1662 410 1698 non
441 1645 603 1711 possit
641 1644 848 1712 inﬂare.
893 1640 1042 1695 Sicut
1087 1649 1258 1692 autem
1294 1639 1356 1690 de
1387 1637 1493 1690 Deo
1526 1638 1768 1706 scriptum
1798 1643 1890 1699 est,

1987 442 2424 512 quandoquidem
2472 457 2540 498 ex
2585 443 2732 499 omni
2774 456 3026 498 errorum
3069 457 3274 513 genere
3317 442 3577 513 plurimos

1988 535 2130 590 Deus
2170 535 2424 604 dignatur
2461 535 2762 603 attrahere,
2802 549 2940 604 quos
2979 545 3168 590 erutos
3211 535 3279 590 de
3313 543 3580 603 potestate

1988 627 2152 698 276
2201 626 2550 682 tenebrarum
2588 627 2876 680 transferat
2913 625 2969 680 in
3001 639 3224 694 regnum
3249 624 3372 679 Filii
3401 624 3584 680 chari-

1989 722 2119 774 tatis
2148 734 2261 773 suae
2292 717 2521 789 (Coloss.
2553 733 2591 784 ι,
2626 718 2738 787 15),
2772 725 2828 772 et
2856 732 2922 772 ex
2949 717 3092 772 vasis
3121 717 3218 771 irae
3250 715 3412 772 laciat
3449 731 3583 772 vasa

1989 812 2387 867 misericordiae
2414 811 2593 880 (Rom.
2625 826 2702 876 Ix,
2726 810 2842 879 Β).
2871 809 3026 878 Quod
3055 808 3192 864 adeo
3214 817 3386 864 totum
3415 808 3585 864 divini

1992 901 2175 969 operis
2197 918 2319 956 esse
2344 903 2601 964 sentitur,
2634 909 2692 955 ut
2721 901 2837 954 haec
2858 899 3116 954 efﬁcienti
3146 900 3256 954 Deo
3283 900 3583 970 gratiarum

1992 1007 2212 1062 semper
2233 993 2396 1057 actio,
2422 993 2708 1063 laudisque
2733 991 3031 1059 confessio,
3063 1006 3161 1062 pro
3188 990 3586 1047 illuminatione

1992 1084 2178 1138 talium
2211 1084 2295 1139 vel
2323 1084 2668 1140 correctione
2691 1085 3022 1138 referantur.

2283 1263 2675 1320 CAPITULUM
2704 1264 2794 1319 IX.
2821 1265 2960 1318 Alias
2983 1262 3137 1318 CAP.
3175 1263 3289 1318 XII.

2000 1416 2149 1482 Quod
2179 1418 2400 1484 gratiam
2435 1417 2529 1471 Dei
2559 1418 2710 1470 etiam
2740 1416 3404 1487 baptizandorumrtestetur
3430 1415 3586 1487 insti-

2068 1496 2176 1540 tuta
2205 1489 2458 1558 purgatio,
2490 1505 2604 1540 cum
2628 1486 2923 1541 exorcismis
2944 1497 2991 1540 et
3015 1486 3447 1556 casuﬂlationibus
3479 1486 3590 1552 spi-

2069 1559 2194 1611 ritus
2222 1560 2284 1611 ab
2305 1560 2377 1612 eis
2401 1558 2678 1628 abiguntur
2704 1559 2975 1610 immundi.

315 1735 412 1800 Qui
465 1737 616 1788 docet
665 1734 922 1788 hominem
974 1733 1241 1785 scientiam
1304 1729 1480 1801 (Psal.
1541 1744 1709 1794 1cm,
1761 1728 1893 1794 10),
1930 1723 1972 1782 Β
2069 1732 2202 1787 Illud
2250 1734 2409 1787 etiam
2455 1731 2596 1801 quod
2639 1731 2780 1786 circa
2838 1729 3190 1800 baptizandos
3231 1729 3285 1784 in
3336 1730 3593 1784 universo

311 1828 381 1880 ita
397 1826 551 1879 etiam
565 1825 814 1894 scriptum
832 1833 903 1876 est
919 1838 936 1876 :
955 1821 1193 1875 Charitas
1205 1836 1268 1874 ex
1280 1819 1389 1873 Deo
1410 1829 1480 1872 est
1499 1819 1537 1888 (Ι
1558 1818 1802 1884 Joan.tv,
1818 1821 1896 1889 7).

312 1913 338 1953 ³
369 1913 506 1968 Item
532 1914 720 1983 quinto
740 1911 1009 1980 capitulo:
1035 1909 1103 1964 Ut
1129 1910 1355 1979 quisquis
1379 1909 1587 1974 dixerit,
1613 1909 1728 1961 ideo
1755 1909 1902 1961 nobis

313 2007 530 2076 gratiam
546 2004 941 2077 justiﬁcationis
962 2003 1099 2069 dari,
1127 2013 1180 2055 ut
1208 2001 1348 2072 quod
1376 2002 1546 2069 facere
1573 2018 1661 2071 per
1685 2001 1902 2054 liberum

319 2110 340 2138 ε
358 2101 605 2170 jubemur
624 2099 914 2159 arbitrium,
940 2097 1147 2167 facilius
1170 2095 1420 2165 possimus
1443 2095 1653 2164 implere
1678 2110 1766 2164 per
1785 2110 1904 2162 gra-

316 2191 470 2255 tiam;
519 2201 779 2259 tamquam
823 2190 866 2241 si
915 2187 1084 2258 gratia
1134 2203 1235 2239 non
1275 2187 1505 2254 daretur,
1548 2201 1648 2238 non
1698 2185 1905 2254 quidem

319 2282 489 2350 facile,
532 2285 622 2333 sed
655 2289 821 2332 tamen
853 2280 1102 2349 possimus
1133 2277 1288 2329 etiam
1320 2278 1428 2330 sine
1455 2277 1546 2329 illa
1586 2276 1798 2346 implere
1826 2275 1906 2328 di-

317 2374 432 2425 vina
474 2372 745 2438 mandata,
778 2371 1051 2423 anathema
1078 2370 1162 2422 sit.
1199 2369 1276 2423 De
1303 2368 1553 2439 fructibus
1584 2369 1719 2421 enim
1761 2383 1906 2421 man-

320 2466 552 2517 datorum
598 2461 854 2516 Dominus
895 2461 1222 2530 loquebatur,
1263 2462 1347 2515 ubi
1391 2477 1492 2514 non
1535 2461 1628 2526 ait,
1669 2461 1795 2515 Sine
1830 2477 1909 2516 me

319 2558 575 2626 diﬁcilius
607 2557 819 2627 potestis
847 2555 1014 2623 facere
1046 2571 1064 2609 :
1090 2555 1182 2608 sed
1208 2555 1305 2622 ait,
1341 2554 1469 2610 Siue
1505 2569 1582 2607 me
1611 2553 1743 2607 nihil
1768 2562 1908 2623 pote-

321 2652 410 2704 stis
439 2650 615 2718 facere
645 2646 826 2719 (Joan.
855 2663 944 2712 xv,
975 2648 1052 2717 5).

596 2759 996 2816 CAPITULUM
1021 2759 1157 2814 VIII.
1192 2759 1337 2812 Alias
1367 2758 1526 2814 CAP.
1557 2758 1646 2813 XI.

327 2853 479 2922 Quod
505 2863 690 2919 prceter
715 2861 910 2906 statuta
950 2852 1083 2905 sedis
1113 2851 1426 2920 apostolicae,
1455 2867 1625 2904 omnes
1655 2851 1910 2922 orationes

392 2924 644 2978 Ecclesite
671 2923 862 2976 Christi
887 2926 1108 2992 gratiam
1137 2931 1395 2984 resonant,
1427 2937 1526 2990 qua
1546 2937 1706 2993 genus
1729 2920 1913 2974 huma—

391 3011 518 3046 num
547 2995 610 3047 ab
625 3002 819 3048 (eterna
847 2993 1180 3045 damnatione
1203 3001 1494 3058 reparatur.

2004 1824 2203 1878 mundo
2231 1832 2416 1878 sancta
2459 1822 2705 1877 Ecclesia
2747 1821 3086 1875 uniforrniter
3115 1821 3244 1890 agit,
3280 1834 3386 1874 non
3415 1822 3599 1875 otioso

2003 1916 2434 1984 contemplemur
2467 1915 2684 1969 intuitu.
2737 1913 2870 1969 Cum
2921 1913 3036 1968 sive
3085 1913 3314 1983 parvuli,
3360 1913 3474 1968 sive
3513 1912 3596 1981 ju-

2006 2023 2177 2064 venes
2204 2007 2271 2062 ad
2308 2007 2740 2078 regenerationis
2776 2005 3001 2060 veniunt
3034 2015 3456 2072 sacramentum,
3487 2018 3596 2058 non

2007 2101 2157 2169 prius
2180 2099 2384 2154 fontem
2413 2100 2535 2153 vitze
2565 2098 2784 2163 adeunt,
2808 2112 2970 2168 quam
2999 2097 3318 2152 exorcismis
3343 2106 3394 2152 el
3419 2095 3598 2153 exsuf-

2007 2189 2316 2244 ﬂatinnibus
2343 2189 2667 2245 clericorum
2698 2188 2922 2258 spiritus
2943 2188 3012 2243 ab
3043 2189 3125 2244 eis
3153 2187 3464 2243 immundus
3485 2189 3599 2243 abi-

2006 2292 2205 2352 gatur;
2252 2293 2307 2336 ut
2355 2292 2480 2336 tunc
2519 2296 2648 2337 vere
2687 2291 2970 2350 appareat,
3021 2282 3294 2352 quomodo
3347 2283 3598 2352 princeps

2009 2373 2191 2428 mundi
2223 2372 2380 2443 hujus
2411 2374 2654 2427 mittatur
2688 2371 2836 2426 foras
2881 2371 3059 2443 (Joan.
3100 2387 3193 2440 ιιι,
3237 2373 3348 2442 3|),
3381 2379 3436 2427 et
3464 2387 3597 2442 quo-

2010 2465 2172 2521 modo
2221 2468 2373 2535 prius
2414 2466 2662 2535 alligetur
2709 2465 2885 2531 fortis,
2911 2475 2963 2518 et
3007 2466 3263 2534 deinceps
3312 2481 3436 2519 vasa
3479 2466 3598 2535 ejus

2010 2558 2335 2626 diripiantur
2382 2557 2595 2628 (Matth.
2642 2573 2737 2621 xu,
2770 2556 2869 2621 29;
2905 2556 3072 2611 Marc.
3120 2572 3199 2621 ιιι,
3233 2556 3346 2625 27),
3391 2557 3443 2610 in
3476 2572 3599 2626 pos-

2010 2648 2312 2702 sessionem
2338 2647 2595 2701 translata
2619 2646 2862 2708 victoris,
2892 2647 2983 2714 qui
3008 2650 3277 2715 captivam
3303 2646 3449 2701 ducit
3473 2662 3600 2716 cap-

2013 2739 2269 2793 tivitatem
2305 2736 2478 2808 (Psal.
2527 2751 2700 2800 van,
2751 2737 2863 2806 19),
2898 2746 2954 2790 et
2983 2737 3075 2791 dat
3115 2736 3255 2795 dona
3290 2737 3600 2792 hominibus

2013 2830 2227 2900 (Ephes.
2258 2845 2339 2895 tv,
2365 2830 2444 2900 8).
3335 2871 3341 2878 .

2083 2923 2181 2978 His
2225 2936 2353 2992 ergo
2385 2921 2774 2976 ecclesiasticis
2804 2921 3025 2990 regulis,
3057 2927 3112 2976 et
3142 2935 3207 2975 ex
3240 2919 3425 2975 divina
3455 2933 3601 2974 sum.

2015 3015 2122 3085 ptis
2147 3015 2468 3069 auctoritate
2505 3012 2869 3078 documentis,
2913 3011 2984 3066 ita
3017 3007 3305 3080 adjuvante
3348 3010 3603 3076 Domino,

392 3109 602 3164 Praeter
623 3107 950 3162 beatissima:
971 3115 1028 3162 et
1055 3105 1370 3176 apostolica:
1397 3104 1544 3160 sedis
1569 3104 1908 3163 inviolabiles
1935 3090 1982 3156 C
2012 3106 2333 3162 conformati
2377 3104 2560 3176 [Forte
2609 3101 2936 3172 conﬁrmati)
2989 3115 3196 3170 sumus,
3253 3108 3310 3154 ut
3359 3101 3598 3156 omnium

325 3203 659 3264 sanctiones,
705 3200 902 3269 quibus
946 3213 1044 3254 nos
1078 3198 1306 3268 piissimi
1339 3206 1540 3267 patres,
1571 3196 1599 3234 ά
1641 3198 1912 3268 pestifera:

325 3291 586 3345 novitatis
604 3290 837 3344 elatione
858 3289 1088 3357 deiecta,
1108 3299 1160 3343 et
1179 3290 1338 3343 bona;
1356 3288 1648 3343 voluntatis
1667 3289 1909 3359 exordia,

325 3391 378 3435 et
403 3383 742 3435 incrementa
780 3381 1134 3448 probabilium
1172 3380 1503 3447 studiorum,
1539 3389 1595 3435 et
1626 3383 1679 3436 in
1713 3383 1794 3437 eis
1825 3399 1915 3438 υςο

324 3488 427 3543 que
476 3473 530 3527 in
581 3472 746 3527 tinem
804 3473 1265 3541 perseverantiam
1319 3473 1384 3526 ad
1433 3471 1642 3527 Chriin
1686 3475 1913 3544 gratiam

325 3563 533 3618 referre
580 3563 903 3626 docuerunt,
942 3563 1376 3618 obsecrationum
1405 3579 1622 3635 quoque
1665 3566 1918 3621 sacerdo—

329 3655 514 3708 talium
556 3660 897 3708 sacramenta
948 3655 1342 3721 reSpiciamus,
1387 3670 1507 3724 quae
1549 3656 1617 3709 ab
1658 3657 1920 3725 apostolis

328 3747 522 3800 tradita
556 3787 573 3811 ,
609 3745 663 3798 in
696 3754 808 3799 toto
838 3745 1038 3799 mundo
1065 3755 1229 3814 atque
1263 3746 1314 3800 in
1345 3746 1492 3799 omni
1524 3746 1790 3800 catholica
1818 3747 1919 3802 Ec-

324 3838 497 3892 clesia
545 3835 895 3890 uniformiter
925 3835 1293 3900 celebrantur,
1339 3849 1395 3889 ut
1447 3839 1618 3905 legem
1663 3837 1920 3891 credendi

325 3930 413 3984 lex
452 3935 664 3982 statuat
705 3926 1062 3996 supplicandi.
1090 3926 1223 3980 Cum
1274 3929 1415 3982 enim
1462 3937 1771 3982 sanctarum
1805 3928 1920 3998 ple-

326 4021 472 4075 bium
501 4020 763 4089 praesules
786 4019 1040 4072 mandata
1069 4018 1283 4072 sibimet
1331 4019 1605 4088 legatione
1634 4017 1922 4088 fungantur

328 4110 468 4180 apud
517 4110 755 4163 divinam
807 4107 1174 4173 clementiam,
1228 4108 1450 4162 humani
1493 4111 1709 4178 generis
1758 4119 1924 4177 agunt

328 4216 573 4266 causam,
609 4211 663 4256 et
701 4211 807 4254 tota
837 4214 1023 4255 secum
1057 4199 1302 4254 Ecclesia
1329 4203 1791 4268 congemiscente,
1829 4217 1927 4271 po-

329 4293 541 4345 stulant
579 4298 636 4344 et
668 4300 959 4361 precantur
991 4298 1050 4344 ut
1081 4288 1390 4345 infidelibus
1420 4290 1656 4345 donetur
1681 4292 1835 4359 ﬁdes,
1868 4302 1926 4346 ut

330 4383 636 4437 idololatrze
677 4383 743 4436 ab
796 4381 1089 4450 impietatis
1134 4395 1246 4435 sum
1284 4381 1584 4436 liberentur
1622 4383 1921 4448 erroribus,

2014 3198 2280 3253 bonorum
2314 3197 2629 3260 affectuum,
2664 3204 2827 3265 atque
2860 3207 3110 3262 operum,
3144 3200 3198 3245 et
3225 3193 3463 3246 omnium
3493 3201 3605 3246 stu-

2017 3289 2250 3354 diorum,
2280 3287 2629 3355 omniumque
2653 3286 2935 3351 virtutum,
2976 3285 3170 3355 quibus
3196 3285 3262 3339 ab
3295 3285 3449 3340 initio
3479 3282 3607 3340 ϐαρὶ

2022 3379 2041 3418 ί
2074 3380 2141 3435 ad
2172 3381 2337 3435 Deum
2363 3378 2626 3445 tenditur,
2651 3379 2815 3433 Deum
2841 3377 3196 3447 proﬁteamnr
3223 3385 3523 3442 auctorem,
3549 3385 3606 3432 et

2018 3487 2124 3526 non
2148 3469 2452 3527 dubitemus
2471 3469 2539 3525 ab
2565 3470 2734 3537 ipsius
2747 3470 2918 3540 gratia
2949 3470 3124 3523 omnia
3156 3468 3392 3524 hominis
3416 3471 3604 3524 merita

2020 3565 2330 3635 praeveniri,
2364 3579 2461 3634 per
2481 3579 2640 3634 quem
2670 3549 2729 3618 lit
2755 3572 2817 3618 ut
2842 3563 3042 3634 aliquid
3074 3562 3200 3616 boni
3227 3571 3281 3618 et
3310 3563 3449 3618 velle
3475 3563 3608 3618 inci-

2023 3661 2230 3728 p—iamus
2259 3665 2314 3711 et
2347 3656 2544 3711 facere.
2575 3655 2697 3722 Quo
2729 3654 2915 3723 utique
2945 3653 3144 3709 auxilio
3175 3663 3229 3708 et
3255 3669 3480 3708 munere
3510 3654 3607 3708 Dei

2021 3763 2129 3802 non
2161 3746 2402 3800 aufertur
2428 3745 2660 3798 liberum
2684 3744 2989 3808 arbitrium,
3021 3743 3114 3797 sed
3145 3743 3432 3809 liberatur,
3461 3753 3517 3797 ut
3541 3746 3608 3800 de

2023 3838 2313 3896 tenebroso
2356 3834 2621 3902 lucidum,
2664 3833 2732 3888 de
2775 3848 2944 3902 pravo
2974 3844 3204 3901 rectum,
3243 3834 3311 3888 de
3354 3834 3607 3904 languido

2022 3945 2235 3994 sanum,
2267 3924 2701 3995 deimprudente
2731 3926 2803 3980 sit
2835 3925 3327 3994 providum.Tanta
3351 3927 3492 3981 enim
3521 3937 3604 3982 est

2024 4037 2146 4092 erga
2170 4034 2361 4074 omnes
2379 4018 2628 4072 homines
2654 4016 2869 4070 bonitas
2898 4015 3018 4080 Dei,
3045 4027 3102 4069 ut
3123 4025 3309 4071 nostra
3336 4017 3465 4072 velit
3485 4031 3612 4073 esse

2025 4113 2241 4180 merita,
2270 4126 2390 4183 quae
2413 4120 2539 4165 sunt
2560 4109 2729 4180 ipsius
2750 4108 2914 4174 dona,
2939 4118 2991 4164 et
3014 4123 3113 4176 pro
3137 4107 3220 4163 his
3245 4125 3363 4178 qua:
3387 4109 3608 4180 largitus

2025 4217 2129 4276 est,
2172 4215 2369 4262 mterna
2403 4205 2622 4273 praemia
2663 4206 2737 4257 sit
2785 4203 3106 4257 donaturus.
3144 4203 3268 4272 Agit
3314 4203 3513 4273 quippe
3557 4205 3610 4257 in

2027 4298 2202 4364 nobis,
2234 4307 2290 4352 ut
2318 4295 2464 4366 quod
2489 4295 2602 4349 vult
2630 4303 2685 4350 et
2708 4295 2940 4349 velimus
2967 4303 3022 4348 et
3043 4308 3295 4361 agamus;
3323 4309 3419 4348 nec
3438 4296 3608 4348 otiosa

2028 4404 2148 4444 esse
2170 4390 2221 4442 in
2245 4387 2402 4442 nobis
2426 4387 2650 4456 patitur,
2675 4399 2794 4454 quae
2822 4384 3146 4448 exercenda,
3168 4398 3273 4439 non
3295 4386 3610 4454 negligenda

329 4484 388 4528 ut
416 4473 842 4539 Judaeis,ablato
864 4473 1044 4527 cordis
1067 4473 1360 4538 velamine,
1386 4474 1478 4527 lux
1506 4473 1746 4528 veritatis
1763 4490 1924 4544 appa-
1950 4463 2002 4522 D
2028 4479 2281 4543 donavit;
2322 4488 2381 4532 ut
2409 4487 2464 4532 et
2493 4491 2592 4531 nos
2622 4487 3004 4544 c00peratores
3035 4476 3203 4529 simus
3248 4477 3433 4544 gratia:
3481 4478 3610 4544 Dei;

330 4577 467 4630 rest,
508 4575 568 4619 ut
611 4564 850 4619 hs-retici
880 4564 1161 4620 catholicas
1194 4564 1321 4620 ﬁdei
1352 4575 1374 4602 θ
1407 4566 1760 4635 perceptione
1785 4567 1926 4621 resi-

330 4661 564 4729 piscant,
612 4669 667 4712 ut
700 4658 1028 4712 schismalici
1058 4659 1310 4727 spiritum
1352 4657 1611 4713 rediviva:
1639 4658 1923 4714 charitatis

331 4749 620 4818 accipiant,
645 4757 706 4802 ut
726 4751 890 4818 lapsis
922 4750 1257 4818 paenitentia:
1279 4750 1519 4805 remedia
1547 4750 1920 4817 conferantur,

330 4849 388 4893 ut
413 4840 671 4909 denique,
703 4839 1113 4897 catechumenis
1151 4840 1218 4896 ad
1265 4843 1694 4911 regenerationis
1739 4859 1921 4899 sacra-

335 4946 514 4990 menta
542 4936 838 5004 perductis,
880 4937 1118 4992 caelesus
1162 4937 1553 4994 misericordia:
1597 4942 1720 4995 aula
1776 4957 1925 4996 rese-

333 5037 500 5080 retur.
539 5026 667 5080 llaec
706 5035 886 5080 autem
932 5041 1036 5082 non
1082 5026 1453 5098 perfunctorie
1481 5045 1654 5100 neque
1690 5031 1924 5086 inaniter

403 5188 430 5216 ι
451 5178 772 5261 .Concilium
804 5178 1115 5251 Carthagin.
1154 5191 1204 5236 et
1230 5181 1394 5237 editio
1429 5182 1626 5240 Leonis
1653 5185 1912 5254 Operum,

396 5267 420 5300 r
445 5265 634 5302 ursam.

332 5267 429 5358 re;
445 5265 726 5375 gignedit.
750 5319 979 5388 append.
1008 5329 1046 5375 t.
1067 5322 1112 5376 X
1134 5323 1234 5388 0p.
1253 5326 1332 5377 Au
1376 5334 1480 5377 ust.
1506 5341 1570 5379 ex
1594 5343 1727 5381 mss.
1751 5328 1920 5381 Corb.

332 5401 385 5444 ct
419 5390 622 5444 Leonis
651 5390 786 5445 edit.
817 5389 1034 5446 Cactcri.
1079 5395 1300 5446 omisso.
1337 5339 1491 5446 ﬁtem.
1534 5396 1599 5446 In
1626 5400 1802 5446 animo
1837 5414 1920 5446 m-

330 5401 385 5472 et
419 5390 622 5513 Lleonis
651 5390 786 5445 edit.
817 5389 1034 5461 Cmteri,
1079 5395 1300 5463 omisso,
1337 5389 1491 5459 Item,
1534 5396 1599 5450 In
1626 5400 1802 5467 quinto
1837 5414 1923 5450 ca-

331 5473 439 5513 mtu
467 5477 521 5513 ο.

331 5473 549 5583 ρηῖιῖίο
572 5544 638 5602 ex
667 5545 800 5584 mss.
828 5530 991 5586 Corb.
1025 5534 1157 5588 edit.
1185 5534 1412 5602 August.
1441 5534 1695 5602 Operam.
1727 5537 1924 5591 Cmteri

333 5601 831 5673 \‘erp,rjubegmur;
863 5613 916 5655 et
947 5613 1065 5671 post
1096 5601 1300 5673 aliquot
1332 5601 1524 5672 lineas,
1554 5609 1662 5659 sine
1691 5625 1768 5660 me
1798 5610 1930 5661 nihil

335 5670 614 5739 dzﬁicilius.
639 5670 748 5728 Sed
772 5670 956 5728 minus
974 5684 1140 5742 recte,
1167 5670 1396 5746 excepto
1427 5670 1568 5747 quad
1592 5677 1925 5748 priorisloco

2027 4585 2092 4626 ac
2113 4570 2161 4625 si
2189 4568 2315 4638 quid
2343 4569 2499 4624 nobis
2528 4583 2592 4623 ex
2620 4578 2800 4622 n05tra
2831 4565 3129 4622 viderimus
3158 4567 3476 4624 remissione
3498 4569 3614 4623 lan-

2023 4676 2305 4734 guescere,
2354 4661 2419 4715 ad
2468 4659 2620 4714 illum
2651 4658 2884 4714 sollicite
2926 4673 3296 4724 recurramus,
3341 4661 3430 4730 qui
3463 4671 3612 4715 sanat

2026 4771 2200 4810 omnes
2243 4755 2512 4825 languores
2543 4760 2761 4815 nostros,
2792 4759 2838 4805 et
2877 4751 3080 4804 redimit
3111 4750 3173 4803 de
3206 4751 3415 4804 interitu
3454 4752 3612 4803 vitam

2025 4861 2252 4903 nostram
2281 4846 2456 4919 (Psal.
2487 4860 2580 4909 cu,
2627 4844 2705 4914 '5),
2748 4853 2804 4899 et
2840 4844 2928 4898 cui
2966 4843 3206 4912 quotidie
3240 4843 3498 4897 dicimus:
3532 4842 3613 4898 Ne

2025 4941 2241 4994 inducas
2283 4954 2375 4992 nos
2423 4937 2479 4990 in
2521 4937 2874 5002 tentationem,
2919 4935 3009 4990 sed
3060 4933 3220 4987 libera
3262 4950 3353 4988 nos
3402 4950 3434 4987 α
3476 4934 3613 4987 malo

2027 5031 2242 5104 (Matth.
2269 5045 2345 5094 Vl,
2378 5028 2505 5099 ts).-

2025 5185 2188 5241 etiam
2218 5186 2268 5239 in
2295 5184 2475 5240 Leone
2501 5183 2755 5249 habetur,
2776 5184 3040 5254 jubemur,
3070 5198 3175 5236 non
3198 5183 3494 5253 jubeamur.

2098 5255 2124 5293 ἀ
2168 5257 2288 5310 Edit
2315 5257 2478 5309 Duae.
2506 5267 2560 5310 et
2584 5253 2785 5310 Colon.
2805 5270 2926 5308 cum
2943 5253 3138 5308 Leonis
3151 5254 3344 5322 0pcr.,
3367 5254 3613 5324 pestifera

2027 5344 2059 5380 η
2072 5328 2264 5379 "vitatis
2292 5327 2531 5380 elatione.

2103 5408 2124 5433 θ
2167 5398 2221 5450 ln
2242 5413 2398 5461 utss.,
2423 5396 2747 5466 perfectione.

2105 5467 2122 5504 τ
2167 5470 2256 5522 Sic
2282 5462 2666 5533 edit.'append.
2703 5463 2807 5517 1.x
2828 5462 2992 5530 Oper.
3024 5465 3162 5532 Aug.
3197 5479 3258 5518 ex
3290 5479 3418 5518 mss.
3449 5462 3608 5519 Corb.

2030 5547 2083 5590 et
2115 5537 2243 5593 edit.
2278 5540 2381 5604 0p.
2417 5537 2632 5589 Leonis.
2678 5534 2823 5604 Etljti
2861 5534 3206 5603 Prosperiani
3245 5535 3422 5592 minus
3450 5535 3611 5602 bene,

2029 5603 2341 5674 attenditur,
2367 5607 2484 5663 sine
2515 5605 2624 5671 his,
2653 5605 2719 5658 ad
2744 5603 2928 5660 Deum.
