4026 6176
418 266 514 322 2H
1661 263 1723 320 S.
1761 261 2097 322 PROSPERI
2135 258 2465 331 AQUITANI

591 380 750 453 277
778 378 1177 439 CAPITULUM
1206 378 1276 436 x.
1308 378 1450 437 Alias
1467 376 1625 441 csa.
1656 378 1798 435 χιιι.

418 511 570 581 Quod
597 514 959 584 profundiores
982 514 1290 584 quastiones
1314 530 1408 567 nee
1446 513 1827 568 contemnenda
1865 512 1990 581 sint,

869 599 962 637 nec
986 588 1190 655 penitus
1218 584 1527 638 asserenda.

480 748 507 778 ι
536 738 928 796 Profundiores
952 754 1086 797 vero
1127 739 1570 809 dilficilioresque
1597 749 1780 809 partes
1809 740 1995 796 incur—

414 830 646 887 rentium
675 833 1038 902 quaestionum
1061 874 1078 901 ,
1109 847 1245 903 quas
1271 833 1434 888 latius
1464 842 1862 901 pertractarunt
1901 834 1995 904 qui

409 922 680 979 haereticis
706 924 1043 995 restiterunt,
1076 926 1240 997 278
1267 925 1409 982 sicut
1432 941 1543 983 non
1572 926 1835 982 audemus
1864 941 1996 981 con-

436 1124 450 1137 .
480 1055 681 1137 ’.ΗΜ
718 1058 973 1137 Ρθξίτθιηῖ
1010 1058 1230 1137 capituli
1271 1060 1436 1137 verba
1479 1060 1703 1115 multam
1745 1057 1990 1128 disputa-

410 1126 579 1199 tionis
621 1126 899 1199 materiem
929 1126 1156 1185 eruditis
1186 1130 1581 1199 praebuerunt,
1623 1139 1683 1185 ut
1718 1126 1989 1199 statuatur

409 1197 537 1266 quid
572 1198 792 1268 intelligi
819 1199 1012 1253 debeat
1051 1214 1149 1268 per
1175 1197 1536 1270 profundiores
1580 1200 1697 1255 illas
1728 1198 1988 1269 digicilio-

408 1283 590 1335 resque
605 1278 773 1338 partes
796 1270 1164 1324 incurrentium
1191 1272 1549 1339 quaestionum,
1573 1284 1708 1339 quas
1729 1286 1817 1323 nec
1833 1270 1990 1323 audet

409 1348 732 1410 contemnere
757 1382 772 1406 ,
813 1354 905 1410 nec
936 1356 1136 1394 necesse
1164 1350 1311 1410 putat
1338 1356 1562 1397 asserere
1588 1381 1604 1407 ,
1645 1340 1986 1410 collectionis

409 1406 571 1473 huius
600 1418 811 1462 auctor.
859 1408 971 1464 Nec
997 1411 1135 1465 forte
1164 1406 1324 1465 'valde
1353 1406 1717 1467 necessarium
1742 1409 1866 1464 duci
1895 1410 1990 1465 de-

409 1476 502 1551 bet
529 1492 718 1551 magna
751 1480 1100 1551 contentione
1142 1480 1487 1549 investigare,
1523 1482 1648 1551 quid
1680 1480 1990 1551 significare

408 1546 707 1619 intenderit
747 1549 838 1619 qui
868 1561 1053 1618 aperte
1080 1546 1405 1616 loquendum
1436 1546 1553 1606 sibi
1574 1566 1679 1606 non
1717 1546 1986 1614 credidit,

410 1630 515 1672 nec
555 1631 621 1671 ex
672 1618 790 1672 loco
833 1620 1065 1675 obscuro
1096 1621 1259 1674 ullam
1302 1621 1673 1677 difﬁcultatem
1728 1620 1989 1676 elucidari

410 1700 575 1755 misse
603 1696 688 1742 est
712 1689 1062 1744 censendum.
1090 1690 1241 1747 Unde
1258 1700 1406 1745 notat
1427 1693 1511 1747 vir
1534 1691 1775 1747 eruditus
1793 1695 1843 1744 in
1874 1705 1993 1744 om~

3575 264 3686 319 112

2017 393 2067 451 Α
2096 387 2361 445 temnere,
2410 382 2479 435 ita
2524 393 2632 435 non
2663 392 2883 437 necesse
2915 378 3183 437 habemus
3212 388 3487 437 astruere.
3544 381 3683 448 Quia

2107 471 2172 527 ad
2203 471 2569 526 confitendam
2594 471 2823 541 gratiam
2856 470 2954 526 Dei
2981 512 2996 535 ,
3024 472 3185 542 cujus
3208 473 3361 542 operi
3392 486 3457 527 ac
3494 472 3688 543 digna-

2097 562 2231 617 tioni
2261 562 2398 617 nihil
2424 563 2638 632 penitus
2664 560 3092 619 subtrahendum
3121 570 3227 628 est,
3268 562 3399 617 satis
3428 563 3687 619 sufﬁcere

2098 653 2408 721 credimus,
2459 652 2720 723 quidquid
2774 653 3074 709 secundum
3124 653 3414 724 praedictas
3468 655 3686 724 reginas

2096 743 2412 813 apostolica
2438 743 2586 798 sedis
2616 758 2717 798 nos
2759 743 2961 814 scripta
2989 744 3327 811 docuerunt,
3373 753 3431 799 ut
3459 759 3689 815 prorsus

2097 850 2205 891 non
2228 835 2513 904 Opinemur
2538 832 2867 889 catboiicum
2889 874 2907 900 ,
2936 835 3080 905 quod
3106 835 3420 906 apparuerit
3445 834 3688 905 prefixis

2099 926 2380 982 sententiis
2409 940 2531 981 esse
2554 926 2906 981 contrarium.

2097 1057 2298 1113 habere
2330 1057 2610 1128 probetur.
2637 1056 2753 1112 Non
2784 1058 2949 1112 etiam
2975 1065 3059 1112 est
3085 1057 3227 1127 quod
3255 1059 3519 1128 suspicari
3551 1073 3684 1128 pos-

2095 1130 2168 1182 sit
2207 1128 2426 1197 aliquis,
2457 1128 2558 1181 hoc
2588 1127 2707 1181 loco
2736 1129 2817 1197 agi
2857 1128 2927 1183 de
2956 1128 3109 1181 initio
3139 1128 3263 1182 lidei
3291 1170 3305 1193 ,
3338 1141 3430 1183 aut
3467 1127 3689 1184 sancto-

2096 1213 2217 1252 rum
2248 1197 2740 1267 przedestinatione.
2790 1198 2847 1253 Si
2895 1197 3116 1267 quidem
3158 1198 3227 1253 de
3278 1200 3381 1253 hoc
3411 1201 3527 1268 ipso
3554 1200 3690 1256 Pro-

2096 1283 2315 1337 sperum
2364 1269 2514 1338 inter,
2551 1277 2607 1322 et
2643 1268 3104 1337 Semipelagianos
3148 1276 3258 1338 tota
3291 1279 3410 1324 erat
3435 1269 3682 1338 disputa-

2096 1339 2175 1409 tio
2199 1380 2213 1404 ,
2254 1346 2311 1393 et
2348 1337 2783 1393 manifestissime
2813 1347 3037 1407 apparet
3073 1353 3101 1391 a
3130 1337 3427 1395 Caelestino
3454 1337 3536 1393 ita
3562 1354 3689 1409 pro-

2096 1407 2233 1479 bari
2271 1408 2571 1463 doctrinam
2604 1409 2879 1479 Prosperi,
2911 1409 3049 1463 sicut
3086 1409 3447 1478 reprobantur
3489 1407 3683 1479 placita

2093 1478 2673 1547 Setnipelagianorum.
2703 1478 2770 1532 Et
2796 1479 2843 1533 si
2867 1494 2997 1534 vero
3023 1481 3167 1535 circa
3210 1478 3532 1548 praesentem
3560 1483 3690 1535 arti-

2091 1552 2270 1604 culum
2301 1550 2500 1616 aliquis
2529 1557 2840 1618 superesset
2860 1550 3184 1619 scrupulus,
3219 1551 3321 1605 hoc
3346 1552 3466 1605 solo
3498 1551 3688 1606 discu-

2092 1620 2224 1675 titur
2252 1619 2399 1689 qued
2427 1620 2669 1675 declarat
2716 1619 3029 1674 Hormisdas
3074 1619 3315 1689 pontifex
3356 1621 3410 1674 in
3456 1622 3689 1690 epistola

2094 1690 2160 1745 ad
2195 1690 2569 1746 Possessorem
2599 1731 2615 1756 ,
2660 1704 2822 1758 quam
2869 1691 3033 1743 citant
3087 1690 3327 1758 episcopi
3354 1691 3591 1746 Africani
3624 1692 3681 1745 in

412 1759 572 1836 nibus
599 1757 1230 1836 d_ispn_ta_tionibus,_qute
1251 1764 1619 1836 nono‘szculo
1640 1763 1986 1836 exstiterunt,
2020 1775 2067 1836 Β
2097 1760 2345 1836 Sardinia
2374 1757 2827 1836 exsul_es._E_pist._
2850 1761 2990 1836 inter
3019 1757 3406 1836 Fulgentianas
3439 1763 3555 1836 15}
3592 1760 3687 1836 __De

410 1827 477 1881 de
503 1828 675 1896 gratia
705 1829 923 1899 Christi.
956 1827 1223 1886 nemiuem
1254 1831 1359 1887 hoc
1389 1832 1512 1887 loco
1556 1832 1621 1886 ad
1671 1832 1831 1886 ullam
1864 1827 1987 1899 api;

410 1899 627 1969 nionem
661 1898 998 1969 refutandam
1027 1916 1149 1957 esse
1175 1918 1369 1969 usum;
1407 1918 1530 1957 cum
1562 1917 1660 1957 nec
1687 1901 1790 1968 ipsi
1816 1898 1992 1957 Semi-

410 1968 681 2041 pelagiani
711 1969 860 2025 illum
889 1971 943 2041 in
972 1987 1095 2025 suas
1120 1982 1297 2040 partes
1330 1977 1545 2028 trahere
1572 1986 1824 2041 umquam
1867 1980 1987 2027 ten-

411 2038 557 2111 tasse
592 2038 852 2111 legantur.
900 2040 1013 2094 Hoc
1041 2038 1214 2096 solum
1258 2057 1359 2111 pro
1401 2052 1552 2098 certo
1586 2038 1702 2111 ipse
1728 2042 1991 2097 articulus

410 2109 591 2177 operis
614 2108 1089 2181 hujus‘convincit,
1119 2108 1400 2168 nihil'inde
1424 2114 1541 2167 erui
1576 2108 1751 2181 posse,
1783 2121 1839 2166 ut
1865 2126 1990 2181 κη-

409 2181 501 2248 tia:
526 2180 677 2247 operi
709 2179 995 2248 (mdquam
1017 2182 1386 2236 subtrahatur.
1411 2183 1522 2237 Nec
1549 2179 1711 2237 etiam
1741 2182 1843 2237 hoc
1868 2179 1991 2237 loco

409 2245 711 2321 impugnari
730 2245 883 2303 valet
908 2265 1093 2304 eorum
1125 2252 1325 2321 aliquid
1351 2254 1492 2321 quod
1516 2262 1626 2307 tota
1652 2252 1991 2308 collectionis

409 2317 568 2384 hujus
593 2317 755 2389 serie,
780 2327 873 2372 aut
900 2321 952 2373 in
983 2321 1098 2388 ipsa
1123 2317 1397 2376 C(Blestitii
1424 2323 1648 2389 epistola
1679 2323 1949 2376 stabilitur
1972 2362 1988 2386 ,

410 2401 511 2443 nec
544 2388 705 2442 etiam
729 2388 871 2458 quod
900 2404 1022 2445 cum
1074 2391 1158 2446 bis
1183 2394 1569 2450 connexiouem
1624 2392 1991 2448 necessariam

421 2509 2105 2536 W

2093 1831 2312 1884 arbitrio
2342 1839 2387 1883 et
2409 1830 2577 1900 gratia
2602 1829 2863 1900 Dei,quid
2894 1830 3157 1893 Romana,
3194 1829 3291 1883 hoc
3323 1839 3397 1884 est
3426 1831 3688 1885 catholica

2094 1910 2337 1969 sequatur
2357 1899 2591 1971 etservet
2614 1899 2865 1965 Ecclesia,
2890 1901 2944 1953 in
2958 1900 3121 1971 pariis
3148 1900 3290 1954 libris
3315 1900 3614 1971 Augustini,
3638 1910 3689 1955 et

2096 1968 2320 2024 maxime
2360 1972 2430 2024 ad
2490 1970 2803 2039 Prospei-um
2849 1981 2894 2024 et
2926 1968 3190 2023 Hilarium
3216 2011 3231 2034 ,
3277 1968 3477 2025 abunde
3525 1986 3689 2040 posse

2097 2041 2372 2110 cognosci;
2422 2041 2533 2110 qui“
2557 2049 2680 2095 sunt
2727 2040 2986 2109 ipsissimi
3010 2040 3127 2110 ejus
3157 2040 3278 2095 libri
3307 2042 3375 2095 de
3401 2041 3690 2096 Prmdesti—

2098 2112 2318 2165 natione
2346 2122 2677 2172 sanctorum.
2708 2111 2814 2166 Sed
2839 2112 2907 2165 de
2936 2111 3035 2164 hac
3066 2125 3125 2164 re
3153 2111 3320 2164 fusius
3347 2111 3684 2167 disserentes

2097 2181 2383 2236 consulere
2422 2182 2550 2235 licet
2601 2191 2711 2251 tum
2738 2180 2999 2251 editorem
3031 2190 3086 2235 et
3123 2180 3511 2237 illustratorem
3543 2181 3691 2251 Ope-

2098 2267 2217 2305 rum
2250 2251 2308 2307 S.
2340 2251 2535 2305 Leonis
2563 2262 2600 2304 t.
2635 2250 2699 2313 ll,
2734 2266 2854 2319 pag.
2881 2250 2987 2305 407
3016 2259 3069 2304 et
3095 2264 3237 2319 seq.,
3270 2260 3384 2305 tum
3411 2262 3691 2307 auctorem

2100 2320 2359 2446 gablipgti.
2386 2336 2539 2376 novae
2565 2322 3066 2376 Ecclesiasticorum
3091 2330 3374 2377 auctorum
3417 2329 3459 2376 t.
3503 2322 3599 2390 ιν,
3636 2337 3691 2392 p.

2202 2408 2233 2445 e
2358 2432 2370 2443 .

2202 2400 2256 2445 et
2279 2400 2370 2445 9L

3087 2516 3683 2572 ~a—

1719 2630 1781 2713 A
1797 2629 2394 2713 DMONITIO

1283 2766 1349 2819 IN
1384 2766 1622 2820 LIBRUM
1658 2766 1710 2816 S.
1746 2763 2058 2816 PROSPEBI
2091 2763 2339 2816 CON-T-RA
2375 2760 2817 2816 COLLATOREM.

482 2994 631 3056 Inter
659 2996 1046 3071 reprehensores
1073 2995 1320 3055 dor-trina:
1341 3010 1372 3052 a
1394 3004 1570 3052 sancto
1601 2994 1971 3071 Augustinojn
1994 2990 2139 3071 libris
2163 3000 2349 3071 centro
2372 2991 2706 3071 Pelagianos,
2738 2991 3075 3071 et__prlecipue
3113 2990 3467 3071 inpostremis
3496 3009 3694 3071 propu-

409 3081 601 3146 gnator,
634 3064 991 3146 celeberrimus
1020 3071 1439 3146 doctissimusqne
1466 3079 1577 3123 erat
1602 3064 1829 3146 Joannes
1856 3067 2140 3146 Cassianus
2164 3107 2179 3131 ,
2213 3068 2474 3137 presbyter
2503 3064 2551 3121 et
2580 3067 2732 3146 abbas
2766 3064 3015 3146 Massilia:
3047 3066 3101 3146 in
3132 3065 3437 3146 Calliarun;
3479 3064 3692 3146 ciuitate

409 3135 515 3197 non
534 3142 769 3214 ignobili.
823 3140 899 3214 Is,
924 3151 979 3195 ut
1002 3142 1325 3214 verisimilius
1354 3135 1599 3212 apparet,
1632 3156 1659 3193 e
1682 3140 1869 3214 minori
1880 3138 2129 3214 Scythia,
2160 3154 2274 3206 quae
2300 3135 2403 3214 una
2426 3147 2535 3214 erat
2559 3135 2889 3214 ea:_Tltracite
2915 3136 3219 3214 provinciis,
3248 3136 3521 3214 oriundus,
3553 3138 3695 3214 circa

410 3206 609 3266 annum
635 3213 765 3281 forte
791 3212 897 3268 550
936 3219 1025 3265 aut
1051 3210 1177 3277 560,
1210 3220 1254 3266 et
1278 3212 1332 3264 in
1360 3206 1462 3265 uno
1489 3226 1552 3264 ea:
1594 3210 1915 3263 monasteriis
1957 3206 2070 3281 qua:
2100 3210 2314 3277 praesepi
2355 3206 2774 3281 Bethleemitauw
2803 3215 2947 3281 erant
2989 3207 3529 3281 proxinta‘educatus,
3559 3210 3694 3281 etin

410 3277 803 3336 humanioribus
832 3283 1013 3335 litteris
1034 3299 1135 3334 non
1162 3281 1482 3335 mediocriter
1509 3281 1759 3343 eruditus,
1789 3296 1937 3349 quem
1980 3279 2207 3348 Prosper
2236 3289 2407 3331 noster
2428 3278 2731 3347 disputandi
2753 3292 2846 3329 usu
2871 3277 3007 3349 i_nter
3032 3292 3116 3349 eos
3143 3277 3440 3349 quibuscum
3469 3277 3689 3347 degebat

411 3351 687 3413 Massiliae,
712 3350 1008 3406 excelluisse
1037 3354 1269 3421 agnoscit
1293 3367 1312 3413 ;
1337 3362 1448 3421 post
1472 3345 2485 3421 peragratamEgyptum'tauditosque
2509 3345 2809 3421 priestantes
2839 3345 2913 3399 1E
2917 3347 3062 3421 gyptj
3104 3346 3441 3421 solitudinum
3467 3345 3688 3418 incolas,

410 3439 527 3476 cum
552 3425 660 3489 ipse
681 3438 879 3492 quoque
901 3415 1221 3489 aliqua'mdiu
1243 3415 1651 3492 anachoreticam
1682 3421 1837 3492 vitam
1860 3415 2108 3492 discisset,
2139 3415 2941 3492 Constantinopolim‘proLectus,
2956 3415 3000 3469 'a
3023 3415 3061 3471 S
3071 3415 3129 3469 ..1
3131 3415 3686 3492 IoanneCltrysostomo

410 3495 466 3545 in
494 3485 768 3546 diaconum
796 3485 1109 3561 assumptus,
1138 3501 1248 3561 tum
1276 3491 1339 3543 ab
1365 3492 1477 3557 ipso
1505 3491 1574 3542 ad
1606 3489 1903 3561 presbyterii
1934 3490 2174 3561 honorem
2201 3485 2507 3544 sublimatus
2530 3529 2545 3561 ,
2578 3488 2721 3561 adita
2747 3487 2933 3548 Roma.
2956 3503 3094 3540 anno
3121 3485 3314 3561 Christi
3341 3485 3470 3550 405,
3500 3488 3692 3561 deinde

414 3563 551 3615 circa
578 3578 771 3616 annum
791 3556 1104 3617 saltem'MEi
1128 3560 1413 3614 Massiliam
1439 3576 1492 3613 se
1518 3562 1725 3628 recepit.
1757 3556 1878 3625 Qua
1906 3560 1960 3613 in
1990 3560 2112 3613 urbe
2138 3560 2241 3613 duo
2273 3560 2584 3613 monasteria
2607 3601 2622 3625 ,
2664 3558 2891 3612 virorum
2920 3572 3081 3628 unum
3104 3597 3118 3619 .
3159 3559 3431 3628 mulierum
3460 3556 3686 3613 alterum

412 3633 675 3697 cediﬁcans
700 3674 715 3697 ,
747 3632 800 3686 in
827 3633 987 3703 prigri
1010 3632 1175 3684 sancti
1221 3629 1441 3684 Victoris
1471 3626 1698 3703 nomine
1717 3646 1780 3703 ea:
1806 3631 2019 3703 tuncad
2047 3629 2159 3683 lttec
2180 3642 2416 3703 tempora
2448 3627 3019 3703 insignito,_mo_nacltis
3044 3628 3281 3703 praefuit,
3325 3626 3442 3693 Quo
3486 3629 3538 3703 in
3572 3628 3689 3682 loco

413 3704 622 3771 degens,
652 3696 863 3770 raganle
889 3701 1099 3755 Castore
1128 3703 1366 3771 episc0po
1396 3702 1629 3768 Aptensis
1649 3696 1897 3771 [Ecclesiae
1924 3701 1975 3752 in
2000 3701 2222 3754 secunda
2252 3696 2597 3765 Narbonensi,
2628 3699 2972 3771 institutiones
3000 3697 3307 3771 conscripsit
3325 3697 3559 3771 regendis
3590 3714 3691 3751 cat-

411 3768 601 3827 nobitis
624 3788 658 3827 a
683 3768 893 3827 Castore
919 3768 1165 3826 institutis
1187 3768 1618 3825 accommodatas.
1649 3768 1762 3823 Has
1784 3781 1954 3824 autem
1979 3778 2087 3823 tum
2116 3773 2356 3838 temporis
2377 3770 2594 3839 scriptas
2614 3778 2774 3836 patet,
2799 3784 2914 3821 cum
2945 3768 3196 3839 {eruerent
3216 3768 3387 3820 adhuc
3416 3770 3553 3839 circa
3570 3785 3692 3838 gra-

414 3845 540 3897 tiam
570 3843 965 3913 disputationes,
988 3843 1400 3911 quandoquidem
1417 3845 1532 3913 jam
1558 3850 1667 3893 tum
1689 3840 1964 3910 Augustini
2008 3841 2256 3895 doctrina:
2283 3841 2453 3895 minus
2474 3837 2687 3913 omnino
2705 3854 2860 3907 quam
2887 3853 2982 3913 par
3007 3845 3136 3890 esset
3163 3837 3344 3913 [avere
3362 3837 3690 3913 animadver-

412 3923 572 3979 tatur,
595 3908 804 3967 erroneo
820 3912 915 3983 hoc
938 3908 1187 3983 principio
1209 3908 1518 3981 prwventus,
1547 3913 1726 3983 salutis
1753 3908 1939 3965 nostrae
1965 3927 2095 3975 opus
2124 3927 2155 3964 α
2180 3912 2325 3983 nobis
2354 3926 2552 3983 sumere
2572 3911 2915 3983 initiunt,_per
2939 3908 3083 3983 bona:
3098 3908 3386 3983 tvolun_tati_s_
3401 3910 3639 3983 meritum
3666 3926 3687 3974 ;

410 3976 792 4050 quod'subinde
814 3976 969 4037 aDeo
989 3983 1056 4035 ad
1080 3976 1568 4052 consummationem
1590 3981 1940 4052 perducatur:
1970 3983 2065 4035 hoc
2092 3990 2163 4052 est
2194 3982 2419 4052 discerni
2444 3997 2535 4034 nos
2565 3997 2597 4052 a
2630 3979 2773 4052 nobis
2797 3976 3163 4052 _ipsis,_habere
3188 3976 3386 4052 aliquid
3414 3979 3549 4052 quod
3579 3994 3687 4032 non

411 4046 777 4123 acceperimus,
801 4063 849 4106 et
879 4054 1093 4123 proinde
1133 4068 1279 4119 posse
1304 4068 1406 4105 non
1434 4053 1489 4104 in
1519 4046 1738 4123 Domino
1762 4094 1777 4119 ,
1822 4052 1910 4105 sed
1940 4052 1993 4105 in
2033 4051 2177 4105 nobis
2206 4051 2329 4122 ipsis
2357 4050 2594 4123 gloriari.
2638 4048 2756 4123 _Sed
2785 4046 2893 4123 haec
2920 4047 2982 4102 ab
3009 4063 3068 4100 eo
3111 4056 3229 4101 ante
3276 4046 3566 4123 Innocentii
3598 4057 3691 4101 aut

412 4119 608 4177 Zosimi
633 4125 685 4175 in
710 4119 1019 4191 Pelagianos
1044 4121 1178 4174 latas
1203 4123 1477 4174 sententias
1506 4122 1707 4191 prolata
1730 4123 1912 4191 merito
1938 4122 2206 4187 coniicias,
2228 4119 2591 4190 'post'quorum
2614 4119 3017 4191 damnationem,
3041 4133 3147 4171 non
3176 4134 3332 4173 ausus
3359 4119 3537 4189 [uisset
3567 4135 3687 4173 cum

411 4193 716 4265 huiusmodi
741 4189 989 4246 htereticis
1010 4192 1281 4261 afﬁrmare,
1310 4192 1441 4265 nihil
1465 4189 1622 4265 aliud
1641 4207 1790 4258 quam
1812 4190 1976 4265 legem
2009 4193 2193 4265 gratia:
2220 4189 2408 4245 divinat
2440 4191 2692 4265 auxilium
2844 4204 3012 4259 posse.

488 4257 683 4315 Eodem
713 4272 920 4315 auctore
945 4272 989 4314 et
1019 4257 1248 4332 oratore1
1271 4262 1421 4313 etiam
1448 4260 1783 4314 collationum
1809 4257 2179 4332 spiritualium,
2220 4278 2359 4332 quas
2379 4278 2495 4314 cum
2537 4257 2883 4332 Orientalibus
2907 4257 3169 4332 monachis
3205 4257 3500 4332 habuerat,_
3504 4259 3689 4313 seriem

410 4334 545 4404 ston
574 4332 1149 4404 committeresuscepit.
1196 4329 1401 4404 Harum
1427 4332 1599 4385 decem
1628 4328 1844 4404 primas,
1884 4332 2124 4404 defuncto
2150 4328 2296 4385 citius
2325 4330 2534 4386 Castore
2564 4331 2727 4404 amico
2762 4346 2855 4383 suo
2882 4370 2897 4393 ,
2925 4328 3138 4404 Leontio
3182 4330 3421 4404 episcopo
3451 4328 3685 4404 Foroju-

411 4397 563 4472 nam
583 4445 597 4466 ,
631 4413 676 4455 et
702 4402 949 4457 Helladio
968 4397 1201 4456 nondum
1228 4402 1487 4472 episcOpo,
1517 4397 1843 4469 nuncupavit.
1873 4397 2077 4468 Septem
2116 4412 2377 4472 sequentes
2419 4403 2649 4472 precibus
2682 4410 2974 4472 sanctorum
2990 4397 3272 4472 Δῌριιιινιιιῆ
3299 4397 3611 4472 Arelatensis
3638 4410 3689 4472 et

413 4470 659 4546 Eucherii
685 4473 1039 4546 Lugdunensis
1063 4481 1235 4546 postea
1260 4467 1621 4546 episcoporum
1644 4467 1804 4526 victus
1830 4475 2135 4546 composuit,
2167 4467 2301 4546 anno
2331 4474 2492 4525 serius
2518 4471 2643 4546 ﬂii.
2676 4469 2871 4546 Quibus
2898 4470 2959 4546 in
2977 4467 3527 4546 Collationibus,_inter
3554 4470 3689 4546 mul-

412 4552 466 4596 ta
488 4539 816 4611 aediﬁcationi
837 4539 1183 4597 Lirinensium
1208 4539 1595 4613 monachorum,
1624 4558 1842 4613 quorum
1869 4539 2042 4596 usibus
2065 4542 2473 4607 destinabantur,
2507 4541 2801 4613 utilissima,
2832 4550 2879 4592 et
2920 4540 2984 4592 iis
3016 4539 3269 4613 laudibus,
3300 4539 3532 4613 quibusa
3555 4541 3689 4613 mul-

412 4615 479 4667 tis
508 4609 628 4666 viris
655 4613 816 4668 doctis
842 4624 887 4666 et
914 4616 1105 4668 sanctis
1132 4614 1406 4668 decoratus
1430 4622 1505 4667 est
1531 4609 1828 4679 Cassianus,
1862 4614 2183 4682 dignissima,
2217 4614 2370 4682 plura
2397 4613 2548 4665 etiam
2568 4612 2811 4680 sparsim,
2838 4618 2885 4663 et
2907 4611 3130 4663 maxime
3154 4618 3258 4663 tota
3284 4611 3389 4679 fere
3415 4609 3690 4665 collatione

409 4684 610 4738 decima
636 4685 788 4738 tertia
816 4686 982 4754 sancti
1008 4685 1277 4754 Augustini
1307 4685 1445 4737 circa
1472 4683 1693 4753 gratiam
1731 4684 1977 4738 doctrina:
1999 4684 2214 4737 adversa
2241 4684 2498 4754 leguntur.

488 4755 605 4820 Qua
631 4755 685 4807 in
713 4771 768 4807 re
798 4750 1436 4824 Cassianus'periculosius
1462 4750 1666 4808 errabat
1692 4769 1843 4823 quam
1866 4755 1922 4824 in
1947 4755 2162 4814 caeteris,
2195 4750 2305 4806 tum
2338 4750 2799 4824 propterbmateriae
2826 4750 3146 4819 dignitatem,
3190 4759 3294 4803 tum
3317 4758 3525 4824 propter
3554 4759 3686 4824 tem-

488 4771 605 4820 υιια
631 4771 685 4807 ιη
713 4771 768 4807 re
798 4771 1076 4808 passionus
1091 4771 1436 4876 periculosius
1462 4771 1666 4808 erraoat
1692 4771 1843 4823 quam
1869 4771 1922 4806 in
1947 4771 2162 4814 cwterts,
2195 4771 2299 4806 tum
2338 4771 2546 4824 propter
2571 4771 2799 4804 materne
2826 4771 3146 4819 atgmtatem,
3190 4771 3294 4803 tum
3317 4771 3525 4820 propter
3554 4771 3686 4804 tem-

410 4841 594 4892 porum
625 4825 1056 4879 circumstantias.
1137 4824 1650 4895 elagianorumenim
1675 4834 1841 4877 errata
1856 4822 2033 4895 Romae
2051 4825 2270 4895 primum
2301 4840 2439 4876 anno
2464 4822 2568 4895 418
2596 4822 2839 4895 damnata
2864 4824 3087 4895 fuerant,
3120 4820 3419 4895 tumstatim
3447 4837 3477 4895 (ι
3500 4822 3688 4895 multis

413 4890 751 4949 Orientalium
780 4896 1006 4963 partium
1054 4890 1309 4958 conciliis,
1339 4910 1456 4947 cum
1483 4894 1574 4948 ille
1602 4910 1737 4948 anno
1762 4895 1925 4949 serius
1962 4890 2069 4949 426
2093 4894 2420 4947 collationem
2466 4892 2599 4944 hanc
2628 4892 2881 4963 decimam
2910 4892 3111 4963 tertiam
3140 4890 3242 4963 luci
3281 4890 3533 4963 commisit
3565 4905 3585 4944 :
3630 4892 3686 4945 in

448 4983 510 5037 na
530 4966 736 5036 quidem
754 4958 889 5019 idem
914 4980 1056 5018 error
1078 4965 1348 5037 specialius
1370 4966 1684 5037 continetur,
1699 4968 1848 5037 cujus
1866 4966 2046 5036 jamin
2068 4967 2213 5037 tertia
2236 4963 2511 5037 collatione
2534 4963 2656 5037 satis
2675 4961 2878 5037 evidens
2890 4960 3157 5030 vestigium
3183 4958 3684 5037 deprehentlebatur.

448 4983 510 5018 na
530 4982 736 5036 qutaem
754 4982 889 5019 taem
914 4982 1056 5018 error
1078 4982 1348 5033 spectattus
1370 4982 1684 5027 continetur,
1699 4982 1848 5037 cujus
1866 4982 2046 5036 Jamm
2068 4982 2213 5018 tertia
2236 4982 2511 5018 couattone
2534 4982 2656 5016 88m
2675 4982 2878 5015 evtaens
2890 4982 3157 5030 veﬂlg‘lum
3183 4982 3684 5028 aeprenemtwamr.

408 4982 543 5089 ‘i’iro
572 5051 693 5106 ergo
723 5044 879 5089 tantce
907 5035 1228 5106 auctoritatis
1256 5044 1462 5104 quanta
1488 5035 1764 5090 Cassianus
1790 5036 2087 5106 habebatur,
2118 5036 2172 5088 in
2198 5036 2308 5106 ipso
2329 5034 2739 5102 disputationum
2763 5032 2956 5106 feruore
2983 5046 3170 5085 nouum
3196 5031 3381 5106 dogma
3404 5029 3684 5106 inferente,

407 5106 547 5187 quod
572 5098 825 5189 quidem,“
826 5107 1118 5189 observante
1147 5098 1543 5189 Prospero,.nec
1564 5106 1823 5158 damnata:
1846 5108 1910 5187 ab
1934 5098 2167 5189 Ecclesia
2196 5098 2376 5187 haeresi
2398 5098 3065 5189 usquequaque‘conforme,
3093 5116 3184 5189 nec
3204 5098 3541 5189 do’ctrinwbs.
3569 5098 3687 5153 Au;

406 5169 621 5246 gustini,
651 5176 740 5243 qui
778 5169 1183 5247 Pelagianorum
1209 5174 1558 5247 damnationis
1586 5192 1704 5245 pars
1734 5175 2173 5247 maximafuerat,
2210 5176 2349 5229 omni
2374 5191 2437 5228 ea:
2463 5169 2607 5247 parte
2644 5169 2957 5247 consentiens
2986 5169 3117 5247 foret
3140 5209 3161 5247 ,_
3200 5169 3315 5238 ﬁeri
3342 5170 3552 5247 omnino
3584 5186 3689 5223 non

407 5238 629 5316 poterat,
653 5238 778 5318 quin
802 5238 933 5300 inde
949 5245 1172 5318 turbatio
1202 5262 1303 5297 non
1330 5245 1529 5318 modica
1558 5238 1901 5318 enasceretur.
1933 5238 2043 5297 Nec
2063 5238 2201 5318 enim
2231 5255 2341 5298 erat
2370 5238 2506 5318 quod
2534 5258 2744 5318 errores
2761 5243 2815 5294 in
2829 5239 3116 5318 collatione
3144 5240 3358 5318 insertos
3388 5241 3443 5318 in
3473 5238 3686 5318 Charis-

407 5308 889 5383 'monem'a'bbatem,
919 5332 1069 5386 quem
1098 5317 1383 5386 loquentem
1409 5316 1704 5378 induxerat,
1732 5316 1985 5386 rejiceret,
2012 5331 2138 5383 quos
2159 5316 2265 5386 ipse
2295 5308 2412 5368 totis
2438 5314 2586 5386 ulnis
2604 5312 2840 5383 amplecti
2879 5328 2933 5365 se
2956 5326 3018 5363 ac
3045 5312 3261 5381 probare
3282 5309 3583 5386 testabatur.
3618 5308 3688 5386 Id

396 5396 578 5459 autem
609 5389 658 5441 ei
701 5390 756 5444 in
787 5379 912 5443 uotis
932 5379 1050 5442 "erat
1093 5379 1211 5459 cum
1236 5385 1546 5459 Collationes
1569 5379 1849 5459 evulgari»,
1877 5395 1931 5439 ut
1961 5379 2198 5459 proprios
2219 5402 2394 5459 sensus
2420 5386 2527 5459 suis
2553 5379 2897 5459 depromeret,
2917 5379 3228 5459 cum'eorum
3251 5380 3434 5459 quibus
3464 5379 3687 5459 docendi

408 5472 601 5527 munus
628 5460 940 5513 commisisse
963 5458 1240 5512 simulabat
1264 5457 1548 5527 doctrinam
1578 5449 1776 5527 magnis
1799 5449 2067 5527 prteco'niis'
2092 5455 2376 5509 extolleret.
2405 5453 2539 5527 Aliis
2568 5469 2764 5527 quoque
2789 5468 2853 5506 ea:
2871 5453 3004 5527 locis
3042 5451 3172 5504 satis
3207 5449 3687 5527 manifeste__depre-

407 5524 740 5599 bendebatur,
770 5529 985 5599 probata
1012 5529 1077 5581 ab
1105 5544 1173 5599 eo
1190 5528 1362 5581 omnia
1389 5518 1737 5599 Chaeremonis
1763 5518 1959 5599 abbatis
1987 5526 2324 5599 pronuntiata
2347 5542 2367 5589 ;
2390 5526 2527 5594 quod
2555 5518 2762 5599 quidem
2784 5522 2911 5599 satis
2937 5529 3208 5599 prastasse
3225 5537 3278 5575 se
3299 5518 3544 5589 ostendit,
3567 5518 3686 5575 cum

407 5595 541 5667 hanc
570 5592 857 5651 doctrinam
878 5614 967 5652 nec
990 5598 1313 5667 improbarit,
1346 5613 1438 5651 nec
1461 5596 1741 5667 objections
1768 5597 1845 5649 vel
1871 5597 2081 5650 minima
2110 5601 2163 5649 in
2191 5592 2409 5667 dubi_um
2432 5592 2655 5649 revocari
2690 5610 2837 5667 posse
2856 5592 3241 5667 dmonstrarit.

479 5666 619 5719 Hinc
644 5669 855 5738 contigit
894 5678 948 5719 ut
977 5660 1123 5738 multi
1149 5669 1200 5720 in
1231 5660 1415 5721 Galliis
1446 5660 1652 5730 nostris,
1694 5668 1914 5721 maxime
1938 5669 2069 5721 inter
2092 5682 2263 5720 servos
2294 5664 2410 5729 Dei,
2436 5683 2535 5735 quo
2560 5660 2763 5738 nomine
2789 5662 2951 5738 solent
2992 5662 3249 5738 designari
3275 5660 3551 5729 monachi,
3597 5663 3683 5729 qui

411 5735 660 5793 Massilia
679 5733 946 5807 degibant,
974 5739 1028 5793 in
1051 5736 1326 5806 Augustini
1361 5740 1642 5793 doctrinam
1668 5738 1985 5809 insurgerent
2010 5754 2031 5805 ,'
2075 5753 2166 5793 nec
2198 5737 2409 5791 dubium
2438 5733 2563 5791 istos
2591 5735 2823 5791 Cassiani
2850 5733 3154 5790 auctoritate
3192 5734 3247 5788 in
3281 5748 3476 5787 errores
3499 5770 3518 5798 ,
3564 5748 3680 5787 cum
