4030 6178
284 304 392 359 213
1350 320 1363 331 ι
1394 298 1592 356 LIBER
1634 298 1875 356 CONTR.

1956 297 2430 355 COLLATOREM.
3440 301 3547 356 ΞΗ

278 417 399 472 aliis
427 418 509 475 sui
537 415 832 483 sequacibus
862 416 1114 471 inductos.
1170 414 1327 469 Erant
1380 424 1549 468 autem
1594 416 1681 469 isti
1727 415 2075 469 Massilienses
2125 416 2362 469 monachi
2389 417 2480 469 viri
2507 418 2634 470 clari
2662 462 2674 483 ,
2707 430 2751 471 et
2782 422 2834 472 in
2858 422 3082 473 omnium
3110 412 3353 473 uirtutum
3378 426 3552 479 studio

276 488 492 557 egregii,
506 502 722 557 quorum
739 488 877 557 apud
894 486 1160 555 plerosque
1186 496 1332 539 tanta
1357 495 1468 539 erat
1498 488 1559 538 tle
1594 487 1870 553 probitatis
1895 485 2325 554 contemplatione
2350 490 2648 552 reverentia,
2673 498 2726 541 ut
2754 490 2849 543 hoc
2874 492 3182 545 tutissimum
3210 492 3304 545 sibi
3328 494 3552 545 testima-

276 556 576 627 r’ent,’rquod
605 556 842 610 audirent
871 573 974 622 eos,
1001 574 1217 624 quorum
1243 558 1601 611 auctoritatem
1628 558 1739 610 sine
1758 558 1958 626 judicio
1984 558 2344 625 sequebamur,
2369 574 2611 612 asserere.
2641 558 2749 614 Hos
2778 562 2911 613 inter
2939 562 3314 615 eruditissimus
3332 561 3552 617 habeba-

275 638 363 681 tur
388 626 691 697 Cassianus,
719 627 805 697 qui
832 629 979 680 etiam
1006 628 1145 680 solus
1172 628 1398 697 cogitata
1424 644 1516 679 sua
1542 627 1745 697 scriptis
1769 627 2029 695 publicare
2058 644 2157 697 non
2189 629 2444 681 timuerat.
3141 679 3148 685 .

347 696 624 771 Hi‘autem
646 699 700 771 in
730 696 981 771 principio
1010 698 1209 771 cautius
1235 696 1462 771 agentes,
1495 696 1792 771 tarditatem
1817 713 1965 771 suam
1990 696 2202 767 culpare
2229 699 2521 771 maluerunt
2546 741 2559 764 ,
2594 715 2748 768 quam
2774 716 2875 753 non
2900 700 3159 755 intellecta
3197 701 3249 753 in
3280 703 3550 771 Augustini

273 766 744 841 elucubrationibus
770 766 1179 841 reprehendere;
1224 766 1532 837 quidamque
1561 782 1734 841 eorum
1772 766 2253 841 lucidioremsuper
2282 767 2377 821 hoc
2406 777 2554 835 atque
2578 766 2885 837 apertiorem
2912 774 3026 841 ejus
3068 766 3435 840 expositioném
3462 789 3551 826 vo—

273 784 744 821 etucuorattomous
770 784 1179 891 regreaeitaere;
1224 784 1532 837 quidamque
1561 784 1734 820 eorum
1772 784 2071 820 tuciaiorem
2098 784 2253 835 super
2282 784 2377 821 aoc
2406 784 2554 835 atque
2578 784 2885 837 apertiorem
2912 788 3026 841 ejus
3068 784 3435 840 expositionem
3462 789 3550 826 vo—

273 839 485 912 luerunt
510 839 786 912 postulare.
868 840 995 912 aluit
1025 846 1193 891 tamen
1222 849 1399 906 postea
1429 854 1529 890 non
1551 838 1727 912 minus
1764 853 1829 891 ex
1848 837 2238 912 superbiatcui,
2269 842 2496 892 omnium
2522 844 2741 912 maxime
2761 848 3161 912 patentquorum
3184 842 3388 895 virtutes
3409 843 3550 912 apud

274 910 511 963 homines
540 910 592 962 in
624 909 784 979 preti_o
812 907 1060 979 habentur
1088 926 1239 979 quam
1265 924 1328 961 ex
1353 907 1579 961 naturali
1606 907 1897 979 ignorantia
1925 915 2013 959 aut
2042 908 2343 977 inﬁrmitate
2368 920 2515 962 natus
2540 910 2721 963 horum
2747 907 2996 964 tenebras.
3026 910 3153 965 Cum
3174 912 3308 964 enim
3336 907 3549 979 fortuito

274 980 471 1032 allatus
497 988 626 1051 esset
648 978 700 1032 in
724 976 924 1032 Gallias
951 978 1076 1033 liber
1097 976 1168 1051 de
1192 977 1596 1051 Correptioneet
1623 976 1833 1051 Gratia,
1868 993 2031 1051 quem,
2052 980 2367 1051 instruendis
2416 981 2762 1033 Adrumetinis
2789 981 3047 1034 monachis
3074 995 3213 1051 anno
3236 976 3343 1034 4‘27
3370 982 3551 1051 Augu-

269 1052 438 1102 stinus
482 1049 841 1119 destinaverat.
870 1064 968 1118 quo
1004 1052 1057 1102 in
1086 1050 1218 1119 libro
1249 1046 1486 1101 omnibus
1510 1046 1923 1119 Massiliensium
1951 1048 2316 1118 objectionibus
2340 1090 2355 1111 ,
2399 1051 2541 1117 quasi
2573 1066 2637 1103 ex
2663 1050 2919 1105 industria
2945 1050 3343 1119 respondebatur
3368 1092 3384 1114 ,
3434 1046 3550 1105 cum

268 1134 391 1189 ergo
417 1120 500 1173 illi
526 1119 694 1175 lucem
721 1118 817 1172 hoc
846 1117 899 1172 in
929 1120 1061 1172 libro
1085 1117 1419 1189 alfulgentem
1448 1118 1515 1171 ad
1546 1121 1831 1188 profectum
1860 1117 2016 1171 suum
2040 1129 2326 1172 convertere
2350 1120 2657 1181 debuissent,
2686 1130 2731 1173 et
2770 1122 2993 1173 omnium
3020 1117 3395 1174 dubitationum
3419 1138 3547 1175 sua-

269 1205 386 1261 rum
411 1190 623 1243 nebulas
649 1190 924 1261 disjicere;
956 1191 1139 1259 majori
1166 1192 1217 1242 in
1246 1190 1506 1261 ueritatem
1532 1204 1685 1257 quam
1720 1197 1871 1261 antea
1912 1199 2217 1261 exarserunt
2258 1191 2376 1242 odio
2402 1232 2417 1254 ,
2450 1192 2544 1261 hoc
2572 1192 2706 1243 inter
2733 1201 2913 1244 ca’tera
2948 1190 3260 1259 objicientes,
3288 1208 3321 1244 a
3351 1194 3549 1246 nemine

270 1257 736 1313 ecclesiasticoruni
782 1257 1120 1331 tractatorum
1155 1270 1275 1331 ante
1322 1258 1675 1331 Augustinum
1713 1257 1870 1331 Pauli
1903 1258 2016 1311 loca
2043 1261 2359 1331 adsensum
2405 1260 2861 1329 pra’destinationis
2890 1257 3150 1331 applicata
3180 1277 3198 1315 .'
3223 1262 3360 1330 quod
3415 1264 3546 1317 nulli

270 1332 432 1401 magis
450 1331 690 1401 competit
711 1346 865 1397 quam
886 1328 1129 1401 Cassiano
1156 1329 1469 1401 Crwcorum
1490 1329 1632 1401 libris
1660 1329 1928 1401 innutrita,
1955 1345 2018 1401 ea:
2042 1329 2224 1401 quibus
2242 1328 2411 1399 potior
2433 1332 2733 1401 objectionis
2754 1331 2909 1401 hujus
2927 1328 3072 1384 nasci
3100 1328 3297 1401 poterat
3323 1334 3543 1387 occasio.

342 1348 349 1380 r
385 1348 432 1383 is
450 1348 690 1398 competit
711 1348 865 1397 quam
886 1348 1129 1383 Lassiano
1156 1348 1454 1384 urwcorum
1490 1348 1632 1382 noris
1660 1348 1928 1393 innutrita,
1955 1348 2018 1382 ex
2042 1348 2224 1397 quibus
2242 1348 2408 1399 pouor
2433 1348 2733 1401 oojectionis
2754 1348 2820 1384 nu
2852 1348 2909 1383 us
2932 1348 3069 1384 nasci
3137 1348 3297 1385 orerat
3323 1348 3543 1387 occasio.

342 1348 463 1464 ὄπα
492 1400 557 1453 de
578 1417 634 1471 re
660 1398 888 1471 Prosper
917 1411 960 1452 et
991 1400 1229 1454 Hilarius
1258 1416 1374 1452 cum
1402 1400 1470 1452 ad
1496 1400 1923 1471 S.Augustin_um
1946 1400 2136 1453 litteras
2161 1400 2415 1455 dedissent
2440 1402 2578 1454 circa
2604 1418 2793 1471 annum
2815 1352 2920 1455 1'28
2936 1411 3027 1471 aut
3052 1350 3186 1467 ἐξ),
3215 1402 3303 1455 ille
3330 1418 3546 1471 respon-

272 1470 343 1522 dit
370 1471 520 1525 libris
550 1470 614 1523 de
647 1468 1108 1524 Pratdestinatione
1131 1472 1515 1541 Sanctorumet
1545 1469 1607 1521 de
1639 1468 1788 1541 Dono
1814 1468 2241 1541 Persei'erantite.
2268 1472 2381 1536 Quo
2410 1473 2581 1525 animo
2610 1470 2727 1525 libri
2756 1471 2834 1525 illi
2861 1489 2890 1524 a
2913 1469 3078 1526 Gallis
3105 1472 3325 1541 suscepti
3355 1468 3545 1541 fuerint

270 1556 368 1612 non
398 1550 583 1608 patet;
612 1550 755 1612 patet
774 1556 892 1595 vero
921 1542 998 1594 his
1028 1558 1130 1594 non
1160 1542 1332 1612 statim
1352 1540 1545 1612 sopitas
1573 1540 1753 1612 talium
1784 1541 2113 1612 dissidiorum
2139 1540 2334 1593 turbas.

339 1610 636 1683 Superstite
667 1611 837 1664 adhuc
858 1614 1165 1683 Augustino,
1194 1609 1386 1683 Ruﬁno
1407 1608 1674 1683 epistolam
1703 1611 1905 1683 scripsit
1930 1608 2268 1683 Serosper,
2294 1612 2348 1664 in
2371 1627 2471 1678 qua
2506 1618 2720 1683 testatur
2744 1628 2796 1665 se
2823 1612 2917 1665 hoc
2945 1612 3009 1665 de
3037 1612 3224 1666 divitiis
3250 1613 3543 1666 misericor-

269 1680 366 1734 dia:
398 1679 499 1753 Dei
524 1698 750 1753 sperare,
774 1683 911 1750 quod
932 1679 1056 1750 quos
1077 1691 1194 1753 tunc
1225 1682 1381 1753 libero
1410 1681 1521 1753 falli
1546 1679 1868 1753 arbitrioqsuo
1884 1692 1931 1735 et
1962 1680 2025 1753 ab
2047 1679 2353 1753 humilitatis
2374 1682 2457 1734 via
2484 1682 2767 1753 patiebatur
2793 1682 3013 1753 evagari,
3037 1699 3137 1753 non
3158 1699 3538 1753 usquequaque,

267 1767 424 1819 neque
462 1752 516 1803 in
552 1750 710 1819 ﬁnem
736 1761 865 1805 esset
891 1752 1225 1821 intelligentia
1264 1752 1601 1822 fraudaturus
1623 1791 1637 1814 ,
1681 1751 1769 1803 sed
1794 1754 1928 1803 hunc
1956 1752 2126 1818 ipsum
2162 1752 2215 1804 in
2255 1750 2613 1821 longinquiora
2660 1750 2987 1822 progressum
3033 1752 3147 1805 ideo
3175 1755 3238 1806 ab
3264 1750 3543 1807 eo'tardius

265 1822 512 1893 revocari,
544 1830 598 1875 ut
642 1837 767 1891 Opus
789 1824 967 1891 gratia:
994 1820 1105 1886 eius
1132 1825 1327 1893 majore
1352 1820 1520 1891 gloria
1544 1822 1881 1893 celebraretur
1904 1862 1919 1884 ,
1948 1821 2190 1893 cumsibi
2218 1820 2372 1893 etiam
2398 1820 2775 1893 adversantium
2806 1826 2961 1875 corda
2989 1823 3319 1889 subdidisset,
3357 1824 3542 1893 quibus

265 1891 324 1962 de
340 1892 596 1945 virtutum
625 1893 793 1962 studio
820 1901 1053 1945 exortum
1084 1902 1190 1945 erat
1209 1891 1494 1962 periculum
1520 1932 1533 1955 ,
1569 1901 1615 1945 et
1645 1892 1708 1944 de
1732 1907 1932 1944 morum
1974 1892 2223 1962 probitate
2261 1891 2550 1945 discrimen.
2596 1892 2748 1958 Quod
2786 1892 2988 1962 quidem
3016 1902 3345 1957 postremum,
3370 1891 3441 1945 an
3477 1894 3543 1947 de

266 1958 515 2035 Cassiano
543 1961 760 2035 intelligi
785 1979 887 2015 non
916 1962 1141 2016 debuerit
1169 1958 1345 2035 merito
1369 1961 1653 2035 dubitatur,
1687 1978 1839 2031 quem
1866 1962 2061 2016 ceteris
2090 1960 2292 2032 longius
2314 1978 2347 2015 a
2366 1978 2482 2016 vero
2506 1962 2765 2029 aberrare,
2788 1958 2828 2017 ii
2855 1979 2957 2016 non
2988 1964 3334 2035 dagmatibus,
3360 1963 3542 2016 saltem
3565 2016 3574 2026 ,

263 2032 583 2086 tuendorum
616 2034 913 2102 dogmatum
941 2048 1150 2086 suorum
1177 2034 1348 2095 modo,
1376 2032 1661 2102 constabat.

334 2103 632 2172 Augustino
674 2100 843 2156 autem
885 2104 1016 2174 inter
1044 2103 1213 2174 beatos
1240 2112 1525 2174 assumpto,
1560 2101 1785 2174 Prosper
1824 2111 1871 2156 et
1909 2100 2149 2157 Hilarius
2177 2101 2502 2174 Ctzlestiuum
2528 2102 2818 2174 pontificem
2845 2102 3117 2174 adierunt,
3153 2104 3376 2157 delaturi
3415 2120 3541 2171 queo

262 2173 393 2227 relas
419 2170 543 2226 suas
568 2183 750 2227 contra
772 2172 1027 2245 quosdam
1068 2173 1405 2245 presbyteros
1424 2173 1511 2242 qui
1543 2170 1888 2245 dissensiones
1926 2181 2189 2245 moverant
2220 2174 2273 2227 in
2312 2170 2501 2227 Galliis
2529 2170 2788 2227 adversus
2817 2173 3103 2227 doctrinam
3134 2174 3193 2228 S.
3225 2170 3543 2245 Augustini,

264 2257 363 2314 nec
388 2246 507 2314 ejus
552 2247 708 2297 etiam
755 2244 913 2314 {anne
955 2242 1237 2311 parcentes.
1288 2242 1436 2297 Unde
1464 2245 1516 2295 in
1546 2242 1727 2296 celebri
1771 2243 1864 2296 illa
1897 2244 2240 2314 responsione
2276 2259 2554 2314 sua,_qut_e
2597 2260 2755 2313 supra
2802 2246 2941 2297 edita
2988 2244 3087 2312 legi
3138 2242 3335 2310 potest}
3364 2248 3535 2314 arguit

262 2309 600 2378 Caleitinus,
638 2309 776 2384 quod
807 2315 895 2381 qui
924 2309 1033 2367 solo
1086 2313 1465 2384 presbyteratus
1511 2314 1675 2435 gradu
1722 2312 2045 2375 eminebant,
2078 2314 2362 2367 doctrinam
2397 2309 2671 2368 Ecclesias'
2688 2330 2781 2381 pro
2814 2314 2954 2367 libito
2998 2309 3289 2385 dijudicare
3318 2309 3537 2367 non've-

262 2393 529 2435 rerentur.
568 2393 619 2435 et
661 2385 714 2435 id
765 2384 863 2435 sibi
906 2385 1226 2435 auctoritatis
1271 2385 1409 2435 auod
1449 2399 1505 2435 so
1531 2385 1572 2435 is
1613 2383 1869 2435 enisconis
1915 2393 2217 2435 competeret
2264 2393 2583 2435 arrogarent.
2630 2384 2821 2435 Onibus
2879 2388 3009 2435 forte
3058 2385 3217 2435 verbis
3267 2384 3537 2435 notabatur

262 2393 529 2450 rerentur,
568 2393 619 2455 et
651 2383 714 2437 id
765 2384 863 2437 sibi
906 2383 1409 2453 auctoritatis’quod
1449 2383 1572 2436 solis
1613 2383 1869 2453 episcopis
1915 2393 2217 2455 competeret
2264 2393 2583 2455 arrogarent.
2630 2384 2821 2449 Quibus
2876 2388 3009 2453 forte
3049 2383 3217 2437 uerbis
3248 2384 3542 2455 notabatur

263 2456 531 2525 speciatim
562 2452 844 2525 Cassianus
876 2455 1059 2525 {quod
1100 2471 1172 2525 eo
1188 2456 1360 2525 magis
1400 2469 1620 2521 pronum
1644 2452 1723 2505 est
1754 2452 2035 2525 canjicere,
2070 2454 2204 2519 quod
2245 2452 2440 2525 primus
2481 2455 2614 2508 inter
2658 2452 2919 2524 episcopOs
2950 2454 3017 2507 ad
3044 2471 3172 2524 quos
3219 2454 3538 2525 dirigebatur

264 2523 377 2595 [nec
392 2523 619 2595 epistola
644 2525 846 2595 legatur
876 2524 1119 2577 Venerius
1147 2522 1555 2578 Massiliensium
1581 2522 1936 2593 episcOpus'ex
1960 2522 2247 2595 Gennadjo.

330 2590 443 2646 Nec
476 2603 647 2647 tamen
682 2590 940 2649 Caelestini
988 2595 1168 2665 litteris
1213 2596 1405 2648 sedata:
1434 2590 1625 2665 turbae,
1656 2590 1859 2662 parque
1902 2594 2394 2665 reddita_Ecclesiis
2440 2590 2871 2665 Rro‘vincjalium.
2925 2593 3055 2649 Cum
3098 2610 3219 2665 ergo
3265 2592 3537 2647 Caelestino

263 2679 527 2734 successor
567 2667 722 2719 datus
768 2666 944 2733 fuisset
982 2663 1163 2734 Xistus
1193 2682 1281 2718 seu
1310 2666 1492 2719 Sixtus
1518 2662 1638 2725 III,
1671 2667 1806 2731 quod
1834 2666 2045 2734 contigit
2078 2662 2148 2717 ‘26
2177 2665 2368 2731 Aprilis
2392 2662 2519 2725 452,
2560 2680 2622 2717 ex
2646 2663 2895 2727 Baronio,
2926 2675 3012 2717 aut
3044 2662 3224 2730 paucis
3254 2674 3366 2732 post
3396 2680 3536 2717 men-

257 2733 423 2807 sibus,
472 2751 676 2807 necesse
710 2737 809 2805 fuit
859 2736 920 2790 S.
964 2733 1282 2807 Prosperum
1324 2738 1512 2788 iterum
1557 2734 1689 2807 s_tylo
1720 2733 2063 2807 defensionem
2107 2735 2380 2802 Augustini
2419 2734 2699 2807 doctrinm,
2738 2749 2856 2807 quia
2896 2735 2949 2787 in
2993 2736 3171 2787 odium
3214 2735 3405 2807 adduci
3443 2750 3539 2807 ca-_-

259 2802 530 2886 lumniosis
569 2802 779 2886 scriptis
805 2821 907 2886 non
936 2802 1529 2886 desinebat,nsuscipere.
1644 2813 1723 2884 .ut
1764 2803 1998 2856 omnibus
2038 2813 2229 2873 pateret
2256 2820 2383 2886 quos
2412 2805 2464 2885 in
2494 2819 2695 2886 errores
2727 2802 3018 2886 laberentur
3045 2807 3133 2886 qui
3165 2815 3306 2886 tanta
3334 2802 3537 2886 doctori

256 2874 686 2943 adversabantur,
712 2877 1198 2930 decimamvtertiam
1220 2874 1454 2929 Cassiani
1482 2874 1805 2945 collationem
1824 2884 2046 2945 evertere
2071 2874 2335 2945 suscepit:
2361 2876 2447 2943 qui
2475 2874 2681 2940 quidem
2705 2890 2878 2928 omnes
2906 2874 3181 2945 Augustini
3209 2875 3536 2928 aduersarios

258 2945 495 3017 doctrina
537 2948 843 3013 superabat,
893 2962 983 2999 nec
1022 2947 1218 3017 scripta
1252 2962 1285 2999 a
1320 2961 1374 2999 se
1422 2944 1687 3017 publicata
1734 2944 1955 3017 di/fiteri
1986 2953 2207 3013 poterat.
2257 2944 2413 2997 Hunc
2462 2944 3214 3017 tamen__e.snomine_proprio
3257 2946 3535 3015 indigitare

258 3012 450 3077 noluit,
482 3017 575 3067 sed
604 3012 736 3069 libro
766 3017 972 3071 titulum
1013 3012 1138 3083 fecit
1171 3017 1371 3071 Contra
1414 3012 1865 3079 Collalorem,"id
1894 3029 2001 3081 est,
2029 3025 2209 3068 contra
2247 3026 2510 3069 auctorem
2552 3013 2919 3069 Collationum.
2958 3012 3019 3068 in
3058 3012 3178 3068 vivis
3212 3026 3331 3068 tunc
3356 3012 3538 3085 super-

255 3084 417 3154 uitem
449 3086 615 3154 fuisse
638 3084 943 3141 Cassianum
968 3096 1185 3140 constat.

324 3153 458 3209 Haec
488 3172 609 3209 vero
646 3158 868 3211 maxime
907 3157 1151 3210 docuerat
1192 3154 1502 3220 Cassianus,
1534 3155 1741 3209 initium
1776 3154 1924 3209 bona:
1957 3156 2234 3209 uoluntatis
2266 3156 2489 3221 fideique
2520 3156 2803 3223 aliquando
2842 3171 2908 3208 ea:
2951 3156 3076 3221 Deo,
3106 3154 3383 3224 aliquando
3418 3170 3534 3207 vero

257 3239 315 3298 s1:
345 3227 559 3298 homine
582 3239 762 3298 ortum
792 3226 1009 3291 habere;
1036 3227 1359 3298 agnoscenda
1401 3228 1453 3279 in
1486 3227 1631 3279 nobis
1672 3227 1916 3298 virtutum
1953 3228 2181 3284 semina:
2212 3226 2424 3279 liberum
2454 3226 2722 3298 arbitrium
2753 3227 3055 3298 naturaliter
3084 3242 3231 3295 posse
3253 3227 3319 3298 ad
3348 3230 3535 3298 bonum

258 3294 537 3369 inclinari;
570 3296 667 3350 hoc
707 3297 914 3369 quidem
956 3294 1238 3369 aliquando
1265 3314 1293 3348 a
1318 3299 1485 3369 gratia
1530 3298 1829 3366 prwveniri,
1861 3295 1925 3349 ab
1956 3301 2067 3369 ejus
2105 3308 2273 3349 autem
2304 3312 2438 3363 ηερε
2463 3295 2693 3369 motibus
2714 3297 2897 3365 gratia:
2928 3294 3093 3369 dona
3106 3295 3358 3369 antecedi.
3397 3295 3525 3369 Quae

258 3368 426 3417 omnia
456 3376 670 3438 sanctus
712 3368 942 3433 Prosper
969 3364 1375 3436 Pelagianorum
1425 3364 1723 3438 dogmatum
1766 3364 2041 3437 consequia
2068 3383 2175 3419 esse
2204 3368 2405 3438 probat.
2454 3364 2584 3419 Inde
2615 3364 2749 3438 enim
2792 3368 2934 3435 sequi
2980 3368 3200 3438 gratiam
3249 3365 3535 3419 secundum

259 3438 433 3487 merita
467 3437 734 3507 hominum
768 3438 919 3501 dari;
945 3454 1035 3490 nec
1064 3439 1239 3491 laesam
1270 3448 1478 3507 peccato
1496 3436 1629 3491 'Adte
1651 3438 1913 3491 hominum
1956 3436 2228 3504 naturain;
2252 3436 2376 3490 tales
2406 3452 2604 3490 errores
2632 3436 2825 3490 dudum
2856 3452 2971 3488 cum
2994 3436 3293 3506 Pelagianis
3320 3443 3535 3504 dogma-

259 3506 381 3557 tibus
415 3507 473 3559 in
499 3506 658 3580 uariis
684 3511 1043 3580 epismporum
1071 3506 1315 3577 synodis,
1340 3519 1387 3561 et
1416 3525 1732 3580 summorum
1760 3509 2063 3580 pontificum
2091 3508 2322 3580 epistolis
2358 3508 2672 3580 decretisque
2698 3508 2752 3559 in
2794 3523 2890 3580 eos_
2905 3506 3026 3580 latis
3055 3523 3162 3580 esse
3190 3508 3535 3580 proscriptos;

258 3591 286 3624 α
316 3585 507 3650 sancto
530 3578 746 3650 denique
783 3579 1069 3650 Augustino
1102 3575 1159 3631 in
1202 3581 1405 3649 scriptis
1454 3576 1697 3650 plurimis
1733 3575 2148 3650 ajundamentis
2190 3580 2392 3631 evulsas
2434 3589 2483 3631 et
2524 3579 2822 3650 dissipatos.
2863 3577 3021 3650 Unde
3062 3576 3297 3631 Cassiani
3343 3575 3537 3646 scripta

256 3646 567 3719 apocryphis
600 3646 1117 3719 accensuit'Gelasius
1146 3665 1283 3718 papa
1304 3646 1439 3702 circa
1454 3646 1657 3719 annum
1688 3646 1815 3715 494,
1844 3651 1897 3702 in
1933 3647 2150 3701 concilio
2188 3650 2545 3719 episwporum
2567 3646 2749 3703 Roma:
2784 3648 2978 3704 habito.

325 3715 391 3769 Ut
413 3715 550 3786 ergo
574 3724 719 3790 tanta
747 3717 841 3771 lux
868 3715 1169 3790 concilietur
1200 3728 1305 3790 tam
1338 3720 1544 3789 egregio
1582 3718 1828 3790 Prosperi
1858 3720 2016 3772 nostri
2044 3715 2227 3790 operi,
2257 3728 2449 3790 quanta
2490 3719 2699 3790 omnino
2740 3727 2933 3785 potest;
2977 3716 3101 3771 utile
3125 3717 3234 3785 fore
3264 3717 3535 3770 lectoribus

256 3785 411 3862 uisum
450 3785 565 3862 est,
598 3789 642 3862 si
682 3790 848 3862 ipsam
887 3787 1118 3862 Cassiani
1146 3785 1484 3862 collationem
1522 3785 1773 3862 decimam
1815 3790 2020 3862 tertiam
2048 3785 2399 3862 (a)_Prosperi
2441 3788 2761 3862 responsioni
2801 3797 2959 3862 totam
2998 3791 3182 3862 praeire
3216 3803 3530 3840 curarentus.

258 3852 651 3928 Sinepericulo
689 3852 856 3920 enim,
893 3859 1047 3912 immo
1087 3860 1243 3912 etiam
1274 3877 1377 3912 non
1404 3861 1514 3912 sine
1548 3860 1724 3928 aliquo
1766 3852 2113 3913 emolumenio'
2135 3852 2329 3928 legetur
2367 3874 2497 3928 opus
2524 3852 2583 3911 se
2612 3859 2725 3911 solo
2766 3858 2900 3910 alias
2935 3852 3311 3926 periculosum,
3344 3862 3387 3909 si
3422 3872 3536 3909 cum

254 3932 351 3977 tam
377 3927 575 3981 inuicta
603 3929 779 3981 eximii
806 3929 1034 3982 doctoris
1066 3931 1395 3999 responsione
1422 3927 1742 4001 conferatur.

317 4040 393 4110 (α)
435 4042 592 4114 lianc
630 4042 987 4097 Collatioxtem
1029 4043 1275 4099 Cassiani
1314 4060 1434 4098 cum
1473 4046 1583 4114 jam
1622 4045 1767 4101 inter
1810 4044 1983 4114 ipsius
2025 4044 2268 4099 auctoris
2310 4057 2473 4112 opera
2519 4041 2890 4114 ediderirnus,
2928 4042 3149 4095 minime
3180 4041 3247 4095 de
3278 4054 3417 4094 novo
3446 4057 3534 4114 re-

253 4112 584 4237 actilsetndatg
617 4130 748 4237 εδιιέ
768 4124 1033 4181 putamus.
1063 4114 1270 4170 Videsis
1301 4112 1484 4187 igitur,
1512 4118 1703 4183 lector,
1740 4112 1887 4171 tonio
1918 4123 2107 4173 nastro
2139 4115 2297 4183 paulo
2332 4114 2601 4183 superiori
2647 4112 2847 4177 XLIX,
2884 4114 2972 4166 ubi
3004 4114 3234 4167 habetur
3264 4128 3385 4165 cum
3416 4112 3534 4165 aliis

294 4198 323 4233 ο
366 4199 395 4236 a
428 4198 542 4237 lOnI
588 4198 671 4237 us.
754 4201 864 4237 nr.

258 4294 3507 4319 Μ

1330 4403 1473 4517 S.
1549 4403 2474 4537 PROSPEBI

1686 4582 2101 4643 AQUITANI

658 4710 819 4792 DE
895 4710 1343 4793 GRATIA
1415 4708 1618 4791 DEI
1698 4704 1852 4789 ET
1924 4705 2357 4790 LIBERO
2434 4701 2997 4786 ARBITRIO
3040 4730 3071 4769 ι

251 5064 265 5077 ,
373 4859 978 5005 LIBER
1059 4857 1842 5008 CONTRA

1849 4943 1880 4997 ι
1982 4852 3418 5038 COLLATOREM,

1770 5078 1829 5116 1D
1870 5078 1988 5125 EST,

554 5174 711 5236 PRO
754 5172 1259 5238 DEFENSIONE
1306 5177 1367 5237 S.
1414 5174 1737 5237 AURELII
1786 5173 2241 5246 AUGUSTINI,
2288 5172 2806 5235 HIPPONENSIS
2849 5172 3227 5245 EPISCOPI,

392 5296 656 5348 CONTRA
687 5297 972 5348 CASSIANI
1009 5298 1401 5350 PRESBYTER!
1437 5297 1695 5357 LIBRUM,
1735 5295 1844 5356 QUI
1880 5294 2117 5345 TITULO
2148 5294 2231 5345 DE
2268 5295 2717 5369 PBOTEC’HONE
2749 5299 2855 5349 DEI
2890 5294 3353 5348 ΡΒίΕΝΟΪΔΤυΒ.

298 5497 508 5546 Excutit
527 5497 786 5547 duodecim
809 5498 1119 5563 deﬁnitiones
1139 5499 1340 5547 Joannis
1360 5499 1594 5563 Cassiani,
1620 5502 1682 5548 de
1706 5504 1862 5563 gratia
1886 5506 1935 5563 et
1962 5499 2121 5563 libero
2145 5499 2367 5563 arbitrio.
2410 5500 2666 5563 contentas
2687 5494 2942 5563 collatione
2969 5492 3121 5563 ipsius
3146 5492 3293 5539 tcrtta
3316 5492 3506 5563 decim:
3522 5527 3534 5547 ,

236 5571 447 5621 easque,
472 5573 567 5608 una
592 5567 801 5623 excepta
818 5562 993 5623 prima,
1015 5564 1209 5609 omnino
1228 5575 1256 5609 a
1278 5562 1515 5611 catholica
1544 5554 1751 5613 veritafe
1777 5560 2018 5611 dissidere
2036 5560 2180 5609 docet
2206 5574 2216 5607 :
2244 5561 2584 5609 demonstrans
2608 5556 2865 5617 Augustini
2890 5554 3299 5615 reprehensores.
3329 5560 3381 5601 ut
3416 5567 3535 5604 vum

310 5698 335 5724 ⁸
378 5689 439 5743 In
471 5693 844 5760 antiquissimo
883 5692 1198 5747 Corbeiensi
1249 5693 1437 5747 codice
1479 5704 1603 5747 ante
1649 5708 1822 5745 annos
1858 5694 1905 5753 A
1934 5692 2083 5746 Liber
2118 5698 2284 5745 sancti
2328 5689 2573 5753 Prosperi
2623 5704 2715 5757 pro
2764 5687 3184 5760 prtrdieatoribus
3215 5688 3399 5757 gratia:
3433 5684 3530 5760 Dei

240 5754 353 5815 [ere
383 5754 687 5833 nongentos
717 5767 918 5834 scripto
941 5804 957 5831 ,
1011 5763 1197 5820 titulus
1236 5764 1481 5834 opusculi
1527 5764 1691 5834 hujus
1718 5774 1820 5828 cst,
1930 5773 2109 5817 contra
2161 5764 2343 5817 librum
2381 5754 2631 5817 Cassiani
2655 5758 2957 5831 presbytcri,
3001 5760 3087 5829 qui
3116 5754 3434 5829 prainotatur
3466 5757 3529 5809 ds
