4026 6176
267 281 379 342 21⁸1

1404 279 1607 337 LIBER
1643 277 1918 340 CONTRA
1955 280 2438 339 COLLA'I‘OREM.

3446 290 3553 349 9.18

265 397 656 456 communione
675 396 940 469 privati}l
961 404 1261 468 querantur
1284 396 1352 453 de
1379 397 1639 453 felicitate
1661 410 1862 455 nostra:
1889 406 1937 467 Α
1965 414 2046 465 re,
2081 399 2407 456 referemus.
2436 396 2454 448 ἱ
2489 398 2632 467 Quas
2677 396 2844 454 etiam
2872 399 2942 456 ob
2971 399 3074 457 hoc
3102 400 3279 457 solum
3332 402 3553 460 interim

262 490 538 556 victoria,
569 498 626 544 et
649 499 866 546 arment
908 490 964 545 in
1008 505 1109 545 nos
1137 489 1350 559 linguas
1395 503 1543 560 suas,
1573 491 1665 561 qui
1693 505 1862 547 exsu-

261 586 384 641 lare
414 600 447 641 a
477 584 734 650 veritate,
773 598 936 653 quam
989 583 1138 639 cives
1177 597 1301 638 esse
1348 582 1606 638 Ecclesiae
1658 584 1863 639 malue-

261 683 423 730 runt:
448 673 624 729 nostri
650 683 832 729 autem
854 672 1270 744 cuncorporales
1320 670 1348 711 δ
1367 684 1423 727 et
1446 673 1863 743 oompsrticipes

258 768 457 837 gratia:
480 766 645 838 310
668 765 903 831 Christi,
933 780 1032 821 cur
1058 765 1131 821 de
1157 766 1241 820 his
1277 765 1444 819 armis
1488 766 1686 834 quibus
1713 780 1865 821 com-

259 860 451 914 munis
480 860 612 913 ﬁdes
646 866 732 914 est
760 858 1012 922 defensa,
1041 864 1338 913 causantur
1381 856 1479 929 (V.
1521 858 1861 913 Constitutio-

258 967 377 1005 nens
400 949 788 1016 Valentiniani;
808 951 947 1019 infra
961 950 1186 1022 append.
1211 967 1333 1023 pag.
1348 950 1516 1021 επεν
1534 949 1641 1007 Cur
1662 952 1861 1007 bellum

258 1041 580 1096 confectum
609 1050 929 1104 retractant,
962 1051 1017 1097 et
1045 1043 1378 1097 munitiones
1418 1056 1628 1098 securae
1659 1043 1859 1098 dudum

259 1134 413 1203 pacis
437 1133 717 1187 infirmant
737 1134 762 1187 ?
785 1133 866 1187 An
896 1132 1135 1188 victores
1164 1133 1476 1203 displicent,
1500 1142 1557 1190 et
1576 1136 1708 1190 victi
1740 1136 1862 1205 pla-

259 1234 418 1291 cent;
450 1234 709 1295 tantaque
739 1226 1029 1281 insolentia
1056 1226 1304 1280 damnati
1333 1224 1585 1282 foventur
1614 1241 1853 1293 errores,

262 1325 321 1371 ut
350 1317 642 1387 pravitatis
682 1318 904 1384 invidia,
934 1327 992 1374 et
1018 1328 1041 1357 ¢
1073 1327 1327 1375 auctores
1358 1321 1530 1374 nostri
1579 1322 1863 1391 pulsentur

264 1426 317 1474 et
338 1417 601 1487 judices?
632 1418 715 1472 An
745 1433 876 1474 vero
902 1420 975 1473 ita
1002 1414 1106 1473 se‘l
1132 1433 1398 1474 novorum
1422 1434 1709 1475 censorum
1737 1437 1865 1475 nor-

263 1518 624 1573 maexactior
652 1518 1013 1588 temperavit,
1049 1527 1074 1555 ⁶
1103 1528 1161 1573 ut
1205 1530 1259 1574 et
1305 1519 1457 1575 nulla
1500 1535 1692 1575 eorum
1737 1536 1861 1590 quae

264 1620 457 1673 excisa
490 1627 639 1683 sunt,
675 1616 697 1656 τ
724 1627 965 1685 asserat,
1004 1626 1060 1673 et
1103 1617 1349 1688 quaedam
1394 1634 1463 1674 ex
1496 1619 1580 1674 his
1616 1635 1735 1690 qua:
1765 1621 1862 1675 de-

264 1707 419 1762 tensa
464 1718 611 1773 sunt,
646 1709 906 1777 respuat?
937 1708 1077 1764 Ecce
1115 1710 1264 1765 salva
1293 1709 1572 1765 catholica:
1618 1727 1751 1780 pace
1777 1712 1858 1767 vi-

259 1811 474 1876 ctoriae,
500 1810 651 1865 salva
676 1810 1134 1866 indissolubilium
1154 1811 1459 1867 reverentia
1483 1811 1853 1881 decreturum,
1886 1782 1933 1841 Β

258 1910 433 1981 parati
464 1926 657 1966 sumus
698 1920 955 1979 patronos
1009 1909 1277 1965 doctrinm
1323 1912 1717 1968 emendatioris
1762 1928 1859 1967 au-

259 2000 399 2064 dire,
442 2009 501 2055 et
544 2000 903 2055 circumcisas
929 2000 999 2054 ab
1027 2001 1174 2055 omni
1203 2014 1394 2057 errore
1436 2002 1608 2058 lineas
1639 2011 1665 2052 ι
1688 2002 1859 2057 subti-

261 2090 486 2144 iissimaa
533 2089 881 2145 discretionis
929 2105 1250 2160 agnoscere.
1302 2089 1674 2147 Constituatur
1726 2088 1757 2130 ³
1802 2093 1857 2148 in

261 2184 525 2252 medium,
556 2182 702 2254 quod
735 2179 752 2219 ί
789 2182 856 2238 de
888 2181 1041 2237 novis
1070 2183 1299 2238 emersit
1326 2183 1576 2253 ingeniis.

893 2356 1124 2415 CAPUT
1164 2357 1231 2414 ll.

266 2490 367 2545 Cur
393 2491 731 2564 aggrediatur
757 2492 913 2546 unius
952 2492 1191 2547 Cassiani
1218 2494 1544 2562 potissimum
1590 2495 1859 2562 deﬁnitio-

332 2587 441 2625 nes.
475 2569 722 2623 Cassiani
739 2571 908 2639 prima
932 2571 1170 2635 deﬁnitio
1195 2570 1469 2625 catholica.
1492 2575 1533 2627 Α
1564 2590 1665 2643 quo
1683 2584 1859 2641 postea

331 2650 511 2719 incipit
548 2650 812 2703 introduci
848 2650 1111 2719 deﬁnitio,
1149 2667 1250 2721 qua
1294 2652 1510 2707 docetur
1556 2654 1745 2708 multos
1773 2655 1843 2708 ad

332 2731 561 2800 gratiam
586 2729 757 2782 uenire
779 2730 893 2782 sine
919 2729 1113 2799 gratia.

334 2869 383 2922 l.
416 2866 484 2922 Et
513 2880 582 2922 ne
610 2866 677 2921 ad
710 2866 1107 2922 obscurandam
1132 2867 1412 2924 scientiam
1433 2869 1736 2927 doctiorum
1754 2916 1769 2940 ,
1790 2856 1858 2930 ea

272 2961 545 3030 exagitare
593 2957 898 3023 videamur,
931 2975 1053 3028 quae
1080 2960 1275 3030 vulgus
1305 2961 1547 3028 ignobile
1569 2971 1625 3017 et
1654 2978 1856 3033 procax

270 3055 579 3122 ineptorum
610 3052 909 3122 loquacitas
933 3054 1362 3124 intemperanter
1389 3054 1653 3121 elfundit;
1700 3056 1859 3111 unius

1966 491 2020 547 in
2041 490 2490 562 disceptationem
2523 498 2741 561 oportet
2766 489 2795 529 ιι
2826 486 3137 562 assumere,
3187 495 3313 565 quia
3368 505 3551 551 utrum

1964 583 2034 640 ita
2058 599 2119 641 se
2148 585 2412 649 habeant,
2445 598 2553 638 non
2587 590 2767 653 potest
2792 583 3053 639 dubitari.
3089 583 3109 623 ι
3148 585 3379 655 Scripta
3406 590 3550 643 enim

1963 686 2110 746 sunt,
2150 686 2205 733 et
2233 677 2471 732 auctoris
2498 677 2582 732 sui
2613 675 2854 731 editione
2886 676 3211 745 publicatae:
3263 693 3362 733 nec
3406 678 3549 747 jam,

1964 785 2031 823 an
2063 770 2192 834 sint,
2221 768 2576 839 quaerendum
2608 775 2725 834 est;
2764 769 2857 823 sed
2888 768 3015 838 quid
3046 770 3299 837 doceant,
3330 772 3553 825 demon-

1962 860 2267 914 strandum.
2301 860 2464 931 Igitur
2495 861 2654 933 311
2681 861 2734 913 in
2759 860 2897 915 libro
2914 860 3070 929 cujus
3099 864 3415 929 prmnntatiu
3446 876 3551 925 est,

1964 951 2027 1003 de
2048 950 2378 1006 Protectione
2416 950 2534 1017 Dei,
2566 953 2650 1006 vir
2678 950 2896 1021 quidam
2941 953 3296 1007 sacerdotalis
3325 962 3365 990 ω
3399 953 3553 1023 (Cas-

1963 1042 2193 1113 sianus),
2226 1044 2313 1111 qui
2340 1042 2652 1111 disputandi
2699 1057 2799 1096 usu
2849 1042 2992 1097 inter
3026 1059 3144 1110 eos,
3177 1053 3207 1081 ιι
3230 1045 3550 1109 quibuscum

1964 1131 2132 1202 degit,
2188 1134 2432 1197 excellit,
2484 1134 2736 1188 abbatem
2786 1135 3073 1203 quemdam
3126 1134 3553 1207 (Chwremonem)

1963 1223 2260 1281 introducit
2285 1226 2353 1281 de
2395 1226 2564 1295 gratia
2608 1226 2705 1280 Dei
2743 1235 2797 1280 et
2824 1226 3000 1281 libero
3028 1228 3252 1283 arbitrio
3279 1229 3557 1283 disseren-

1965 1325 2094 1382 tem,
2137 1318 2293 1385 cujus
2343 1332 2403 1373 se
2452 1332 2550 1387 per
2597 1319 2779 1372 omnia
2834 1319 3095 1386 probasse
3132 1334 3199 1375 ac
3246 1319 3556 1389 suscepisse

1964 1410 2200 1466 ostendit
2231 1411 2594 1465 sententiam:
2623 1419 2682 1464 ut
2703 1409 2814 1478 jam
2844 1424 2949 1463 non
2997 1426 3119 1465 cum
3170 1412 3264 1466 illo
3301 1412 3458 1468 nobis
3486 1412 3555 1468 sit

1964 1502 2235 1568 negotium
2263 1541 2279 1566 ,
2317 1500 2411 1570 qui
2465 1500 2605 1555 forte
2650 1500 2788 1555 tales
2842 1500 3133 1569 opiniones
3184 1516 3310 1557 suas
3339 1511 3432 1558 aut
3456 1518 3555 1557 ne-

1962 1590 2143 1659 gando
2169 1592 2449 1655 refutaret,
2498 1601 2591 1645 aut
2620 1590 2943 1661 corrigendo
2980 1592 3247 1660 dilueret;
3281 1594 3378 1649 sed
3425 1610 3547 1648 cum

1963 1683 2090 1749 isto,
2119 1684 2208 1753 qui
2258 1683 2324 1737 ad
2356 1682 2773 1738 instrumentum
2829 1682 3172 1739 inimicorum
3204 1686 3393 1756 gratia:
3425 1686 3552 1755 Dei,

1963 1776 2121 1829 talem
2154 1775 2364 1830 studuit
2399 1775 2645 1844 proferre
2676 1775 3002 1829 doctrinam.

2027 1867 2083 1921 2.
2123 1877 2148 1901 υ
2171 1866 2305 1933 Quae
2335 1873 2516 1920 tamen
2545 1866 2688 1921 inter
2718 1864 2869 1920 initia
2894 1865 3275 1933 disputationis
3304 1883 3331 1919 ει
3359 1867 3558 1922 verita-

1958 1956 2029 2009 tis
2057 1955 2257 2024 pietate
2287 1970 2396 2010 non
2420 1956 2686 2021 dissonat,
2714 1965 2769 2011 et
2797 1956 2944 2023 justo
2968 1955 3225 2010 honorari
3277 1959 3556 2026 praeconio

1959 2054 2285 2111 mereretur,
2334 2047 2436 2099 nisi
2490 2046 2752 2113 praecipiti
2785 2047 3089 2115 Plaevoque
3140 2061 3451 2118 progressu,
3487 2049 3555 2103 ab

1958 2139 2213 2193 inchoata
2243 2137 2566 2192 rectitudine
2596 2139 2858 2192 deviaret.
2883 2137 3017 2191 Nam
3047 2147 3171 2208 post
3194 2139 3557 2206 comparatio-

1959 2245 2084 2285 nem
2126 2230 2402 2300 agricnlae,
2433 2240 2462 2280 ιι
2492 2230 2577 2284 cui
2631 2231 2865 2285 formam
2916 2232 3018 2286 sub
3044 2232 3213 2301 gratia
3257 2246 3321 2287 ac
3348 2232 3451 2287 ﬁde
3473 2232 3557 2287 vi—

1957 2322 2137 2376 ventis
2167 2321 2403 2389 aptavit,
2450 2330 2505 2375 et
2535 2320 2692 2390 cujus
2740 2321 3132 2393 infructuosum
3162 2336 3283 2377 esse
3313 2321 3449 2378 dixit
3475 2322 3555 2377 la-

1959 2413 2172 2480 borem,
2209 2413 2315 2467 nisi
2343 2429 2439 2484 per
2487 2414 2671 2469 omnia
2708 2414 2802 2469 Dei
2831 2415 3033 2469 auxilio
3050 2414 3349 2485 juvaretur,
3375 2416 3556 2471 intulit

1959 2505 2334 2561 definitionem
2370 2516 2393 2544 τ
2427 2506 2932 2573 catholicissimam,
2961 2508 3188 2563 dicens:
3221 2508 3419 2574 Quibus
3444 2524 3555 2561 ma-

1959 2597 2145 2664 nifeste
2189 2596 2475 2667 colligitur,
2534 2612 2640 2649 non
2688 2596 2859 2650 solum
2911 2608 3143 2664 actuum,
3185 2612 3358 2651 verum
3395 2599 3550 2651 etiam

1964 2689 2338 2759 cogitationum
2367 2688 2619 2742 bonarum
2649 2704 2712 2743 ea:
2742 2688 2852 2742 Deo
2901 2705 3012 2743 esse
3043 2699 3065 2727 ⁸
3097 2691 3440 2761 principium:
3466 2694 3554 2761 qui

1961 2780 2106 2833 uobis
2132 2789 2179 2833 et
2218 2780 2371 2832 initia
2420 2789 2612 2833 sancta:
2636 2779 2917 2833 voluntatis
2957 2780 3201 2850 inspirat,
3230 2791 3277 2833 et
3317 2781 3554 2836 virtutem

1967 2878 2117 2939 atque
2140 2871 2574 2940 Opportunitatem
2595 2883 2769 2923 eorum
2791 2886 2908 2941 qum
2926 2882 3061 2925 recte
3087 2872 3342 2941 cupimus,
3377 2871 3555 2925 tribuit

1965 2955 2265 3025 peragendi.
2293 2954 2458 3009 Omne
2478 2955 2617 3008 enim
2646 2954 2831 3008 datum
2859 2955 3073 3019 bonum,
3096 2960 3145 3005 ct
3173 2967 3327 3004 omne
3355 2952 3548 3003 donum

1966 3048 2253 3117 perfectum
2280 3050 2555 3102 desursum
2583 3058 2681 3113 est,
2708 3047 3023 3101 descendens
3050 3062 3083 3098 a
3104 3044 3267 3098 Patre
3288 3042 3550 3096 luminum

267 3143 612 3213 potissimum
650 3140 1022 3208 deﬁnitiones,
1049 3157 1209 3213 quem
1242 3158 1350 3198 non
1392 3144 1619 3199 dubium
1649 3155 1731 3200 est
1757 3146 1863 3201 illis
1890 3156 1937 3220 (ς
1969 3141 2170 3212 (Iacob.
2216 3157 2255 3205 ι,
2296 3140 2386 3209 17)
2419 3157 2433 3194 :
2464 3141 2553 3211 qui
2588 3150 2634 3194 et
2658 3141 2841 3210 incipit
2870 3152 2988 3208 qute
3018 3136 3152 3189 bona
3185 3142 3330 3200 sunt,
3378 3142 3425 3188 et
3459 3150 3552 3188 ex-

267 3234 525 3289 omnihus
558 3232 611 3287 in
638 3242 947 3288 sanctarum
974 3231 1383 3304 Scripturarum
1413 3234 1595 3290 studio
1622 3243 1849 3306 praesta-

337 3382 361 3409 ι
393 3371 600 3441 Lugd.,
632 3369 863 3444 Lovan.,
893 3370 1063 3444 Duae.
1088 3379 1150 3444 et
1173 3370 1403 3444 colon,
1419 3372 1566 3444 quasi
1600 3372 1666 3425 de
1694 3372 1865 3444 {elici-

270 3452 370 3497 tate
392 3439 588 3511 nostrae
614 3442 859 3494 victoria.
892 3439 991 3495 Ms.
1016 3440 1271 3496 Joliensis
1299 3439 1519 3507 omittit,
1544 3439 1709 3511 quasi.
1740 3442 1868 3497 Edi-

272 3522 344 3567 tio
370 3528 507 3567 vero
541 3510 783 3579 Moguut.
817 3523 1129 3578 sequentem
1170 3516 1491 3567 sententiain
1521 3510 1641 3566 cum
1667 3528 1868 3581 prece-

269 3587 453 3647 dente,
476 3597 581 3636 ceu
624 3587 732 3635 duo
773 3582 931 3633 unius
960 3582 1246 3635 sententia:
1276 3583 1539 3643 membra.
1567 3583 1865 3647 connectit,

270 3665 321 3707 et
352 3657 477 3707 loco
504 3662 1070 3721 querantttr.‘armeut;
1100 3654 1277 3719 habet,
1306 3661 1610 3721 queruntur,
1638 3662 1863 3706 armant.

277 3723 423 3779 Idem
450 3721 673 3793 exhibet
699 3732 754 3775 et
779 3718 987 3793 V’eneta
1012 3723 1220 3793 editio:
1254 3718 1553 3777 at’sensum
1579 3723 1735 3793 hujus
1763 3723 1867 3778 loci

276 3810 303 3847 a
328 3792 765 3863 praecedentibus
816 3791 1092 3862 distinguit
1122 3802 1331 3849 com-ate
1366 3806 1421 3849 et
1450 3791 1659 3863 majori
1688 3795 1866 3848 littera

278 3862 435 3919 initio
470 3862 739 3932 apposita.

343 3934 372 3973 ι’
397 3933 605 4003 [Λιβύη
643 3932 873 3999 Lovan.,
903 3932 1072 3989 Duae.
1096 3932 1375 3996 etColon.,
1406 3950 1466 3987 ac
1493 3933 1862 4003 participes....

280 4002 569 4076 defensam.
594 4002 694 4076 Ms.
722 4002 829 4057 Jul.
854 4014 908 4058 et
934 4005 1120 4073 Corb.,
1137 4006 1271 4075 Aug.
1291 4005 1598 4072 edit.,edit.
1623 4004 1865 4073 Mugunt.

282 4075 501 4131 et'Ven.
539 4084 593 4126 ut
624 4075 676 4126 in
709 4082 877 4128 testu.

354 4142 746 4217 cSolaLugd.
799 4143 986 4207 editio,
1019 4156 1255 4217 auctores
1303 4145 1608 4217 displicent,
1656 4145 1869 4201 casteria

287 4216 692 4286 praetermissis,
722 4224 865 4268 tanta
893 4214 1189 4269 insolentia.

354 4285 381 4325 ά
415 4284 588 4355 Lugd.
612 4284 771 4347 edit.,
799 4300 1042 4355 novorum
1067 4301 1328 4339 sensuum.

356 4368 380 4396 ε
409 4354 653 4427 Mogunt.
681 4363 738 4409 et
762 4354 900 4427 Ven.
923 4354 1081 4421 edit.,
1113 4358 1251 4427 quod
1276 4365 1325 4409 et
1356 4356 1523 4411 nulla.

360 4428 377 4465 ῐ
412 4427 512 4480 Ms.
545 4425 823 4496 Joliensis,
848 4436 1106 4479 asserunt.
1126 4425 1139 4478 ζ
1159 4467 1172 4480 .
1194 4437 1486 4496 .respuant.

360 4507 384 4566 β
410 4497 653 4566 Mogunt.
677 4505 733 4549 et
765 4495 922 4560 Ven.,
948 4497 1330 4551 subtilissimas.

357 4564 387 4604 δ
413 4564 523 4621 Ms:
539 4565 670 4624 Jo|.,
697 4566 752 4619 in
791 4566 1034 4620 medium.
1067 4568 1304 4635 Mogunt.
1348 4575 1403 4622 et
1450 4567 1611 4633 Ven.,
1662 4565 1869 4621 Consti-

295 4647 435 4726 tuant
457 4639 509 4690 in
540 4638 771 4726 medium
786 4651 805 4701 ;
838 4644 947 4726 tum
977 4648 1203 4726 pergunt
1230 4639 1390 4726 inuitis
1422 4648 1608 4726 tenore
1648 4648 1868 4726 septen-
1900 4666 1953 4726 Β

296 4714 401 4779 tiae,
434 4722 606 4776 usque
645 4708 711 4761 ad
744 4706 877 4779 haec,
907 4705 1194 4779 loquacitas
1226 4709 1618 4779 intemperanter
1660 4706 1868 4779 eﬂ'udit.

297 4776 485 4842 Unius,
513 4789 618 4832 etc.
651 4778 852 4832 Eodem
882 4776 1041 4832 modo
1087 4776 1399 4835 distinctum
1430 4779 1628 4850 legitur
1656 4778 1708 4833 in
1736 4778 1869 4834 Luv.

296 4851 423 4904 edit.

375 4919 391 4955 ί
420 4917 822 4988 Manuscriptus
847 4916 1219 4987 Remigianus.
1251 4918 1388 4988 quod
1416 4918 1479 4972 de
1501 4920 1643 4973 novis
1675 4934 1875 4989 semper

298 4991 518 5042 emersit.
540 4989 656 5043 Jam
681 4998 791 5041 tum
818 4998 1153 5042 emerserant
1172 4989 1292 5044 alite
1309 5001 1493 5043 contra
1521 4990 1873 5044 Augustinum

298 5060 645 5128 quaestiones,
674 5060 864 5126 quibus
895 5062 1246 5127 responderat
1295 5060 1348 5113 in
1390 5060 1666 5128 opusculis
1712 5073 1874 5127 supra

300 5132 453 5199 editis
481 5138 668 5184 contra
706 5128 889 5184 Gallos
917 5143 978 5181 ac
1008 5128 1345 5185 Vincentium
1370 5172 1385 5193 .
1413 5143 1467 5185 et
1511 5131 1577 5183 ad
1618 5140 1875 5199 excerpta

299 5198 687 5255 Genuensium.
711 5200 1013 5271 conivere
1044 5200 1311 5265 Cassiani,
1346 5201 1628 5271 Augustini
1661 5202 1884 5256 aemulo-

301 5286 414 5323 rum
448 5268 810 5341 antesignani,
837 5269 973 5341 liber
995 5270 1132 5326 forte
1150 5275 1385 5325 nondum
1416 5268 1513 5341 ipsi
1539 5272 1879 5340 innotuisset,

300 5351 387 5394 aut
418 5340 641 5395 meliora
677 5340 745 5395 de
772 5339 985 5408 ingenio
1018 5341 1154 5395 alias
1182 5343 1384 5409 Optimo
1410 5339 1709 5408 sperasset;
1744 5339 1885 5396 nunc

302 5410 521 5481 tandem
550 5408 870 5465 refellendas
896 5412 1117 5481 suscipit
1143 5408 1385 5465 Cassiani
1415 5413 1754 5481 putissimum
1783 5413 1883 5467 de-

304 5480 577 5534 ﬁnitiones
602 5494 721 5550 qua:
749 5481 891 5552 stylo
930 5480 1086 5535 editae
1118 5481 1170 5535 in
1201 5483 1388 5551 vulgus
1417 5480 1882 5550 circumferrijam

304 5562 605 5623 eruperant,
620 5560 675 5605 et
701 5552 753 5604 in
775 5551 967 5623 quibus
990 5564 1126 5607 nova
1145 5564 1259 5608 arte
1282 5554 1581 5623 oppugnari
1604 5552 1887 5607 videbatur

305 5594 967 5690 αῖοᾶὶῖιῖἑι”ἐῖλὶίὶεί¹ιεὶῧῆἷ
990 5594 1058 5606 ””
1097 5594 1126 5607 “
1145 5594 1259 5608 “”“
1283 5594 1469 5669 "ml

382 5691 396 5743 i
428 5692 486 5747 In
517 5692 647 5764 edit.
679 5692 926 5764 Mogunt.
944 5697 1000 5745 et
1018 5690 1377 5764 Yeneta,post
1399 5695 1672 5764 referemus
1693 5691 1886 5763 :Cujus

312 5765 511 5820 decreta
532 5763 593 5819 ob
622 5762 895 5819 baceolum
913 5762 1115 5817 interim
1143 5775 1335 5834 Oportet
1352 5765 1403 5819 in
1426 5762 1647 5820 medium
1671 5762 1881 5834 adduci,

1954 3237 2201 3306 sequitur,
2245 3245 2295 3291 et
2336 3247 2657 3291 consummat
2710 3236 2764 3289 in
2816 3237 2983 3302 nobis,
3022 3238 3042 3274 ί
3080 3236 3279 3290 dicente
3299 3236 3548 3307 Apostolo

1967 3373 2091 3443 quia
2132 3381 2325 3437 utrum,
2359 3381 2463 3426 etc.
2506 3371 2618 3425 Hoc
2648 3371 2929 3441 ipsumest
2959 3370 3118 3443 etiam
3151 3370 3204 3423 in
3235 3385 3334 3424 ms.
3360 3367 3549 3443 Corb.,

1969 3440 2062 3497 sed
2096 3444 2360 3497 insertum
2395 3452 2543 3509 post,
2592 3440 2790 3503 oportet
2817 3441 3044 3494 assumi:
3077 3442 3128 3494 in
3155 3455 3327 3509 eoque
3365 3440 3554 3494 codice

1969 3527 2115 3578 ante,
2152 3515 2291 3577 Quas
2313 3515 2465 3565 etiam
2488 3511 2548 3564 ob
2571 3510 2668 3564 hoc
2696 3512 2854 3575 solas,
2884 3511 3099 3579 praeﬁxa
3146 3522 3225 3563 eat
3271 3510 3553 3575 particula,

1970 3584 2129 3637 alibi:
2157 3598 2258 3653 qua
2290 3583 2563 3653 indicatur
2610 3584 2840 3653 alterum
2891 3596 2973 3653 ex_
2998 3582 3104 3653 illis
3145 3580 3360 3653 duobus
3394 3579 3556 3633 dictis

1969 3649 2187 3708 aliunde
2235 3652 2499 3707 adscitum
2531 3667 2674 3706 esse.
2720 3652 2776 3705 In
2810 3667 2911 3705 ms.
2946 3650 3283 3717 Reniigiano,
3324 3649 3556 3715 Quarum

1969 3723 2113 3786 alibi,
2137 3739 2264 3792 quas
2289 3724 2443 3776 etiam
2473 3721 2534 3775 ob
2564 3724 2660 3774 hoc
2681 3721 2816 3792 solas
2833 3722 3040 3775 interim
3058 3720 3553 3792 indisceptatianem

1970 3789 2170 3858 Oportet
2200 3794 2415 3856 assumi,
2461 3792 2667 3844 decreta
2697 3790 2759 3843 ob
2783 3789 2880 3842 hoc
2908 3794 3072 3843 solum
3111 3791 3314 3842 interim
3360 3798 3555 3859 Oportet

1968 3864 2267 3916 inmedium
2300 3864 2508 3915 adduci.
2558 3859 2655 3913 Ms.
2685 3859 2961 3923 Juliensis,
3011 3860 3241 3924 Quarum
3267 3869 3461 3912 secreta
3496 3861 3558 3915 ob

1969 3932 2067 4002 hoc
2092 3935 2258 3985 solum
2284 3933 2489 3985 interim
2518 3932 2792 4002 oportet_in
2824 3930 3048 4002 medium
3067 3930 3276 4002 adduci.

2043 3999 2069 4071 ¹ξ
2098 4002 2272 4070 Apud.
2307 4002 2445 4071 Aug.
2477 3999 2676 4054 ex'tns.
2708 4000 2896 4071 Corb.,
2923 4000 3136 4053 assumi.

2047 4069 2067 4110 ι
2101 4068 2231 4128 Mss.
2262 4068 2452 4135 Corb.,
2486 4072 2697 4139 Remig.
2733 4081 2787 4141 et
2816 4070 2948 4134 λοι..
2982 4078 3236 4141 purgata.
3280 4068 3559 4141 Ed'tiunes

1971 4143 2116 4213 Mog.
2144 4152 2201 4199 et
2226 4143 2389 4205 Ven.,
2420 4144 2613 4213 scripta
2664 4140 2810 4213 enim
2847 4151 2985 4213 sunt,
3029 4139 3301 4195 et'actoris
3337 4139 3563 4193 sui‘edi-

1972 4211 2111 4269 tione
2136 4223 2390 4283 purgata;
2421 4211 2720 4283 referentes
2746 4211 2813 4264 ad
2840 4212 3062 4264 decreta.

2043 4295 2081 4321 ω
2114 4279 2310 4354 Ευεᾱ..
2364 4282 2718 4354 μονίλυυεε.
2746 4291 2799 4335 et
2846 4282 3033 4354 gelon.
3060 4280 3289 4346 addunt,
3338 4279 3561 4333 ordinis.

1971 4354 2173 4410 Aberat
2197 4351 2231 4408 Ξ
2265 4353 2451 4417 Corb.,
2485 4352 2729 4421 Mogunt.
2761 4362 2817 4407 et
2850 4351 2984 4406 Ven.

2043 4433 2072 4461 ³³
2100 4425 2195 4479 Ms.
2226 4423 2358 4488 Jo|.,
2384 4423 2523 4491 Mog.
2556 4418 2611 4477 et
2645 4420 2801 4484 νειμ,
2828 4438 2942 4475 cum
2973 4421 3173 4489 quibus.
3208 4418 3377 4489 Lugd.
3403 4418 3562 4485 edit.,

1973 4497 2277 4567 quibuscum
2298 4495 2430 4563 egit;
2457 4494 2583 4567 alia;
2601 4506 2814 4567 omnes,
2847 4492 3148 4567 quibusfum
3173 4490 3331 4560 degit.
3374 4559 3406 4567 _
3481 4559 3494 4567 ι
3520 4536 3528 4545 .

2047 4574 2071 4601 ο
2122 4559 2345 4620 Εόὶιὶο.“
2374 4562 2609 4632 append.
2664 4564 2801 4629 Aug.
2853 4559 2977 4616 tom.
3015 4560 3083 4625 X,
3117 4576 3179 4613 ex
3232 4559 3333 4615 rus.
3367 4559 3563 4624 Corb.,

1980 4636 2080 4702 Qui
2104 4647 2295 4697 tamen,
2325 4634 2382 4701 id
2414 4646 2510 4699 est,
2559 4632 2855 4687 Cassianus.
2887 4632 3019 4685 Alite
3045 4646 3233 4684 omnes
3276 4632 3565 4697 editiones,

1980 4722 2101 4762 cum
2128 4706 2234 4761 lol.
2266 4717 2319 4760 et
2343 4704 2529 4773 Remig
2560 4743 2575 4769 ,
2607 4702 2733 4768 Quae
2757 4711 2958 4756 tamen:
2981 4702 3229 4763 subaudi,
3269 4702 3525 4773 doctrina.

2051 4788 2080 4827 ιι
2119 4777 2262 4830 Edit.
2312 4772 2743 4845 Lugd.,’lenique
2769 4790 3079 4843 progressu,
3107 4774 3287 4826 minus
3334 4772 3471 4826 bene
3509 4780 3568 4825 ut

1980 4846 2212 4901 videtur.

2054 4927 2083 4967 «ι
2120 4917 2218 4970 Ms.
2256 4914 2385 4982 Jnl.,
2404 4917 2553 4985 cujus
2566 4914 2807 4982 formam.
2829 4952 2842 4965 .
2863 4952 2877 4965 .
2898 4911 3155 4985 .viventis,
3172 4910 3331 4979 forte,
3361 4912 3566 4965 viventi.

2056 4997 2079 5024 τ
2122 4988 2221 5040 Ms.
2260 4985 2393 5053 Jul.,
2427 4982 2779 5051 deﬁnitionem
2808 4982 3139 5037 catholicam.

2058 5064 2080 5093 ³
2125 5058 2224 5113 Ms.
2264 5056 2396 5126 10L,
2434 5058 2707 5125 principia.

2058 5128 2077 5164 ‘
2124 5129 2223 5182 Ms.
2262 5120 2393 5192 10L,
2423 5120 2621 5180 dicente
2659 5126 2813 5180 etiam
2836 5125 3068 5192 apostolo
3096 5120 3291 5187 Paulo,
3322 5122 3445 5188 quia
3482 5121 3568 5191 qui

1984 5198 2093 5253 dat.
2130 5198 2253 5253 llaec
2275 5202 2456 5262 verba,
2489 5197 2685 5250 dicente
2713 5196 2948 5265 apostolo
2977 5196 3173 5248 a-bsunt
3203 5195 3270 5248 ab
3297 5194 3430 5265 edit.
3460 5193 3570 5244 Mo-

1984 5280 2138 5339 gunt.
2169 5280 2223 5323 et
2252 5268 2405 5323 Ven..
2442 5270 2492 5320 in
2523 5268 2719 5336 quibus
2750 5262 3016 5339 icontinua
3044 5266 3289 5339 oratione
3341 5262 3568 5339 habetur

1986 5333 2125 5409 post,
2156 5348 2202 5393 et
2241 5333 2557 5392 consummat
2593 5340 2644 5390 in
2672 5338 2833 5409 nobis,
2867 5346 2915 5409 et
2942 5351 3125 5409 panem
3152 5334 3231 5409 ad,
3251 5333 3571 5409 manducan-

1986 5405 2106 5464 dum
2139 5421 2367 5478 prtestat,
2398 5419 2447 5462 et
2473 5423 2698 5478 crescere
2727 5407 2850 5474 facit
2881 5405 3078 5478 fructus
3097 5406 3322 5476 justitiaz
3344 5412 3568 5478 nostra.

1988 5481 2045 5533 In
2078 5473 2205 5533 edit.
2239 5479 2435 5548 Lugd.,
2466 5477 2695 5541 Lovan.,
2726 5473 2971 5548 Duac.et
3006 5473 3395 5548 Col'on.,paulo
3418 5476 3575 5527 aliter

1994 5546 2345 5618 diuinguitur
2376 5549 2491 5601 hanc
2513 5548 2801 5618 sententia,
2837 5547 3087 5618 scilicet:
3120 5546 3222 5611 Qui
3270 5546 3359 5600 dat
3404 5559 3577 5618 semen

1992 5614 2290 5680 seminanti,
2323 5628 2370 5671 et
2401 5631 2580 5685 panem
2628 5617 2695 5668 ad
2724 5614 3176 5689 manducandum;
3224 5616 3482 5689 pt'testabit
3529 5623 3580 5670 et

1992 5706 2218 5746 crescere
2247 5691 2395 5761 faciet
2427 5692 2627 5759 fructus
2646 5687 2868 5756 justitite
2884 5696 3084 5741 vestrm.
