  <div class='ocr_page' id='page_1' title='image "/cluster/home/n/w/nwhite01/storage/ocr_20150623/51/hvd.32044054758610/115.png"; bbox 0 0 4030 6178; ppageno 0'>
   <div class='ocr_carea' id='block_1_1' title="bbox 415 293 520 348">
    <p class='ocr_par' dir='ltr' id='par_1_1' title="bbox 415 293 520 348">
     <span class='ocr_line' id='line_1_1' title="bbox 415 293 520 348; baseline 0 -1"><span class='ocrx_word' id='word_1_1' title='bbox 415 293 520 348; x_wconf 73' lang='grc'><strong>919</strong></span> 
     </span>
    </p>
   </div>
   <div class='ocr_carea' id='block_1_2' title="bbox 1660 288 2456 359">
    <p class='ocr_par' dir='ltr' id='par_1_2' title="bbox 1660 288 2456 359">
     <span class='ocr_line' id='line_1_2' title="bbox 1660 288 2456 359; baseline 0.003 -13"><span class='ocrx_word' id='word_1_2' title='bbox 1660 288 1717 346; x_wconf 89' lang='lat' dir='ltr'><strong>S.</strong></span> <span class='ocrx_word' id='word_1_3' title='bbox 1757 288 2093 346; x_wconf 78' lang='lat' dir='ltr'><strong>PROSPERI</strong></span> <span class='ocrx_word' id='word_1_4' title='bbox 2132 290 2456 359; x_wconf 81' lang='lat' dir='ltr'><strong>AQUITANI</strong></span> 
     </span>
    </p>
   </div>
   <div class='ocr_carea' id='block_1_3' title="bbox 3593 307 3701 363">
    <p class='ocr_par' dir='ltr' id='par_1_3' title="bbox 3593 307 3701 363">
     <span class='ocr_line' id='line_1_3' title="bbox 3593 307 3701 363; baseline 0.019 -3"><span class='ocrx_word' id='word_1_5' title='bbox 3593 307 3701 363; x_wconf 67' lang='lat'><strong>2‘20</strong></span> 
     </span>
    </p>
   </div>
   <div class='ocr_carea' id='block_1_4' title="bbox 418 404 3698 486">
    <p class='ocr_par' dir='ltr' id='par_1_4' title="bbox 418 404 3698 486">
     <span class='ocr_line' id='line_1_4' title="bbox 418 404 3698 486; baseline -0.002 -19"><span class='ocrx_word' id='word_1_6' title='bbox 418 411 488 481; x_wconf 83' lang='grc' dir='ltr'><strong>(ιι</strong></span> <span class='ocrx_word' id='word_1_7' title='bbox 508 408 629 466; x_wconf 85' lang='lat' dir='ltr'><strong>Cor.</strong></span> <span class='ocrx_word' id='word_1_8' title='bbox 662 424 740 480; x_wconf 72' lang='grc' dir='ltr'><strong>ιι,</strong></span> <span class='ocrx_word' id='word_1_9' title='bbox 778 404 890 479; x_wconf 88' lang='grc'><strong>10),</strong></span> <span class='ocrx_word' id='word_1_10' title='bbox 932 406 1036 475; x_wconf 81' lang='lat' dir='ltr'><strong>Qui</strong></span> <span class='ocrx_word' id='word_1_11' title='bbox 1061 405 1152 459; x_wconf 88' lang='lat' dir='ltr'><strong>dat</strong></span> <span class='ocrx_word' id='word_1_12' title='bbox 1195 421 1366 461; x_wconf 88' lang='lat' dir='ltr'><strong>semen</strong></span> <span class='ocrx_word' id='word_1_13' title='bbox 1406 406 1709 472; x_wconf 89' lang='lat' dir='ltr'><strong>seminanti,</strong></span> <span class='ocrx_word' id='word_1_14' title='bbox 1747 416 1791 460; x_wconf 92' lang='lat' dir='ltr'><strong>et</strong></span> <span class='ocrx_word' id='word_1_15' title='bbox 1822 423 2007 477; x_wconf 91' lang='lat' dir='ltr'><strong>panem</strong></span> <span class='ocrx_word' id='word_1_16' title='bbox 2034 411 2085 468; x_wconf 78' lang='grc' dir='ltr'><strong>Α</strong></span> <span class='ocrx_word' id='word_1_17' title='bbox 2111 407 2348 473; x_wconf 88' lang='lat' dir='ltr'><strong>salutem,</strong></span> <span class='ocrx_word' id='word_1_18' title='bbox 2379 407 2749 461; x_wconf 76' lang='lat' dir='ltr'><strong>incrementum</strong></span> <span class='ocrx_word' id='word_1_19' title='bbox 2777 406 3001 464; x_wconf 84' lang='lat' dir='ltr'><strong>tribuens</strong></span> <span class='ocrx_word' id='word_1_20' title='bbox 3025 410 3092 480; x_wconf 82' lang='lat' dir='ltr'><strong>ei,</strong></span> <span class='ocrx_word' id='word_1_21' title='bbox 3127 426 3282 479; x_wconf 88' lang='lat' dir='ltr'><strong>quam</strong></span> <span class='ocrx_word' id='word_1_22' title='bbox 3300 412 3380 467; x_wconf 91' lang='lat' dir='ltr'><strong>vel</strong></span> <span class='ocrx_word' id='word_1_23' title='bbox 3410 414 3521 486; x_wconf 90' lang='lat' dir='ltr'><strong>ipse</strong></span> <span class='ocrx_word' id='word_1_24' title='bbox 3547 419 3698 486; x_wconf 78' lang='lat' dir='ltr'><strong>plan.</strong></span> 
     </span>
    </p>
   </div>
   <div class='ocr_carea' id='block_1_5' title="bbox 420 496 2006 567">
    <p class='ocr_par' dir='ltr' id='par_1_5' title="bbox 420 496 2006 567">
     <span class='ocr_line' id='line_1_5' title="bbox 420 496 2006 567; baseline -0.004 -10"><span class='ocrx_word' id='word_1_25' title='bbox 420 505 489 557; x_wconf 91' lang='lat' dir='ltr'><strong>ad</strong></span> <span class='ocrx_word' id='word_1_26' title='bbox 516 500 937 556; x_wconf 82' lang='lat' dir='ltr'><strong>manducandum</strong></span> <span class='ocrx_word' id='word_1_27' title='bbox 977 498 1258 566; x_wconf 73' lang='lat' dir='ltr'><strong>prastabit,</strong></span> <span class='ocrx_word' id='word_1_28' title='bbox 1287 505 1335 550; x_wconf 91' lang='lat' dir='ltr'><strong>et</strong></span> <span class='ocrx_word' id='word_1_29' title='bbox 1366 512 1593 551; x_wconf 79' lang='lat' dir='ltr'><strong>crescere</strong></span> <span class='ocrx_word' id='word_1_30' title='bbox 1624 497 1777 567; x_wconf 88' lang='lat' dir='ltr'><strong>faciet</strong></span> <span class='ocrx_word' id='word_1_31' title='bbox 1806 496 2006 565; x_wconf 88' lang='lat' dir='ltr'><strong>fructus</strong></span> 
     </span>
    </p>
   </div>
   <div class='ocr_carea' id='block_1_6' title="bbox 420 588 2008 661">
    <p class='ocr_par' dir='ltr' id='par_1_6' title="bbox 420 588 2008 661">
     <span class='ocr_line' id='line_1_6' title="bbox 420 588 2008 661; baseline -0.003 -13"><span class='ocrx_word' id='word_1_32' title='bbox 420 594 633 661; x_wconf 74' lang='lat' dir='ltr'><strong>iustitia:</strong></span> <span class='ocrx_word' id='word_1_33' title='bbox 669 602 871 646; x_wconf 73' lang='lat' dir='ltr'><strong>vestrat.</strong></span> <span class='ocrx_word' id='word_1_34' title='bbox 905 589 1003 644; x_wconf 82' lang='lat' dir='ltr'><strong>llic</strong></span> <span class='ocrx_word' id='word_1_35' title='bbox 1033 604 1102 643; x_wconf 93' lang='lat' dir='ltr'><strong>ne</strong></span> <span class='ocrx_word' id='word_1_36' title='bbox 1142 588 1263 659; x_wconf 84' lang='lat' dir='ltr'><strong>quis</strong></span> <span class='ocrx_word' id='word_1_37' title='bbox 1297 598 1510 658; x_wconf 88' lang='lat' dir='ltr'><strong>putaret</strong></span> <span class='ocrx_word' id='word_1_38' title='bbox 1556 588 1691 643; x_wconf 83' lang='lat' dir='ltr'><strong>nihil</strong></span> <span class='ocrx_word' id='word_1_39' title='bbox 1721 602 2008 657; x_wconf 83' lang='lat' dir='ltr'><strong>superesse</strong></span> 
     </span>
    </p>
   </div>
   <div class='ocr_carea' id='block_1_7' title="bbox 420 679 2005 755">
    <p class='ocr_par' dir='ltr' id='par_1_7' title="bbox 420 679 2005 755">
     <span class='ocr_line' id='line_1_7' title="bbox 420 679 2005 755; baseline -0.003 -17"><span class='ocrx_word' id='word_1_40' title='bbox 420 683 566 755; x_wconf 89' lang='lat' dir='ltr'><strong>quod</strong></span> <span class='ocrx_word' id='word_1_41' title='bbox 603 698 697 751; x_wconf 90' lang='lat' dir='ltr'><strong>per</strong></span> <span class='ocrx_word' id='word_1_42' title='bbox 747 681 979 735; x_wconf 87' lang='lat' dir='ltr'><strong>liberum</strong></span> <span class='ocrx_word' id='word_1_43' title='bbox 1011 689 1263 750; x_wconf 75' lang='lat' dir='ltr'><strong>ageretur</strong></span> <span class='ocrx_word' id='word_1_44' title='bbox 1310 680 1619 745; x_wconf 78' lang='lat' dir='ltr'><strong>arbitrium,</strong></span> <span class='ocrx_word' id='word_1_45' title='bbox 1653 694 1757 735; x_wconf 90' lang='lat' dir='ltr'><strong>non</strong></span> <span class='ocrx_word' id='word_1_46' title='bbox 1791 679 2005 734; x_wconf 89' lang='lat' dir='ltr'><strong>irratio-</strong></span> 
     </span>
    </p>
   </div>
   <div class='ocr_carea' id='block_1_8' title="bbox 421 770 2008 841">
    <p class='ocr_par' dir='ltr' id='par_1_8' title="bbox 421 770 2008 841">
     <span class='ocr_line' id='line_1_8' title="bbox 421 770 2008 841; baseline -0.004 -12"><span class='ocrx_word' id='word_1_47' title='bbox 421 775 682 829; x_wconf 87' lang='lat' dir='ltr'><strong>nabiliter</strong></span> <span class='ocrx_word' id='word_1_48' title='bbox 708 772 907 841; x_wconf 89' lang='lat' dir='ltr'><strong>adjecit</strong></span> <span class='ocrx_word' id='word_1_49' title='bbox 934 786 1040 841; x_wconf 90' lang='lat' dir='ltr'><strong>quo</strong></span> <span class='ocrx_word' id='word_1_50' title='bbox 1069 771 1361 840; x_wconf 89' lang='lat' dir='ltr'><strong>probaret,</strong></span> <span class='ocrx_word' id='word_1_51' title='bbox 1394 786 1499 824; x_wconf 92' lang='lat' dir='ltr'><strong>non</strong></span> <span class='ocrx_word' id='word_1_52' title='bbox 1532 770 1733 825; x_wconf 79' lang='lat' dir='ltr'><strong>auferri</strong></span> <span class='ocrx_word' id='word_1_53' title='bbox 1761 770 1888 825; x_wconf 90' lang='lat' dir='ltr'><strong>illud</strong></span> <span class='ocrx_word' id='word_1_54' title='bbox 1921 771 2008 824; x_wconf 88' lang='lat' dir='ltr'><strong>his</strong></span> 
     </span>
    </p>
   </div>
   <div class='ocr_carea' id='block_1_9' title="bbox 421 861 2007 932">
    <p class='ocr_par' dir='ltr' id='par_1_9' title="bbox 421 861 2007 932">
     <span class='ocr_line' id='line_1_9' title="bbox 421 861 2007 932; baseline -0.003 -12"><span class='ocrx_word' id='word_1_55' title='bbox 421 865 601 930; x_wconf 89' lang='lat' dir='ltr'><strong>donis,</strong></span> <span class='ocrx_word' id='word_1_56' title='bbox 629 863 727 918; x_wconf 90' lang='lat' dir='ltr'><strong>sed</strong></span> <span class='ocrx_word' id='word_1_57' title='bbox 758 864 937 932; x_wconf 83' lang='lat' dir='ltr'><strong>potius</strong></span> <span class='ocrx_word' id='word_1_58' title='bbox 967 861 1233 925; x_wconf 89' lang='lat' dir='ltr'><strong>roborari,</strong></span> <span class='ocrx_word' id='word_1_59' title='bbox 1290 863 1393 915; x_wconf 87' lang='lat' dir='ltr'><strong>nisi</strong></span> <span class='ocrx_word' id='word_1_60' title='bbox 1424 870 1450 898; x_wconf 73' lang='grc'>⁸</span> <span class='ocrx_word' id='word_1_61' title='bbox 1478 863 1776 915; x_wconf 87' lang='lat' dir='ltr'><strong>revolutum</strong></span> <span class='ocrx_word' id='word_1_62' title='bbox 1802 861 1872 916; x_wconf 90' lang='lat' dir='ltr'><strong>ad</strong></span> <span class='ocrx_word' id='word_1_63' title='bbox 1905 861 2007 915; x_wconf 91' lang='lat' dir='ltr'><strong>ini-</strong></span> 
     </span>
    </p>
   </div>
   <div class='ocr_carea' id='block_1_10' title="bbox 422 951 2003 1025">
    <p class='ocr_par' dir='ltr' id='par_1_10' title="bbox 422 951 2003 1025">
     <span class='ocr_line' id='line_1_10' title="bbox 422 951 2003 1025; baseline -0.003 -15"><span class='ocrx_word' id='word_1_64' title='bbox 422 957 661 1025; x_wconf 88' lang='lat' dir='ltr'><strong>quitates</strong></span> <span class='ocrx_word' id='word_1_65' title='bbox 701 970 847 1020; x_wconf 91' lang='lat' dir='ltr'><strong>suas,</strong></span> <span class='ocrx_word' id='word_1_66' title='bbox 880 955 947 1009; x_wconf 90' lang='lat' dir='ltr'><strong>ab</strong></span> <span class='ocrx_word' id='word_1_67' title='bbox 976 954 1180 1008; x_wconf 80' lang='lat' dir='ltr'><strong>auxilio</strong></span> <span class='ocrx_word' id='word_1_68' title='bbox 1219 953 1314 1008; x_wconf 90' lang='lat' dir='ltr'><strong>Dei</strong></span> <span class='ocrx_word' id='word_1_69' title='bbox 1362 968 1421 1007; x_wconf 90' lang='lat' dir='ltr'><strong>se</strong></span> <span class='ocrx_word' id='word_1_70' title='bbox 1450 951 1477 991; x_wconf 71' lang='grc' dir='ltr'>δ</span> <span class='ocrx_word' id='word_1_71' title='bbox 1510 954 1697 1007; x_wconf 77' lang='lat' dir='ltr'><strong>mallet</strong></span> <span class='ocrx_word' id='word_1_72' title='bbox 1740 963 2003 1008; x_wconf 79' lang='lat' dir='ltr'><strong>avertere.</strong></span> 
     </span>
    </p>
   </div>
   <div class='ocr_carea' id='block_1_11' title="bbox 424 1045 2007 1115">
    <p class='ocr_par' dir='ltr' id='par_1_11' title="bbox 424 1045 2007 1115">
     <span class='ocr_line' id='line_1_11' title="bbox 424 1045 2007 1115; baseline -0.004 -12"><span class='ocrx_word' id='word_1_73' title='bbox 424 1050 675 1103; x_wconf 83' lang='lat' dir='ltr'><strong>Nostrum</strong></span> <span class='ocrx_word' id='word_1_74' title='bbox 704 1063 819 1102; x_wconf 88' lang='lat' dir='ltr'><strong>vero</strong></span> <span class='ocrx_word' id='word_1_75' title='bbox 868 1054 965 1111; x_wconf 89' lang='lat' dir='ltr'><strong>est,</strong></span> <span class='ocrx_word' id='word_1_76' title='bbox 1017 1046 1210 1115; x_wconf 88' lang='lat' dir='ltr'><strong>inquit,</strong></span> <span class='ocrx_word' id='word_1_77' title='bbox 1255 1046 1485 1115; x_wconf 82' lang='lat' dir='ltr'><strong>quotidie</strong></span> <span class='ocrx_word' id='word_1_78' title='bbox 1529 1045 1867 1098; x_wconf 81' lang='lat' dir='ltr'><strong>aura/tentem</strong></span> <span class='ocrx_word' id='word_1_79' title='bbox 1916 1060 2007 1097; x_wconf 84' lang='lat' dir='ltr'><strong>nos</strong></span> 
     </span>
    </p>
   </div>
   <div class='ocr_carea' id='block_1_12' title="bbox 422 1134 2008 1211">
    <p class='ocr_par' dir='ltr' id='par_1_12' title="bbox 422 1134 2008 1211">
     <span class='ocr_line' id='line_1_12' title="bbox 422 1134 2008 1211; baseline -0.003 -19"><span class='ocrx_word' id='word_1_80' title='bbox 422 1139 645 1211; x_wconf 81' lang='lat' dir='ltr'><strong>gratiam</strong></span> <span class='ocrx_word' id='word_1_81' title='bbox 675 1136 775 1197; x_wconf 87' lang='lat' dir='ltr'><strong>Dei</strong></span> <span class='ocrx_word' id='word_1_82' title='bbox 804 1146 859 1190; x_wconf 88' lang='lat' dir='ltr'><strong>ut</strong></span> <span class='ocrx_word' id='word_1_83' title='bbox 887 1135 1147 1190; x_wconf 82' lang='lat' dir='ltr'><strong>humiliter</strong></span> <span class='ocrx_word' id='word_1_84' title='bbox 1176 1136 1566 1204; x_wconf 82' lang='lat' dir='ltr'><strong>subsequamur,</strong></span> <span class='ocrx_word' id='word_1_85' title='bbox 1598 1145 1619 1172; x_wconf 73' lang='grc' dir='ltr'>ε</span> <span class='ocrx_word' id='word_1_86' title='bbox 1650 1135 1727 1189; x_wconf 88' lang='lat' dir='ltr'><strong>vel</strong></span> <span class='ocrx_word' id='word_1_87' title='bbox 1752 1145 1884 1188; x_wconf 88' lang='lat' dir='ltr'><strong>certe</strong></span> <span class='ocrx_word' id='word_1_88' title='bbox 1909 1134 2008 1187; x_wconf 80' lang='lat' dir='ltr'><strong>du-</strong></span> 
     </span>
    </p>
   </div>
   <div class='ocr_carea' id='block_1_13' title="bbox 421 1227 2003 1297">
    <p class='ocr_par' dir='ltr' id='par_1_13' title="bbox 421 1227 2003 1297">
     <span class='ocr_line' id='line_1_13' title="bbox 421 1227 2003 1297; baseline -0.002 -13"><span class='ocrx_word' id='word_1_89' title='bbox 421 1248 483 1284; x_wconf 92' lang='lat' dir='ltr'><strong>ra</strong></span> <span class='ocrx_word' id='word_1_90' title='bbox 509 1231 697 1284; x_wconf 85' lang='lat' dir='ltr'><strong>cervice</strong></span> <span class='ocrx_word' id='word_1_91' title='bbox 735 1240 783 1283; x_wconf 89' lang='lat' dir='ltr'><strong>et</strong></span> <span class='ocrx_word' id='word_1_92' title='bbox 808 1228 1197 1292; x_wconf 87' lang='lat' dir='ltr'><strong>incircumcisis,</strong></span> <span class='ocrx_word' id='word_1_93' title='bbox 1243 1237 1295 1280; x_wconf 91' lang='lat' dir='ltr'><strong>ut</strong></span> <span class='ocrx_word' id='word_1_94' title='bbox 1326 1228 1575 1297; x_wconf 87' lang='lat' dir='ltr'><strong>scriptunt</strong></span> <span class='ocrx_word' id='word_1_95' title='bbox 1616 1237 1691 1280; x_wconf 89' lang='lat' dir='ltr'><strong>est</strong></span> <span class='ocrx_word' id='word_1_96' title='bbox 1719 1227 1858 1295; x_wconf 83' lang='lat' dir='ltr'><strong>(Act.</strong></span> <span class='ocrx_word' id='word_1_97' title='bbox 1906 1242 2003 1293; x_wconf 86' lang='lat' dir='ltr'><strong>vtt,</strong></span> 
     </span>
    </p>
   </div>
   <div class='ocr_carea' id='block_1_14' title="bbox 424 1316 2007 1391">
    <p class='ocr_par' dir='ltr' id='par_1_14' title="bbox 424 1316 2007 1391">
     <span class='ocr_line' id='line_1_14' title="bbox 424 1316 2007 1391; baseline -0.003 -17"><span class='ocrx_word' id='word_1_98' title='bbox 424 1321 537 1391; x_wconf 84' lang='lat'><strong>5|),</strong></span> <span class='ocrx_word' id='word_1_99' title='bbox 560 1320 769 1373; x_wconf 80' lang='lat' dir='ltr'><strong>auribus</strong></span> <span class='ocrx_word' id='word_1_100' title='bbox 788 1321 952 1373; x_wconf 85' lang='lat' dir='ltr'><strong>eidem</strong></span> <span class='ocrx_word' id='word_1_101' title='bbox 979 1320 1292 1385; x_wconf 79' lang='lat' dir='ltr'><strong><em>resistentes,</em></strong></span> <span class='ocrx_word' id='word_1_102' title='bbox 1316 1335 1408 1388; x_wconf 78' lang='lat' dir='ltr'><strong>per</strong></span> <span class='ocrx_word' id='word_1_103' title='bbox 1428 1316 1707 1373; x_wconf 85' lang='lat' dir='ltr'><strong>Jerentium</strong></span> <span class='ocrx_word' id='word_1_104' title='bbox 1722 1334 2007 1373; x_wconf 87' lang='lat' dir='ltr'><strong>mereantur</strong></span> 
     </span>
    </p>
   </div>
   <div class='ocr_carea' id='block_1_15' title="bbox 423 1410 2008 1482">
    <p class='ocr_par' dir='ltr' id='par_1_15' title="bbox 423 1410 2008 1482">
     <span class='ocr_line' id='line_1_15' title="bbox 423 1410 2008 1482; baseline -0.001 -18"><span class='ocrx_word' id='word_1_105' title='bbox 423 1413 625 1477; x_wconf 84' lang='lat' dir='ltr'><strong>audire,</strong></span> <span class='ocrx_word' id='word_1_106' title='bbox 654 1411 816 1482; x_wconf 79' lang='lat'><strong>312</strong></span> <span class='ocrx_word' id='word_1_107' title='bbox 848 1410 1122 1478; x_wconf 86' lang='lat' dir='ltr'><strong>Numquid</strong></span> <span class='ocrx_word' id='word_1_108' title='bbox 1165 1411 1253 1478; x_wconf 85' lang='lat' dir='ltr'><strong>qui</strong></span> <span class='ocrx_word' id='word_1_109' title='bbox 1300 1411 1439 1462; x_wconf 85' lang='lat' dir='ltr'><strong>cadit</strong></span> <span class='ocrx_word' id='word_1_110' title='bbox 1468 1425 1570 1463; x_wconf 90' lang='lat' dir='ltr'><strong>non</strong></span> <span class='ocrx_word' id='word_1_111' title='bbox 1604 1411 1872 1480; x_wconf 81' lang='lat' dir='ltr'><strong>resurget?</strong></span> <span class='ocrx_word' id='word_1_112' title='bbox 1917 1418 2008 1463; x_wconf 91' lang='lat' dir='ltr'><strong>aut</strong></span> 
     </span>
    </p>
   </div>
   <div class='ocr_carea' id='block_1_16' title="bbox 421 1502 2007 1574">
    <p class='ocr_par' dir='ltr' id='par_1_16' title="bbox 421 1502 2007 1574">
     <span class='ocr_line' id='line_1_16' title="bbox 421 1502 2007 1574; baseline -0.002 -16"><span class='ocrx_word' id='word_1_113' title='bbox 421 1506 511 1574; x_wconf 91' lang='lat' dir='ltr'><strong>qui</strong></span> <span class='ocrx_word' id='word_1_114' title='bbox 534 1520 741 1557; x_wconf 87' lang='lat' dir='ltr'><strong>aversus</strong></span> <span class='ocrx_word' id='word_1_115' title='bbox 763 1512 859 1568; x_wconf 84' lang='lat' dir='ltr'><strong>est,</strong></span> <span class='ocrx_word' id='word_1_116' title='bbox 883 1520 987 1557; x_wconf 88' lang='lat' dir='ltr'><strong>non</strong></span> <span class='ocrx_word' id='word_1_117' title='bbox 1017 1512 1291 1557; x_wconf 86' lang='lat' dir='ltr'><strong>revertetur</strong></span> <span class='ocrx_word' id='word_1_118' title='bbox 1324 1502 1537 1574; x_wconf 79' lang='lat' dir='ltr'><strong>(Jerem.</strong></span> <span class='ocrx_word' id='word_1_119' title='bbox 1568 1518 1681 1568; x_wconf 86' lang='lat' dir='ltr'><strong>vut,</strong></span> <span class='ocrx_word' id='word_1_120' title='bbox 1702 1502 1792 1573; x_wconf 66' lang='lat'><strong>4)?</strong></span> <span class='ocrx_word' id='word_1_121' title='bbox 1835 1502 2007 1569; x_wconf 77' lang='lat' dir='ltr'><strong>Quare</strong></span> 
     </span>
    </p>
   </div>
   <div class='ocr_carea' id='block_1_17' title="bbox 423 1593 2006 1667">
    <p class='ocr_par' dir='ltr' id='par_1_17' title="bbox 423 1593 2006 1667">
     <span class='ocr_line' id='line_1_17' title="bbox 423 1593 2006 1667; baseline -0.001 -17"><span class='ocrx_word' id='word_1_122' title='bbox 423 1612 546 1667; x_wconf 86' lang='lat' dir='ltr'><strong>ergo</strong></span> <span class='ocrx_word' id='word_1_123' title='bbox 568 1611 775 1650; x_wconf 84' lang='lat' dir='ltr'><strong>aversus</strong></span> <span class='ocrx_word' id='word_1_124' title='bbox 802 1606 878 1650; x_wconf 89' lang='lat' dir='ltr'><strong>est</strong></span> <span class='ocrx_word' id='word_1_125' title='bbox 906 1595 1135 1665; x_wconf 84' lang='lat' dir='ltr'><strong>populus</strong></span> <span class='ocrx_word' id='word_1_126' title='bbox 1183 1596 1278 1649; x_wconf 90' lang='lat' dir='ltr'><strong>iste</strong></span> <span class='ocrx_word' id='word_1_127' title='bbox 1312 1597 1365 1649; x_wconf 91' lang='lat' dir='ltr'><strong>in</strong></span> <span class='ocrx_word' id='word_1_128' title='bbox 1392 1593 1703 1663; x_wconf 79' lang='lat' dir='ltr'><strong>Jerusalem,</strong></span> <span class='ocrx_word' id='word_1_129' title='bbox 1743 1596 2006 1649; x_wconf 84' lang='lat' dir='ltr'><strong>aversione</strong></span> 
     </span>
    </p>
   </div>
   <div class='ocr_carea' id='block_1_18' title="bbox 423 1688 2007 1753">
    <p class='ocr_par' dir='ltr' id='par_1_18' title="bbox 423 1688 2007 1753">
     <span class='ocr_line' id='line_1_18' title="bbox 423 1688 2007 1753; baseline 0.001 -13"><span class='ocrx_word' id='word_1_130' title='bbox 423 1689 782 1741; x_wconf 83' lang='lat' dir='ltr'><strong>contentiosa:</strong></span> <span class='ocrx_word' id='word_1_131' title='bbox 822 1688 1188 1742; x_wconf 83' lang='lat' dir='ltr'><strong>induraverunt</strong></span> <span class='ocrx_word' id='word_1_132' title='bbox 1226 1688 1445 1742; x_wconf 88' lang='lat' dir='ltr'><strong>cervices</strong></span> <span class='ocrx_word' id='word_1_133' title='bbox 1475 1704 1617 1753; x_wconf 89' lang='lat' dir='ltr'><strong>suas,</strong></span> <span class='ocrx_word' id='word_1_134' title='bbox 1646 1696 1694 1740; x_wconf 91' lang='lat' dir='ltr'><strong>et</strong></span> <span class='ocrx_word' id='word_1_135' title='bbox 1730 1688 2007 1742; x_wconf 89' lang='lat' dir='ltr'><strong>noluerunt</strong></span> 
     </span>
    </p>
   </div>
   <div class='ocr_carea' id='block_1_19' title="bbox 2111 500 3695 579">
    <p class='ocr_par' dir='ltr' id='par_1_19' title="bbox 2111 500 3695 579">
     <span class='ocr_line' id='line_1_19' title="bbox 2111 500 3695 579; baseline 0.007 -26"><span class='ocrx_word' id='word_1_136' title='bbox 2111 502 2255 565; x_wconf 85' lang='lat' dir='ltr'><strong>tavit,</strong></span> <span class='ocrx_word' id='word_1_137' title='bbox 2278 508 2319 538; x_wconf 70' lang='grc' dir='ltr'>ω</span> <span class='ocrx_word' id='word_1_138' title='bbox 2345 500 2425 554; x_wconf 90' lang='lat' dir='ltr'><strong>vel</strong></span> <span class='ocrx_word' id='word_1_139' title='bbox 2451 510 2627 555; x_wconf 89' lang='lat' dir='ltr'><strong>nostro</strong></span> <span class='ocrx_word' id='word_1_140' title='bbox 2648 511 2835 556; x_wconf 88' lang='lat' dir='ltr'><strong>conatu</strong></span> <span class='ocrx_word' id='word_1_141' title='bbox 2880 504 3064 555; x_wconf 88' lang='lat' dir='ltr'><strong>viderit</strong></span> <span class='ocrx_word' id='word_1_142' title='bbox 3089 505 3367 560; x_wconf 90' lang='lat' dir='ltr'><strong>emersisse.</strong></span> <span class='ocrx_word' id='word_1_143' title='bbox 3398 507 3462 562; x_wconf 87' lang='lat' dir='ltr'><strong>Et</strong></span> <span class='ocrx_word' id='word_1_144' title='bbox 3489 508 3577 563; x_wconf 93' lang='lat' dir='ltr'><strong>hic</strong></span> <span class='ocrx_word' id='word_1_145' title='bbox 3600 526 3695 579; x_wconf 84' lang='lat' dir='ltr'><strong>po-</strong></span> 
     </span>
    </p>
   </div>
   <div class='ocr_carea' id='block_1_20' title="bbox 2111 590 3694 659">
    <p class='ocr_par' dir='ltr' id='par_1_20' title="bbox 2111 590 3694 659">
     <span class='ocr_line' id='line_1_20' title="bbox 2111 590 3694 659; baseline 0.008 -15"><span class='ocrx_word' id='word_1_146' title='bbox 2111 598 2222 646; x_wconf 88' lang='lat' dir='ltr'><strong>test</strong></span> <span class='ocrx_word' id='word_1_147' title='bbox 2268 590 2445 645; x_wconf 90' lang='lat' dir='ltr'><strong>adhuc</strong></span> <span class='ocrx_word' id='word_1_148' title='bbox 2474 591 2677 652; x_wconf 87' lang='lat' dir='ltr'><strong>dicere,</strong></span> <span class='ocrx_word' id='word_1_149' title='bbox 2722 593 2868 646; x_wconf 87' lang='lat' dir='ltr'><strong>illius</strong></span> <span class='ocrx_word' id='word_1_150' title='bbox 2898 610 2957 648; x_wconf 84' lang='lat' dir='ltr'><strong>se</strong></span> <span class='ocrx_word' id='word_1_151' title='bbox 2983 604 3158 648; x_wconf 91' lang='lat' dir='ltr'><strong>ortum</strong></span> <span class='ocrx_word' id='word_1_152' title='bbox 3202 596 3359 651; x_wconf 65' lang='lat' dir='ltr'><strong>bona:</strong></span> <span class='ocrx_word' id='word_1_153' title='bbox 3401 600 3694 659; x_wconf 80' lang='lat' dir='ltr'><strong>voluntatis</strong></span> 
     </span>
    </p>
   </div>
   <div class='ocr_carea' id='block_1_21' title="bbox 2109 682 3690 759">
    <p class='ocr_par' dir='ltr' id='par_1_21' title="bbox 2109 682 3690 759">
     <span class='ocr_line' id='line_1_21' title="bbox 2109 682 3690 759; baseline 0.008 -24"><span class='ocrx_word' id='word_1_154' title='bbox 2109 682 2460 752; x_wconf 72' lang='lat' dir='ltr'><strong>significasse,</strong></span> <span class='ocrx_word' id='word_1_155' title='bbox 2492 684 2645 752; x_wconf 85' lang='lat' dir='ltr'><strong>cujus</strong></span> <span class='ocrx_word' id='word_1_156' title='bbox 2668 699 2697 737; x_wconf 90' lang='lat' dir='ltr'><strong>a</strong></span> <span class='ocrx_word' id='word_1_157' title='bbox 2729 684 2838 738; x_wconf 89' lang='lat' dir='ltr'><strong>Deo</strong></span> <span class='ocrx_word' id='word_1_158' title='bbox 2858 692 2887 720; x_wconf 77' lang='grc' dir='ltr'>ιι</span> <span class='ocrx_word' id='word_1_159' title='bbox 2922 686 3029 739; x_wconf 87' lang='lat' dir='ltr'><strong>sint</strong></span> <span class='ocrx_word' id='word_1_160' title='bbox 3056 686 3290 755; x_wconf 72' lang='lat' dir='ltr'><strong>plantat:</strong></span> <span class='ocrx_word' id='word_1_161' title='bbox 3322 690 3406 745; x_wconf 91' lang='lat' dir='ltr'><strong>vel</strong></span> <span class='ocrx_word' id='word_1_162' title='bbox 3439 690 3690 759; x_wconf 84' lang='lat' dir='ltr'><strong>inspirata</strong></span> 
     </span>
    </p>
   </div>
   <div class='ocr_carea' id='block_1_22' title="bbox 2110 774 3692 852">
    <p class='ocr_par' dir='ltr' id='par_1_22' title="bbox 2110 774 3692 852">
     <span class='ocr_line' id='line_1_22' title="bbox 2110 774 3692 852; baseline 0.007 -26"><span class='ocrx_word' id='word_1_163' title='bbox 2110 774 2407 842; x_wconf 87' lang='lat' dir='ltr'><strong>principia:</strong></span> <span class='ocrx_word' id='word_1_164' title='bbox 2451 774 2573 843; x_wconf 86' lang='lat' dir='ltr'><strong>quia</strong></span> <span class='ocrx_word' id='word_1_165' title='bbox 2623 774 2691 828; x_wconf 90' lang='lat' dir='ltr'><strong>ab</strong></span> <span class='ocrx_word' id='word_1_166' title='bbox 2736 774 3052 830; x_wconf 88' lang='lat' dir='ltr'><strong>illuminatis</strong></span> <span class='ocrx_word' id='word_1_167' title='bbox 3098 776 3207 844; x_wconf 86' lang='lat' dir='ltr'><strong>jam</strong></span> <span class='ocrx_word' id='word_1_168' title='bbox 3234 779 3488 835; x_wconf 84' lang='lat' dir='ltr'><strong>cordibus</strong></span> <span class='ocrx_word' id='word_1_169' title='bbox 3514 790 3540 817; x_wconf 82' lang='grc' dir='ltr'><strong>ο</strong></span> <span class='ocrx_word' id='word_1_170' title='bbox 3568 797 3692 852; x_wconf 94' lang='lat' dir='ltr'><strong>pos-</strong></span> 
     </span>
    </p>
   </div>
   <div class='ocr_carea' id='block_1_23' title="bbox 2109 863 3691 936">
    <p class='ocr_par' dir='ltr' id='par_1_23' title="bbox 2109 863 3691 936">
     <span class='ocr_line' id='line_1_23' title="bbox 2109 863 3691 936; baseline 0.006 -19"><span class='ocrx_word' id='word_1_171' title='bbox 2109 863 2219 917; x_wconf 92' lang='lat' dir='ltr'><strong>sint</strong></span> <span class='ocrx_word' id='word_1_172' title='bbox 2244 863 2488 919; x_wconf 87' lang='lat' dir='ltr'><strong>salubres</strong></span> <span class='ocrx_word' id='word_1_173' title='bbox 2512 864 2727 933; x_wconf 91' lang='lat' dir='ltr'><strong>prodire</strong></span> <span class='ocrx_word' id='word_1_174' title='bbox 2746 872 2991 931; x_wconf 88' lang='lat' dir='ltr'><strong>conatus,</strong></span> <span class='ocrx_word' id='word_1_175' title='bbox 3014 867 3103 935; x_wconf 89' lang='lat' dir='ltr'><strong>qui</strong></span> <span class='ocrx_word' id='word_1_176' title='bbox 3130 865 3249 920; x_wconf 90' lang='lat' dir='ltr'><strong>ideo</strong></span> <span class='ocrx_word' id='word_1_177' title='bbox 3272 869 3440 936; x_wconf 90' lang='lat' dir='ltr'><strong>ipsius</strong></span> <span class='ocrx_word' id='word_1_178' title='bbox 3458 870 3691 926; x_wconf 83' lang='lat' dir='ltr'><strong>hominis</strong></span> 
     </span>
    </p>
   </div>
   <div class='ocr_carea' id='block_1_24' title="bbox 2110 953 3691 1024">
    <p class='ocr_par' dir='ltr' id='par_1_24' title="bbox 2110 953 3691 1024">
     <span class='ocr_line' id='line_1_24' title="bbox 2110 953 3691 1024; baseline 0.006 -17"><span class='ocrx_word' id='word_1_179' title='bbox 2110 953 2314 1024; x_wconf 86' lang='lat' dir='ltr'><strong>proprii</strong></span> <span class='ocrx_word' id='word_1_180' title='bbox 2336 968 2456 1008; x_wconf 89' lang='lat' dir='ltr'><strong>esse</strong></span> <span class='ocrx_word' id='word_1_181' title='bbox 2501 954 2771 1023; x_wconf 87' lang='lat' dir='ltr'><strong>dicantur,</strong></span> <span class='ocrx_word' id='word_1_182' title='bbox 2802 956 2925 1023; x_wconf 86' lang='lat' dir='ltr'><strong>quia</strong></span> <span class='ocrx_word' id='word_1_183' title='bbox 2949 955 3060 1024; x_wconf 88' lang='lat' dir='ltr'><strong>jam</strong></span> <span class='ocrx_word' id='word_1_184' title='bbox 3103 956 3368 1012; x_wconf 89' lang='lat' dir='ltr'><strong>bonorum</strong></span> <span class='ocrx_word' id='word_1_185' title='bbox 3400 972 3691 1017; x_wconf 86' lang='lat' dir='ltr'><strong>conatuum</strong></span> 
     </span>
    </p>
   </div>
   <div class='ocr_carea' id='block_1_25' title="bbox 2110 1045 3693 1118">
    <p class='ocr_par' dir='ltr' id='par_1_25' title="bbox 2110 1045 3693 1118">
     <span class='ocr_line' id='line_1_25' title="bbox 2110 1045 3693 1118; baseline 0.007 -19"><span class='ocrx_word' id='word_1_186' title='bbox 2110 1049 2378 1113; x_wconf 85' lang='lat' dir='ltr'><strong>acceperit</strong></span> <span class='ocrx_word' id='word_1_187' title='bbox 2425 1045 2772 1113; x_wconf 85' lang='lat' dir='ltr'><strong>facultatem,</strong></span> <span class='ocrx_word' id='word_1_188' title='bbox 2822 1061 3115 1118; x_wconf 89' lang='lat' dir='ltr'><strong>eorumque</strong></span> <span class='ocrx_word' id='word_1_189' title='bbox 3161 1050 3368 1105; x_wconf 87' lang='lat' dir='ltr'><strong>semina</strong></span> <span class='ocrx_word' id='word_1_190' title='bbox 3412 1052 3481 1108; x_wconf 88' lang='lat' dir='ltr'><strong>ad</strong></span> <span class='ocrx_word' id='word_1_191' title='bbox 3530 1068 3693 1110; x_wconf 88' lang='lat' dir='ltr'><strong>suum</strong></span> 
     </span>
    </p>
   </div>
   <div class='ocr_carea' id='block_1_26' title="bbox 2109 1136 2733 1192">
    <p class='ocr_par' dir='ltr' id='par_1_26' title="bbox 2109 1136 2733 1192">
     <span class='ocr_line' id='line_1_26' title="bbox 2109 1136 2733 1192; baseline -0.002 -1"><span class='ocrx_word' id='word_1_192' title='bbox 2109 1136 2411 1191; x_wconf 85' lang='lat' dir='ltr'><strong>referantur</strong></span> <span class='ocrx_word' id='word_1_193' title='bbox 2439 1146 2733 1192; x_wconf 91' lang='lat' dir='ltr'><strong>auctorem.</strong></span> 
     </span>
    </p>
   </div>
   <div class='ocr_carea' id='block_1_27' title="bbox 2183 1227 3695 1302">
    <p class='ocr_par' dir='ltr' id='par_1_27' title="bbox 2183 1227 3695 1302">
     <span class='ocr_line' id='line_1_27' title="bbox 2183 1227 3695 1302; baseline 0.006 -21"><span class='ocrx_word' id='word_1_194' title='bbox 2183 1227 2350 1301; x_wconf 75' lang='lat' dir='ltr'><strong>[Alias</strong></span> <span class='ocrx_word' id='word_1_195' title='bbox 2377 1229 2504 1283; x_wconf 78' lang='lat' dir='ltr'><strong>CAP.</strong></span> <span class='ocrx_word' id='word_1_196' title='bbox 2540 1227 2653 1299; x_wconf 88' lang='lat' dir='ltr'><strong>lll.]</strong></span> <span class='ocrx_word' id='word_1_197' title='bbox 2682 1230 2735 1282; x_wconf 73' lang='grc' dir='ltr'><strong>ι.</strong></span> <span class='ocrx_word' id='word_1_198' title='bbox 2765 1228 2873 1284; x_wconf 89' lang='lat' dir='ltr'><strong>Sed</strong></span> <span class='ocrx_word' id='word_1_199' title='bbox 2904 1239 2958 1284; x_wconf 89' lang='lat' dir='ltr'><strong>et</strong></span> <span class='ocrx_word' id='word_1_200' title='bbox 2987 1230 3038 1284; x_wconf 92' lang='lat' dir='ltr'><strong>iu</strong></span> <span class='ocrx_word' id='word_1_201' title='bbox 3070 1232 3304 1302; x_wconf 87' lang='lat' dir='ltr'><strong>capitulo</strong></span> <span class='ocrx_word' id='word_1_202' title='bbox 3342 1248 3485 1288; x_wconf 90' lang='lat' dir='ltr'><strong>nouo</strong></span> <span class='ocrx_word' id='word_1_203' title='bbox 3508 1236 3695 1291; x_wconf 89' lang='lat' dir='ltr'><strong>subdi—</strong></span> 
     </span>
    </p>
   </div>
   <div class='ocr_carea' id='block_1_28' title="bbox 2109 1318 3695 1391">
    <p class='ocr_par' dir='ltr' id='par_1_28' title="bbox 2109 1318 3695 1391">
     <span class='ocr_line' id='line_1_28' title="bbox 2109 1318 3695 1391; baseline 0.005 -17"><span class='ocrx_word' id='word_1_204' title='bbox 2109 1319 2206 1385; x_wconf 89' lang='lat' dir='ltr'><strong>dit,</strong></span> <span class='ocrx_word' id='word_1_205' title='bbox 2249 1331 2276 1369; x_wconf 85' lang='lat' dir='ltr'><strong>P</strong></span> <span class='ocrx_word' id='word_1_206' title='bbox 2307 1329 2362 1375; x_wconf 91' lang='lat' dir='ltr'><strong>et</strong></span> <span class='ocrx_word' id='word_1_207' title='bbox 2390 1319 2527 1374; x_wconf 80' lang='lat' dir='ltr'><strong>dixit</strong></span> <span class='ocrx_word' id='word_1_208' title='bbox 2555 1337 2568 1371; x_wconf 89' lang='lat'>:</span> <span class='ocrx_word' id='word_1_209' title='bbox 2606 1318 2757 1375; x_wconf 86' lang='lat' dir='ltr'><strong>Unde</strong></span> <span class='ocrx_word' id='word_1_210' title='bbox 2784 1337 2887 1375; x_wconf 89' lang='lat' dir='ltr'><strong>non</strong></span> <span class='ocrx_word' id='word_1_211' title='bbox 2916 1322 3069 1391; x_wconf 84' lang='lat' dir='ltr'><strong>facile</strong></span> <span class='ocrx_word' id='word_1_212' title='bbox 3108 1324 3333 1378; x_wconf 82' lang='lat' dir='ltr'><strong>humana</strong></span> <span class='ocrx_word' id='word_1_213' title='bbox 3360 1328 3556 1381; x_wconf 87' lang='lat' dir='ltr'><strong>ratione</strong></span> <span class='ocrx_word' id='word_1_214' title='bbox 3582 1329 3695 1382; x_wconf 84' lang='lat' dir='ltr'><strong>dis-</strong></span> 
     </span>
    </p>
   </div>
   <div class='ocr_carea' id='block_1_29' title="bbox 2111 1412 3687 1488">
    <p class='ocr_par' dir='ltr' id='par_1_29' title="bbox 2111 1412 3687 1488">
     <span class='ocr_line' id='line_1_29' title="bbox 2111 1412 3687 1488; baseline 0.005 -23"><span class='ocrx_word' id='word_1_215' title='bbox 2111 1413 2357 1479; x_wconf 84' lang='lat' dir='ltr'><strong>cernitur,</strong></span> <span class='ocrx_word' id='word_1_216' title='bbox 2412 1412 2842 1482; x_wconf 82' lang='lat' dir='ltr'><strong>quemadmodum</strong></span> <span class='ocrx_word' id='word_1_217' title='bbox 2873 1412 3123 1468; x_wconf 83' lang='lat' dir='ltr'><strong>Dominus</strong></span> <span class='ocrx_word' id='word_1_218' title='bbox 3153 1417 3437 1484; x_wconf 85' lang='lat' dir='ltr'><strong>petentibus</strong></span> <span class='ocrx_word' id='word_1_219' title='bbox 3474 1419 3687 1488; x_wconf 85' lang='lat' dir='ltr'><strong>tribuat,</strong></span> 
     </span>
    </p>
   </div>
   <div class='ocr_carea' id='block_1_30' title="bbox 2110 1501 3693 1577">
    <p class='ocr_par' dir='ltr' id='par_1_30' title="bbox 2110 1501 3693 1577">
     <span class='ocr_line' id='line_1_30' title="bbox 2110 1501 3693 1577; baseline 0.006 -22"><span class='ocrx_word' id='word_1_220' title='bbox 2110 1520 2141 1555; x_wconf 94' lang='lat' dir='ltr'><strong>a</strong></span> <span class='ocrx_word' id='word_1_221' title='bbox 2183 1502 2524 1569; x_wconf 68' lang='lat' dir='ltr'><strong>quarentibas</strong></span> <span class='ocrx_word' id='word_1_222' title='bbox 2552 1501 2864 1566; x_wconf 89' lang='lat' dir='ltr'><strong>inveniatur,</strong></span> <span class='ocrx_word' id='word_1_223' title='bbox 2914 1505 3210 1575; x_wconf 78' lang='lat' dir='ltr'><strong>operiatque</strong></span> <span class='ocrx_word' id='word_1_224' title='bbox 3253 1505 3616 1577; x_wconf 87' lang='lat' dir='ltr'><strong>pulsantibus:</strong></span> <span class='ocrx_word' id='word_1_225' title='bbox 3643 1521 3693 1565; x_wconf 88' lang='lat' dir='ltr'><strong>et</strong></span> 
     </span>
    </p>
   </div>
   <div class='ocr_carea' id='block_1_31' title="bbox 2108 1594 3690 1673">
    <p class='ocr_par' dir='ltr' id='par_1_31' title="bbox 2108 1594 3690 1673">
     <span class='ocr_line' id='line_1_31' title="bbox 2108 1594 3690 1673; baseline 0.005 -27"><span class='ocrx_word' id='word_1_226' title='bbox 2108 1610 2287 1649; x_wconf 84' lang='lat' dir='ltr'><strong>rursus</strong></span> <span class='ocrx_word' id='word_1_227' title='bbox 2311 1594 2595 1648; x_wconf 88' lang='lat' dir='ltr'><strong>inveniatur</strong></span> <span class='ocrx_word' id='word_1_228' title='bbox 2632 1610 2664 1646; x_wconf 91' lang='lat' dir='ltr'><strong>a</strong></span> <span class='ocrx_word' id='word_1_229' title='bbox 2700 1610 2802 1647; x_wconf 90' lang='lat' dir='ltr'><strong>non</strong></span> <span class='ocrx_word' id='word_1_230' title='bbox 2828 1597 3167 1665; x_wconf 63' lang='lat' dir='ltr'><strong>quaerentibus</strong></span> <span class='ocrx_word' id='word_1_231' title='bbox 3208 1614 3280 1664; x_wconf 90' lang='lat' dir='ltr'><strong>se,</strong></span> <span class='ocrx_word' id='word_1_232' title='bbox 3318 1609 3346 1649; x_wconf 70' lang='grc' dir='ltr'><strong>οι</strong></span> <span class='ocrx_word' id='word_1_233' title='bbox 3391 1601 3562 1671; x_wconf 87' lang='lat' dir='ltr'><strong>palam</strong></span> <span class='ocrx_word' id='word_1_234' title='bbox 3591 1619 3690 1673; x_wconf 89' lang='lat' dir='ltr'><strong>ap-</strong></span> 
     </span>
    </p>
   </div>
   <div class='ocr_carea' id='block_1_32' title="bbox 2113 1682 3691 1763">
    <p class='ocr_par' dir='ltr' id='par_1_32' title="bbox 2113 1682 3691 1763">
     <span class='ocr_line' id='line_1_32' title="bbox 2113 1682 3691 1763; baseline 0.006 -28"><span class='ocrx_word' id='word_1_235' title='bbox 2113 1694 2288 1752; x_wconf 82' lang='lat' dir='ltr'><strong>pareat</strong></span> <span class='ocrx_word' id='word_1_236' title='bbox 2316 1684 2448 1737; x_wconf 89' lang='lat' dir='ltr'><strong>inter</strong></span> <span class='ocrx_word' id='word_1_237' title='bbox 2477 1682 2598 1737; x_wconf 84' lang='lat' dir='ltr'><strong>i‘llos</strong></span> <span class='ocrx_word' id='word_1_238' title='bbox 2629 1683 2713 1754; x_wconf 89' lang='lat' dir='ltr'><strong>qui</strong></span> <span class='ocrx_word' id='word_1_239' title='bbox 2740 1682 2888 1737; x_wconf 88' lang='lat' dir='ltr'><strong>illum</strong></span> <span class='ocrx_word' id='word_1_240' title='bbox 2937 1701 3037 1738; x_wconf 91' lang='lat' dir='ltr'><strong>non</strong></span> <span class='ocrx_word' id='word_1_241' title='bbox 3087 1687 3501 1757; x_wconf 82' lang='lat' dir='ltr'><strong>interrogabant;</strong></span> <span class='ocrx_word' id='word_1_242' title='bbox 3528 1691 3691 1763; x_wconf 77' lang='lat'><strong>313</strong></span> 
     </span>
    </p>
   </div>
   <div class='ocr_carea' id='block_1_33' title="bbox 421 1774 3693 1849">
    <p class='ocr_par' dir='ltr' id='par_1_33' title="bbox 421 1774 3693 1849">
     <span class='ocr_line' id='line_1_33' title="bbox 421 1774 3693 1849; baseline 0.001 -18"><span class='ocrx_word' id='word_1_243' title='bbox 421 1779 642 1832; x_wconf 82' lang='lat' dir='ltr'><strong>reverti?</strong></span> <span class='ocrx_word' id='word_1_244' title='bbox 668 1775 694 1815; x_wconf 76' lang='grc' dir='ltr'>ἀ</span> <span class='ocrx_word' id='word_1_245' title='bbox 721 1777 853 1833; x_wconf 88' lang='lat' dir='ltr'><strong>Item</strong></span> <span class='ocrx_word' id='word_1_246' title='bbox 904 1780 1063 1841; x_wconf 84' lang='lat' dir='ltr'><strong>infra,</strong></span> <span class='ocrx_word' id='word_1_247' title='bbox 1103 1793 1225 1833; x_wconf 86' lang='lat' dir='ltr'><strong>cum</strong></span> <span class='ocrx_word' id='word_1_248' title='bbox 1279 1780 1459 1834; x_wconf 88' lang='lat' dir='ltr'><strong>omnia</strong></span> <span class='ocrx_word' id='word_1_249' title='bbox 1508 1779 1772 1833; x_wconf 89' lang='lat' dir='ltr'><strong>virtutum</strong></span> <span class='ocrx_word' id='word_1_250' title='bbox 1825 1779 2002 1833; x_wconf 89' lang='lat' dir='ltr'><strong>studia</strong></span> <span class='ocrx_word' id='word_1_251' title='bbox 2038 1784 2081 1843; x_wconf 81' lang='grc' dir='ltr'>Β</span> <span class='ocrx_word' id='word_1_252' title='bbox 2108 1784 2214 1830; x_wconf 88' lang='lat' dir='ltr'><strong>tota</strong></span> <span class='ocrx_word' id='word_1_253' title='bbox 2239 1774 2321 1828; x_wconf 85' lang='lat' dir='ltr'><strong>die</strong></span> <span class='ocrx_word' id='word_1_254' title='bbox 2347 1775 2606 1846; x_wconf 71' lang='lat' dir='ltr'><strong>expandat</strong></span> <span class='ocrx_word' id='word_1_255' title='bbox 2642 1791 2827 1828; x_wconf 91' lang='lat' dir='ltr'><strong>manus</strong></span> <span class='ocrx_word' id='word_1_256' title='bbox 2866 1791 2985 1830; x_wconf 88' lang='lat' dir='ltr'><strong>suas</strong></span> <span class='ocrx_word' id='word_1_257' title='bbox 3024 1777 3092 1829; x_wconf 91' lang='lat' dir='ltr'><strong>ad</strong></span> <span class='ocrx_word' id='word_1_258' title='bbox 3118 1777 3369 1849; x_wconf 86' lang='lat' dir='ltr'><strong>papulum</strong></span> <span class='ocrx_word' id='word_1_259' title='bbox 3391 1796 3492 1834; x_wconf 89' lang='lat' dir='ltr'><strong>non</strong></span> <span class='ocrx_word' id='word_1_260' title='bbox 3526 1792 3548 1819; x_wconf 72' lang='grc' dir='ltr'><em>ι</em></span> <span class='ocrx_word' id='word_1_261' title='bbox 3580 1798 3693 1836; x_wconf 86' lang='lat' dir='ltr'><strong>cre-</strong></span> 
     </span>
    </p>
   </div>
   <div class='ocr_carea' id='block_1_34' title="bbox 425 1870 2000 1942">
    <p class='ocr_par' dir='ltr' id='par_1_34' title="bbox 425 1870 2000 1942">
     <span class='ocr_line' id='line_1_34' title="bbox 425 1870 2000 1942; baseline 0 -17"><span class='ocrx_word' id='word_1_262' title='bbox 425 1870 521 1925; x_wconf 86' lang='lat' dir='ltr'><strong>Dei</strong></span> <span class='ocrx_word' id='word_1_263' title='bbox 551 1871 721 1940; x_wconf 86' lang='lat' dir='ltr'><strong>gratia</strong></span> <span class='ocrx_word' id='word_1_264' title='bbox 756 1871 1000 1941; x_wconf 78' lang='lat' dir='ltr'><strong>indigere</strong></span> <span class='ocrx_word' id='word_1_265' title='bbox 1026 1871 1323 1937; x_wconf 89' lang='lat' dir='ltr'><strong>docuisset,</strong></span> <span class='ocrx_word' id='word_1_266' title='bbox 1378 1871 1737 1942; x_wconf 85' lang='lat' dir='ltr'><strong>probabiliter</strong></span> <span class='ocrx_word' id='word_1_267' title='bbox 1769 1871 2000 1940; x_wconf 87' lang='lat' dir='ltr'><strong>addidit,</strong></span> 
     </span>
    </p>
   </div>
   <div class='ocr_carea' id='block_1_35' title="bbox 422 1960 2006 2033">
    <p class='ocr_par' dir='ltr' id='par_1_35' title="bbox 422 1960 2006 2033">
     <span class='ocr_line' id='line_1_35' title="bbox 422 1960 2006 2033; baseline 0 -17"><span class='ocrx_word' id='word_1_268' title='bbox 422 1960 611 2017; x_wconf 88' lang='lat' dir='ltr'><strong>dicens</strong></span> <span class='ocrx_word' id='word_1_269' title='bbox 659 1960 877 2033; x_wconf 88' lang='lat' dir='ltr'><strong>(Collat.</strong></span> <span class='ocrx_word' id='word_1_270' title='bbox 910 1961 1000 2031; x_wconf 76' lang='lat' dir='ltr'><strong>i5,</strong></span> <span class='ocrx_word' id='word_1_271' title='bbox 1033 1979 1079 2016; x_wconf 90' lang='lat' dir='ltr'><strong>c.</strong></span> <span class='ocrx_word' id='word_1_272' title='bbox 1114 1963 1200 2032; x_wconf 89' lang='lat'><strong>6):</strong></span> <span class='ocrx_word' id='word_1_273' title='bbox 1239 1964 1366 2027; x_wconf 79' lang='lat' dir='ltr'><strong>Qua:</strong></span> <span class='ocrx_word' id='word_1_274' title='bbox 1395 1964 1589 2026; x_wconf 85' lang='lat' dir='ltr'><strong>omnia,</strong></span> <span class='ocrx_word' id='word_1_275' title='bbox 1638 1964 1769 2016; x_wconf 90' lang='lat' dir='ltr'><strong>sicut</strong></span> <span class='ocrx_word' id='word_1_276' title='bbox 1806 1962 2006 2016; x_wconf 86' lang='lat' dir='ltr'><strong>deside-</strong></span> 
     </span>
    </p>
   </div>
   <div class='ocr_carea' id='block_1_36' title="bbox 419 2052 2005 2123">
    <p class='ocr_par' dir='ltr' id='par_1_36' title="bbox 419 2052 2005 2123">
     <span class='ocr_line' id='line_1_36' title="bbox 419 2052 2005 2123; baseline 0.001 -17"><span class='ocrx_word' id='word_1_277' title='bbox 419 2053 528 2107; x_wconf 87' lang='lat' dir='ltr'><strong>rari</strong></span> <span class='ocrx_word' id='word_1_278' title='bbox 556 2070 589 2108; x_wconf 90' lang='lat' dir='ltr'><strong>a</strong></span> <span class='ocrx_word' id='word_1_279' title='bbox 616 2052 760 2107; x_wconf 90' lang='lat' dir='ltr'><strong>nobis</strong></span> <span class='ocrx_word' id='word_1_280' title='bbox 780 2054 976 2123; x_wconf 84' lang='lat' dir='ltr'><strong>jugiter</strong></span> <span class='ocrx_word' id='word_1_281' title='bbox 996 2053 1186 2123; x_wconf 88' lang='lat' dir='ltr'><strong>absque</strong></span> <span class='ocrx_word' id='word_1_282' title='bbox 1211 2055 1383 2107; x_wconf 90' lang='lat' dir='ltr'><strong>divina</strong></span> <span class='ocrx_word' id='word_1_283' title='bbox 1405 2054 1741 2122; x_wconf 87' lang='lat' dir='ltr'><strong>inspiratione</strong></span> <span class='ocrx_word' id='word_1_284' title='bbox 1763 2069 1864 2106; x_wconf 92' lang='lat' dir='ltr'><strong>non</strong></span> <span class='ocrx_word' id='word_1_285' title='bbox 1887 2070 2005 2123; x_wconf 85' lang='lat' dir='ltr'><strong>pos-</strong></span> 
     </span>
    </p>
   </div>
   <div class='ocr_carea' id='block_1_37' title="bbox 419 2144 2004 2215">
    <p class='ocr_par' dir='ltr' id='par_1_37' title="bbox 419 2144 2004 2215">
     <span class='ocr_line' id='line_1_37' title="bbox 419 2144 2004 2215; baseline 0 -16"><span class='ocrx_word' id='word_1_286' title='bbox 419 2155 563 2211; x_wconf 87' lang='lat' dir='ltr'><strong>sunt,</strong></span> <span class='ocrx_word' id='word_1_287' title='bbox 584 2154 608 2182; x_wconf 80' lang='grc'>⁶</span> <span class='ocrx_word' id='word_1_288' title='bbox 635 2144 711 2199; x_wconf 90' lang='lat' dir='ltr'><strong>ita</strong></span> <span class='ocrx_word' id='word_1_289' title='bbox 728 2160 818 2199; x_wconf 91' lang='lat' dir='ltr'><strong>nec</strong></span> <span class='ocrx_word' id='word_1_290' title='bbox 840 2144 1017 2215; x_wconf 85' lang='lat' dir='ltr'><strong>perﬁci</strong></span> <span class='ocrx_word' id='word_1_291' title='bbox 1040 2146 1245 2215; x_wconf 88' lang='lat' dir='ltr'><strong>quidem</strong></span> <span class='ocrx_word' id='word_1_292' title='bbox 1267 2146 1376 2199; x_wconf 89' lang='lat' dir='ltr'><strong>sine</strong></span> <span class='ocrx_word' id='word_1_293' title='bbox 1395 2146 1505 2211; x_wconf 86' lang='lat' dir='ltr'><strong>eius</strong></span> <span class='ocrx_word' id='word_1_294' title='bbox 1527 2145 1722 2199; x_wconf 72' lang='lat' dir='ltr'><strong>auxilio</strong></span> <span class='ocrx_word' id='word_1_295' title='bbox 1748 2144 2004 2199; x_wconf 87' lang='lat' dir='ltr'><strong>ullatenus</strong></span> 
     </span>
    </p>
   </div>
   <div class='ocr_carea' id='block_1_38' title="bbox 419 2247 634 2309">
    <p class='ocr_par' dir='ltr' id='par_1_38' title="bbox 419 2247 634 2309">
     <span class='ocr_line' id='line_1_38' title="bbox 419 2247 634 2309; baseline -0.005 -18"><span class='ocrx_word' id='word_1_296' title='bbox 419 2247 634 2309; x_wconf 90' lang='lat' dir='ltr'><strong>queunt.</strong></span> 
     </span>
    </p>
   </div>
   <div class='ocr_carea' id='block_1_39' title="bbox 490 2327 1998 2401">
    <p class='ocr_par' dir='ltr' id='par_1_39' title="bbox 490 2327 1998 2401">
     <span class='ocr_line' id='line_1_39' title="bbox 490 2327 1998 2401; baseline 0.002 -19"><span class='ocrx_word' id='word_1_297' title='bbox 490 2329 545 2382; x_wconf 81' lang='lat'><strong>5.</strong></span> <span class='ocrx_word' id='word_1_298' title='bbox 578 2328 633 2381; x_wconf 91' lang='lat' dir='ltr'><strong>lu</strong></span> <span class='ocrx_word' id='word_1_299' title='bbox 667 2327 897 2397; x_wconf 88' lang='lat' dir='ltr'><strong>septimo</strong></span> <span class='ocrx_word' id='word_1_300' title='bbox 923 2335 1100 2383; x_wconf 90' lang='lat' dir='ltr'><strong>autem</strong></span> <span class='ocrx_word' id='word_1_301' title='bbox 1130 2328 1363 2397; x_wconf 90' lang='lat' dir='ltr'><strong>capitulo</strong></span> <span class='ocrx_word' id='word_1_302' title='bbox 1394 2328 1585 2400; x_wconf 88' lang='lat' dir='ltr'><strong>(Nunc</strong></span> <span class='ocrx_word' id='word_1_303' title='bbox 1633 2343 1707 2383; x_wconf 91' lang='lat' dir='ltr'><strong>est</strong></span> <span class='ocrx_word' id='word_1_304' title='bbox 1753 2346 1867 2401; x_wconf 88' lang='lat' dir='ltr'><strong>cap.</strong></span> <span class='ocrx_word' id='word_1_305' title='bbox 1900 2330 1998 2399; x_wconf 88' lang='lat'><strong>8).</strong></span> 
     </span>
    </p>
   </div>
   <div class='ocr_carea' id='block_1_40' title="bbox 417 2419 2004 2491">
    <p class='ocr_par' dir='ltr' id='par_1_40' title="bbox 417 2419 2004 2491">
     <span class='ocr_line' id='line_1_40' title="bbox 417 2419 2004 2491; baseline 0.002 -18"><span class='ocrx_word' id='word_1_306' title='bbox 417 2421 727 2491; x_wconf 79' lang='lat' dir='ltr'><strong>generalem</strong></span> <span class='ocrx_word' id='word_1_307' title='bbox 782 2421 971 2475; x_wconf 88' lang='lat' dir='ltr'><strong>volens</strong></span> <span class='ocrx_word' id='word_1_308' title='bbox 1023 2419 1313 2474; x_wconf 87' lang='lat' dir='ltr'><strong>ostendere</strong></span> <span class='ocrx_word' id='word_1_309' title='bbox 1359 2420 1590 2489; x_wconf 86' lang='lat' dir='ltr'><strong>gratiam</strong></span> <span class='ocrx_word' id='word_1_310' title='bbox 1630 2419 1854 2490; x_wconf 87' lang='lat' dir='ltr'><strong>Christi,</strong></span> <span class='ocrx_word' id='word_1_311' title='bbox 1884 2436 2004 2490; x_wconf 69' lang='lat' dir='ltr'><strong>quae</strong></span> 
     </span>
    </p>
   </div>
   <div class='ocr_carea' id='block_1_41' title="bbox 422 2510 2005 2583">
    <p class='ocr_par' dir='ltr' id='par_1_41' title="bbox 422 2510 2005 2583">
     <span class='ocr_line' id='line_1_41' title="bbox 422 2510 2005 2583; baseline 0.001 -15"><span class='ocrx_word' id='word_1_312' title='bbox 422 2513 628 2568; x_wconf 88' lang='lat' dir='ltr'><strong>nullum</strong></span> <span class='ocrx_word' id='word_1_313' title='bbox 653 2527 1035 2582; x_wconf 86' lang='lat' dir='ltr'><strong>usquequaque</strong></span> <span class='ocrx_word' id='word_1_314' title='bbox 1063 2510 1081 2549; x_wconf 73' lang='grc' dir='ltr'><em>τ</em></span> <span class='ocrx_word' id='word_1_315' title='bbox 1111 2512 1391 2567; x_wconf 90' lang='lat' dir='ltr'><strong>hominum</strong></span> <span class='ocrx_word' id='word_1_316' title='bbox 1415 2514 1809 2583; x_wconf 64' lang='lat' dir='ltr'><strong>praetermittat,</strong></span> <span class='ocrx_word' id='word_1_317' title='bbox 1837 2523 1891 2568; x_wconf 89' lang='lat' dir='ltr'><strong>et</strong></span> <span class='ocrx_word' id='word_1_318' title='bbox 1919 2529 2005 2569; x_wconf 87' lang='lat' dir='ltr'><strong>re-</strong></span> 
     </span>
    </p>
   </div>
   <div class='ocr_carea' id='block_1_42' title="bbox 423 2605 2003 2677">
    <p class='ocr_par' dir='ltr' id='par_1_42' title="bbox 423 2605 2003 2677">
     <span class='ocr_line' id='line_1_42' title="bbox 423 2605 2003 2677; baseline -0.001 -16"><span class='ocrx_word' id='word_1_319' title='bbox 423 2606 592 2663; x_wconf 88' lang='lat' dir='ltr'><strong>belles</strong></span> <span class='ocrx_word' id='word_1_320' title='bbox 640 2621 852 2677; x_wconf 89' lang='lat' dir='ltr'><strong>quoque</strong></span> <span class='ocrx_word' id='word_1_321' title='bbox 884 2616 909 2654; x_wconf 77' lang='grc' dir='ltr'><strong><em>ε</em></strong></span> <span class='ocrx_word' id='word_1_322' title='bbox 960 2605 1322 2675; x_wconf 83' lang='lat' dir='ltr'><strong>adversosque</strong></span> <span class='ocrx_word' id='word_1_323' title='bbox 1374 2620 1479 2660; x_wconf 90' lang='lat' dir='ltr'><strong>non</strong></span> <span class='ocrx_word' id='word_1_324' title='bbox 1533 2606 1788 2662; x_wconf 88' lang='lat' dir='ltr'><strong>deserat:</strong></span> <span class='ocrx_word' id='word_1_325' title='bbox 1847 2607 2003 2661; x_wconf 78' lang='lat' dir='ltr'><strong>Adest</strong></span> 
     </span>
    </p>
   </div>
   <div class='ocr_carea' id='block_1_43' title="bbox 416 2695 2000 2770">
    <p class='ocr_par' dir='ltr' id='par_1_43' title="bbox 416 2695 2000 2770">
     <span class='ocr_line' id='line_1_43' title="bbox 416 2695 2000 2770; baseline 0.002 -22"><span class='ocrx_word' id='word_1_326' title='bbox 416 2696 595 2768; x_wconf 84' lang='lat' dir='ltr'><strong>igitur,</strong></span> <span class='ocrx_word' id='word_1_327' title='bbox 625 2697 816 2768; x_wconf 85' lang='lat' dir='ltr'><strong>inquit,</strong></span> <span class='ocrx_word' id='word_1_328' title='bbox 846 2697 1254 2766; x_wconf 85' lang='lat' dir='ltr'><strong>inseparabiliter</strong></span> <span class='ocrx_word' id='word_1_329' title='bbox 1298 2698 1440 2751; x_wconf 88' lang='lat' dir='ltr'><strong>nobis</strong></span> <span class='ocrx_word' id='word_1_330' title='bbox 1466 2695 1495 2734; x_wconf 69' lang='grc' dir='ltr'><strong>ιι</strong></span> <span class='ocrx_word' id='word_1_331' title='bbox 1523 2699 1694 2752; x_wconf 86' lang='lat' dir='ltr'><strong>divina</strong></span> <span class='ocrx_word' id='word_1_332' title='bbox 1724 2701 2000 2770; x_wconf 88' lang='lat' dir='ltr'><strong>protectio,</strong></span> 
     </span>
    </p>
   </div>
   <div class='ocr_carea' id='block_1_44' title="bbox 417 2789 2003 2858">
    <p class='ocr_par' dir='ltr' id='par_1_44' title="bbox 417 2789 2003 2858">
     <span class='ocr_line' id='line_1_44' title="bbox 417 2789 2003 2858; baseline 0.001 -17"><span class='ocrx_word' id='word_1_333' title='bbox 417 2797 654 2858; x_wconf 88' lang='lat' dir='ltr'><strong>tantaque</strong></span> <span class='ocrx_word' id='word_1_334' title='bbox 678 2798 754 2842; x_wconf 92' lang='lat' dir='ltr'><strong>est</strong></span> <span class='ocrx_word' id='word_1_335' title='bbox 783 2804 904 2857; x_wconf 91' lang='lat' dir='ltr'><strong>erga</strong></span> <span class='ocrx_word' id='word_1_336' title='bbox 945 2798 1235 2841; x_wconf 89' lang='lat' dir='ltr'><strong>creaturam</strong></span> <span class='ocrx_word' id='word_1_337' title='bbox 1263 2804 1412 2842; x_wconf 89' lang='lat' dir='ltr'><strong>suam</strong></span> <span class='ocrx_word' id='word_1_338' title='bbox 1439 2790 1600 2858; x_wconf 89' lang='lat' dir='ltr'><strong>pietas</strong></span> <span class='ocrx_word' id='word_1_339' title='bbox 1629 2789 1886 2845; x_wconf 86' lang='lat' dir='ltr'><strong>Creatoris</strong></span> <span class='ocrx_word' id='word_1_340' title='bbox 1904 2832 1917 2856; x_wconf 97' lang='lat'><strong>,</strong></span> <span class='ocrx_word' id='word_1_341' title='bbox 1945 2800 2003 2844; x_wconf 90' lang='lat' dir='ltr'><strong>ut</strong></span> 
     </span>
    </p>
   </div>
   <div class='ocr_carea' id='block_1_45' title="bbox 416 2878 2003 2953">
    <p class='ocr_par' dir='ltr' id='par_1_45' title="bbox 416 2878 2003 2953">
     <span class='ocr_line' id='line_1_45' title="bbox 416 2878 2003 2953; baseline 0.001 -21"><span class='ocrx_word' id='word_1_342' title='bbox 416 2895 520 2932; x_wconf 89' lang='lat' dir='ltr'><strong>non</strong></span> <span class='ocrx_word' id='word_1_343' title='bbox 547 2879 715 2932; x_wconf 90' lang='lat' dir='ltr'><strong>solum</strong></span> <span class='ocrx_word' id='word_1_344' title='bbox 741 2879 1012 2932; x_wconf 87' lang='lat' dir='ltr'><strong>comitetur</strong></span> <span class='ocrx_word' id='word_1_345' title='bbox 1035 2894 1167 2943; x_wconf 92' lang='lat' dir='ltr'><strong>eam,</strong></span> <span class='ocrx_word' id='word_1_346' title='bbox 1207 2879 1295 2933; x_wconf 90' lang='lat' dir='ltr'><strong>sed</strong></span> <span class='ocrx_word' id='word_1_347' title='bbox 1324 2880 1477 2932; x_wconf 90' lang='lat' dir='ltr'><strong>etiam</strong></span> <span class='ocrx_word' id='word_1_348' title='bbox 1520 2881 1775 2949; x_wconf 67' lang='lat' dir='ltr'><strong>precedat</strong></span> <span class='ocrx_word' id='word_1_349' title='bbox 1812 2878 1829 2918; x_wconf 75' lang='grc' dir='ltr'><strong>ί</strong></span> <span class='ocrx_word' id='word_1_350' title='bbox 1860 2882 2003 2953; x_wconf 83' lang='lat' dir='ltr'><strong>jugi-</strong></span> 
     </span>
    </p>
   </div>
   <div class='ocr_carea' id='block_1_46' title="bbox 416 2968 1998 3038">
    <p class='ocr_par' dir='ltr' id='par_1_46' title="bbox 416 2968 1998 3038">
     <span class='ocr_line' id='line_1_46' title="bbox 416 2968 1998 3038; baseline 0.003 -18"><span class='ocrx_word' id='word_1_351' title='bbox 416 2977 494 3021; x_wconf 89' lang='lat' dir='ltr'><strong>ter</strong></span> <span class='ocrx_word' id='word_1_352' title='bbox 516 2968 850 3037; x_wconf 89' lang='lat' dir='ltr'><strong>providentia.</strong></span> <span class='ocrx_word' id='word_1_353' title='bbox 880 2968 935 3021; x_wconf 92' lang='lat' dir='ltr'><strong>ln</strong></span> <span class='ocrx_word' id='word_1_354' title='bbox 960 2983 1066 3037; x_wconf 92' lang='lat' dir='ltr'><strong>quo</strong></span> <span class='ocrx_word' id='word_1_355' title='bbox 1096 2976 1271 3038; x_wconf 89' lang='lat' dir='ltr'><strong>potest</strong></span> <span class='ocrx_word' id='word_1_356' title='bbox 1292 2969 1484 3036; x_wconf 88' lang='lat' dir='ltr'><strong>videri,</strong></span> <span class='ocrx_word' id='word_1_357' title='bbox 1518 2971 1586 3025; x_wconf 92' lang='lat' dir='ltr'><strong>ob</strong></span> <span class='ocrx_word' id='word_1_358' title='bbox 1614 2970 1719 3025; x_wconf 89' lang='lat' dir='ltr'><strong>hoc</strong></span> <span class='ocrx_word' id='word_1_359' title='bbox 1748 2972 1998 3026; x_wconf 86' lang='lat' dir='ltr'><strong>comitem</strong></span> 
     </span>
    </p>
   </div>
   <div class='ocr_carea' id='block_1_47' title="bbox 415 3058 2001 3133">
    <p class='ocr_par' dir='ltr' id='par_1_47' title="bbox 415 3058 2001 3133">
     <span class='ocr_line' id='line_1_47' title="bbox 415 3058 2001 3133; baseline 0.003 -20"><span class='ocrx_word' id='word_1_360' title='bbox 415 3058 624 3114; x_wconf 80' lang='lat' dir='ltr'><strong>dixisse</strong></span> <span class='ocrx_word' id='word_1_361' title='bbox 652 3058 1063 3128; x_wconf 86' lang='lat' dir='ltr'><strong>providentiam,</strong></span> <span class='ocrx_word' id='word_1_362' title='bbox 1089 3061 1209 3127; x_wconf 85' lang='lat' dir='ltr'><strong>quia</strong></span> <span class='ocrx_word' id='word_1_363' title='bbox 1235 3061 1248 3109; x_wconf 85' lang='lat' dir='ltr'><strong>i</strong></span> <span class='ocrx_word' id='word_1_364' title='bbox 1282 3061 1443 3115; x_wconf 89' lang='lat' dir='ltr'><strong>etiam</strong></span> <span class='ocrx_word' id='word_1_365' title='bbox 1468 3060 1780 3117; x_wconf 88' lang='lat' dir='ltr'><strong>deserentes</strong></span> <span class='ocrx_word' id='word_1_366' title='bbox 1805 3077 1863 3117; x_wconf 90' lang='lat' dir='ltr'><strong>se</strong></span> <span class='ocrx_word' id='word_1_367' title='bbox 1890 3064 2001 3133; x_wconf 87' lang='lat' dir='ltr'><strong>ple-</strong></span> 
     </span>
    </p>
   </div>
   <div class='ocr_carea' id='block_1_48' title="bbox 2109 1866 3694 1942">
    <p class='ocr_par' dir='ltr' id='par_1_48' title="bbox 2109 1866 3694 1942">
     <span class='ocr_line' id='line_1_48' title="bbox 2109 1866 3694 1942; baseline 0.003 -21"><span class='ocrx_word' id='word_1_368' title='bbox 2109 1868 2310 1921; x_wconf 90' lang='lat' dir='ltr'><strong>dentem</strong></span> <span class='ocrx_word' id='word_1_369' title='bbox 2338 1866 2435 1920; x_wconf 82' lang='lat' dir='ltr'><strong>sibi</strong></span> <span class='ocrx_word' id='word_1_370' title='bbox 2456 1874 2501 1919; x_wconf 90' lang='lat' dir='ltr'><strong>et</strong></span> <span class='ocrx_word' id='word_1_371' title='bbox 2531 1867 2985 1933; x_wconf 85' lang='lat' dir='ltr'><strong>contradicentem,</strong></span> <span class='ocrx_word' id='word_1_372' title='bbox 3014 1868 3301 1922; x_wconf 87' lang='lat' dir='ltr'><strong>resistentes</strong></span> <span class='ocrx_word' id='word_1_373' title='bbox 3332 1886 3392 1923; x_wconf 92' lang='lat' dir='ltr'><strong>ac</strong></span> <span class='ocrx_word' id='word_1_374' title='bbox 3428 1870 3577 1942; x_wconf 84' lang='lat' dir='ltr'><strong>longe</strong></span> <span class='ocrx_word' id='word_1_375' title='bbox 3599 1889 3694 1942; x_wconf 90' lang='lat' dir='ltr'><strong>po-</strong></span> 
     </span>
    </p>
   </div>
   <div class='ocr_carea' id='block_1_49' title="bbox 2106 1956 3689 2029">
    <p class='ocr_par' dir='ltr' id='par_1_49' title="bbox 2106 1956 3689 2029">
     <span class='ocr_line' id='line_1_49' title="bbox 2106 1956 3689 2029; baseline 0.001 -14"><span class='ocrx_word' id='word_1_376' title='bbox 2106 1961 2232 2015; x_wconf 87' lang='lat' dir='ltr'><strong>sitos</strong></span> <span class='ocrx_word' id='word_1_377' title='bbox 2260 1968 2396 2013; x_wconf 82' lang='lat' dir='ltr'><strong>vocet</strong></span> <span class='ocrx_word' id='word_1_378' title='bbox 2421 1956 2572 2029; x_wconf 88' lang='lat' dir='ltr'><strong>(lsai.</strong></span> <span class='ocrx_word' id='word_1_379' title='bbox 2598 1974 2727 2024; x_wconf 79' lang='lat' dir='ltr'><strong>va,</strong></span> <span class='ocrx_word' id='word_1_380' title='bbox 2761 1959 2834 2029; x_wconf 88' lang='grc'><strong>1),</strong></span> <span class='ocrx_word' id='word_1_381' title='bbox 2862 1960 3043 2012; x_wconf 90' lang='lat' dir='ltr'><strong>invitos</strong></span> <span class='ocrx_word' id='word_1_382' title='bbox 3087 1959 3314 2013; x_wconf 86' lang='lat' dir='ltr'><strong>attrahat</strong></span> <span class='ocrx_word' id='word_1_383' title='bbox 3348 1962 3416 2013; x_wconf 91' lang='lat' dir='ltr'><strong>ad</strong></span> <span class='ocrx_word' id='word_1_384' title='bbox 3444 1964 3689 2029; x_wconf 85' lang='lat' dir='ltr'><strong>salutem,</strong></span> 
     </span>
    </p>
   </div>
   <div class='ocr_carea' id='block_1_50' title="bbox 2110 2050 3692 2121">
    <p class='ocr_par' dir='ltr' id='par_1_50' title="bbox 2110 2050 3692 2121">
     <span class='ocr_line' id='line_1_50' title="bbox 2110 2050 3692 2121; baseline 0.002 -16"><span class='ocrx_word' id='word_1_385' title='bbox 2110 2068 2320 2121; x_wconf 88' lang='lat' dir='ltr'><strong>peccare</strong></span> <span class='ocrx_word' id='word_1_386' title='bbox 2344 2052 2687 2121; x_wconf 88' lang='lat' dir='ltr'><strong>cupientibus,</strong></span> <span class='ocrx_word' id='word_1_387' title='bbox 2718 2050 2989 2119; x_wconf 75' lang='lat' dir='ltr'><strong>explenda:</strong></span> <span class='ocrx_word' id='word_1_388' title='bbox 3029 2053 3230 2119; x_wconf 87' lang='lat' dir='ltr'><strong>capiam</strong></span> <span class='ocrx_word' id='word_1_389' title='bbox 3256 2052 3520 2106; x_wconf 82' lang='lat' dir='ltr'><strong>subtrahat</strong></span> <span class='ocrx_word' id='word_1_390' title='bbox 3550 2063 3573 2091; x_wconf 78' lang='grc'><strong>⁸</strong></span> <span class='ocrx_word' id='word_1_391' title='bbox 3602 2070 3692 2108; x_wconf 83' lang='lat' dir='ltr'><strong>vo-</strong></span> 
     </span>
    </p>
   </div>
   <div class='ocr_carea' id='block_1_51' title="bbox 2108 2144 3687 2215">
    <p class='ocr_par' dir='ltr' id='par_1_51' title="bbox 2108 2144 3687 2215">
     <span class='ocr_line' id='line_1_51' title="bbox 2108 2144 3687 2215; baseline 0.002 -17"><span class='ocrx_word' id='word_1_392' title='bbox 2108 2145 2343 2207; x_wconf 89' lang='lat' dir='ltr'><strong>luntatis,</strong></span> <span class='ocrx_word' id='word_1_393' title='bbox 2374 2144 2441 2198; x_wconf 90' lang='lat' dir='ltr'><strong>ad</strong></span> <span class='ocrx_word' id='word_1_394' title='bbox 2464 2145 2746 2214; x_wconf 87' lang='lat' dir='ltr'><strong>nequitiam</strong></span> <span class='ocrx_word' id='word_1_395' title='bbox 2768 2144 3161 2214; x_wconf 87' lang='lat' dir='ltr'><strong>properantibus</strong></span> <span class='ocrx_word' id='word_1_396' title='bbox 3188 2146 3432 2215; x_wconf 80' lang='lat' dir='ltr'><strong>benignus</strong></span> <span class='ocrx_word' id='word_1_397' title='bbox 3452 2147 3687 2201; x_wconf 86' lang='lat' dir='ltr'><strong>obsistat.</strong></span> 
     </span>
    </p>
   </div>
   <div class='ocr_carea' id='block_1_52' title="bbox 2108 2233 3689 2303">
    <p class='ocr_par' dir='ltr' id='par_1_52' title="bbox 2108 2233 3689 2303">
     <span class='ocr_line' id='line_1_52' title="bbox 2108 2233 3689 2303; baseline 0.004 -15"><span class='ocrx_word' id='word_1_398' title='bbox 2108 2233 2226 2288; x_wconf 83' lang='lat' dir='ltr'><strong>Jam</strong></span> <span class='ocrx_word' id='word_1_399' title='bbox 2252 2236 2339 2289; x_wconf 89' lang='lat' dir='ltr'><strong>hic</strong></span> <span class='ocrx_word' id='word_1_400' title='bbox 2367 2235 2517 2303; x_wconf 85' lang='lat' dir='ltr'><strong>quasi</strong></span> <span class='ocrx_word' id='word_1_401' title='bbox 2549 2249 2644 2303; x_wconf 91' lang='lat' dir='ltr'><strong>per</strong></span> <span class='ocrx_word' id='word_1_402' title='bbox 2673 2236 3076 2291; x_wconf 88' lang='lat' dir='ltr'><strong>inscrutabilem</strong></span> <span class='ocrx_word' id='word_1_403' title='bbox 3121 2235 3483 2293; x_wconf 80' lang='lat' dir='ltr'><strong>diversitatem</strong></span> <span class='ocrx_word' id='word_1_404' title='bbox 3514 2240 3689 2295; x_wconf 89' lang='lat' dir='ltr'><strong>intro-</strong></span> 
     </span>
    </p>
   </div>
   <div class='ocr_carea' id='block_1_53' title="bbox 2106 2325 3692 2400">
    <p class='ocr_par' dir='ltr' id='par_1_53' title="bbox 2106 2325 3692 2400">
     <span class='ocr_line' id='line_1_53' title="bbox 2106 2325 3692 2400; baseline 0.005 -22"><span class='ocrx_word' id='word_1_405' title='bbox 2106 2325 2319 2379; x_wconf 90' lang='lat' dir='ltr'><strong>ducitur</strong></span> <span class='ocrx_word' id='word_1_406' title='bbox 2355 2325 2627 2391; x_wconf 71' lang='lat' dir='ltr'><strong>definitio,</strong></span> <span class='ocrx_word' id='word_1_407' title='bbox 2661 2326 2679 2361; x_wconf 68' lang='grc' dir='ltr'>ί</span> <span class='ocrx_word' id='word_1_408' title='bbox 2710 2340 2814 2395; x_wconf 87' lang='lat' dir='ltr'><strong>qua</strong></span> <span class='ocrx_word' id='word_1_409' title='bbox 2856 2325 3081 2389; x_wconf 83' lang='lat' dir='ltr'><strong>docetur</strong></span> <span class='ocrx_word' id='word_1_410' title='bbox 3116 2328 3311 2383; x_wconf 90' lang='lat' dir='ltr'><strong>multos</strong></span> <span class='ocrx_word' id='word_1_411' title='bbox 3349 2330 3416 2383; x_wconf 90' lang='lat' dir='ltr'><strong>ad</strong></span> <span class='ocrx_word' id='word_1_412' title='bbox 3458 2331 3692 2400; x_wconf 84' lang='lat' dir='ltr'><strong>gratiam</strong></span> 
     </span>
    </p>
   </div>
   <div class='ocr_carea' id='block_1_54' title="bbox 2107 2415 3688 2492">
    <p class='ocr_par' dir='ltr' id='par_1_54' title="bbox 2107 2415 3688 2492">
     <span class='ocr_line' id='line_1_54' title="bbox 2107 2415 3688 2492; baseline 0.006 -23"><span class='ocrx_word' id='word_1_413' title='bbox 2107 2417 2293 2470; x_wconf 87' lang='lat' dir='ltr'><strong>venire</strong></span> <span class='ocrx_word' id='word_1_414' title='bbox 2330 2416 2446 2470; x_wconf 89' lang='lat' dir='ltr'><strong>sine</strong></span> <span class='ocrx_word' id='word_1_415' title='bbox 2490 2415 2680 2486; x_wconf 87' lang='lat' dir='ltr'><strong>gratia,</strong></span> <span class='ocrx_word' id='word_1_416' title='bbox 2712 2425 2767 2471; x_wconf 88' lang='lat' dir='ltr'><strong>et</strong></span> <span class='ocrx_word' id='word_1_417' title='bbox 2795 2416 2936 2472; x_wconf 92' lang='lat' dir='ltr'><strong>hunc</strong></span> <span class='ocrx_word' id='word_1_418' title='bbox 2970 2417 3223 2473; x_wconf 80' lang='lat' dir='ltr'><strong>affectum</strong></span> <span class='ocrx_word' id='word_1_419' title='bbox 3245 2421 3509 2491; x_wconf 68' lang='lat' dir='ltr'><strong>‘petendi,</strong></span> <span class='ocrx_word' id='word_1_420' title='bbox 3539 2438 3688 2492; x_wconf 64' lang='lat' dir='ltr'><strong>qua:-</strong></span> 
     </span>
    </p>
   </div>
   <div class='ocr_carea' id='block_1_55' title="bbox 2108 2505 3689 2581">
    <p class='ocr_par' dir='ltr' id='par_1_55' title="bbox 2108 2505 3689 2581">
     <span class='ocr_line' id='line_1_55' title="bbox 2108 2505 3689 2581; baseline 0.007 -22"><span class='ocrx_word' id='word_1_421' title='bbox 2108 2505 2284 2572; x_wconf 90' lang='lat' dir='ltr'><strong>rendi,</strong></span> <span class='ocrx_word' id='word_1_422' title='bbox 2320 2514 2347 2542; x_wconf 70' lang='grc' dir='ltr'>ιι</span> <span class='ocrx_word' id='word_1_423' title='bbox 2367 2506 2633 2576; x_wconf 86' lang='lat' dir='ltr'><strong>pulsandi,</strong></span> <span class='ocrx_word' id='word_1_424' title='bbox 2660 2506 2859 2563; x_wconf 89' lang='lat' dir='ltr'><strong>habere</strong></span> <span class='ocrx_word' id='word_1_425' title='bbox 2882 2509 3140 2579; x_wconf 89' lang='lat' dir='ltr'><strong>quosdam</strong></span> <span class='ocrx_word' id='word_1_426' title='bbox 3167 2511 3239 2566; x_wconf 90' lang='lat' dir='ltr'><strong>de</strong></span> <span class='ocrx_word' id='word_1_427' title='bbox 3261 2512 3525 2581; x_wconf 86' lang='lat' dir='ltr'><strong>vigilantia</strong></span> <span class='ocrx_word' id='word_1_428' title='bbox 3556 2515 3689 2570; x_wconf 88' lang='lat' dir='ltr'><strong>libe-</strong></span> 
     </span>
    </p>
   </div>
   <div class='ocr_carea' id='block_1_56' title="bbox 2106 2598 3690 2669">
    <p class='ocr_par' dir='ltr' id='par_1_56' title="bbox 2106 2598 3690 2669">
     <span class='ocr_line' id='line_1_56' title="bbox 2106 2598 3690 2669; baseline 0.006 -16"><span class='ocrx_word' id='word_1_429' title='bbox 2106 2614 2183 2653; x_wconf 68' lang='lat' dir='ltr'><strong>rae</strong></span> <span class='ocrx_word' id='word_1_430' title='bbox 2229 2598 2542 2664; x_wconf 83' lang='lat' dir='ltr'><strong>voluntatis;</strong></span> <span class='ocrx_word' id='word_1_431' title='bbox 2593 2613 2712 2669; x_wconf 73' lang='lat' dir='ltr'><strong>quae</strong></span> <span class='ocrx_word' id='word_1_432' title='bbox 2740 2610 2919 2655; x_wconf 90' lang='lat' dir='ltr'><strong>tamen</strong></span> <span class='ocrx_word' id='word_1_433' title='bbox 2963 2603 3015 2656; x_wconf 85' lang='lat' dir='ltr'><strong>in</strong></span> <span class='ocrx_word' id='word_1_434' title='bbox 3063 2603 3185 2658; x_wconf 89' lang='lat' dir='ltr'><strong>aliis</strong></span> <span class='ocrx_word' id='word_1_435' title='bbox 3232 2612 3377 2658; x_wconf 86' lang='lat' dir='ltr'><strong>tanta</strong></span> <span class='ocrx_word' id='word_1_436' title='bbox 3407 2607 3690 2662; x_wconf 84' lang='lat' dir='ltr'><strong>aversione</strong></span> 
     </span>
    </p>
   </div>
   <div class='ocr_carea' id='block_1_57' title="bbox 2106 2690 3689 2761">
    <p class='ocr_par' dir='ltr' id='par_1_57' title="bbox 2106 2690 3689 2761">
     <span class='ocr_line' id='line_1_57' title="bbox 2106 2690 3689 2761; baseline 0.005 -16"><span class='ocrx_word' id='word_1_437' title='bbox 2106 2691 2375 2746; x_wconf 67' lang='lat' dir='ltr'><strong>obcmcata</strong></span> <span class='ocrx_word' id='word_1_438' title='bbox 2429 2690 2762 2761; x_wconf 88' lang='lat' dir='ltr'><strong>perhibetur,</strong></span> <span class='ocrx_word' id='word_1_439' title='bbox 2800 2704 2852 2747; x_wconf 91' lang='lat' dir='ltr'><strong>ut</strong></span> <span class='ocrx_word' id='word_1_440' title='bbox 2886 2694 3049 2748; x_wconf 88' lang='lat' dir='ltr'><strong>nullis</strong></span> <span class='ocrx_word' id='word_1_441' title='bbox 3102 2697 3565 2752; x_wconf 84' lang='lat' dir='ltr'><strong>cohortationibus</strong></span> <span class='ocrx_word' id='word_1_442' title='bbox 3613 2700 3689 2753; x_wconf 89' lang='lat' dir='ltr'><strong>sit</strong></span> 
     </span>
    </p>
   </div>
   <div class='ocr_carea' id='block_1_58' title="bbox 2105 2784 3685 2856">
    <p class='ocr_par' dir='ltr' id='par_1_58' title="bbox 2105 2784 3685 2856">
     <span class='ocr_line' id='line_1_58' title="bbox 2105 2784 3685 2856; baseline 0.004 -17"><span class='ocrx_word' id='word_1_443' title='bbox 2105 2784 2448 2851; x_wconf 84' lang='lat' dir='ltr'><strong>revocabilis,</strong></span> <span class='ocrx_word' id='word_1_444' title='bbox 2502 2786 2604 2839; x_wconf 86' lang='lat' dir='ltr'><strong>nisi</strong></span> <span class='ocrx_word' id='word_1_445' title='bbox 2655 2800 2751 2856; x_wconf 88' lang='lat' dir='ltr'><strong>per</strong></span> <span class='ocrx_word' id='word_1_446' title='bbox 2781 2786 2889 2840; x_wconf 88' lang='lat' dir='ltr'><strong>vim</strong></span> <span class='ocrx_word' id='word_1_447' title='bbox 2926 2790 3185 2844; x_wconf 88' lang='lat' dir='ltr'><strong>trahentis</strong></span> <span class='ocrx_word' id='word_1_448' title='bbox 3226 2791 3388 2844; x_wconf 87' lang='lat' dir='ltr'><strong>invita</strong></span> <span class='ocrx_word' id='word_1_449' title='bbox 3439 2791 3685 2847; x_wconf 89' lang='lat' dir='ltr'><strong>ducatur.</strong></span> 
     </span>
    </p>
   </div>
   <div class='ocr_carea' id='block_1_59' title="bbox 2104 2875 3688 2951">
    <p class='ocr_par' dir='ltr' id='par_1_59' title="bbox 2104 2875 3688 2951">
     <span class='ocr_line' id='line_1_59' title="bbox 2104 2875 3688 2951; baseline 0.006 -22"><span class='ocrx_word' id='word_1_450' title='bbox 2104 2875 2269 2942; x_wconf 84' lang='lat' dir='ltr'><strong>Quasi</strong></span> <span class='ocrx_word' id='word_1_451' title='bbox 2300 2885 2327 2915; x_wconf 75' lang='grc' dir='ltr'><strong>ν</strong></span> <span class='ocrx_word' id='word_1_452' title='bbox 2356 2891 2463 2932; x_wconf 92' lang='lat' dir='ltr'><strong>nou</strong></span> <span class='ocrx_word' id='word_1_453' title='bbox 2497 2886 2610 2931; x_wconf 87' lang='lat' dir='ltr'><strong>tcto</strong></span> <span class='ocrx_word' id='word_1_454' title='bbox 2655 2877 3000 2934; x_wconf 78' lang='lat' dir='ltr'><strong>multiformis</strong></span> <span class='ocrx_word' id='word_1_455' title='bbox 3056 2882 3241 2951; x_wconf 79' lang='lat' dir='ltr'><strong>gratiae</strong></span> <span class='ocrx_word' id='word_1_456' title='bbox 3284 2896 3448 2951; x_wconf 89' lang='lat' dir='ltr'><strong>opere</strong></span> <span class='ocrx_word' id='word_1_457' title='bbox 3502 2884 3688 2939; x_wconf 88' lang='lat' dir='ltr'><strong>hocin</strong></span> 
     </span>
    </p>
   </div>
   <div class='ocr_carea' id='block_1_60' title="bbox 2104 2969 3688 3038">
    <p class='ocr_par' dir='ltr' id='par_1_60' title="bbox 2104 2969 3688 3038">
     <span class='ocr_line' id='line_1_60' title="bbox 2104 2969 3688 3038; baseline 0.004 -14"><span class='ocrx_word' id='word_1_458' title='bbox 2104 2969 2344 3024; x_wconf 89' lang='lat' dir='ltr'><strong>omnium</strong></span> <span class='ocrx_word' id='word_1_459' title='bbox 2369 2978 2555 3038; x_wconf 82' lang='lat' dir='ltr'><strong>agatur</strong></span> <span class='ocrx_word' id='word_1_460' title='bbox 2581 2969 2796 3031; x_wconf 88' lang='lat' dir='ltr'><strong>animis.</strong></span> <span class='ocrx_word' id='word_1_461' title='bbox 2823 2979 2881 3025; x_wconf 92' lang='lat' dir='ltr'><strong>ut</strong></span> <span class='ocrx_word' id='word_1_462' title='bbox 2900 2986 2965 3026; x_wconf 80' lang='lat' dir='ltr'><strong>ex</strong></span> <span class='ocrx_word' id='word_1_463' title='bbox 2999 2974 3305 3028; x_wconf 88' lang='lat' dir='ltr'><strong>nolentibus</strong></span> <span class='ocrx_word' id='word_1_464' title='bbox 3345 2974 3476 3029; x_wconf 85' lang='lat' dir='ltr'><strong>ﬁant</strong></span> <span class='ocrx_word' id='word_1_465' title='bbox 3502 2976 3688 3031; x_wconf 89' lang='lat' dir='ltr'><strong>volen-</strong></span> 
     </span>
    </p>
   </div>
   <div class='ocr_carea' id='block_1_61' title="bbox 2111 3059 3688 3134">
    <p class='ocr_par' dir='ltr' id='par_1_61' title="bbox 2111 3059 3688 3134">
     <span class='ocr_line' id='line_1_61' title="bbox 2111 3059 3688 3134; baseline 0.004 -20"><span class='ocrx_word' id='word_1_466' title='bbox 2111 3068 2220 3124; x_wconf 86' lang='lat' dir='ltr'><strong>tes;</strong></span> <span class='ocrx_word' id='word_1_467' title='bbox 2262 3070 2354 3114; x_wconf 91' lang='lat' dir='ltr'><strong>aut</strong></span> <span class='ocrx_word' id='word_1_468' title='bbox 2392 3059 2672 3129; x_wconf 89' lang='lat' dir='ltr'><strong>quisquam</strong></span> <span class='ocrx_word' id='word_1_469' title='bbox 2700 3076 2765 3115; x_wconf 82' lang='lat' dir='ltr'><strong>ex</strong></span> <span class='ocrx_word' id='word_1_470' title='bbox 2790 3061 2876 3116; x_wconf 92' lang='lat' dir='ltr'><strong>his</strong></span> <span class='ocrx_word' id='word_1_471' title='bbox 2929 3062 3021 3132; x_wconf 92' lang='lat' dir='ltr'><strong>qui</strong></span> <span class='ocrx_word' id='word_1_472' title='bbox 3068 3064 3177 3132; x_wconf 86' lang='lat' dir='ltr'><strong>jam</strong></span> <span class='ocrx_word' id='word_1_473' title='bbox 3218 3065 3423 3134; x_wconf 89' lang='lat' dir='ltr'><strong>judicio</strong></span> <span class='ocrx_word' id='word_1_474' title='bbox 3463 3067 3688 3122; x_wconf 80' lang='lat' dir='ltr'><strong>rationis</strong></span> 
     </span>
    </p>
   </div>
   <div class='ocr_carea' id='block_1_62' title="bbox 415 3147 3691 3229">
    <p class='ocr_par' dir='ltr' id='par_1_62' title="bbox 415 3147 3691 3229">
     <span class='ocr_line' id='line_1_62' title="bbox 415 3147 3691 3229; baseline 0.003 -26"><span class='ocrx_word' id='word_1_475' title='bbox 415 3164 645 3219; x_wconf 83' lang='lat' dir='ltr'><strong>tumque</strong></span> <span class='ocrx_word' id='word_1_476' title='bbox 672 3164 779 3203; x_wconf 89' lang='lat' dir='ltr'><strong>non</strong></span> <span class='ocrx_word' id='word_1_477' title='bbox 805 3147 1049 3215; x_wconf 88' lang='lat' dir='ltr'><strong>deserat;</strong></span> <span class='ocrx_word' id='word_1_478' title='bbox 1075 3150 1156 3204; x_wconf 90' lang='lat' dir='ltr'><strong>vel</strong></span> <span class='ocrx_word' id='word_1_479' title='bbox 1183 3148 1308 3218; x_wconf 89' lang='lat' dir='ltr'><strong>quia</strong></span> <span class='ocrx_word' id='word_1_480' title='bbox 1339 3166 1526 3206; x_wconf 88' lang='lat' dir='ltr'><strong>omnes</strong></span> <span class='ocrx_word' id='word_1_481' title='bbox 1551 3166 1685 3221; x_wconf 82' lang='lat' dir='ltr'><strong>quos</strong></span> <span class='ocrx_word' id='word_1_482' title='bbox 1717 3154 1996 3220; x_wconf 72' lang='lat' dir='ltr'><strong>prmveuit,</strong></span> <span class='ocrx_word' id='word_1_483' title='bbox 2028 3167 2072 3229; x_wconf 71' lang='grc' dir='ltr'><strong>ρ</strong></span> <span class='ocrx_word' id='word_1_484' title='bbox 2104 3162 2342 3216; x_wconf 87' lang='lat' dir='ltr'><strong>utuntur,</strong></span> <span class='ocrx_word' id='word_1_485' title='bbox 2364 3153 2531 3221; x_wconf 87' lang='lat' dir='ltr'><strong>possit</strong></span> <span class='ocrx_word' id='word_1_486' title='bbox 2557 3152 2714 3207; x_wconf 83' lang='lat' dir='ltr'><strong>ﬁdem</strong></span> <span class='ocrx_word' id='word_1_487' title='bbox 2742 3152 2845 3207; x_wconf 88' lang='lat' dir='ltr'><strong>nisi</strong></span> <span class='ocrx_word' id='word_1_488' title='bbox 2866 3154 3144 3208; x_wconf 87' lang='lat' dir='ltr'><strong>voluntate</strong></span> <span class='ocrx_word' id='word_1_489' title='bbox 3160 3156 3455 3227; x_wconf 89' lang='lat' dir='ltr'><strong>suscipere.</strong></span> <span class='ocrx_word' id='word_1_490' title='bbox 3484 3165 3513 3195; x_wconf 76' lang='grc' dir='ltr'><strong>ι</strong></span> <span class='ocrx_word' id='word_1_491' title='bbox 3536 3157 3691 3212; x_wconf 87' lang='lat' dir='ltr'><strong>Unde</strong></span> 
     </span>
    </p>
   </div>
   <div class='ocr_carea' id='block_1_63' title="bbox 414 3236 1999 3309">
    <p class='ocr_par' dir='ltr' id='par_1_63' title="bbox 414 3236 1999 3309">
     <span class='ocr_line' id='line_1_63' title="bbox 414 3236 1999 3309; baseline 0.003 -17"><span class='ocrx_word' id='word_1_492' title='bbox 414 3239 634 3294; x_wconf 86' lang='lat' dir='ltr'><strong>eosdem</strong></span> <span class='ocrx_word' id='word_1_493' title='bbox 664 3239 1042 3307; x_wconf 86' lang='lat' dir='ltr'><strong>subsequatur.</strong></span> <span class='ocrx_word' id='word_1_494' title='bbox 1078 3236 1107 3277; x_wconf 63' lang='grc' dir='ltr'><strong><em>ι</em></strong></span> <span class='ocrx_word' id='word_1_495' title='bbox 1141 3240 1393 3309; x_wconf 88' lang='lat' dir='ltr'><strong>Sequitur</strong></span> <span class='ocrx_word' id='word_1_496' title='bbox 1418 3249 1599 3296; x_wconf 85' lang='lat' dir='ltr'><strong>autem</strong></span> <span class='ocrx_word' id='word_1_497' title='bbox 1629 3242 1815 3297; x_wconf 87' lang='lat' dir='ltr'><strong>dicens</strong></span> <span class='ocrx_word' id='word_1_498' title='bbox 1841 3259 1855 3297; x_wconf 90' lang='lat'><strong>:</strong></span> <span class='ocrx_word' id='word_1_499' title='bbox 1898 3242 1999 3308; x_wconf 82' lang='lat' dir='ltr'><strong>Qui</strong></span> 
     </span>
    </p>
   </div>
   <div class='ocr_carea' id='block_1_64' title="bbox 415 3329 1999 3405">
    <p class='ocr_par' dir='ltr' id='par_1_64' title="bbox 415 3329 1999 3405">
     <span class='ocr_line' id='line_1_64' title="bbox 415 3329 1999 3405; baseline 0.004 -24"><span class='ocrx_word' id='word_1_500' title='bbox 415 3345 527 3383; x_wconf 90' lang='lat' dir='ltr'><strong>cum</strong></span> <span class='ocrx_word' id='word_1_501' title='bbox 553 3331 607 3383; x_wconf 89' lang='lat' dir='ltr'><strong>in</strong></span> <span class='ocrx_word' id='word_1_502' title='bbox 630 3329 773 3383; x_wconf 88' lang='lat' dir='ltr'><strong>nobis</strong></span> <span class='ocrx_word' id='word_1_503' title='bbox 801 3340 970 3384; x_wconf 88' lang='lat' dir='ltr'><strong>ortum</strong></span> <span class='ocrx_word' id='word_1_504' title='bbox 999 3332 1272 3399; x_wconf 90' lang='lat' dir='ltr'><strong>quemdam</strong></span> <span class='ocrx_word' id='word_1_505' title='bbox 1299 3332 1443 3387; x_wconf 75' lang='lat' dir='ltr'><strong>bona:</strong></span> <span class='ocrx_word' id='word_1_506' title='bbox 1461 3333 1737 3388; x_wconf 80' lang='lat' dir='ltr'><strong>voluntatis</strong></span> <span class='ocrx_word' id='word_1_507' title='bbox 1764 3336 1999 3405; x_wconf 70' lang='lat' dir='ltr'><strong>inspexe-</strong></span> 
     </span>
    </p>
   </div>
   <div class='ocr_carea' id='block_1_65' title="bbox 415 3420 1999 3499">
    <p class='ocr_par' dir='ltr' id='par_1_65' title="bbox 415 3420 1999 3499">
     <span class='ocr_line' id='line_1_65' title="bbox 415 3420 1999 3499; baseline 0.003 -23"><span class='ocrx_word' id='word_1_508' title='bbox 415 3424 502 3491; x_wconf 89' lang='lat' dir='ltr'><strong>rit,</strong></span> <span class='ocrx_word' id='word_1_509' title='bbox 529 3420 787 3477; x_wconf 89' lang='lat' dir='ltr'><strong>illuminat</strong></span> <span class='ocrx_word' id='word_1_510' title='bbox 815 3439 928 3477; x_wconf 90' lang='lat' dir='ltr'><strong>eam</strong></span> <span class='ocrx_word' id='word_1_511' title='bbox 960 3421 1005 3491; x_wconf 82' lang='grc' dir='ltr'><strong>ι,</strong></span> <span class='ocrx_word' id='word_1_512' title='bbox 1031 3434 1181 3494; x_wconf 87' lang='lat' dir='ltr'><strong>atque</strong></span> <span class='ocrx_word' id='word_1_513' title='bbox 1205 3428 1484 3495; x_wconf 90' lang='lat' dir='ltr'><strong>confortat,</strong></span> <span class='ocrx_word' id='word_1_514' title='bbox 1524 3434 1678 3496; x_wconf 88' lang='lat' dir='ltr'><strong>atque</strong></span> <span class='ocrx_word' id='word_1_515' title='bbox 1723 3426 1901 3499; x_wconf 83' lang='lat' dir='ltr'><strong>dirigit</strong></span> <span class='ocrx_word' id='word_1_516' title='bbox 1931 3428 1999 3481; x_wconf 89' lang='lat' dir='ltr'><strong>ad</strong></span> 
     </span>
    </p>
   </div>
   <div class='ocr_carea' id='block_1_66' title="bbox 486 3690 1996 3759">
    <p class='ocr_par' dir='ltr' id='par_1_66' title="bbox 486 3690 1996 3759">
     <span class='ocr_line' id='line_1_66' title="bbox 486 3690 1996 3759; baseline -0.001 -11"><span class='ocrx_word' id='word_1_517' title='bbox 486 3699 514 3729; x_wconf 76' lang='grc' dir='ltr'>ι</span> <span class='ocrx_word' id='word_1_518' title='bbox 551 3690 643 3748; x_wconf 89' lang='lat' dir='ltr'><strong>Sic</strong></span> <span class='ocrx_word' id='word_1_519' title='bbox 687 3704 791 3746; x_wconf 85' lang='lat' dir='ltr'><strong>ms.</strong></span> <span class='ocrx_word' id='word_1_520' title='bbox 847 3690 1122 3756; x_wconf 87' lang='lat' dir='ltr'><strong>Joliensis,</strong></span> <span class='ocrx_word' id='word_1_521' title='bbox 1162 3706 1286 3747; x_wconf 90' lang='lat' dir='ltr'><strong>eum</strong></span> <span class='ocrx_word' id='word_1_522' title='bbox 1315 3690 1445 3746; x_wconf 82' lang='lat' dir='ltr'><strong>edit.</strong></span> <span class='ocrx_word' id='word_1_523' title='bbox 1479 3690 1710 3759; x_wconf 86' lang='lat' dir='ltr'><strong>Lovan.,</strong></span> <span class='ocrx_word' id='word_1_524' title='bbox 1740 3692 1906 3748; x_wconf 88' lang='lat' dir='ltr'><strong>Duae.</strong></span> <span class='ocrx_word' id='word_1_525' title='bbox 1939 3700 1996 3748; x_wconf 90' lang='lat' dir='ltr'><strong>et</strong></span> 
     </span>
    </p>
   </div>
   <div class='ocr_carea' id='block_1_67' title="bbox 415 3761 1995 3832">
    <p class='ocr_par' dir='ltr' id='par_1_67' title="bbox 415 3761 1995 3832">
     <span class='ocr_line' id='line_1_67' title="bbox 415 3761 1995 3832; baseline 0.001 -16"><span class='ocrx_word' id='word_1_526' title='bbox 415 3761 607 3816; x_wconf 92' lang='lat' dir='ltr'><strong>Colon.</strong></span> <span class='ocrx_word' id='word_1_527' title='bbox 638 3772 693 3817; x_wconf 89' lang='lat' dir='ltr'><strong>et</strong></span> <span class='ocrx_word' id='word_1_528' title='bbox 715 3762 854 3832; x_wconf 86' lang='lat' dir='ltr'><strong>Aug.</strong></span> <span class='ocrx_word' id='word_1_529' title='bbox 887 3763 1075 3817; x_wconf 83' lang='lat' dir='ltr'><strong>editio.</strong></span> <span class='ocrx_word' id='word_1_530' title='bbox 1096 3765 1163 3818; x_wconf 89' lang='lat' dir='ltr'><strong>At</strong></span> <span class='ocrx_word' id='word_1_531' title='bbox 1193 3778 1325 3818; x_wconf 88' lang='lat' dir='ltr'><strong>vero</strong></span> <span class='ocrx_word' id='word_1_532' title='bbox 1346 3776 1450 3815; x_wconf 90' lang='lat' dir='ltr'><strong>ms.</strong></span> <span class='ocrx_word' id='word_1_533' title='bbox 1493 3762 1702 3830; x_wconf 80' lang='lat' dir='ltr'><strong>Remig.</strong></span> <span class='ocrx_word' id='word_1_534' title='bbox 1728 3778 1848 3818; x_wconf 92' lang='lat' dir='ltr'><strong>cum</strong></span> <span class='ocrx_word' id='word_1_535' title='bbox 1882 3765 1995 3819; x_wconf 86' lang='lat' dir='ltr'><strong>Mo-</strong></span> 
     </span>
    </p>
   </div>
   <div class='ocr_carea' id='block_1_68' title="bbox 415 3832 1995 3904">
    <p class='ocr_par' dir='ltr' id='par_1_68' title="bbox 415 3832 1995 3904">
     <span class='ocr_line' id='line_1_68' title="bbox 415 3832 1995 3904; baseline 0.004 -22"><span class='ocrx_word' id='word_1_536' title='bbox 415 3842 589 3904; x_wconf 86' lang='lat' dir='ltr'><strong>gunt.,</strong></span> <span class='ocrx_word' id='word_1_537' title='bbox 621 3832 759 3889; x_wconf 77' lang='lat' dir='ltr'><strong>Ven.</strong></span> <span class='ocrx_word' id='word_1_538' title='bbox 803 3844 856 3888; x_wconf 91' lang='lat' dir='ltr'><strong>et</strong></span> <span class='ocrx_word' id='word_1_539' title='bbox 885 3834 1079 3903; x_wconf 87' lang='lat' dir='ltr'><strong>Lugd.,</strong></span> <span class='ocrx_word' id='word_1_540' title='bbox 1120 3836 1396 3887; x_wconf 76' lang='lat' dir='ltr'><strong>revolutus.</strong></span> <span class='ocrx_word' id='word_1_541' title='bbox 1427 3833 1576 3899; x_wconf 88' lang='lat' dir='ltr'><strong>Quod</strong></span> <span class='ocrx_word' id='word_1_542' title='bbox 1606 3834 1659 3888; x_wconf 91' lang='lat' dir='ltr'><strong>in</strong></span> <span class='ocrx_word' id='word_1_543' title='bbox 1694 3834 1995 3904; x_wconf 84' lang='lat' dir='ltr'><strong>marginem</strong></span> 
     </span>
    </p>
   </div>
   <div class='ocr_carea' id='block_1_69' title="bbox 416 3903 1991 3974">
    <p class='ocr_par' dir='ltr' id='par_1_69' title="bbox 416 3903 1991 3974">
     <span class='ocr_line' id='line_1_69' title="bbox 416 3903 1991 3974; baseline 0.003 -17"><span class='ocrx_word' id='word_1_544' title='bbox 416 3903 675 3974; x_wconf 72' lang='lat' dir='ltr'><strong>reiectum</strong></span> <span class='ocrx_word' id='word_1_545' title='bbox 720 3906 773 3958; x_wconf 92' lang='lat' dir='ltr'><strong>in</strong></span> <span class='ocrx_word' id='word_1_546' title='bbox 812 3904 1081 3974; x_wconf 89' lang='lat' dir='ltr'><strong>posterius</strong></span> <span class='ocrx_word' id='word_1_547' title='bbox 1110 3904 1288 3969; x_wconf 87' lang='lat' dir='ltr'><strong>editis,</strong></span> <span class='ocrx_word' id='word_1_548' title='bbox 1329 3919 1449 3958; x_wconf 90' lang='lat' dir='ltr'><strong>cum</strong></span> <span class='ocrx_word' id='word_1_549' title='bbox 1484 3904 1583 3959; x_wconf 89' lang='lat' dir='ltr'><strong>hac</strong></span> <span class='ocrx_word' id='word_1_550' title='bbox 1613 3903 1991 3974; x_wconf 86' lang='lat' dir='ltr'><strong>annotatione,</strong></span> 
     </span>
    </p>
   </div>
   <div class='ocr_carea' id='block_1_70' title="bbox 415 3973 1742 4045">
    <p class='ocr_par' dir='ltr' id='par_1_70' title="bbox 415 3973 1742 4045">
     <span class='ocr_line' id='line_1_70' title="bbox 415 3973 1742 4045; baseline 0 -18"><span class='ocrx_word' id='word_1_551' title='bbox 415 3973 496 4045; x_wconf 83' lang='lat' dir='ltr'><strong>vel</strong></span> <span class='ocrx_word' id='word_1_552' title='bbox 516 3975 561 4045; x_wconf 82' lang='lat' dir='ltr'><strong>si</strong></span> <span class='ocrx_word' id='word_1_553' title='bbox 591 3976 727 4044; x_wconf 90' lang='lat' dir='ltr'><strong>legas</strong></span> <span class='ocrx_word' id='word_1_554' title='bbox 755 3973 1120 4045; x_wconf 26' lang='lat' dir='ltr'><strong>in’masculino</strong></span> <span class='ocrx_word' id='word_1_555' title='bbox 1146 3991 1344 4045; x_wconf 84' lang='lat' dir='ltr'><strong>genere,</strong></span> <span class='ocrx_word' id='word_1_556' title='bbox 1381 3974 1535 4042; x_wconf 85' lang='lat' dir='ltr'><strong>adde,</strong></span> <span class='ocrx_word' id='word_1_557' title='bbox 1568 3975 1742 4029; x_wconf 82' lang='lat' dir='ltr'><strong>homo.</strong></span> 
     </span>
    </p>
   </div>
   <div class='ocr_carea' id='block_1_71' title="bbox 484 4042 1995 4116">
    <p class='ocr_par' dir='ltr' id='par_1_71' title="bbox 484 4042 1995 4116">
     <span class='ocr_line' id='line_1_71' title="bbox 484 4042 1995 4116; baseline 0.001 -19"><span class='ocrx_word' id='word_1_558' title='bbox 484 4042 513 4082; x_wconf 71' lang='grc' dir='ltr'><strong>ιι</strong></span> <span class='ocrx_word' id='word_1_559' title='bbox 542 4042 756 4116; x_wconf 50' lang='grc' dir='ltr'><strong>ξίοᾷηε.</strong></span> <span class='ocrx_word' id='word_1_560' title='bbox 780 4044 901 4116; x_wconf 63' lang='lat' dir='ltr'><strong>Jul.</strong></span> <span class='ocrx_word' id='word_1_561' title='bbox 928 4060 1048 4099; x_wconf 90' lang='lat' dir='ltr'><strong>cum</strong></span> <span class='ocrx_word' id='word_1_562' title='bbox 1074 4042 1239 4113; x_wconf 70' lang='lat' dir='ltr'><strong>Mog,</strong></span> <span class='ocrx_word' id='word_1_563' title='bbox 1275 4046 1410 4098; x_wconf 77' lang='lat' dir='ltr'><strong>Ven.</strong></span> <span class='ocrx_word' id='word_1_564' title='bbox 1444 4050 1742 4116; x_wconf 85' lang='lat' dir='ltr'><strong>etAugust.</strong></span> <span class='ocrx_word' id='word_1_565' title='bbox 1766 4045 1898 4101; x_wconf 87' lang='lat' dir='ltr'><strong>edit.</strong></span> <span class='ocrx_word' id='word_1_566' title='bbox 1926 4060 1995 4099; x_wconf 81' lang='lat' dir='ltr'><strong>ex</strong></span> 
     </span>
    </p>
   </div>
   <div class='ocr_carea' id='block_1_72' title="bbox 417 4114 1353 4180">
    <p class='ocr_par' dir='ltr' id='par_1_72' title="bbox 417 4114 1353 4180">
     <span class='ocr_line' id='line_1_72' title="bbox 417 4114 1353 4180; baseline -0.003 -12"><span class='ocrx_word' id='word_1_567' title='bbox 417 4128 516 4168; x_wconf 87' lang='lat' dir='ltr'><strong>ms.</strong></span> <span class='ocrx_word' id='word_1_568' title='bbox 542 4114 701 4169; x_wconf 89' lang='lat' dir='ltr'><strong>Corb.</strong></span> <span class='ocrx_word' id='word_1_569' title='bbox 728 4115 833 4168; x_wconf 93' lang='lat' dir='ltr'><strong>Alii</strong></span> <span class='ocrx_word' id='word_1_570' title='bbox 862 4117 1163 4180; x_wconf 60' lang='lat' dir='ltr'><strong>codices,se</strong></span> <span class='ocrx_word' id='word_1_571' title='bbox 1188 4115 1353 4167; x_wconf 82' lang='lat' dir='ltr'><strong>malit.</strong></span> 
     </span>
    </p>
   </div>
   <div class='ocr_carea' id='block_1_73' title="bbox 490 4182 1993 4255">
    <p class='ocr_par' dir='ltr' id='par_1_73' title="bbox 490 4182 1993 4255">
     <span class='ocr_line' id='line_1_73' title="bbox 490 4182 1993 4255; baseline 0.001 -16"><span class='ocrx_word' id='word_1_572' title='bbox 490 4194 513 4223; x_wconf 69' lang='grc' dir='ltr'><strong>ε</strong></span> <span class='ocrx_word' id='word_1_573' title='bbox 542 4185 631 4239; x_wconf 81' lang='lat' dir='ltr'><strong>Sic</strong></span> <span class='ocrx_word' id='word_1_574' title='bbox 655 4185 847 4253; x_wconf 87' lang='lat' dir='ltr'><strong>legitur</strong></span> <span class='ocrx_word' id='word_1_575' title='bbox 872 4186 923 4238; x_wconf 90' lang='lat' dir='ltr'><strong>in</strong></span> <span class='ocrx_word' id='word_1_576' title='bbox 954 4199 1053 4238; x_wconf 86' lang='lat' dir='ltr'><strong>ms.</strong></span> <span class='ocrx_word' id='word_1_577' title='bbox 1084 4182 1491 4255; x_wconf 33' lang='lat' dir='ltr'><strong>Jolieusitetin</strong></span> <span class='ocrx_word' id='word_1_578' title='bbox 1515 4184 1644 4239; x_wconf 86' lang='lat' dir='ltr'><strong>edit.</strong></span> <span class='ocrx_word' id='word_1_579' title='bbox 1676 4185 1914 4255; x_wconf 82' lang='lat' dir='ltr'><strong>Mogunt.</strong></span> <span class='ocrx_word' id='word_1_580' title='bbox 1938 4193 1993 4239; x_wconf 89' lang='lat' dir='ltr'><strong>et</strong></span> 
     </span>
    </p>
   </div>
   <div class='ocr_carea' id='block_1_74' title="bbox 417 4252 1990 4324">
    <p class='ocr_par' dir='ltr' id='par_1_74' title="bbox 417 4252 1990 4324">
     <span class='ocr_line' id='line_1_74' title="bbox 417 4252 1990 4324; baseline 0.001 -18"><span class='ocrx_word' id='word_1_581' title='bbox 417 4253 554 4309; x_wconf 84' lang='lat' dir='ltr'><strong>Ven.</strong></span> <span class='ocrx_word' id='word_1_582' title='bbox 589 4269 687 4309; x_wconf 88' lang='lat' dir='ltr'><strong>nec</strong></span> <span class='ocrx_word' id='word_1_583' title='bbox 713 4252 817 4309; x_wconf 84' lang='lat' dir='ltr'><strong>non</strong></span> <span class='ocrx_word' id='word_1_584' title='bbox 843 4255 890 4309; x_wconf 91' lang='lat' dir='ltr'><strong>in</strong></span> <span class='ocrx_word' id='word_1_585' title='bbox 924 4254 1155 4324; x_wconf 75' lang='lat' dir='ltr'><strong>append.</strong></span> <span class='ocrx_word' id='word_1_586' title='bbox 1187 4263 1317 4324; x_wconf 87' lang='lat' dir='ltr'><strong>tom.</strong></span> <span class='ocrx_word' id='word_1_587' title='bbox 1345 4252 1391 4307; x_wconf 81' lang='grc' dir='ltr'><strong>Χ</strong></span> <span class='ocrx_word' id='word_1_588' title='bbox 1412 4253 1547 4323; x_wconf 81' lang='lat' dir='ltr'><strong>Aug.</strong></span> <span class='ocrx_word' id='word_1_589' title='bbox 1580 4270 1643 4308; x_wconf 81' lang='lat' dir='ltr'><strong>ex</strong></span> <span class='ocrx_word' id='word_1_590' title='bbox 1671 4252 1990 4320; x_wconf 47' lang='lat' dir='ltr'><strong>msh—Corb.,</strong></span> 
     </span>
    </p>
   </div>
   <div class='ocr_carea' id='block_1_75' title="bbox 415 4323 1994 4395">
    <p class='ocr_par' dir='ltr' id='par_1_75' title="bbox 415 4323 1994 4395">
     <span class='ocr_line' id='line_1_75' title="bbox 415 4323 1994 4395; baseline 0 -16"><span class='ocrx_word' id='word_1_591' title='bbox 415 4334 642 4391; x_wconf 70' lang='lat' dir='ltr'><strong>excepto</strong></span> <span class='ocrx_word' id='word_1_592' title='bbox 665 4326 805 4394; x_wconf 89' lang='lat' dir='ltr'><strong>quod</strong></span> <span class='ocrx_word' id='word_1_593' title='bbox 836 4326 886 4379; x_wconf 92' lang='lat' dir='ltr'><strong>in</strong></span> <span class='ocrx_word' id='word_1_594' title='bbox 919 4323 1060 4391; x_wconf 74' lang='lat' dir='ltr'><strong>Mog.</strong></span> <span class='ocrx_word' id='word_1_595' title='bbox 1087 4334 1139 4377; x_wconf 88' lang='lat' dir='ltr'><strong>et</strong></span> <span class='ocrx_word' id='word_1_596' title='bbox 1162 4323 1295 4378; x_wconf 77' lang='lat' dir='ltr'><strong>Ven.</strong></span> <span class='ocrx_word' id='word_1_597' title='bbox 1325 4324 1521 4395; x_wconf 80' lang='lat' dir='ltr'><strong>legitur</strong></span> <span class='ocrx_word' id='word_1_598' title='bbox 1545 4325 1764 4379; x_wconf 86' lang='lat' dir='ltr'><strong>cervices</strong></span> <span class='ocrx_word' id='word_1_599' title='bbox 1792 4327 1994 4395; x_wconf 88' lang='lat' dir='ltr'><strong>absque</strong></span> 
     </span>
    </p>
   </div>
   <div class='ocr_carea' id='block_1_76' title="bbox 416 4394 1992 4460">
    <p class='ocr_par' dir='ltr' id='par_1_76' title="bbox 416 4394 1992 4460">
     <span class='ocr_line' id='line_1_76' title="bbox 416 4394 1992 4460; baseline 0.001 -13"><span class='ocrx_word' id='word_1_600' title='bbox 416 4409 548 4449; x_wconf 84' lang='lat' dir='ltr'><strong>voce</strong></span> <span class='ocrx_word' id='word_1_601' title='bbox 578 4395 678 4449; x_wconf 86' lang='lat' dir='ltr'><strong>hac</strong></span> <span class='ocrx_word' id='word_1_602' title='bbox 718 4412 858 4449; x_wconf 90' lang='lat' dir='ltr'><strong>suas.</strong></span> <span class='ocrx_word' id='word_1_603' title='bbox 892 4396 947 4449; x_wconf 90' lang='lat' dir='ltr'><strong>lu</strong></span> <span class='ocrx_word' id='word_1_604' title='bbox 973 4394 1092 4448; x_wconf 62' lang='lat' dir='ltr'><strong>alii.</strong></span> <span class='ocrx_word' id='word_1_605' title='bbox 1126 4408 1253 4447; x_wconf 87' lang='lat' dir='ltr'><strong>vero</strong></span> <span class='ocrx_word' id='word_1_606' title='bbox 1285 4394 1416 4448; x_wconf 89' lang='lat' dir='ltr'><strong>edit.</strong></span> <span class='ocrx_word' id='word_1_607' title='bbox 1462 4395 1683 4460; x_wconf 90' lang='lat' dir='ltr'><strong>omisso,</strong></span> <span class='ocrx_word' id='word_1_608' title='bbox 1717 4398 1795 4450; x_wconf 88' lang='lat' dir='ltr'><strong>vel</strong></span> <span class='ocrx_word' id='word_1_609' title='bbox 1829 4394 1992 4450; x_wconf 78' lang='lat' dir='ltr'><strong>certe:</strong></span> 
     </span>
    </p>
   </div>
   <div class='ocr_carea' id='block_1_77' title="bbox 415 4463 1996 4522">
    <p class='ocr_par' dir='ltr' id='par_1_77' title="bbox 415 4463 1996 4522">
     <span class='ocr_line' id='line_1_77' title="bbox 415 4463 1996 4522; baseline 0.003 -5"><span class='ocrx_word' id='word_1_610' title='bbox 415 4481 479 4517; x_wconf 89' lang='lat' dir='ltr'><strong>ne</strong></span> <span class='ocrx_word' id='word_1_611' title='bbox 499 4466 631 4519; x_wconf 90' lang='lat' dir='ltr'><strong>dura</strong></span> <span class='ocrx_word' id='word_1_612' title='bbox 648 4468 833 4520; x_wconf 87' lang='lat' dir='ltr'><strong>cervice</strong></span> <span class='ocrx_word' id='word_1_613' title='bbox 858 4475 903 4519; x_wconf 90' lang='lat' dir='ltr'><strong>et</strong></span> <span class='ocrx_word' id='word_1_614' title='bbox 930 4464 1300 4520; x_wconf 84' lang='lat' dir='ltr'><strong>incircumcisis</strong></span> <span class='ocrx_word' id='word_1_615' title='bbox 1322 4463 1534 4518; x_wconf 87' lang='lat' dir='ltr'><strong>auribus</strong></span> <span class='ocrx_word' id='word_1_616' title='bbox 1557 4466 1716 4520; x_wconf 89' lang='lat' dir='ltr'><strong>eidem</strong></span> <span class='ocrx_word' id='word_1_617' title='bbox 1758 4469 1996 4522; x_wconf 89' lang='lat' dir='ltr'><strong>resisten-</strong></span> 
     </span>
    </p>
   </div>
   <div class='ocr_carea' id='block_1_78' title="bbox 415 4542 649 4598">
    <p class='ocr_par' dir='ltr' id='par_1_78' title="bbox 415 4542 649 4598">
     <span class='ocr_line' id='line_1_78' title="bbox 415 4542 649 4598; baseline 0.009 -11"><span class='ocrx_word' id='word_1_618' title='bbox 415 4542 511 4598; x_wconf 64' lang='grc'><strong>888,</strong></span> <span class='ocrx_word' id='word_1_619' title='bbox 544 4546 649 4591; x_wconf 69' lang='lat' dir='ltr'><strong>CIC.</strong></span> 
     </span>
    </p>
   </div>
   <div class='ocr_carea' id='block_1_79' title="bbox 484 4604 1990 4679">
    <p class='ocr_par' dir='ltr' id='par_1_79' title="bbox 484 4604 1990 4679">
     <span class='ocr_line' id='line_1_79' title="bbox 484 4604 1990 4679; baseline 0.001 -19"><span class='ocrx_word' id='word_1_620' title='bbox 484 4604 511 4645; x_wconf 74' lang='grc' dir='ltr'>ἀ</span> <span class='ocrx_word' id='word_1_621' title='bbox 536 4605 628 4660; x_wconf 89' lang='lat' dir='ltr'><strong>Sic</strong></span> <span class='ocrx_word' id='word_1_622' title='bbox 655 4606 892 4679; x_wconf 54' lang='lat' dir='ltr'><strong>malui.</strong></span> <span class='ocrx_word' id='word_1_623' title='bbox 930 4621 1051 4679; x_wconf 86' lang='lat' dir='ltr'><strong>eum</strong></span> <span class='ocrx_word' id='word_1_624' title='bbox 1078 4606 1243 4679; x_wconf 38' lang='lat' dir='ltr'><strong>Mﬂugq</strong></span> <span class='ocrx_word' id='word_1_625' title='bbox 1276 4604 1409 4658; x_wconf 82' lang='lat' dir='ltr'><strong>Ven.</strong></span> <span class='ocrx_word' id='word_1_626' title='bbox 1443 4616 1499 4661; x_wconf 87' lang='lat' dir='ltr'><strong>et</strong></span> <span class='ocrx_word' id='word_1_627' title='bbox 1542 4607 1669 4662; x_wconf 89' lang='lat' dir='ltr'><strong>edit.</strong></span> <span class='ocrx_word' id='word_1_628' title='bbox 1702 4623 1825 4679; x_wconf 84' lang='lat' dir='ltr'><strong>app.</strong></span> <span class='ocrx_word' id='word_1_629' title='bbox 1853 4612 1990 4679; x_wconf 80' lang='lat' dir='ltr'><strong>Aug.</strong></span> 
     </span>
    </p>
   </div>
   <div class='ocr_carea' id='block_1_80' title="bbox 415 4675 1351 4746">
    <p class='ocr_par' dir='ltr' id='par_1_80' title="bbox 415 4675 1351 4746">
     <span class='ocr_line' id='line_1_80' title="bbox 415 4675 1351 4746; baseline -0.001 -16"><span class='ocrx_word' id='word_1_630' title='bbox 415 4690 484 4730; x_wconf 79' lang='lat' dir='ltr'><strong>ex</strong></span> <span class='ocrx_word' id='word_1_631' title='bbox 522 4692 620 4731; x_wconf 76' lang='lat' dir='ltr'><strong>ms.</strong></span> <span class='ocrx_word' id='word_1_632' title='bbox 653 4675 811 4732; x_wconf 85' lang='lat' dir='ltr'><strong>Corb.</strong></span> <span class='ocrx_word' id='word_1_633' title='bbox 847 4678 1077 4746; x_wconf 84' lang='lat' dir='ltr'><strong>Reliqui,</strong></span> <span class='ocrx_word' id='word_1_634' title='bbox 1106 4675 1171 4727; x_wconf 88' lang='lat' dir='ltr'><strong>Et</strong></span> <span class='ocrx_word' id='word_1_635' title='bbox 1194 4677 1351 4744; x_wconf 81' lang='lat' dir='ltr'><strong>infra.</strong></span> 
     </span>
    </p>
   </div>
   <div class='ocr_carea' id='block_1_81' title="bbox 489 4746 1992 4815">
    <p class='ocr_par' dir='ltr' id='par_1_81' title="bbox 489 4746 1992 4815">
     <span class='ocr_line' id='line_1_81' title="bbox 489 4746 1992 4815; baseline 0.003 -15"><span class='ocrx_word' id='word_1_636' title='bbox 489 4756 512 4784; x_wconf 80' lang='grc' dir='ltr'><strong><em>ο</em></strong></span> <span class='ocrx_word' id='word_1_637' title='bbox 547 4747 620 4800; x_wconf 90' lang='lat' dir='ltr'><strong>lla</strong></span> <span class='ocrx_word' id='word_1_638' title='bbox 654 4762 755 4801; x_wconf 91' lang='lat' dir='ltr'><strong>ms.</strong></span> <span class='ocrx_word' id='word_1_639' title='bbox 788 4749 893 4803; x_wconf 78' lang='lat' dir='ltr'><strong>Jul.</strong></span> <span class='ocrx_word' id='word_1_640' title='bbox 935 4757 987 4801; x_wconf 89' lang='lat' dir='ltr'><strong>et</strong></span> <span class='ocrx_word' id='word_1_641' title='bbox 1012 4747 1140 4800; x_wconf 85' lang='lat' dir='ltr'><strong>edit.</strong></span> <span class='ocrx_word' id='word_1_642' title='bbox 1168 4746 1304 4815; x_wconf 76' lang='lat' dir='ltr'><strong>Mug.</strong></span> <span class='ocrx_word' id='word_1_643' title='bbox 1338 4761 1399 4800; x_wconf 89' lang='lat' dir='ltr'><strong>ac</strong></span> <span class='ocrx_word' id='word_1_644' title='bbox 1417 4746 1552 4801; x_wconf 85' lang='lat' dir='ltr'><strong>Ven.</strong></span> <span class='ocrx_word' id='word_1_645' title='bbox 1583 4749 1799 4813; x_wconf 69' lang='lat' dir='ltr'><strong>Cmteri,</strong></span> <span class='ocrx_word' id='word_1_646' title='bbox 1832 4753 1902 4805; x_wconf 90' lang='lat' dir='ltr'><strong>ita</strong></span> <span class='ocrx_word' id='word_1_647' title='bbox 1932 4768 1992 4804; x_wconf 90' lang='lat' dir='ltr'><strong>ne</strong></span> 
     </span>
    </p>
   </div>
   <div class='ocr_carea' id='block_1_82' title="bbox 414 4816 1937 4889">
    <p class='ocr_par' dir='ltr' id='par_1_82' title="bbox 414 4816 1937 4889">
     <span class='ocr_line' id='line_1_82' title="bbox 414 4816 1937 4889; baseline 0.003 -18"><span class='ocrx_word' id='word_1_648' title='bbox 414 4817 611 4889; x_wconf 73' lang='lat' dir='ltr'><strong>perﬁci.</strong></span> <span class='ocrx_word' id='word_1_649' title='bbox 644 4817 701 4872; x_wconf 84' lang='lat' dir='ltr'><strong>lu</strong></span> <span class='ocrx_word' id='word_1_650' title='bbox 742 4819 937 4872; x_wconf 85' lang='lat' dir='ltr'><strong>eodem</strong></span> <span class='ocrx_word' id='word_1_651' title='bbox 967 4834 1067 4889; x_wconf 59' lang='lat' dir='ltr'><strong>tus.</strong></span> <span class='ocrx_word' id='word_1_652' title='bbox 1098 4816 1200 4870; x_wconf 60' lang='lat' dir='ltr'><strong>Jul.</strong></span> <span class='ocrx_word' id='word_1_653' title='bbox 1232 4832 1391 4884; x_wconf 84' lang='lat' dir='ltr'><strong>supra</strong></span> <span class='ocrx_word' id='word_1_654' title='bbox 1423 4821 1711 4889; x_wconf 82' lang='lat' dir='ltr'><strong>omittitur,</strong></span> <span class='ocrx_word' id='word_1_655' title='bbox 1745 4823 1937 4876; x_wconf 88' lang='lat' dir='ltr'><strong>dicens.</strong></span> 
     </span>
    </p>
   </div>
   <div class='ocr_carea' id='block_1_83' title="bbox 486 4886 1310 4953">
    <p class='ocr_par' dir='ltr' id='par_1_83' title="bbox 486 4886 1310 4953">
     <span class='ocr_line' id='line_1_83' title="bbox 486 4886 1310 4953; baseline -0.008 -9"><span class='ocrx_word' id='word_1_656' title='bbox 486 4888 506 4925; x_wconf 73' lang='grc' dir='ltr'><em>τ</em></span> <span class='ocrx_word' id='word_1_657' title='bbox 530 4888 755 4953; x_wconf 73' lang='lat' dir='ltr'><strong>Quidam</strong></span> <span class='ocrx_word' id='word_1_658' title='bbox 777 4889 1011 4951; x_wconf 89' lang='lat' dir='ltr'><strong>codices,</strong></span> <span class='ocrx_word' id='word_1_659' title='bbox 1037 4886 1310 4940; x_wconf 79' lang='lat' dir='ltr'><strong>hominem.</strong></span> 
     </span>
    </p>
   </div>
   <div class='ocr_carea' id='block_1_84' title="bbox 484 4957 1990 5030">
    <p class='ocr_par' dir='ltr' id='par_1_84' title="bbox 484 4957 1990 5030">
     <span class='ocr_line' id='line_1_84' title="bbox 484 4957 1990 5030; baseline 0.001 -16"><span class='ocrx_word' id='word_1_660' title='bbox 484 4966 509 5001; x_wconf 75' lang='grc' dir='ltr'>ι</span> <span class='ocrx_word' id='word_1_661' title='bbox 538 4958 638 5013; x_wconf 85' lang='lat' dir='ltr'><strong>Ms.</strong></span> <span class='ocrx_word' id='word_1_662' title='bbox 660 4959 844 5024; x_wconf 87' lang='lat' dir='ltr'><strong>Corb.,</strong></span> <span class='ocrx_word' id='word_1_663' title='bbox 877 4974 1197 5028; x_wconf 86' lang='lat' dir='ltr'><strong>aversosque.</strong></span> <span class='ocrx_word' id='word_1_664' title='bbox 1227 4957 1370 5012; x_wconf 82' lang='lat' dir='ltr'><strong>Edit.</strong></span> <span class='ocrx_word' id='word_1_665' title='bbox 1404 4958 1545 5030; x_wconf 76' lang='lat' dir='ltr'><strong>Mog.</strong></span> <span class='ocrx_word' id='word_1_666' title='bbox 1576 4969 1630 5015; x_wconf 91' lang='lat' dir='ltr'><strong>et</strong></span> <span class='ocrx_word' id='word_1_667' title='bbox 1664 4960 1826 5027; x_wconf 85' lang='lat' dir='ltr'><strong>Ven.,</strong></span> <span class='ocrx_word' id='word_1_668' title='bbox 1874 4978 1990 5030; x_wconf 88' lang='lat' dir='ltr'><strong>per-</strong></span> 
     </span>
    </p>
   </div>
   <div class='ocr_carea' id='block_1_85' title="bbox 411 5044 868 5094">
    <p class='ocr_par' dir='ltr' id='par_1_85' title="bbox 411 5044 868 5094">
     <span class='ocr_line' id='line_1_85' title="bbox 411 5044 868 5094; baseline -0.002 -13"><span class='ocrx_word' id='word_1_669' title='bbox 411 5044 696 5094; x_wconf 73' lang='lat' dir='ltr'><strong>versosque.</strong></span> <span class='ocrx_word' id='word_1_670' title='bbox 859 5072 868 5080; x_wconf 93' lang='lat'><strong>.</strong></span> 
     </span>
    </p>
   </div>
   <div class='ocr_carea' id='block_1_86' title="bbox 484 5096 1988 5169">
    <p class='ocr_par' dir='ltr' id='par_1_86' title="bbox 484 5096 1988 5169">
     <span class='ocr_line' id='line_1_86' title="bbox 484 5096 1988 5169; baseline 0.003 -18"><span class='ocrx_word' id='word_1_671' title='bbox 484 5096 509 5134; x_wconf 77' lang='grc' dir='ltr'>ιι</span> <span class='ocrx_word' id='word_1_672' title='bbox 532 5099 629 5169; x_wconf 85' lang='lat' dir='ltr'><strong>llic</strong></span> <span class='ocrx_word' id='word_1_673' title='bbox 655 5099 883 5165; x_wconf 84' lang='lat' dir='ltr'><strong>Lovan.,</strong></span> <span class='ocrx_word' id='word_1_674' title='bbox 910 5099 1074 5154; x_wconf 87' lang='lat' dir='ltr'><strong>Duae.</strong></span> <span class='ocrx_word' id='word_1_675' title='bbox 1098 5107 1155 5153; x_wconf 89' lang='lat' dir='ltr'><strong>et</strong></span> <span class='ocrx_word' id='word_1_676' title='bbox 1169 5097 1356 5153; x_wconf 81' lang='lat' dir='ltr'><strong>Colon.</strong></span> <span class='ocrx_word' id='word_1_677' title='bbox 1387 5098 1591 5153; x_wconf 91' lang='lat' dir='ltr'><strong>addunt</strong></span> <span class='ocrx_word' id='word_1_678' title='bbox 1614 5116 1842 5169; x_wconf 85' lang='lat' dir='ltr'><strong>semper:</strong></span> <span class='ocrx_word' id='word_1_679' title='bbox 1870 5116 1988 5166; x_wconf 67' lang='lat' dir='ltr'><strong>qua:</strong></span> 
     </span>
    </p>
   </div>
   <div class='ocr_carea' id='block_1_87' title="bbox 410 5168 1985 5241">
    <p class='ocr_par' dir='ltr' id='par_1_87' title="bbox 410 5168 1985 5241">
     <span class='ocr_line' id='line_1_87' title="bbox 410 5168 1985 5241; baseline 0.002 -19"><span class='ocrx_word' id='word_1_680' title='bbox 410 5184 512 5241; x_wconf 62' lang='lat' dir='ltr'><strong>vox</strong></span> <span class='ocrx_word' id='word_1_681' title='bbox 534 5168 687 5241; x_wconf 75' lang='lat' dir='ltr'><strong>abest</strong></span> <span class='ocrx_word' id='word_1_682' title='bbox 709 5185 737 5222; x_wconf 91' lang='lat' dir='ltr'><strong>a</strong></span> <span class='ocrx_word' id='word_1_683' title='bbox 769 5185 899 5225; x_wconf 87' lang='lat' dir='ltr'><strong>mss.</strong></span> <span class='ocrx_word' id='word_1_684' title='bbox 927 5171 1030 5226; x_wconf 86' lang='lat' dir='ltr'><strong>Jol.</strong></span> <span class='ocrx_word' id='word_1_685' title='bbox 1055 5170 1218 5225; x_wconf 89' lang='lat' dir='ltr'><strong>Corb.</strong></span> <span class='ocrx_word' id='word_1_686' title='bbox 1250 5180 1303 5223; x_wconf 91' lang='lat' dir='ltr'><strong>et</strong></span> <span class='ocrx_word' id='word_1_687' title='bbox 1324 5168 1533 5240; x_wconf 83' lang='lat' dir='ltr'><strong>Remig.</strong></span> <span class='ocrx_word' id='word_1_688' title='bbox 1568 5186 1630 5225; x_wconf 89' lang='lat' dir='ltr'><strong>ac</strong></span> <span class='ocrx_word' id='word_1_689' title='bbox 1656 5168 1786 5226; x_wconf 90' lang='lat' dir='ltr'><strong>edit.</strong></span> <span class='ocrx_word' id='word_1_690' title='bbox 1820 5172 1985 5241; x_wconf 83' lang='lat' dir='ltr'><strong>Mog.,</strong></span> 
     </span>
    </p>
   </div>
   <div class='ocr_carea' id='block_1_88' title="bbox 410 5234 815 5308">
    <p class='ocr_par' dir='ltr' id='par_1_88' title="bbox 410 5234 815 5308">
     <span class='ocr_line' id='line_1_88' title="bbox 410 5234 815 5308; baseline -0.002 -15"><span class='ocrx_word' id='word_1_691' title='bbox 410 5234 545 5293; x_wconf 81' lang='lat' dir='ltr'><strong>Ven.</strong></span> <span class='ocrx_word' id='word_1_692' title='bbox 569 5249 623 5293; x_wconf 89' lang='lat' dir='ltr'><strong>et</strong></span> <span class='ocrx_word' id='word_1_693' title='bbox 646 5239 815 5308; x_wconf 76' lang='lat' dir='ltr'><strong>Lugd.</strong></span> 
     </span>
    </p>
   </div>
   <div class='ocr_carea' id='block_1_89' title="bbox 486 5308 1482 5381">
    <p class='ocr_par' dir='ltr' id='par_1_89' title="bbox 486 5308 1482 5381">
     <span class='ocr_line' id='line_1_89' title="bbox 486 5308 1482 5381; baseline -0.002 -16"><span class='ocrx_word' id='word_1_694' title='bbox 486 5311 501 5347; x_wconf 77' lang='grc' dir='ltr'>ί</span> <span class='ocrx_word' id='word_1_695' title='bbox 535 5310 635 5381; x_wconf 70' lang='lat' dir='ltr'><strong>Ms.</strong></span> <span class='ocrx_word' id='word_1_696' title='bbox 658 5310 761 5365; x_wconf 84' lang='lat' dir='ltr'><strong>Jol.</strong></span> <span class='ocrx_word' id='word_1_697' title='bbox 783 5319 935 5381; x_wconf 79' lang='lat' dir='ltr'><strong>caret</strong></span> <span class='ocrx_word' id='word_1_698' title='bbox 961 5308 1061 5363; x_wconf 89' lang='lat' dir='ltr'><strong>hac</strong></span> <span class='ocrx_word' id='word_1_699' title='bbox 1090 5323 1245 5381; x_wconf 84' lang='lat' dir='ltr'><strong>voce,</strong></span> <span class='ocrx_word' id='word_1_700' title='bbox 1263 5310 1482 5381; x_wconf 82' lang='lat' dir='ltr'><strong>jugiter.</strong></span> 
     </span>
    </p>
   </div>
   <div class='ocr_carea' id='block_1_90' title="bbox 483 5378 1980 5449">
    <p class='ocr_par' dir='ltr' id='par_1_90' title="bbox 483 5378 1980 5449">
     <span class='ocr_line' id='line_1_90' title="bbox 483 5378 1980 5449; baseline 0.003 -19"><span class='ocrx_word' id='word_1_701' title='bbox 483 5382 497 5430; x_wconf 87' lang='lat' dir='ltr'><strong>i</strong></span> <span class='ocrx_word' id='word_1_702' title='bbox 533 5378 679 5436; x_wconf 85' lang='lat' dir='ltr'><strong>Edit.</strong></span> <span class='ocrx_word' id='word_1_703' title='bbox 700 5380 890 5449; x_wconf 88' lang='lat' dir='ltr'><strong>Lugd.,</strong></span> <span class='ocrx_word' id='word_1_704' title='bbox 915 5380 1072 5442; x_wconf 85' lang='lat' dir='ltr'><strong>Lov.,</strong></span> <span class='ocrx_word' id='word_1_705' title='bbox 1101 5378 1543 5435; x_wconf 58' lang='lat' dir='ltr'><strong>Duac.et&#39;Colon.</strong></span> <span class='ocrx_word' id='word_1_706' title='bbox 1561 5380 1786 5443; x_wconf 88' lang='lat' dir='ltr'><strong>addunt,</strong></span> <span class='ocrx_word' id='word_1_707' title='bbox 1808 5382 1980 5435; x_wconf 85' lang='lat' dir='ltr'><strong>etiam.</strong></span> 
     </span>
    </p>
   </div>
   <div class='ocr_carea' id='block_1_91' title="bbox 408 5449 1977 5575">
    <p class='ocr_par' dir='ltr' id='par_1_91' title="bbox 408 5449 1977 5575">
     <span class='ocr_line' id='line_1_91' title="bbox 408 5449 1977 5522; baseline -0.001 -16"><span class='ocrx_word' id='word_1_708' title='bbox 408 5449 535 5506; x_wconf 65' lang='lat' dir='ltr'><strong>Mss.</strong></span> <span class='ocrx_word' id='word_1_709' title='bbox 563 5452 693 5520; x_wconf 86' lang='lat' dir='ltr'><strong>Jo..,</strong></span> <span class='ocrx_word' id='word_1_710' title='bbox 732 5451 942 5522; x_wconf 77' lang='lat' dir='ltr'><strong>Remig.</strong></span> <span class='ocrx_word' id='word_1_711' title='bbox 980 5460 1034 5507; x_wconf 88' lang='lat' dir='ltr'><strong>et</strong></span> <span class='ocrx_word' id='word_1_712' title='bbox 1078 5450 1238 5507; x_wconf 88' lang='lat' dir='ltr'><strong>Corb.</strong></span> <span class='ocrx_word' id='word_1_713' title='bbox 1292 5466 1397 5504; x_wconf 89' lang='lat' dir='ltr'><strong>non</strong></span> <span class='ocrx_word' id='word_1_714' title='bbox 1430 5451 1653 5517; x_wconf 86' lang='lat' dir='ltr'><strong>addunt,</strong></span> <span class='ocrx_word' id='word_1_715' title='bbox 1704 5467 1802 5508; x_wconf 89' lang='lat' dir='ltr'><strong>nec</strong></span> <span class='ocrx_word' id='word_1_716' title='bbox 1848 5451 1977 5505; x_wconf 89' lang='lat' dir='ltr'><strong>edit.</strong></span> 
     </span>
     <span class='ocr_line' id='line_1_92' title="bbox 408 5521 805 5575; baseline 0 0"><span class='ocrx_word' id='word_1_717' title='bbox 408 5521 548 5575; x_wconf 75' lang='lat' dir='ltr'><strong>Mue.</strong></span> <span class='ocrx_word' id='word_1_718' title='bbox 586 5530 638 5575; x_wconf 90' lang='lat' dir='ltr'><strong>et</strong></span> <span class='ocrx_word' id='word_1_719' title='bbox 671 5521 805 5575; x_wconf 83' lang='lat' dir='ltr'><strong>Ven.</strong></span> 
     </span>
    </p>
   </div>
   <div class='ocr_carea' id='block_1_92' title="bbox 460 5530 805 5586">
    <p class='ocr_par' dir='ltr' id='par_1_92' title="bbox 460 5530 805 5586">
     <span class='ocr_line' id='line_1_93' title="bbox 460 5530 805 5586; baseline 0.003 -11"><span class='ocrx_word' id='word_1_720' title='bbox 460 5536 548 5586; x_wconf 75' lang='lat' dir='ltr'><strong>ag.</strong></span> <span class='ocrx_word' id='word_1_721' title='bbox 586 5530 638 5575; x_wconf 90' lang='lat' dir='ltr'><strong>et</strong></span> <span class='ocrx_word' id='word_1_722' title='bbox 673 5530 805 5576; x_wconf 80' lang='lat' dir='ltr'><strong>Ven.</strong></span> 
     </span>
    </p>
   </div>
   <div class='ocr_carea' id='block_1_93' title="bbox 478 5589 1982 5663">
    <p class='ocr_par' dir='ltr' id='par_1_93' title="bbox 478 5589 1982 5663">
     <span class='ocr_line' id='line_1_94' title="bbox 478 5589 1982 5663; baseline 0.003 -21"><span class='ocrx_word' id='word_1_723' title='bbox 478 5591 504 5630; x_wconf 81' lang='grc' dir='ltr'><strong>Ιι</strong></span> <span class='ocrx_word' id='word_1_724' title='bbox 534 5590 812 5646; x_wconf 82' lang='lat' dir='ltr'><strong>Editiones</strong></span> <span class='ocrx_word' id='word_1_725' title='bbox 841 5592 1077 5662; x_wconf 79' lang='lat' dir='ltr'><strong>Mogunt.</strong></span> <span class='ocrx_word' id='word_1_726' title='bbox 1111 5600 1166 5647; x_wconf 88' lang='lat' dir='ltr'><strong>et</strong></span> <span class='ocrx_word' id='word_1_727' title='bbox 1190 5589 1352 5659; x_wconf 76' lang='lat' dir='ltr'><strong>Ven.,</strong></span> <span class='ocrx_word' id='word_1_728' title='bbox 1399 5592 1638 5663; x_wconf 87' lang='lat' dir='ltr'><strong>Sequitur</strong></span> <span class='ocrx_word' id='word_1_729' title='bbox 1680 5592 1837 5646; x_wconf 89' lang='lat' dir='ltr'><strong>enim.</strong></span> <span class='ocrx_word' id='word_1_730' title='bbox 1878 5593 1982 5646; x_wconf 86' lang='lat' dir='ltr'><strong>Alii</strong></span> 
     </span>
    </p>
   </div>
   <div class='ocr_carea' id='block_1_94' title="bbox 408 5664 872 5729">
    <p class='ocr_par' dir='ltr' id='par_1_94' title="bbox 408 5664 872 5729">
     <span class='ocr_line' id='line_1_95' title="bbox 408 5664 872 5729; baseline 0.004 -16"><span class='ocrx_word' id='word_1_731' title='bbox 408 5664 645 5729; x_wconf 83' lang='lat' dir='ltr'><strong>codices,</strong></span> <span class='ocrx_word' id='word_1_732' title='bbox 678 5670 872 5715; x_wconf 87' lang='lat' dir='ltr'><strong>autem.</strong></span> 
     </span>
    </p>
   </div>
   <div class='ocr_carea' id='block_1_95' title="bbox 482 5730 1981 5804">
    <p class='ocr_par' dir='ltr' id='par_1_95' title="bbox 482 5730 1981 5804">
     <span class='ocr_line' id='line_1_96' title="bbox 482 5730 1981 5804; baseline 0.001 -16"><span class='ocrx_word' id='word_1_733' title='bbox 482 5730 501 5772; x_wconf 78' lang='grc' dir='ltr'><strong><em>ι</em></strong></span> <span class='ocrx_word' id='word_1_734' title='bbox 536 5734 625 5788; x_wconf 75' lang='lat' dir='ltr'><strong>Sic</strong></span> <span class='ocrx_word' id='word_1_735' title='bbox 664 5733 857 5801; x_wconf 81' lang='lat' dir='ltr'><strong>legitur</strong></span> <span class='ocrx_word' id='word_1_736' title='bbox 901 5734 957 5788; x_wconf 87' lang='lat' dir='ltr'><strong>in</strong></span> <span class='ocrx_word' id='word_1_737' title='bbox 1000 5746 1129 5786; x_wconf 83' lang='lat' dir='ltr'><strong>mss.</strong></span> <span class='ocrx_word' id='word_1_738' title='bbox 1158 5732 1349 5801; x_wconf 89' lang='lat' dir='ltr'><strong>Corb.,</strong></span> <span class='ocrx_word' id='word_1_739' title='bbox 1383 5733 1585 5804; x_wconf 80' lang='lat' dir='ltr'><strong>Remig.</strong></span> <span class='ocrx_word' id='word_1_740' title='bbox 1616 5746 1670 5791; x_wconf 90' lang='lat' dir='ltr'><strong>et</strong></span> <span class='ocrx_word' id='word_1_741' title='bbox 1700 5732 1801 5791; x_wconf 85' lang='lat' dir='ltr'><strong>.lol.</strong></span> <span class='ocrx_word' id='word_1_742' title='bbox 1835 5749 1896 5790; x_wconf 83' lang='lat' dir='ltr'><strong>ac</strong></span> <span class='ocrx_word' id='word_1_743' title='bbox 1928 5734 1981 5789; x_wconf 89' lang='lat' dir='ltr'><strong>in</strong></span> 
     </span>
    </p>
   </div>
   <div class='ocr_carea' id='block_1_96' title="bbox 2108 3243 3689 3318">
    <p class='ocr_par' dir='ltr' id='par_1_96' title="bbox 2108 3243 3689 3318">
     <span class='ocr_line' id='line_1_97' title="bbox 2108 3243 3689 3318; baseline 0.002 -19"><span class='ocrx_word' id='word_1_744' title='bbox 2108 3252 2215 3299; x_wconf 89' lang='lat' dir='ltr'><strong>tam</strong></span> <span class='ocrx_word' id='word_1_745' title='bbox 2246 3245 2484 3313; x_wconf 87' lang='lat' dir='ltr'><strong>ineptum</strong></span> <span class='ocrx_word' id='word_1_746' title='bbox 2514 3253 2597 3299; x_wconf 89' lang='lat' dir='ltr'><strong>est</strong></span> <span class='ocrx_word' id='word_1_747' title='bbox 2626 3243 2828 3309; x_wconf 87' lang='lat' dir='ltr'><strong>dicere,</strong></span> <span class='ocrx_word' id='word_1_748' title='bbox 2880 3244 3024 3314; x_wconf 90' lang='lat' dir='ltr'><strong>quod</strong></span> <span class='ocrx_word' id='word_1_749' title='bbox 3054 3245 3334 3316; x_wconf 87' lang='lat' dir='ltr'><strong>quisquam</strong></span> <span class='ocrx_word' id='word_1_750' title='bbox 3361 3247 3425 3301; x_wconf 89' lang='lat' dir='ltr'><strong>ad</strong></span> <span class='ocrx_word' id='word_1_751' title='bbox 3470 3248 3689 3318; x_wconf 88' lang='lat' dir='ltr'><strong>partici-</strong></span> 
     </span>
    </p>
   </div>
   <div class='ocr_carea' id='block_1_97' title="bbox 2105 3335 3688 3412">
    <p class='ocr_par' dir='ltr' id='par_1_97' title="bbox 2105 3335 3688 3412">
     <span class='ocr_line' id='line_1_98' title="bbox 2105 3335 3688 3412; baseline 0.005 -23"><span class='ocrx_word' id='word_1_752' title='bbox 2105 3335 2375 3406; x_wconf 90' lang='lat' dir='ltr'><strong>pationem</strong></span> <span class='ocrx_word' id='word_1_753' title='bbox 2404 3336 2589 3404; x_wconf 65' lang='lat' dir='ltr'><strong>gratiae</strong></span> <span class='ocrx_word' id='word_1_754' title='bbox 2625 3336 2809 3391; x_wconf 88' lang='lat' dir='ltr'><strong>tendat</strong></span> <span class='ocrx_word' id='word_1_755' title='bbox 2830 3336 3053 3403; x_wconf 87' lang='lat' dir='ltr'><strong>invitus,</strong></span> <span class='ocrx_word' id='word_1_756' title='bbox 3084 3353 3245 3408; x_wconf 89' lang='lat' dir='ltr'><strong>quam</strong></span> <span class='ocrx_word' id='word_1_757' title='bbox 3271 3354 3516 3396; x_wconf 86' lang='lat' dir='ltr'><strong>asserere</strong></span> <span class='ocrx_word' id='word_1_758' title='bbox 3542 3343 3688 3412; x_wconf 85' lang='lat' dir='ltr'><strong>quod</strong></span> 
     </span>
    </p>
   </div>
   <div class='ocr_carea' id='block_1_98' title="bbox 2107 3425 3485 3497">
    <p class='ocr_par' dir='ltr' id='par_1_98' title="bbox 2107 3425 3485 3497">
     <span class='ocr_line' id='line_1_99' title="bbox 2107 3425 3485 3497; baseline 0.004 -16"><span class='ocrx_word' id='word_1_759' title='bbox 2107 3426 2249 3482; x_wconf 82' lang='lat' dir='ltr'><strong>ullus</strong></span> <span class='ocrx_word' id='word_1_760' title='bbox 2273 3425 2340 3480; x_wconf 90' lang='lat' dir='ltr'><strong>ad</strong></span> <span class='ocrx_word' id='word_1_761' title='bbox 2369 3440 2487 3480; x_wconf 90' lang='lat' dir='ltr'><strong>eam</strong></span> <span class='ocrx_word' id='word_1_762' title='bbox 2514 3440 2619 3481; x_wconf 90' lang='lat' dir='ltr'><strong>non</strong></span> <span class='ocrx_word' id='word_1_763' title='bbox 2646 3426 2848 3497; x_wconf 88' lang='lat' dir='ltr'><strong>Spiritu</strong></span> <span class='ocrx_word' id='word_1_764' title='bbox 2876 3427 2969 3483; x_wconf 89' lang='lat' dir='ltr'><strong>Dei</strong></span> <span class='ocrx_word' id='word_1_765' title='bbox 3000 3429 3186 3485; x_wconf 85' lang='lat' dir='ltr'><strong>veniat</strong></span> <span class='ocrx_word' id='word_1_766' title='bbox 3212 3430 3485 3489; x_wconf 86' lang='lat' dir='ltr'><strong>incitatus.</strong></span> 
     </span>
    </p>
   </div>
   <div class='ocr_carea' id='block_1_99' title="bbox 2102 3693 3688 3770">
    <p class='ocr_par' dir='ltr' id='par_1_99' title="bbox 2102 3693 3688 3770">
     <span class='ocr_line' id='line_1_100' title="bbox 2102 3693 3688 3770; baseline 0.005 -22"><span class='ocrx_word' id='word_1_767' title='bbox 2102 3693 2232 3770; x_wconf 69' lang='lat' dir='ltr'><strong>edit.</strong></span> <span class='ocrx_word' id='word_1_768' title='bbox 2266 3695 2431 3770; x_wconf 86' lang='lat' dir='ltr'><strong>Mog._,</strong></span> <span class='ocrx_word' id='word_1_769' title='bbox 2471 3695 2619 3770; x_wconf 61' lang='lat' dir='ltr'><strong>Ven.</strong></span> <span class='ocrx_word' id='word_1_770' title='bbox 2638 3706 2691 3751; x_wconf 88' lang='lat' dir='ltr'><strong>et</strong></span> <span class='ocrx_word' id='word_1_771' title='bbox 2722 3696 2893 3770; x_wconf 85' lang='lat' dir='ltr'><strong>Lugd.</strong></span> <span class='ocrx_word' id='word_1_772' title='bbox 2930 3696 3011 3770; x_wconf 78' lang='lat' dir='ltr'><strong>At</strong></span> <span class='ocrx_word' id='word_1_773' title='bbox 3059 3697 3410 3770; x_wconf 85' lang='lat' dir='ltr'><strong>edit.Lugd.,</strong></span> <span class='ocrx_word' id='word_1_774' title='bbox 3434 3698 3602 3755; x_wconf 88' lang='lat' dir='ltr'><strong>Duae.</strong></span> <span class='ocrx_word' id='word_1_775' title='bbox 3632 3711 3688 3756; x_wconf 75' lang='lat' dir='ltr'><strong>et</strong></span> 
     </span>
    </p>
   </div>
   <div class='ocr_carea' id='block_1_100' title="bbox 2102 3763 3688 3843">
    <p class='ocr_par' dir='ltr' id='par_1_100' title="bbox 2102 3763 3688 3843">
     <span class='ocr_line' id='line_1_101' title="bbox 2102 3763 3688 3843; baseline 0.003 -25"><span class='ocrx_word' id='word_1_776' title='bbox 2102 3763 2290 3843; x_wconf 79' lang='lat' dir='ltr'><strong>Colon.</strong></span> <span class='ocrx_word' id='word_1_777' title='bbox 2322 3767 2525 3843; x_wconf 78' lang='lat' dir='ltr'><strong>addunt</strong></span> <span class='ocrx_word' id='word_1_778' title='bbox 2572 3768 2677 3843; x_wconf 79' lang='lat' dir='ltr'><strong>hic,</strong></span> <span class='ocrx_word' id='word_1_779' title='bbox 2725 3763 3027 3843; x_wconf 72' lang='lat' dir='ltr'><strong>confestim;</strong></span> <span class='ocrx_word' id='word_1_780' title='bbox 3058 3768 3255 3843; x_wconf 76' lang='lat' dir='ltr'><strong>deinde</strong></span> <span class='ocrx_word' id='word_1_781' title='bbox 3286 3763 3502 3843; x_wconf 68' lang='lat' dir='ltr'><strong>habent,</strong></span> <span class='ocrx_word' id='word_1_782' title='bbox 3532 3783 3688 3843; x_wconf 86' lang='lat' dir='ltr'><strong>atque</strong></span> 
     </span>
    </p>
   </div>
   <div class='ocr_carea' id='block_1_101' title="bbox 2104 3837 3687 3906">
    <p class='ocr_par' dir='ltr' id='par_1_101' title="bbox 2104 3837 3687 3906">
     <span class='ocr_line' id='line_1_102' title="bbox 2104 3837 3687 3906; baseline 0.006 -18"><span class='ocrx_word' id='word_1_783' title='bbox 2104 3837 2381 3906; x_wconf 88' lang='lat' dir='ltr'><strong>confortat,</strong></span> <span class='ocrx_word' id='word_1_784' title='bbox 2414 3848 2462 3891; x_wconf 92' lang='lat' dir='ltr'><strong>et</strong></span> <span class='ocrx_word' id='word_1_785' title='bbox 2491 3837 2667 3889; x_wconf 90' lang='lat' dir='ltr'><strong>incitat</strong></span> <span class='ocrx_word' id='word_1_786' title='bbox 2693 3839 2762 3890; x_wconf 90' lang='lat' dir='ltr'><strong>ad</strong></span> <span class='ocrx_word' id='word_1_787' title='bbox 2803 3837 3043 3892; x_wconf 86' lang='lat' dir='ltr'><strong>salutem.</strong></span> <span class='ocrx_word' id='word_1_788' title='bbox 3088 3838 3231 3894; x_wconf 88' lang='lat' dir='ltr'><strong>Idem</strong></span> <span class='ocrx_word' id='word_1_789' title='bbox 3266 3842 3491 3896; x_wconf 89' lang='lat' dir='ltr'><strong>habetur</strong></span> <span class='ocrx_word' id='word_1_790' title='bbox 3520 3837 3687 3899; x_wconf 76' lang='lat' dir='ltr'><strong>etiam</strong></span> 
     </span>
    </p>
   </div>
   <div class='ocr_carea' id='block_1_102' title="bbox 2104 3906 3395 3979">
    <p class='ocr_par' dir='ltr' id='par_1_102' title="bbox 2104 3906 3395 3979">
     <span class='ocr_line' id='line_1_103' title="bbox 2104 3906 3395 3979; baseline 0.005 -20"><span class='ocrx_word' id='word_1_791' title='bbox 2104 3906 2156 3961; x_wconf 90' lang='lat' dir='ltr'><strong>in</strong></span> <span class='ocrx_word' id='word_1_792' title='bbox 2184 3908 2416 3979; x_wconf 88' lang='lat' dir='ltr'><strong>appeud.</strong></span> <span class='ocrx_word' id='word_1_793' title='bbox 2448 3907 2675 3979; x_wconf 78' lang='lat' dir='ltr'><strong>AuguSt.</strong></span> <span class='ocrx_word' id='word_1_794' title='bbox 2712 3924 2814 3961; x_wconf 88' lang='lat' dir='ltr'><strong>non</strong></span> <span class='ocrx_word' id='word_1_795' title='bbox 2846 3912 3074 3975; x_wconf 83' lang='lat' dir='ltr'><strong>omisso,</strong></span> <span class='ocrx_word' id='word_1_796' title='bbox 3105 3911 3395 3979; x_wconf 77' lang='lat' dir='ltr'><strong>confestim.</strong></span> 
     </span>
    </p>
   </div>
   <div class='ocr_carea' id='block_1_103' title="bbox 2174 3978 3687 4051">
    <p class='ocr_par' dir='ltr' id='par_1_103' title="bbox 2174 3978 3687 4051">
     <span class='ocr_line' id='line_1_104' title="bbox 2174 3978 3687 4051; baseline 0.006 -21"><span class='ocrx_word' id='word_1_797' title='bbox 2174 3984 2213 4051; x_wconf 63' lang='grc' dir='ltr'><strong>ξυ</strong></span> <span class='ocrx_word' id='word_1_798' title='bbox 2242 3978 2520 4051; x_wconf 83' lang='lat' dir='ltr'><strong>Editioues</strong></span> <span class='ocrx_word' id='word_1_799' title='bbox 2550 3978 2782 4048; x_wconf 83' lang='lat' dir='ltr'><strong>Moguut.</strong></span> <span class='ocrx_word' id='word_1_800' title='bbox 2809 3988 2862 4034; x_wconf 88' lang='lat' dir='ltr'><strong>et</strong></span> <span class='ocrx_word' id='word_1_801' title='bbox 2896 3980 3053 4045; x_wconf 77' lang='lat' dir='ltr'><strong>Veu.,</strong></span> <span class='ocrx_word' id='word_1_802' title='bbox 3081 3981 3157 4035; x_wconf 88' lang='lat' dir='ltr'><strong>vel</strong></span> <span class='ocrx_word' id='word_1_803' title='bbox 3177 3978 3289 4051; x_wconf 75' lang='lat' dir='ltr'><strong>qua:</strong></span> <span class='ocrx_word' id='word_1_804' title='bbox 3309 3990 3481 4037; x_wconf 88' lang='lat' dir='ltr'><strong>nostro</strong></span> <span class='ocrx_word' id='word_1_805' title='bbox 3499 3995 3687 4040; x_wconf 79' lang='lat' dir='ltr'><strong>conatu</strong></span> 
     </span>
    </p>
   </div>
   <div class='ocr_carea' id='block_1_104' title="bbox 2101 4047 2597 4102">
    <p class='ocr_par' dir='ltr' id='par_1_104' title="bbox 2101 4047 2597 4102">
     <span class='ocr_line' id='line_1_105' title="bbox 2101 4047 2597 4102; baseline 0.004 -2"><span class='ocrx_word' id='word_1_806' title='bbox 2101 4047 2300 4100; x_wconf 84' lang='lat' dir='ltr'><strong>videtur</strong></span> <span class='ocrx_word' id='word_1_807' title='bbox 2319 4049 2597 4102; x_wconf 85' lang='lat' dir='ltr'><strong>emersisse.</strong></span> 
     </span>
    </p>
   </div>
   <div class='ocr_carea' id='block_1_105' title="bbox 2170 4117 3081 4189">
    <p class='ocr_par' dir='ltr' id='par_1_105' title="bbox 2170 4117 3081 4189">
     <span class='ocr_line' id='line_1_106' title="bbox 2170 4117 3081 4189; baseline 0.005 -19"><span class='ocrx_word' id='word_1_808' title='bbox 2170 4126 2197 4153; x_wconf 73' lang='grc' dir='ltr'><strong><em>ιλ</em></strong></span> <span class='ocrx_word' id='word_1_809' title='bbox 2229 4118 2328 4189; x_wconf 61' lang='lat' dir='ltr'><strong>bis.</strong></span> <span class='ocrx_word' id='word_1_810' title='bbox 2359 4117 2637 4189; x_wconf 80' lang='lat' dir='ltr'><strong>Jolieusis,</strong></span> <span class='ocrx_word' id='word_1_811' title='bbox 2674 4130 2793 4172; x_wconf 90' lang='lat' dir='ltr'><strong>sunt</strong></span> <span class='ocrx_word' id='word_1_812' title='bbox 2826 4121 3081 4189; x_wconf 89' lang='lat' dir='ltr'><strong>plantata.</strong></span> 
     </span>
    </p>
   </div>
   <div class='ocr_carea' id='block_1_106' title="bbox 2171 4188 3681 4260">
    <p class='ocr_par' dir='ltr' id='par_1_106' title="bbox 2171 4188 3681 4260">
     <span class='ocr_line' id='line_1_107' title="bbox 2171 4188 3681 4260; baseline 0.005 -19"><span class='ocrx_word' id='word_1_813' title='bbox 2171 4196 2196 4223; x_wconf 82' lang='grc' dir='ltr'>υ</span> <span class='ocrx_word' id='word_1_814' title='bbox 2227 4188 2321 4260; x_wconf 88' lang='lat' dir='ltr'><strong>Sic</strong></span> <span class='ocrx_word' id='word_1_815' title='bbox 2371 4202 2499 4241; x_wconf 90' lang='lat' dir='ltr'><strong>mss.</strong></span> <span class='ocrx_word' id='word_1_816' title='bbox 2549 4188 2737 4260; x_wconf 80' lang='lat' dir='ltr'><strong>Corb.,</strong></span> <span class='ocrx_word' id='word_1_817' title='bbox 2779 4190 2968 4260; x_wconf 82' lang='lat' dir='ltr'><strong>Remig</strong></span> <span class='ocrx_word' id='word_1_818' title='bbox 3022 4201 3076 4247; x_wconf 91' lang='lat' dir='ltr'><strong>et</strong></span> <span class='ocrx_word' id='word_1_819' title='bbox 3116 4191 3361 4257; x_wconf 87' lang='lat' dir='ltr'><strong>Joliens.,</strong></span> <span class='ocrx_word' id='word_1_820' title='bbox 3392 4207 3513 4249; x_wconf 90' lang='lat' dir='ltr'><strong>cum</strong></span> <span class='ocrx_word' id='word_1_821' title='bbox 3544 4195 3681 4249; x_wconf 89' lang='lat' dir='ltr'><strong>edit.</strong></span> 
     </span>
    </p>
   </div>
   <div class='ocr_carea' id='block_1_107' title="bbox 2099 4257 3681 4333">
    <p class='ocr_par' dir='ltr' id='par_1_107' title="bbox 2099 4257 3681 4333">
     <span class='ocr_line' id='line_1_108' title="bbox 2099 4257 3681 4333; baseline 0.007 -25"><span class='ocrx_word' id='word_1_822' title='bbox 2099 4257 2349 4333; x_wconf 69' lang='lat' dir='ltr'><strong>Lugdun.</strong></span> <span class='ocrx_word' id='word_1_823' title='bbox 2396 4267 2450 4313; x_wconf 89' lang='lat' dir='ltr'><strong>et</strong></span> <span class='ocrx_word' id='word_1_824' title='bbox 2495 4259 2728 4333; x_wconf 78' lang='lat' dir='ltr'><strong>appeud.</strong></span> <span class='ocrx_word' id='word_1_825' title='bbox 2780 4257 3010 4325; x_wconf 70' lang='lat' dir='ltr'><strong>August.</strong></span> <span class='ocrx_word' id='word_1_826' title='bbox 3053 4266 3272 4316; x_wconf 88' lang='lat' dir='ltr'><strong>Atvero</strong></span> <span class='ocrx_word' id='word_1_827' title='bbox 3316 4264 3483 4333; x_wconf 83' lang='lat' dir='ltr'><strong>Mog..</strong></span> <span class='ocrx_word' id='word_1_828' title='bbox 3518 4265 3681 4329; x_wconf 71' lang='grc' dir='ltr'><strong>νου..</strong></span> 
     </span>
    </p>
   </div>
   <div class='ocr_carea' id='block_1_108' title="bbox 2099 4328 3678 4402">
    <p class='ocr_par' dir='ltr' id='par_1_108' title="bbox 2099 4328 3678 4402">
     <span class='ocr_line' id='line_1_109' title="bbox 2099 4328 3678 4402; baseline 0.006 -21"><span class='ocrx_word' id='word_1_829' title='bbox 2099 4328 2257 4402; x_wconf 83' lang='lat' dir='ltr'><strong>Lov.,</strong></span> <span class='ocrx_word' id='word_1_830' title='bbox 2282 4330 2447 4402; x_wconf 84' lang='lat' dir='ltr'><strong>Duae.</strong></span> <span class='ocrx_word' id='word_1_831' title='bbox 2479 4339 2531 4382; x_wconf 88' lang='lat' dir='ltr'><strong>et</strong></span> <span class='ocrx_word' id='word_1_832' title='bbox 2552 4330 2771 4395; x_wconf 80' lang='lat' dir='ltr'><strong>Colon.,</strong></span> <span class='ocrx_word' id='word_1_833' title='bbox 2795 4342 3099 4402; x_wconf 89' lang='lat' dir='ltr'><strong>possunt....</strong></span> <span class='ocrx_word' id='word_1_834' title='bbox 3121 4349 3229 4387; x_wconf 90' lang='lat' dir='ltr'><strong>esse</strong></span> <span class='ocrx_word' id='word_1_835' title='bbox 3249 4328 3510 4389; x_wconf 72' lang='lat' dir='ltr'><strong>dicuntur.</strong></span> <span class='ocrx_word' id='word_1_836' title='bbox 3531 4335 3678 4390; x_wconf 85' lang='lat' dir='ltr'><strong>Edit.</strong></span> 
     </span>
    </p>
   </div>
   <div class='ocr_carea' id='block_1_109' title="bbox 2101 4399 2556 4469">
    <p class='ocr_par' dir='ltr' id='par_1_109' title="bbox 2101 4399 2556 4469">
     <span class='ocr_line' id='line_1_110' title="bbox 2101 4399 2556 4469; baseline -0.004 -15"><span class='ocrx_word' id='word_1_837' title='bbox 2101 4399 2261 4469; x_wconf 78' lang='lat' dir='ltr'><strong>Aug.,</strong></span> <span class='ocrx_word' id='word_1_838' title='bbox 2297 4400 2556 4453; x_wconf 89' lang='lat' dir='ltr'><strong>dicantur.</strong></span> 
     </span>
    </p>
   </div>
   <div class='ocr_carea' id='block_1_110' title="bbox 2170 4469 3680 4542">
    <p class='ocr_par' dir='ltr' id='par_1_110' title="bbox 2170 4469 3680 4542">
     <span class='ocr_line' id='line_1_111' title="bbox 2170 4469 3680 4542; baseline 0.005 -22"><span class='ocrx_word' id='word_1_839' title='bbox 2170 4481 2197 4520; x_wconf 72' lang='grc' dir='ltr'><strong>ι)</strong></span> <span class='ocrx_word' id='word_1_840' title='bbox 2229 4471 2319 4525; x_wconf 87' lang='lat' dir='ltr'><strong>Sic</strong></span> <span class='ocrx_word' id='word_1_841' title='bbox 2349 4484 2480 4542; x_wconf 77' lang='lat' dir='ltr'><strong>mss.</strong></span> <span class='ocrx_word' id='word_1_842' title='bbox 2506 4469 2635 4535; x_wconf 89' lang='lat' dir='ltr'><strong>.lol.,</strong></span> <span class='ocrx_word' id='word_1_843' title='bbox 2662 4470 2826 4525; x_wconf 89' lang='lat' dir='ltr'><strong>Corb.</strong></span> <span class='ocrx_word' id='word_1_844' title='bbox 2863 4483 2917 4527; x_wconf 89' lang='lat' dir='ltr'><strong>et</strong></span> <span class='ocrx_word' id='word_1_845' title='bbox 2946 4473 3157 4539; x_wconf 76' lang='lat' dir='ltr'><strong>Remig.</strong></span> <span class='ocrx_word' id='word_1_846' title='bbox 3202 4483 3366 4542; x_wconf 91' lang='lat' dir='ltr'><strong>atque</strong></span> <span class='ocrx_word' id='word_1_847' title='bbox 3406 4475 3534 4529; x_wconf 88' lang='lat' dir='ltr'><strong>edit.</strong></span> <span class='ocrx_word' id='word_1_848' title='bbox 3562 4477 3680 4530; x_wconf 86' lang='lat' dir='ltr'><strong>Mo-</strong></span> 
     </span>
    </p>
   </div>
   <div class='ocr_carea' id='block_1_111' title="bbox 2027 4534 3678 4613">
    <p class='ocr_par' dir='ltr' id='par_1_111' title="bbox 2027 4534 3678 4613">
     <span class='ocr_line' id='line_1_112' title="bbox 2027 4534 3678 4613; baseline 0.005 -21"><span class='ocrx_word' id='word_1_849' title='bbox 2027 4534 2073 4592; x_wconf 91' lang='lat' dir='ltr'><strong>D</strong></span> <span class='ocrx_word' id='word_1_850' title='bbox 2100 4549 2253 4613; x_wconf 81' lang='lat' dir='ltr'><strong>gunt.</strong></span> <span class='ocrx_word' id='word_1_851' title='bbox 2286 4550 2339 4613; x_wconf 79' lang='lat' dir='ltr'><strong>et</strong></span> <span class='ocrx_word' id='word_1_852' title='bbox 2368 4540 2528 4613; x_wconf 82' lang='lat' dir='ltr'><strong>Ven.,</strong></span> <span class='ocrx_word' id='word_1_853' title='bbox 2561 4534 2789 4613; x_wconf 29' lang='lat' dir='ltr'><strong>es&#39;cepto</strong></span> <span class='ocrx_word' id='word_1_854' title='bbox 2827 4546 2966 4613; x_wconf 88' lang='lat' dir='ltr'><strong>quod</strong></span> <span class='ocrx_word' id='word_1_855' title='bbox 2997 4534 3232 4613; x_wconf 33' lang='lat' dir='ltr'><strong>Mog‘unt.</strong></span> <span class='ocrx_word' id='word_1_856' title='bbox 3266 4534 3426 4599; x_wconf 80' lang='lat' dir='ltr'><strong>habet</strong></span> <span class='ocrx_word' id='word_1_857' title='bbox 3452 4554 3499 4597; x_wconf 91' lang='lat' dir='ltr'><strong>et</strong></span> <span class='ocrx_word' id='word_1_858' title='bbox 3529 4548 3678 4600; x_wconf 85' lang='lat' dir='ltr'><strong>dicit.</strong></span> 
     </span>
    </p>
   </div>
   <div class='ocr_carea' id='block_1_112' title="bbox 2104 4610 3680 4686">
    <p class='ocr_par' dir='ltr' id='par_1_112' title="bbox 2104 4610 3680 4686">
     <span class='ocr_line' id='line_1_113' title="bbox 2104 4610 3680 4686; baseline 0.004 -22"><span class='ocrx_word' id='word_1_859' title='bbox 2104 4610 2243 4686; x_wconf 81' lang='lat' dir='ltr'><strong>Edit.</strong></span> <span class='ocrx_word' id='word_1_860' title='bbox 2293 4610 2561 4686; x_wconf 76' lang='lat' dir='ltr'><strong>Lugdun.,</strong></span> <span class='ocrx_word' id='word_1_861' title='bbox 2594 4611 2824 4686; x_wconf 84' lang='lat' dir='ltr'><strong>Lov_a_u.,</strong></span> <span class='ocrx_word' id='word_1_862' title='bbox 2845 4610 3032 4669; x_wconf 40' lang='lat' dir='ltr'><strong>’Duac.</strong></span> <span class='ocrx_word' id='word_1_863' title='bbox 3064 4610 3121 4669; x_wconf 77' lang='lat' dir='ltr'><strong>et</strong></span> <span class='ocrx_word' id='word_1_864' title='bbox 3147 4613 3361 4684; x_wconf 87' lang='lat' dir='ltr'><strong>Colon.,</strong></span> <span class='ocrx_word' id='word_1_865' title='bbox 3392 4615 3496 4670; x_wconf 89' lang='lat' dir='ltr'><strong>Sed</strong></span> <span class='ocrx_word' id='word_1_866' title='bbox 3534 4619 3680 4686; x_wconf 84' lang='lat' dir='ltr'><strong>capi-</strong></span> 
     </span>
    </p>
   </div>
   <div class='ocr_carea' id='block_1_113' title="bbox 2100 4681 2828 4745">
    <p class='ocr_par' dir='ltr' id='par_1_113' title="bbox 2100 4681 2828 4745">
     <span class='ocr_line' id='line_1_114' title="bbox 2100 4681 2828 4745; baseline 0.003 -12"><span class='ocrx_word' id='word_1_867' title='bbox 2100 4683 2207 4735; x_wconf 87' lang='lat' dir='ltr'><strong>tulo</strong></span> <span class='ocrx_word' id='word_1_868' title='bbox 2236 4698 2369 4735; x_wconf 90' lang='lat' dir='ltr'><strong>nono</strong></span> <span class='ocrx_word' id='word_1_869' title='bbox 2386 4681 2577 4745; x_wconf 88' lang='lat' dir='ltr'><strong>subdit,</strong></span> <span class='ocrx_word' id='word_1_870' title='bbox 2611 4694 2655 4735; x_wconf 91' lang='lat' dir='ltr'><strong>et</strong></span> <span class='ocrx_word' id='word_1_871' title='bbox 2684 4682 2828 4735; x_wconf 87' lang='lat' dir='ltr'><strong>dicit.</strong></span> 
     </span>
    </p>
   </div>
   <div class='ocr_carea' id='block_1_114' title="bbox 2170 4751 3679 4826">
    <p class='ocr_par' dir='ltr' id='par_1_114' title="bbox 2170 4751 3679 4826">
     <span class='ocr_line' id='line_1_115' title="bbox 2170 4751 3679 4826; baseline 0.007 -25"><span class='ocrx_word' id='word_1_872' title='bbox 2170 4762 2197 4801; x_wconf 76' lang='grc' dir='ltr'><strong>ει</strong></span> <span class='ocrx_word' id='word_1_873' title='bbox 2226 4751 2636 4826; x_wconf 75' lang='lat' dir='ltr'><strong>Edit._lliogunt.</strong></span> <span class='ocrx_word' id='word_1_874' title='bbox 2669 4764 2725 4806; x_wconf 87' lang='lat' dir='ltr'><strong>et</strong></span> <span class='ocrx_word' id='word_1_875' title='bbox 2757 4753 2913 4826; x_wconf 78' lang='lat' dir='ltr'><strong>ven..</strong></span> <span class='ocrx_word' id='word_1_876' title='bbox 2962 4764 3018 4807; x_wconf 87' lang='lat' dir='ltr'><strong>ut</strong></span> <span class='ocrx_word' id='word_1_877' title='bbox 3065 4756 3238 4824; x_wconf 88' lang='lat' dir='ltr'><strong>palant</strong></span> <span class='ocrx_word' id='word_1_878' title='bbox 3263 4765 3507 4826; x_wconf 90' lang='lat' dir='ltr'><strong>appareat</strong></span> <span class='ocrx_word' id='word_1_879' title='bbox 3545 4757 3679 4811; x_wconf 87' lang='lat' dir='ltr'><strong>inter</strong></span> 
     </span>
    </p>
   </div>
   <div class='ocr_carea' id='block_1_115' title="bbox 2098 4821 2945 4893">
    <p class='ocr_par' dir='ltr' id='par_1_115' title="bbox 2098 4821 2945 4893">
     <span class='ocr_line' id='line_1_116' title="bbox 2098 4821 2945 4893; baseline 0.001 -18"><span class='ocrx_word' id='word_1_880' title='bbox 2098 4822 2237 4881; x_wconf 84' lang='lat' dir='ltr'><strong>illos.</strong></span> <span class='ocrx_word' id='word_1_881' title='bbox 2260 4823 2349 4892; x_wconf 91' lang='lat' dir='ltr'><strong>qui</strong></span> <span class='ocrx_word' id='word_1_882' title='bbox 2375 4821 2522 4893; x_wconf 80' lang='lat' dir='ltr'><strong>illum</strong></span> <span class='ocrx_word' id='word_1_883' title='bbox 2546 4840 2647 4876; x_wconf 91' lang='lat' dir='ltr'><strong>non</strong></span> <span class='ocrx_word' id='word_1_884' title='bbox 2677 4824 2945 4893; x_wconf 85' lang='lat' dir='ltr'><strong>rogabant.</strong></span> 
     </span>
    </p>
   </div>
   <div class='ocr_carea' id='block_1_116' title="bbox 2172 4892 3677 4962">
    <p class='ocr_par' dir='ltr' id='par_1_116' title="bbox 2172 4892 3677 4962">
     <span class='ocr_line' id='line_1_117' title="bbox 2172 4892 3677 4962; baseline 0.001 -16"><span class='ocrx_word' id='word_1_885' title='bbox 2172 4902 2194 4931; x_wconf 73' lang='lat'>&#39;</span> <span class='ocrx_word' id='word_1_886' title='bbox 2219 4894 2361 4946; x_wconf 87' lang='lat' dir='ltr'><strong>Edit.</strong></span> <span class='ocrx_word' id='word_1_887' title='bbox 2387 4892 2653 4962; x_wconf 84' lang='lat' dir='ltr'><strong>Lugdun.,</strong></span> <span class='ocrx_word' id='word_1_888' title='bbox 2677 4892 2776 4945; x_wconf 82' lang='lat' dir='ltr'><strong>non</strong></span> <span class='ocrx_word' id='word_1_889' title='bbox 2799 4896 3103 4959; x_wconf 81' lang='lat' dir='ltr'><strong>credentem,</strong></span> <span class='ocrx_word' id='word_1_890' title='bbox 3119 4896 3206 4949; x_wconf 89' lang='lat' dir='ltr'><strong>sed</strong></span> <span class='ocrx_word' id='word_1_891' title='bbox 3223 4896 3677 4961; x_wconf 84' lang='lat' dir='ltr'><strong>contradicentem,</strong></span> 
     </span>
    </p>
   </div>
   <div class='ocr_carea' id='block_1_117' title="bbox 2095 4962 3582 5036">
    <p class='ocr_par' dir='ltr' id='par_1_117' title="bbox 2095 4962 3582 5036">
     <span class='ocr_line' id='line_1_118' title="bbox 2095 4962 3582 5036; baseline 0.001 -19"><span class='ocrx_word' id='word_1_892' title='bbox 2095 4963 2299 5036; x_wconf 84' lang='lat' dir='ltr'><strong>absque</strong></span> <span class='ocrx_word' id='word_1_893' title='bbox 2323 4962 2631 5036; x_wconf 19' lang='lat' dir='ltr'><strong>voce,»sibi;</strong></span> <span class='ocrx_word' id='word_1_894' title='bbox 2654 4965 2944 5036; x_wconf 61' lang='lat' dir='ltr'><strong>resistentes</strong></span> <span class='ocrx_word' id='word_1_895' title='bbox 2978 4982 3008 5017; x_wconf 92' lang='lat' dir='ltr'><strong>a</strong></span> <span class='ocrx_word' id='word_1_896' title='bbox 3038 4966 3186 5036; x_wconf 85' lang='lat' dir='ltr'><strong>longe</strong></span> <span class='ocrx_word' id='word_1_897' title='bbox 3213 4967 3399 5036; x_wconf 89' lang='lat' dir='ltr'><strong>positos</strong></span> <span class='ocrx_word' id='word_1_898' title='bbox 3426 4976 3582 5019; x_wconf 87' lang='lat' dir='ltr'><strong>vocet.</strong></span> 
     </span>
    </p>
   </div>
   <div class='ocr_carea' id='block_1_118' title="bbox 2171 5032 3675 5116">
    <p class='ocr_par' dir='ltr' id='par_1_118' title="bbox 2171 5032 3675 5116">
     <span class='ocr_line' id='line_1_119' title="bbox 2171 5032 3675 5116; baseline 0.001 -28"><span class='ocrx_word' id='word_1_899' title='bbox 2171 5042 2192 5116; x_wconf 66' lang='grc' dir='ltr'><strong>ξ’</strong></span> <span class='ocrx_word' id='word_1_900' title='bbox 2220 5035 2345 5116; x_wconf 54' lang='lat' dir='ltr'><strong>Mss:</strong></span> <span class='ocrx_word' id='word_1_901' title='bbox 2377 5032 2537 5088; x_wconf 90' lang='lat' dir='ltr'><strong>Corb.</strong></span> <span class='ocrx_word' id='word_1_902' title='bbox 2570 5042 2623 5087; x_wconf 89' lang='lat' dir='ltr'><strong>et</strong></span> <span class='ocrx_word' id='word_1_903' title='bbox 2651 5033 2859 5104; x_wconf 77' lang='lat' dir='ltr'><strong>Remig.</strong></span> <span class='ocrx_word' id='word_1_904' title='bbox 2893 5048 2955 5088; x_wconf 87' lang='lat' dir='ltr'><strong>ac</strong></span> <span class='ocrx_word' id='word_1_905' title='bbox 2986 5032 3399 5107; x_wconf 54' lang='lat' dir='ltr'><strong>edit.&#39;Mogunt.</strong></span> <span class='ocrx_word' id='word_1_906' title='bbox 3430 5046 3483 5092; x_wconf 90' lang='lat' dir='ltr'><strong>et</strong></span> <span class='ocrx_word' id='word_1_907' title='bbox 3511 5036 3675 5101; x_wconf 84' lang='lat' dir='ltr'><strong>Ven.,</strong></span> 
     </span>
    </p>
   </div>
   <div class='ocr_carea' id='block_1_119' title="bbox 2110 5121 2117 5143">
    <p class='ocr_par' dir='ltr' id='par_1_119' title="bbox 2110 5121 2117 5143">
     <span class='ocr_line' id='line_1_120' title="bbox 2110 5121 2117 5143; baseline 0 0"><span class='ocrx_word' id='word_1_908' title='bbox 2110 5121 2117 5143; x_wconf 81' lang='lat' dir='ltr'><strong>l</strong></span> 
     </span>
    </p>
   </div>
   <div class='ocr_carea' id='block_1_120' title="bbox 2093 5104 3142 5243">
    <p class='ocr_par' dir='ltr' id='par_1_120' title="bbox 2093 5104 3142 5243">
     <span class='ocr_line' id='line_1_121' title="bbox 2093 5104 2384 5173; baseline 0.007 -17"><span class='ocrx_word' id='word_1_909' title='bbox 2093 5104 2384 5173; x_wconf 82' lang='lat' dir='ltr'><strong>voluptatis.</strong></span> 
     </span>
     <span class='ocr_line' id='line_1_122' title="bbox 2170 5174 3142 5243; baseline 0 -16"><span class='ocrx_word' id='word_1_910' title='bbox 2170 5176 2187 5209; x_wconf 75' lang='grc' dir='ltr'>ι</span> <span class='ocrx_word' id='word_1_911' title='bbox 2228 5175 2323 5229; x_wconf 85' lang='lat' dir='ltr'><strong>Ms.</strong></span> <span class='ocrx_word' id='word_1_912' title='bbox 2356 5174 2722 5243; x_wconf 78' lang='lat' dir='ltr'><strong>Remigianus,</strong></span> <span class='ocrx_word' id='word_1_913' title='bbox 2752 5192 2852 5240; x_wconf 89' lang='lat' dir='ltr'><strong>qua</strong></span> <span class='ocrx_word' id='word_1_914' title='bbox 2879 5175 3142 5229; x_wconf 88' lang='lat' dir='ltr'><strong>doceatur.</strong></span> 
     </span>
    </p>
   </div>
   <div class='ocr_carea' id='block_1_121' title="bbox 2163 5244 3674 5317">
    <p class='ocr_par' dir='ltr' id='par_1_121' title="bbox 2163 5244 3674 5317">
     <span class='ocr_line' id='line_1_123' title="bbox 2163 5244 3674 5317; baseline 0.002 -20"><span class='ocrx_word' id='word_1_915' title='bbox 2163 5250 2192 5279; x_wconf 81' lang='grc' dir='ltr'><strong>ιι</strong></span> <span class='ocrx_word' id='word_1_916' title='bbox 2214 5245 2287 5298; x_wconf 85' lang='lat' dir='ltr'><strong>ita</strong></span> <span class='ocrx_word' id='word_1_917' title='bbox 2314 5244 2622 5317; x_wconf 76' lang='lat' dir='ltr'><strong>mss.Corb.</strong></span> <span class='ocrx_word' id='word_1_918' title='bbox 2653 5255 2706 5298; x_wconf 91' lang='lat' dir='ltr'><strong>et</strong></span> <span class='ocrx_word' id='word_1_919' title='bbox 2730 5246 2833 5300; x_wconf 76' lang='grc'><strong>⁴101.</strong></span> <span class='ocrx_word' id='word_1_920' title='bbox 2850 5260 2971 5301; x_wconf 90' lang='lat' dir='ltr'><strong>cum</strong></span> <span class='ocrx_word' id='word_1_921' title='bbox 2997 5246 3137 5317; x_wconf 77' lang='lat' dir='ltr'><strong>Mog.</strong></span> <span class='ocrx_word' id='word_1_922' title='bbox 3159 5245 3296 5303; x_wconf 79' lang='lat' dir='ltr'><strong>Ven.</strong></span> <span class='ocrx_word' id='word_1_923' title='bbox 3317 5258 3372 5303; x_wconf 87' lang='lat' dir='ltr'><strong>et</strong></span> <span class='ocrx_word' id='word_1_924' title='bbox 3393 5261 3517 5317; x_wconf 90' lang='lat' dir='ltr'><strong>app.</strong></span> <span class='ocrx_word' id='word_1_925' title='bbox 3538 5255 3674 5300; x_wconf 91' lang='lat' dir='ltr'><strong>tom.</strong></span> 
     </span>
    </p>
   </div>
   <div class='ocr_carea' id='block_1_122' title="bbox 2094 5313 2880 5385">
    <p class='ocr_par' dir='ltr' id='par_1_122' title="bbox 2094 5313 2880 5385">
     <span class='ocr_line' id='line_1_124' title="bbox 2094 5313 2880 5385; baseline 0.001 -18"><span class='ocrx_word' id='word_1_926' title='bbox 2094 5313 2141 5367; x_wconf 81' lang='grc' dir='ltr'>Χ</span> <span class='ocrx_word' id='word_1_927' title='bbox 2168 5318 2300 5381; x_wconf 78' lang='lat' dir='ltr'><strong>Aug.</strong></span> <span class='ocrx_word' id='word_1_928' title='bbox 2332 5316 2435 5369; x_wconf 84' lang='lat' dir='ltr'><strong>Alii</strong></span> <span class='ocrx_word' id='word_1_929' title='bbox 2461 5315 2685 5376; x_wconf 82' lang='lat' dir='ltr'><strong>addunt.</strong></span> <span class='ocrx_word' id='word_1_930' title='bbox 2711 5328 2880 5385; x_wconf 90' lang='lat' dir='ltr'><strong>atque.</strong></span> 
     </span>
    </p>
   </div>
   <div class='ocr_carea' id='block_1_123' title="bbox 2162 5385 3673 5457">
    <p class='ocr_par' dir='ltr' id='par_1_123' title="bbox 2162 5385 3673 5457">
     <span class='ocr_line' id='line_1_125' title="bbox 2162 5385 3673 5457; baseline 0.003 -19"><span class='ocrx_word' id='word_1_931' title='bbox 2162 5385 2356 5457; x_wconf 54' lang='lat' dir='ltr'><strong>YEdit.</strong></span> <span class='ocrx_word' id='word_1_932' title='bbox 2388 5385 2559 5454; x_wconf 88' lang='lat' dir='ltr'><strong>Lugd.</strong></span> <span class='ocrx_word' id='word_1_933' title='bbox 2594 5386 2733 5449; x_wconf 90' lang='lat' dir='ltr'><strong>sola,</strong></span> <span class='ocrx_word' id='word_1_934' title='bbox 2764 5389 2815 5440; x_wconf 90' lang='lat' dir='ltr'><strong>in</strong></span> <span class='ocrx_word' id='word_1_935' title='bbox 2847 5396 2972 5440; x_wconf 90' lang='lat' dir='ltr'><strong>toto.</strong></span> <span class='ocrx_word' id='word_1_936' title='bbox 3012 5387 3119 5441; x_wconf 83' lang='lat' dir='ltr'><strong>Sed</strong></span> <span class='ocrx_word' id='word_1_937' title='bbox 3152 5387 3320 5453; x_wconf 88' lang='lat' dir='ltr'><strong>male,</strong></span> <span class='ocrx_word' id='word_1_938' title='bbox 3351 5397 3408 5441; x_wconf 93' lang='lat' dir='ltr'><strong>ut</strong></span> <span class='ocrx_word' id='word_1_939' title='bbox 3435 5394 3581 5457; x_wconf 87' lang='lat' dir='ltr'><strong>patet</strong></span> <span class='ocrx_word' id='word_1_940' title='bbox 3609 5402 3673 5442; x_wconf 77' lang='lat' dir='ltr'><strong>ex</strong></span> 
     </span>
    </p>
   </div>
   <div class='ocr_carea' id='block_1_124' title="bbox 2084 5455 3121 5511">
    <p class='ocr_par' dir='ltr' id='par_1_124' title="bbox 2084 5455 3121 5511">
     <span class='ocr_line' id='line_1_126' title="bbox 2084 5455 3121 5511; baseline 0.001 -3"><span class='ocrx_word' id='word_1_941' title='bbox 2084 5455 2204 5509; x_wconf 89' lang='lat' dir='ltr'><strong>aliis</strong></span> <span class='ocrx_word' id='word_1_942' title='bbox 2230 5457 2504 5510; x_wconf 78' lang='lat' dir='ltr'><strong>codicibus</strong></span> <span class='ocrx_word' id='word_1_943' title='bbox 2529 5465 2584 5510; x_wconf 87' lang='lat' dir='ltr'><strong>et</strong></span> <span class='ocrx_word' id='word_1_944' title='bbox 2610 5471 2772 5511; x_wconf 81' lang='lat' dir='ltr'><strong>sensu</strong></span> <span class='ocrx_word' id='word_1_945' title='bbox 2804 5457 2905 5509; x_wconf 89' lang='lat' dir='ltr'><strong>loci</strong></span> <span class='ocrx_word' id='word_1_946' title='bbox 2937 5459 3121 5511; x_wconf 89' lang='lat' dir='ltr'><strong>totius.</strong></span> 
     </span>
    </p>
   </div>
   <div class='ocr_carea' id='block_1_125' title="bbox 2162 5526 3672 5597">
    <p class='ocr_par' dir='ltr' id='par_1_125' title="bbox 2162 5526 3672 5597">
     <span class='ocr_line' id='line_1_127' title="bbox 2162 5526 3672 5597; baseline 0 -18"><span class='ocrx_word' id='word_1_947' title='bbox 2162 5534 2188 5561; x_wconf 71' lang='grc' dir='ltr'>κ</span> <span class='ocrx_word' id='word_1_948' title='bbox 2216 5526 2491 5581; x_wconf 83' lang='lat' dir='ltr'><strong>Editioues</strong></span> <span class='ocrx_word' id='word_1_949' title='bbox 2517 5527 2752 5595; x_wconf 83' lang='lat' dir='ltr'><strong>Muguut.</strong></span> <span class='ocrx_word' id='word_1_950' title='bbox 2779 5539 2834 5580; x_wconf 90' lang='lat' dir='ltr'><strong>et</strong></span> <span class='ocrx_word' id='word_1_951' title='bbox 2855 5526 3012 5590; x_wconf 80' lang='lat' dir='ltr'><strong>Ven.,</strong></span> <span class='ocrx_word' id='word_1_952' title='bbox 3039 5527 3144 5581; x_wconf 85' lang='lat' dir='ltr'><strong>Sed</strong></span> <span class='ocrx_word' id='word_1_953' title='bbox 3165 5528 3290 5597; x_wconf 86' lang='lat' dir='ltr'><strong>quid</strong></span> <span class='ocrx_word' id='word_1_954' title='bbox 3313 5535 3417 5579; x_wconf 74' lang='lat' dir='ltr'><strong>tem</strong></span> <span class='ocrx_word' id='word_1_955' title='bbox 3443 5526 3672 5593; x_wconf 83' lang='lat' dir='ltr'><strong>ineptum</strong></span> 
     </span>
    </p>
   </div>
   <div class='ocr_carea' id='block_1_126' title="bbox 2086 5597 3671 5666">
    <p class='ocr_par' dir='ltr' id='par_1_126' title="bbox 2086 5597 3671 5666">
     <span class='ocr_line' id='line_1_128' title="bbox 2086 5597 3671 5666; baseline 0.001 -18"><span class='ocrx_word' id='word_1_956' title='bbox 2086 5604 2180 5660; x_wconf 79' lang='lat' dir='ltr'><strong>est,</strong></span> <span class='ocrx_word' id='word_1_957' title='bbox 2212 5613 2363 5665; x_wconf 84' lang='lat' dir='ltr'><strong>quant</strong></span> <span class='ocrx_word' id='word_1_958' title='bbox 2418 5597 2605 5663; x_wconf 87' lang='lat' dir='ltr'><strong>dicere,</strong></span> <span class='ocrx_word' id='word_1_959' title='bbox 2633 5597 2769 5660; x_wconf 79' lang='lat' dir='ltr'><strong>quod</strong></span> <span class='ocrx_word' id='word_1_960' title='bbox 2819 5598 3089 5665; x_wconf 73' lang='lat' dir='ltr'><strong>quisquam</strong></span> <span class='ocrx_word' id='word_1_961' title='bbox 3132 5599 3201 5651; x_wconf 89' lang='lat' dir='ltr'><strong>ad</strong></span> <span class='ocrx_word' id='word_1_962' title='bbox 3232 5597 3671 5666; x_wconf 84' lang='lat' dir='ltr'><strong>participationem</strong></span> 
     </span>
    </p>
   </div>
   <div class='ocr_carea' id='block_1_127' title="bbox 2086 5668 3667 5791">
    <p class='ocr_par' dir='ltr' id='par_1_127' title="bbox 2086 5668 3667 5791">
     <span class='ocr_line' id='line_1_129' title="bbox 2086 5668 3667 5791; baseline 0.001 -74"><span class='ocrx_word' id='word_1_963' title='bbox 2086 5668 2266 5791; x_wconf 57' lang='grc' dir='ltr'><strong>ςὲῗιίω</strong></span> <span class='ocrx_word' id='word_1_964' title='bbox 2287 5668 2461 5722; x_wconf 87' lang='lat' dir='ltr'><strong>tendat</strong></span> <span class='ocrx_word' id='word_1_965' title='bbox 2483 5668 2692 5723; x_wconf 86' lang='lat' dir='ltr'><strong>invitus.</strong></span> <span class='ocrx_word' id='word_1_966' title='bbox 2716 5668 2939 5723; x_wconf 66' lang='lat' dir='ltr'><strong>(laeteris</strong></span> <span class='ocrx_word' id='word_1_967' title='bbox 2961 5669 3363 5739; x_wconf 67' lang='lat' dir='ltr'><strong>praetermissis,</strong></span> <span class='ocrx_word' id='word_1_968' title='bbox 3390 5681 3557 5735; x_wconf 85' lang='lat' dir='ltr'><strong>usque</strong></span> <span class='ocrx_word' id='word_1_969' title='bbox 3578 5668 3667 5733; x_wconf 80' lang='lat' dir='ltr'><strong>ad,</strong></span> 
     </span>
     <span class='ocr_line' id='line_1_130' title="bbox 2130 5753 2371 5791; baseline 0 0"><span class='ocrx_word' id='word_1_970' title='bbox 2130 5753 2146 5791; x_wconf 88' lang='lat' dir='ltr'><strong>t</strong></span> <span class='ocrx_word' id='word_1_971' title='bbox 2174 5753 2202 5791; x_wconf 89' lang='grc' dir='ltr'><strong><em>ο</em></strong></span> <span class='ocrx_word' id='word_1_972' title='bbox 2231 5753 2371 5791; x_wconf 78' lang='lat' dir='ltr'><strong>srao.</strong></span> 
     </span>
    </p>
   </div>
   <div class='ocr_carea' id='block_1_128' title="bbox 2130 5746 2371 5809">
    <p class='ocr_par' dir='ltr' id='par_1_128' title="bbox 2130 5746 2371 5809">
     <span class='ocr_line' id='line_1_131' title="bbox 2130 5746 2371 5809; baseline 0.004 -18"><span class='ocrx_word' id='word_1_973' title='bbox 2130 5746 2202 5791; x_wconf 86' lang='lat' dir='ltr'><strong>tto</strong></span> <span class='ocrx_word' id='word_1_974' title='bbox 2231 5753 2371 5809; x_wconf 78' lang='lat' dir='ltr'><strong>ergo.</strong></span> 
     </span>
    </p>
   </div>
  </div>
