  <div class='ocr_page' id='page_1' title='image "/cluster/home/n/w/nwhite01/storage/ocr_20150623/51/hvd.32044054758610/116.png"; bbox 0 0 4030 6178; ppageno 0'>
   <div class='ocr_carea' id='block_1_1' title="bbox 231 283 325 341">
    <p class='ocr_par' dir='ltr' id='par_1_1' title="bbox 231 283 325 341">
     <span class='ocr_line' id='line_1_1' title="bbox 231 283 325 341; baseline 0.021 -2"><span class='ocrx_word' id='word_1_1' title='bbox 231 283 325 341; x_wconf 70' lang='grc'><strong>221</strong></span> 
     </span>
    </p>
   </div>
   <div class='ocr_carea' id='block_1_2' title="bbox 1352 270 2383 332">
    <p class='ocr_par' dir='ltr' id='par_1_2' title="bbox 1352 270 2383 332">
     <span class='ocr_line' id='line_1_2' title="bbox 1352 270 2383 332; baseline -0.003 0"><span class='ocrx_word' id='word_1_2' title='bbox 1352 275 1553 332; x_wconf 77' lang='lat' dir='ltr'><strong>LIBER</strong></span> <span class='ocrx_word' id='word_1_3' title='bbox 1590 270 1867 332; x_wconf 77' lang='lat' dir='ltr'><strong>CONTRA</strong></span> <span class='ocrx_word' id='word_1_4' title='bbox 1899 271 2383 331; x_wconf 73' lang='lat' dir='ltr'><strong>COLLATOREM.</strong></span> 
     </span>
    </p>
   </div>
   <div class='ocr_carea' id='block_1_3' title="bbox 3387 279 3496 332">
    <p class='ocr_par' dir='ltr' id='par_1_3' title="bbox 3387 279 3496 332">
     <span class='ocr_line' id='line_1_3' title="bbox 3387 279 3496 332; baseline 0 0"><span class='ocrx_word' id='word_1_5' title='bbox 3387 279 3496 332; x_wconf 63' lang='lat'><strong>2!!</strong></span> 
     </span>
    </p>
   </div>
   <div class='ocr_carea' id='block_1_4' title="bbox 292 387 3497 472">
    <p class='ocr_par' dir='ltr' id='par_1_4' title="bbox 292 387 3497 472">
     <span class='ocr_line' id='line_1_4' title="bbox 292 387 3497 472; baseline -0.005 -12"><span class='ocrx_word' id='word_1_6' title='bbox 292 408 345 461; x_wconf 84' lang='lat'><strong>5.</strong></span> <span class='ocrx_word' id='word_1_7' title='bbox 372 400 498 460; x_wconf 88' lang='lat' dir='ltr'><strong>Cito</strong></span> <span class='ocrx_word' id='word_1_8' title='bbox 527 414 660 472; x_wconf 88' lang='lat' dir='ltr'><strong>ergo</strong></span> <span class='ocrx_word' id='word_1_9' title='bbox 685 399 775 456; x_wconf 88' lang='lat' dir='ltr'><strong>hic</strong></span> <span class='ocrx_word' id='word_1_10' title='bbox 806 397 1113 467; x_wconf 77' lang='lat' dir='ltr'><strong>disputator</strong></span> <span class='ocrx_word' id='word_1_11' title='bbox 1144 393 1444 462; x_wconf 65' lang='lat' dir='ltr'><strong>przmissae</strong></span> <span class='ocrx_word' id='word_1_12' title='bbox 1473 389 1809 445; x_wconf 80' lang='lat' dir='ltr'><strong>definitionis</strong></span> <span class='ocrx_word' id='word_1_13' title='bbox 1836 391 1887 449; x_wconf 79' lang='grc' dir='ltr'><strong>Α</strong></span> <span class='ocrx_word' id='word_1_14' title='bbox 1914 402 2015 442; x_wconf 91' lang='lat' dir='ltr'><strong>nec</strong></span> <span class='ocrx_word' id='word_1_15' title='bbox 2044 387 2386 444; x_wconf 84' lang='lat' dir='ltr'><strong>inimicorum</strong></span> <span class='ocrx_word' id='word_1_16' title='bbox 2417 401 2741 444; x_wconf 81' lang='lat' dir='ltr'><strong>consensum</strong></span> <span class='ocrx_word' id='word_1_17' title='bbox 2769 389 3102 459; x_wconf 86' lang='lat' dir='ltr'><strong>acquireres,</strong></span> <span class='ocrx_word' id='word_1_18' title='bbox 3149 405 3251 447; x_wconf 90' lang='lat' dir='ltr'><strong>nec</strong></span> <span class='ocrx_word' id='word_1_19' title='bbox 3291 389 3344 445; x_wconf 86' lang='lat' dir='ltr'><strong>in</strong></span> <span class='ocrx_word' id='word_1_20' title='bbox 3399 407 3497 446; x_wconf 84' lang='lat' dir='ltr'><strong>no-</strong></span> 
     </span>
    </p>
   </div>
   <div class='ocr_carea' id='block_1_5' title="bbox 232 481 1809 559">
    <p class='ocr_par' dir='ltr' id='par_1_5' title="bbox 232 481 1809 559">
     <span class='ocr_line' id='line_1_5' title="bbox 232 481 1809 559; baseline -0.011 -6"><span class='ocrx_word' id='word_1_21' title='bbox 232 497 421 553; x_wconf 87' lang='lat' dir='ltr'><strong>oblitus</strong></span> <span class='ocrx_word' id='word_1_22' title='bbox 452 502 558 559; x_wconf 85' lang='lat' dir='ltr'><strong>est,</strong></span> <span class='ocrx_word' id='word_1_23' title='bbox 600 494 711 547; x_wconf 88' lang='lat' dir='ltr'><strong>cito</strong></span> <span class='ocrx_word' id='word_1_24' title='bbox 755 505 787 545; x_wconf 88' lang='lat' dir='ltr'><strong>a</strong></span> <span class='ocrx_word' id='word_1_25' title='bbox 828 488 1102 545; x_wconf 71' lang='lat' dir='ltr'><strong>sententia</strong></span> <span class='ocrx_word' id='word_1_26' title='bbox 1145 499 1240 540; x_wconf 88' lang='lat' dir='ltr'><strong>sua</strong></span> <span class='ocrx_word' id='word_1_27' title='bbox 1270 482 1559 539; x_wconf 58' lang='lat' dir='ltr'><strong>ﬂinstabili</strong></span> <span class='ocrx_word' id='word_1_28' title='bbox 1590 481 1809 536; x_wconf 83' lang='lat' dir='ltr'><strong>levitate</strong></span> 
     </span>
    </p>
   </div>
   <div class='ocr_carea' id='block_1_6' title="bbox 233 571 1809 647">
    <p class='ocr_par' dir='ltr' id='par_1_6' title="bbox 233 571 1809 647">
     <span class='ocr_line' id='line_1_6' title="bbox 233 571 1809 647; baseline -0.014 -2"><span class='ocrx_word' id='word_1_29' title='bbox 233 586 498 645; x_wconf 75' lang='lat' dir='ltr'><strong>dissensit.</strong></span> <span class='ocrx_word' id='word_1_30' title='bbox 548 585 774 640; x_wconf 79' lang='lat' dir='ltr'><strong>Dixerat</strong></span> <span class='ocrx_word' id='word_1_31' title='bbox 841 581 988 636; x_wconf 89' lang='lat' dir='ltr'><strong>enim</strong></span> <span class='ocrx_word' id='word_1_32' title='bbox 1057 575 1403 647; x_wconf 81' lang='lat' dir='ltr'><strong>regulariter,</strong></span> <span class='ocrx_word' id='word_1_33' title='bbox 1471 571 1596 627; x_wconf 88' lang='lat' dir='ltr'><strong>Non</strong></span> <span class='ocrx_word' id='word_1_34' title='bbox 1643 573 1809 626; x_wconf 89' lang='lat' dir='ltr'><strong>solum</strong></span> 
     </span>
    </p>
   </div>
   <div class='ocr_carea' id='block_1_7' title="bbox 232 660 1811 743">
    <p class='ocr_par' dir='ltr' id='par_1_7' title="bbox 232 660 1811 743">
     <span class='ocr_line' id='line_1_7' title="bbox 232 660 1811 743; baseline -0.014 -9"><span class='ocrx_word' id='word_1_35' title='bbox 232 690 455 743; x_wconf 79' lang='lat' dir='ltr'><strong>actuum,</strong></span> <span class='ocrx_word' id='word_1_36' title='bbox 505 692 684 731; x_wconf 87' lang='lat' dir='ltr'><strong>verum</strong></span> <span class='ocrx_word' id='word_1_37' title='bbox 710 675 863 729; x_wconf 89' lang='lat' dir='ltr'><strong>etiam</strong></span> <span class='ocrx_word' id='word_1_38' title='bbox 906 669 1273 741; x_wconf 76' lang='lat' dir='ltr'><strong>cogitationum</strong></span> <span class='ocrx_word' id='word_1_39' title='bbox 1320 665 1569 719; x_wconf 87' lang='lat' dir='ltr'><strong>bonarum</strong></span> <span class='ocrx_word' id='word_1_40' title='bbox 1601 676 1664 715; x_wconf 75' lang='lat' dir='ltr'><strong>ea:</strong></span> <span class='ocrx_word' id='word_1_41' title='bbox 1704 660 1811 713; x_wconf 90' lang='lat' dir='ltr'><strong>Deo</strong></span> 
     </span>
    </p>
   </div>
   <div class='ocr_carea' id='block_1_8' title="bbox 231 749 1811 841">
    <p class='ocr_par' dir='ltr' id='par_1_8' title="bbox 231 749 1811 841">
     <span class='ocr_line' id='line_1_8' title="bbox 231 749 1811 841; baseline -0.015 -14"><span class='ocrx_word' id='word_1_42' title='bbox 231 787 328 826; x_wconf 84' lang='lat' dir='ltr'><strong>esse</strong></span> <span class='ocrx_word' id='word_1_43' title='bbox 354 768 673 841; x_wconf 79' lang='lat' dir='ltr'><strong>principium</strong></span> <span class='ocrx_word' id='word_1_44' title='bbox 701 763 859 834; x_wconf 77' lang='lat' dir='ltr'><strong>(Vide</strong></span> <span class='ocrx_word' id='word_1_45' title='bbox 883 776 1064 831; x_wconf 91' lang='lat' dir='ltr'><strong>supra,</strong></span> <span class='ocrx_word' id='word_1_46' title='bbox 1087 775 1200 828; x_wconf 86' lang='lat' dir='ltr'><strong>cap.</strong></span> <span class='ocrx_word' id='word_1_47' title='bbox 1233 757 1288 821; x_wconf 73' lang='lat'><strong>2,</strong></span> <span class='ocrx_word' id='word_1_48' title='bbox 1322 772 1378 809; x_wconf 79' lang='grc' dir='ltr'><strong>η.</strong></span> <span class='ocrx_word' id='word_1_49' title='bbox 1405 754 1486 817; x_wconf 79' lang='lat'><strong>‘2).</strong></span> <span class='ocrx_word' id='word_1_50' title='bbox 1518 752 1585 806; x_wconf 87' lang='lat' dir='ltr'><strong>Et</strong></span> <span class='ocrx_word' id='word_1_51' title='bbox 1606 766 1674 806; x_wconf 87' lang='lat' dir='ltr'><strong>ne</strong></span> <span class='ocrx_word' id='word_1_52' title='bbox 1710 749 1811 841; x_wconf 84' lang='lat' dir='ltr'><strong>hoc</strong></span> 
     </span>
    </p>
   </div>
   <div class='ocr_carea' id='block_1_9' title="bbox 232 839 1809 916">
    <p class='ocr_par' dir='ltr' id='par_1_9' title="bbox 232 839 1809 916">
     <span class='ocr_line' id='line_1_9' title="bbox 232 839 1809 916; baseline -0.015 -1"><span class='ocrx_word' id='word_1_53' title='bbox 232 862 293 916; x_wconf 87' lang='lat' dir='ltr'><strong>de</strong></span> <span class='ocrx_word' id='word_1_54' title='bbox 313 839 569 914; x_wconf 83' lang='lat' dir='ltr'><strong>doctrina</strong></span> <span class='ocrx_word' id='word_1_55' title='bbox 614 855 954 912; x_wconf 77' lang='lat' dir='ltr'><strong>extrinsecus</strong></span> <span class='ocrx_word' id='word_1_56' title='bbox 1003 848 1245 904; x_wconf 86' lang='lat' dir='ltr'><strong>adhibita</strong></span> <span class='ocrx_word' id='word_1_57' title='bbox 1291 846 1517 901; x_wconf 85' lang='lat' dir='ltr'><strong>deberet</strong></span> <span class='ocrx_word' id='word_1_58' title='bbox 1554 839 1809 910; x_wconf 82' lang='lat' dir='ltr'><strong>intelligi,</strong></span> 
     </span>
    </p>
   </div>
   <div class='ocr_carea' id='block_1_10' title="bbox 233 934 1812 1023">
    <p class='ocr_par' dir='ltr' id='par_1_10' title="bbox 233 934 1812 1023">
     <span class='ocr_line' id='line_1_10' title="bbox 233 934 1812 1023; baseline -0.016 -13"><span class='ocrx_word' id='word_1_59' title='bbox 233 954 515 1023; x_wconf 76' lang='lat' dir='ltr'><strong>vigilanter</strong></span> <span class='ocrx_word' id='word_1_60' title='bbox 562 948 884 1004; x_wconf 87' lang='lat' dir='ltr'><strong>addiderat:</strong></span> <span class='ocrx_word' id='word_1_61' title='bbox 915 944 932 1015; x_wconf 83' lang='grc' dir='ltr'>Ῐ</span> <span class='ocrx_word' id='word_1_62' title='bbox 958 943 1101 996; x_wconf 79' lang='lat' dir='ltr'><strong>Alias</strong></span> <span class='ocrx_word' id='word_1_63' title='bbox 1132 940 1262 995; x_wconf 79' lang='lat' dir='ltr'><strong>CAP.</strong></span> <span class='ocrx_word' id='word_1_64' title='bbox 1296 937 1408 1008; x_wconf 74' lang='grc' dir='ltr'><strong>Ν.)</strong></span> <span class='ocrx_word' id='word_1_65' title='bbox 1462 936 1564 1001; x_wconf 83' lang='lat' dir='ltr'><strong>Qui</strong></span> <span class='ocrx_word' id='word_1_66' title='bbox 1595 934 1737 987; x_wconf 87' lang='lat' dir='ltr'><strong>nobis</strong></span> <span class='ocrx_word' id='word_1_67' title='bbox 1764 940 1812 985; x_wconf 88' lang='lat' dir='ltr'><strong>et</strong></span> 
     </span>
    </p>
   </div>
   <div class='ocr_carea' id='block_1_11' title="bbox 234 1031 1813 1106">
    <p class='ocr_par' dir='ltr' id='par_1_11' title="bbox 234 1031 1813 1106">
     <span class='ocr_line' id='line_1_11' title="bbox 234 1031 1813 1106; baseline -0.016 -6"><span class='ocrx_word' id='word_1_68' title='bbox 234 1047 366 1100; x_wconf 88' lang='lat' dir='ltr'><strong>initia</strong></span> <span class='ocrx_word' id='word_1_69' title='bbox 386 1053 585 1098; x_wconf 81' lang='lat' dir='ltr'><strong>sancta:</strong></span> <span class='ocrx_word' id='word_1_70' title='bbox 607 1038 888 1094; x_wconf 87' lang='lat' dir='ltr'><strong>voluntatis</strong></span> <span class='ocrx_word' id='word_1_71' title='bbox 914 1034 1150 1106; x_wconf 75' lang='lat' dir='ltr'><strong>inspirat,</strong></span> <span class='ocrx_word' id='word_1_72' title='bbox 1189 1040 1235 1085; x_wconf 87' lang='lat' dir='ltr'><strong>et</strong></span> <span class='ocrx_word' id='word_1_73' title='bbox 1264 1031 1499 1084; x_wconf 90' lang='lat' dir='ltr'><strong>virtutem</strong></span> <span class='ocrx_word' id='word_1_74' title='bbox 1539 1034 1693 1093; x_wconf 90' lang='lat' dir='ltr'><strong>atque</strong></span> <span class='ocrx_word' id='word_1_75' title='bbox 1717 1038 1813 1091; x_wconf 90' lang='lat' dir='ltr'><strong>op-</strong></span> 
     </span>
    </p>
   </div>
   <div class='ocr_carea' id='block_1_12' title="bbox 234 1117 1813 1210">
    <p class='ocr_par' dir='ltr' id='par_1_12' title="bbox 234 1117 1813 1210">
     <span class='ocr_line' id='line_1_12' title="bbox 234 1117 1813 1210; baseline -0.014 -20"><span class='ocrx_word' id='word_1_76' title='bbox 234 1138 593 1210; x_wconf 88' lang='lat' dir='ltr'><strong>portunitatem</strong></span> <span class='ocrx_word' id='word_1_77' title='bbox 632 1147 808 1186; x_wconf 89' lang='lat' dir='ltr'><strong>eorum</strong></span> <span class='ocrx_word' id='word_1_78' title='bbox 836 1143 949 1198; x_wconf 76' lang='lat' dir='ltr'><strong>qua:</strong></span> <span class='ocrx_word' id='word_1_79' title='bbox 991 1134 1126 1179; x_wconf 87' lang='lat' dir='ltr'><strong>recte</strong></span> <span class='ocrx_word' id='word_1_80' title='bbox 1178 1124 1431 1194; x_wconf 90' lang='lat' dir='ltr'><strong>cupimus,</strong></span> <span class='ocrx_word' id='word_1_81' title='bbox 1486 1117 1659 1173; x_wconf 84' lang='lat' dir='ltr'><strong>tribuit</strong></span> <span class='ocrx_word' id='word_1_82' title='bbox 1698 1132 1813 1187; x_wconf 88' lang='lat' dir='ltr'><strong>per-</strong></span> 
     </span>
    </p>
   </div>
   <div class='ocr_carea' id='block_1_13' title="bbox 235 1211 1813 1299">
    <p class='ocr_par' dir='ltr' id='par_1_13' title="bbox 235 1211 1813 1299">
     <span class='ocr_line' id='line_1_13' title="bbox 235 1211 1813 1299; baseline -0.012 -18"><span class='ocrx_word' id='word_1_83' title='bbox 235 1226 432 1299; x_wconf 82' lang='lat' dir='ltr'><strong>agendi.</strong></span> <span class='ocrx_word' id='word_1_84' title='bbox 465 1224 494 1263; x_wconf 66' lang='grc' dir='ltr'>δ</span> <span class='ocrx_word' id='word_1_85' title='bbox 526 1224 689 1277; x_wconf 86' lang='lat' dir='ltr'><strong>Omne</strong></span> <span class='ocrx_word' id='word_1_86' title='bbox 730 1223 866 1275; x_wconf 90' lang='lat' dir='ltr'><strong>enim</strong></span> <span class='ocrx_word' id='word_1_87' title='bbox 920 1218 1095 1271; x_wconf 89' lang='lat' dir='ltr'><strong>datum</strong></span> <span class='ocrx_word' id='word_1_88' title='bbox 1121 1216 1329 1279; x_wconf 90' lang='lat' dir='ltr'><strong>bonum,</strong></span> <span class='ocrx_word' id='word_1_89' title='bbox 1359 1221 1404 1267; x_wconf 89' lang='lat' dir='ltr'><strong>et</strong></span> <span class='ocrx_word' id='word_1_90' title='bbox 1436 1228 1582 1265; x_wconf 92' lang='lat' dir='ltr'><strong>omne</strong></span> <span class='ocrx_word' id='word_1_91' title='bbox 1620 1211 1813 1264; x_wconf 86' lang='lat' dir='ltr'><strong>donum</strong></span> 
     </span>
    </p>
   </div>
   <div class='ocr_carea' id='block_1_14' title="bbox 238 1304 1807 1388">
    <p class='ocr_par' dir='ltr' id='par_1_14' title="bbox 238 1304 1807 1388">
     <span class='ocr_line' id='line_1_14' title="bbox 238 1304 1807 1388; baseline -0.013 -15"><span class='ocrx_word' id='word_1_92' title='bbox 238 1321 513 1388; x_wconf 83' lang='lat' dir='ltr'><strong>perfectum</strong></span> <span class='ocrx_word' id='word_1_93' title='bbox 536 1316 804 1369; x_wconf 89' lang='lat' dir='ltr'><strong>desursum</strong></span> <span class='ocrx_word' id='word_1_94' title='bbox 836 1321 928 1377; x_wconf 87' lang='lat' dir='ltr'><strong>est,</strong></span> <span class='ocrx_word' id='word_1_95' title='bbox 959 1307 1266 1363; x_wconf 80' lang='lat' dir='ltr'><strong>descendens</strong></span> <span class='ocrx_word' id='word_1_96' title='bbox 1291 1322 1323 1359; x_wconf 90' lang='lat' dir='ltr'><strong>a</strong></span> <span class='ocrx_word' id='word_1_97' title='bbox 1356 1304 1513 1357; x_wconf 83' lang='lat' dir='ltr'><strong>Patre</strong></span> <span class='ocrx_word' id='word_1_98' title='bbox 1537 1304 1807 1369; x_wconf 90' lang='lat' dir='ltr'><strong>luminum,</strong></span> 
     </span>
    </p>
   </div>
   <div class='ocr_carea' id='block_1_15' title="bbox 236 1397 1816 1481">
    <p class='ocr_par' dir='ltr' id='par_1_15' title="bbox 236 1397 1816 1481">
     <span class='ocr_line' id='line_1_15' title="bbox 236 1397 1816 1481; baseline -0.011 -18"><span class='ocrx_word' id='word_1_99' title='bbox 236 1411 311 1481; x_wconf 84' lang='lat' dir='ltr'><strong>qui</strong></span> <span class='ocrx_word' id='word_1_100' title='bbox 332 1417 379 1463; x_wconf 90' lang='lat' dir='ltr'><strong>et</strong></span> <span class='ocrx_word' id='word_1_101' title='bbox 405 1407 590 1478; x_wconf 80' lang='lat' dir='ltr'><strong>incipit</strong></span> <span class='ocrx_word' id='word_1_102' title='bbox 617 1422 730 1475; x_wconf 74' lang='lat' dir='ltr'><strong>quae</strong></span> <span class='ocrx_word' id='word_1_103' title='bbox 758 1404 891 1457; x_wconf 90' lang='lat' dir='ltr'><strong>bona</strong></span> <span class='ocrx_word' id='word_1_104' title='bbox 930 1409 1071 1465; x_wconf 90' lang='lat' dir='ltr'><strong>sunt,</strong></span> <span class='ocrx_word' id='word_1_105' title='bbox 1102 1408 1150 1454; x_wconf 91' lang='lat' dir='ltr'><strong>et</strong></span> <span class='ocrx_word' id='word_1_106' title='bbox 1177 1397 1469 1467; x_wconf 74' lang='lat' dir='ltr'><strong>exsequitur</strong></span> <span class='ocrx_word' id='word_1_107' title='bbox 1498 1405 1546 1449; x_wconf 91' lang='lat' dir='ltr'><strong>et</strong></span> <span class='ocrx_word' id='word_1_108' title='bbox 1574 1410 1816 1448; x_wconf 87' lang='lat' dir='ltr'><strong>consum-</strong></span> 
     </span>
    </p>
   </div>
   <div class='ocr_carea' id='block_1_16' title="bbox 236 1488 1813 1560">
    <p class='ocr_par' dir='ltr' id='par_1_16' title="bbox 236 1488 1813 1560">
     <span class='ocr_line' id='line_1_16' title="bbox 236 1488 1813 1560; baseline -0.011 -3"><span class='ocrx_word' id='word_1_109' title='bbox 236 1511 329 1557; x_wconf 71' lang='lat' dir='ltr'><strong>mat</strong></span> <span class='ocrx_word' id='word_1_110' title='bbox 373 1502 433 1554; x_wconf 87' lang='lat' dir='ltr'><strong>in</strong></span> <span class='ocrx_word' id='word_1_111' title='bbox 485 1500 653 1554; x_wconf 89' lang='lat' dir='ltr'><strong>nobis.</strong></span> <span class='ocrx_word' id='word_1_112' title='bbox 690 1498 890 1552; x_wconf 87' lang='lat' dir='ltr'><strong>Doctor</strong></span> <span class='ocrx_word' id='word_1_113' title='bbox 932 1493 1224 1560; x_wconf 81' lang='lat' dir='ltr'><strong>catholica,</strong></span> <span class='ocrx_word' id='word_1_114' title='bbox 1276 1506 1373 1548; x_wconf 89' lang='lat' dir='ltr'><strong>cur</strong></span> <span class='ocrx_word' id='word_1_115' title='bbox 1418 1488 1813 1559; x_wconf 81' lang='lat' dir='ltr'><strong>professionem</strong></span> 
     </span>
    </p>
   </div>
   <div class='ocr_carea' id='block_1_17' title="bbox 237 1581 1811 1652">
    <p class='ocr_par' dir='ltr' id='par_1_17' title="bbox 237 1581 1811 1652">
     <span class='ocr_line' id='line_1_17' title="bbox 237 1581 1811 1652; baseline -0.01 -1"><span class='ocrx_word' id='word_1_116' title='bbox 237 1605 367 1651; x_wconf 87' lang='lat' dir='ltr'><strong>tuam</strong></span> <span class='ocrx_word' id='word_1_117' title='bbox 392 1592 649 1650; x_wconf 76' lang='lat' dir='ltr'><strong>deseris?</strong></span> <span class='ocrx_word' id='word_1_118' title='bbox 669 1593 775 1647; x_wconf 89' lang='lat' dir='ltr'><strong>Cur</strong></span> <span class='ocrx_word' id='word_1_119' title='bbox 796 1589 863 1646; x_wconf 86' lang='lat' dir='ltr'><strong>ad</strong></span> <span class='ocrx_word' id='word_1_120' title='bbox 895 1600 917 1628; x_wconf 74' lang='grc' dir='ltr'>α</span> <span class='ocrx_word' id='word_1_121' title='bbox 946 1588 1209 1643; x_wconf 89' lang='lat' dir='ltr'><strong>fumosam</strong></span> <span class='ocrx_word' id='word_1_122' title='bbox 1229 1584 1482 1640; x_wconf 77' lang='lat' dir='ltr'><strong>falsitatis</strong></span> <span class='ocrx_word' id='word_1_123' title='bbox 1503 1581 1811 1652; x_wconf 75' lang='lat' dir='ltr'><strong>caliginem,</strong></span> 
     </span>
    </p>
   </div>
   <div class='ocr_carea' id='block_1_18' title="bbox 1911 472 3490 552">
    <p class='ocr_par' dir='ltr' id='par_1_18' title="bbox 1911 472 3490 552">
     <span class='ocr_line' id='line_1_18' title="bbox 1911 472 3490 552; baseline 0.004 -21"><span class='ocrx_word' id='word_1_124' title='bbox 1911 488 2147 532; x_wconf 78' lang='lat' dir='ltr'><strong>atrorum</strong></span> <span class='ocrx_word' id='word_1_125' title='bbox 2193 478 2551 549; x_wconf 77' lang='lat' dir='ltr'><strong>intelligentia</strong></span> <span class='ocrx_word' id='word_1_126' title='bbox 2590 493 2938 549; x_wconf 89' lang='lat' dir='ltr'><strong>permaneres</strong></span> <span class='ocrx_word' id='word_1_127' title='bbox 2986 472 3154 552; x_wconf 75' lang='lat' dir='ltr'><strong>[Alias</strong></span> <span class='ocrx_word' id='word_1_128' title='bbox 3190 482 3317 536; x_wconf 73' lang='lat' dir='ltr'><strong>(In.</strong></span> <span class='ocrx_word' id='word_1_129' title='bbox 3349 481 3419 535; x_wconf 81' lang='lat' dir='ltr'><strong>Vl</strong></span> <span class='ocrx_word' id='word_1_130' title='bbox 3449 480 3490 552; x_wconf 69' lang='grc' dir='ltr'><strong>ἶ.</strong></span> 
     </span>
    </p>
   </div>
   <div class='ocr_carea' id='block_1_19' title="bbox 1910 568 3494 637">
    <p class='ocr_par' dir='ltr' id='par_1_19' title="bbox 1910 568 3494 637">
     <span class='ocr_line' id='line_1_19' title="bbox 1910 568 3494 637; baseline 0.003 -16"><span class='ocrx_word' id='word_1_131' title='bbox 1910 568 2197 637; x_wconf 86' lang='lat' dir='ltr'><strong>Quomodo</strong></span> <span class='ocrx_word' id='word_1_132' title='bbox 2236 578 2419 624; x_wconf 85' lang='lat' dir='ltr'><strong>autem</strong></span> <span class='ocrx_word' id='word_1_133' title='bbox 2450 585 2555 624; x_wconf 92' lang='lat' dir='ltr'><strong>non</strong></span> <span class='ocrx_word' id='word_1_134' title='bbox 2586 569 2845 637; x_wconf 90' lang='lat' dir='ltr'><strong>advertis,</strong></span> <span class='ocrx_word' id='word_1_135' title='bbox 2879 570 2893 621; x_wconf 85' lang='lat' dir='ltr'><strong>l</strong></span> <span class='ocrx_word' id='word_1_136' title='bbox 2935 579 2985 625; x_wconf 90' lang='lat' dir='ltr'><strong>te</strong></span> <span class='ocrx_word' id='word_1_137' title='bbox 3015 571 3067 625; x_wconf 91' lang='lat' dir='ltr'><strong>in</strong></span> <span class='ocrx_word' id='word_1_138' title='bbox 3108 572 3235 625; x_wconf 90' lang='lat' dir='ltr'><strong>illud</strong></span> <span class='ocrx_word' id='word_1_139' title='bbox 3268 573 3494 626; x_wconf 88' lang='lat' dir='ltr'><strong>damna-</strong></span> 
     </span>
    </p>
   </div>
   <div class='ocr_carea' id='block_1_20' title="bbox 1912 658 3492 732">
    <p class='ocr_par' dir='ltr' id='par_1_20' title="bbox 1912 658 3492 732">
     <span class='ocr_line' id='line_1_20' title="bbox 1912 658 3492 732; baseline 0.001 -20"><span class='ocrx_word' id='word_1_140' title='bbox 1912 668 2022 713; x_wconf 90' lang='lat' dir='ltr'><strong>tum</strong></span> <span class='ocrx_word' id='word_1_141' title='bbox 2051 658 2313 729; x_wconf 88' lang='lat' dir='ltr'><strong>incidere,</strong></span> <span class='ocrx_word' id='word_1_142' title='bbox 2357 660 2522 730; x_wconf 87' lang='lat' dir='ltr'><strong>quod,</strong></span> <span class='ocrx_word' id='word_1_143' title='bbox 2552 661 2689 716; x_wconf 87' lang='lat' dir='ltr'><strong>velis</strong></span> <span class='ocrx_word' id='word_1_144' title='bbox 2714 661 2876 727; x_wconf 91' lang='lat' dir='ltr'><strong>nolis,</strong></span> <span class='ocrx_word' id='word_1_145' title='bbox 2919 661 3259 717; x_wconf 87' lang='lat' dir='ltr'><strong>convinceris</strong></span> <span class='ocrx_word' id='word_1_146' title='bbox 3289 662 3492 732; x_wconf 74' lang='lat' dir='ltr'><strong>dicere,</strong></span> 
     </span>
    </p>
   </div>
   <div class='ocr_carea' id='block_1_21' title="bbox 1912 749 3493 818">
    <p class='ocr_par' dir='ltr' id='par_1_21' title="bbox 1912 749 3493 818">
     <span class='ocr_line' id='line_1_21' title="bbox 1912 749 3493 818; baseline 0.003 -15"><span class='ocrx_word' id='word_1_147' title='bbox 1912 749 2145 803; x_wconf 81' lang='lat' dir='ltr'><strong>Gratiam</strong></span> <span class='ocrx_word' id='word_1_148' title='bbox 2196 750 2294 804; x_wconf 83' lang='lat' dir='ltr'><strong>Dei</strong></span> <span class='ocrx_word' id='word_1_149' title='bbox 2322 753 2600 805; x_wconf 88' lang='lat' dir='ltr'><strong>secundum</strong></span> <span class='ocrx_word' id='word_1_150' title='bbox 2629 753 2810 806; x_wconf 87' lang='lat' dir='ltr'><strong>merita</strong></span> <span class='ocrx_word' id='word_1_151' title='bbox 2840 763 3012 806; x_wconf 90' lang='lat' dir='ltr'><strong>nostra</strong></span> <span class='ocrx_word' id='word_1_152' title='bbox 3042 754 3190 818; x_wconf 90' lang='lat' dir='ltr'><strong>dari;</strong></span> <span class='ocrx_word' id='word_1_153' title='bbox 3237 769 3360 808; x_wconf 91' lang='lat' dir='ltr'><strong>cum</strong></span> <span class='ocrx_word' id='word_1_154' title='bbox 3392 756 3493 807; x_wconf 87' lang='lat' dir='ltr'><strong>ali-</strong></span> 
     </span>
    </p>
   </div>
   <div class='ocr_carea' id='block_1_22' title="bbox 1912 840 3492 913">
    <p class='ocr_par' dir='ltr' id='par_1_22' title="bbox 1912 840 3492 913">
     <span class='ocr_line' id='line_1_22' title="bbox 1912 840 3492 913; baseline 0.002 -19"><span class='ocrx_word' id='word_1_155' title='bbox 1912 840 2037 910; x_wconf 91' lang='lat' dir='ltr'><strong>quid</strong></span> <span class='ocrx_word' id='word_1_156' title='bbox 2085 843 2391 911; x_wconf 73' lang='lat' dir='ltr'><strong>prmcedere</strong></span> <span class='ocrx_word' id='word_1_157' title='bbox 2437 844 2562 897; x_wconf 93' lang='lat' dir='ltr'><strong>boni</strong></span> <span class='ocrx_word' id='word_1_158' title='bbox 2615 844 2796 913; x_wconf 90' lang='lat' dir='ltr'><strong>operis</strong></span> <span class='ocrx_word' id='word_1_159' title='bbox 2845 859 2911 898; x_wconf 86' lang='lat' dir='ltr'><strong>ex</strong></span> <span class='ocrx_word' id='word_1_160' title='bbox 2963 844 3093 913; x_wconf 87' lang='lat' dir='ltr'><strong>ipsis</strong></span> <span class='ocrx_word' id='word_1_161' title='bbox 3144 845 3492 910; x_wconf 89' lang='lat' dir='ltr'><strong>hominibus,</strong></span> 
     </span>
    </p>
   </div>
   <div class='ocr_carea' id='block_1_23' title="bbox 1913 933 3493 1004">
    <p class='ocr_par' dir='ltr' id='par_1_23' title="bbox 1913 933 3493 1004">
     <span class='ocr_line' id='line_1_23' title="bbox 1913 933 3493 1004; baseline 0.003 -19"><span class='ocrx_word' id='word_1_162' title='bbox 1913 942 2137 1002; x_wconf 89' lang='lat' dir='ltr'><strong>propter</strong></span> <span class='ocrx_word' id='word_1_163' title='bbox 2164 933 2306 1002; x_wconf 91' lang='lat' dir='ltr'><strong>quod</strong></span> <span class='ocrx_word' id='word_1_164' title='bbox 2340 935 2568 1004; x_wconf 77' lang='lat' dir='ltr'><strong>gratiam</strong></span> <span class='ocrx_word' id='word_1_165' title='bbox 2602 945 3023 1004; x_wconf 89' lang='lat' dir='ltr'><strong>consequantur.</strong></span> <span class='ocrx_word' id='word_1_166' title='bbox 3056 936 3335 989; x_wconf 81' lang='lat' dir='ltr'><strong>affirmas?</strong></span> <span class='ocrx_word' id='word_1_167' title='bbox 3378 936 3493 990; x_wconf 85' lang='lat' dir='ltr'><strong>Non</strong></span> 
     </span>
    </p>
   </div>
   <div class='ocr_carea' id='block_1_24' title="bbox 1913 1023 3494 1096">
    <p class='ocr_par' dir='ltr' id='par_1_24' title="bbox 1913 1023 3494 1096">
     <span class='ocr_line' id='line_1_24' title="bbox 1913 1023 3494 1096; baseline 0.001 -18"><span class='ocrx_word' id='word_1_168' title='bbox 1913 1023 2055 1078; x_wconf 88' lang='lat' dir='ltr'><strong>enim</strong></span> <span class='ocrx_word' id='word_1_169' title='bbox 2103 1026 2303 1081; x_wconf 90' lang='lat' dir='ltr'><strong>nullius</strong></span> <span class='ocrx_word' id='word_1_170' title='bbox 2350 1028 2525 1081; x_wconf 90' lang='lat' dir='ltr'><strong>meriti</strong></span> <span class='ocrx_word' id='word_1_171' title='bbox 2584 1026 2769 1081; x_wconf 85' lang='lat' dir='ltr'><strong>haberi</strong></span> <span class='ocrx_word' id='word_1_172' title='bbox 2821 1036 2996 1095; x_wconf 80' lang='lat' dir='ltr'><strong>petest</strong></span> <span class='ocrx_word' id='word_1_173' title='bbox 3047 1027 3284 1096; x_wconf 85' lang='lat' dir='ltr'><strong>petentis</strong></span> <span class='ocrx_word' id='word_1_174' title='bbox 3336 1026 3494 1092; x_wconf 83' lang='lat' dir='ltr'><strong>fides,</strong></span> 
     </span>
    </p>
   </div>
   <div class='ocr_carea' id='block_1_25' title="bbox 1913 1116 3493 1187">
    <p class='ocr_par' dir='ltr' id='par_1_25' title="bbox 1913 1116 3493 1187">
     <span class='ocr_line' id='line_1_25' title="bbox 1913 1116 3493 1187; baseline 0.001 -18"><span class='ocrx_word' id='word_1_175' title='bbox 1913 1116 2203 1184; x_wconf 71' lang='lat' dir='ltr'><strong>quaerentis</strong></span> <span class='ocrx_word' id='word_1_176' title='bbox 2230 1117 2422 1185; x_wconf 87' lang='lat' dir='ltr'><strong>pietas.</strong></span> <span class='ocrx_word' id='word_1_177' title='bbox 2448 1118 2715 1186; x_wconf 79' lang='lat' dir='ltr'><strong>pulsantis</strong></span> <span class='ocrx_word' id='word_1_178' title='bbox 2745 1119 3000 1171; x_wconf 89' lang='lat' dir='ltr'><strong>instantia</strong></span> <span class='ocrx_word' id='word_1_179' title='bbox 3030 1135 3041 1170; x_wconf 93' lang='lat'><strong>:</strong></span> <span class='ocrx_word' id='word_1_180' title='bbox 3074 1118 3346 1187; x_wconf 62' lang='lat' dir='ltr'><strong>praecipue</strong></span> <span class='ocrx_word' id='word_1_181' title='bbox 3372 1133 3493 1172; x_wconf 88' lang='lat' dir='ltr'><strong>cum</strong></span> 
     </span>
    </p>
   </div>
   <div class='ocr_carea' id='block_1_26' title="bbox 1912 1210 3497 1280">
    <p class='ocr_par' dir='ltr' id='par_1_26' title="bbox 1912 1210 3497 1280">
     <span class='ocr_line' id='line_1_26' title="bbox 1912 1210 3497 1280; baseline 0 -17"><span class='ocrx_word' id='word_1_182' title='bbox 1912 1224 2103 1264; x_wconf 85' lang='lat' dir='ltr'><strong>omnes</strong></span> <span class='ocrx_word' id='word_1_183' title='bbox 2126 1210 2412 1279; x_wconf 88' lang='lat' dir='ltr'><strong>ejusmodi.</strong></span> <span class='ocrx_word' id='word_1_184' title='bbox 2441 1220 2493 1265; x_wconf 92' lang='lat' dir='ltr'><strong>et</strong></span> <span class='ocrx_word' id='word_1_185' title='bbox 2522 1213 2771 1280; x_wconf 86' lang='lat' dir='ltr'><strong>accipere</strong></span> <span class='ocrx_word' id='word_1_186' title='bbox 2796 1223 2847 1265; x_wconf 90' lang='lat' dir='ltr'><strong>et</strong></span> <span class='ocrx_word' id='word_1_187' title='bbox 2873 1210 3179 1277; x_wconf 61' lang='lat' dir='ltr'><strong>ltinvtenire,</strong></span> <span class='ocrx_word' id='word_1_188' title='bbox 3213 1220 3269 1266; x_wconf 90' lang='lat' dir='ltr'><strong>et</strong></span> <span class='ocrx_word' id='word_1_189' title='bbox 3294 1212 3497 1264; x_wconf 88' lang='lat' dir='ltr'><strong>intrare</strong></span> 
     </span>
    </p>
   </div>
   <div class='ocr_carea' id='block_1_27' title="bbox 1914 1299 3496 1370">
    <p class='ocr_par' dir='ltr' id='par_1_27' title="bbox 1914 1299 3496 1370">
     <span class='ocr_line' id='line_1_27' title="bbox 1914 1299 3496 1370; baseline 0 -17"><span class='ocrx_word' id='word_1_190' title='bbox 1914 1299 2185 1353; x_wconf 87' lang='lat' dir='ltr'><strong>dicantur.</strong></span> <span class='ocrx_word' id='word_1_191' title='bbox 2214 1299 2272 1353; x_wconf 88' lang='lat' dir='ltr'><strong>In</strong></span> <span class='ocrx_word' id='word_1_192' title='bbox 2303 1315 2413 1370; x_wconf 86' lang='lat' dir='ltr'><strong>quo</strong></span> <span class='ocrx_word' id='word_1_193' title='bbox 2443 1300 2801 1370; x_wconf 87' lang='lat' dir='ltr'><strong>superfluum,</strong></span> <span class='ocrx_word' id='word_1_194' title='bbox 2832 1301 2997 1355; x_wconf 88' lang='lat' dir='ltr'><strong>immo</strong></span> <span class='ocrx_word' id='word_1_195' title='bbox 3029 1302 3249 1370; x_wconf 89' lang='lat' dir='ltr'><strong>impium</strong></span> <span class='ocrx_word' id='word_1_196' title='bbox 3279 1310 3381 1365; x_wconf 83' lang='lat' dir='ltr'><strong>est,</strong></span> <span class='ocrx_word' id='word_1_197' title='bbox 3416 1300 3496 1353; x_wconf 91' lang='lat' dir='ltr'><strong>sic</strong></span> 
     </span>
    </p>
   </div>
   <div class='ocr_carea' id='block_1_28' title="bbox 1916 1392 3495 1463">
    <p class='ocr_par' dir='ltr' id='par_1_28' title="bbox 1916 1392 3495 1463">
     <span class='ocr_line' id='line_1_28' title="bbox 1916 1392 3495 1463; baseline 0.001 -19"><span class='ocrx_word' id='word_1_198' title='bbox 1916 1392 2055 1446; x_wconf 84' lang='lat' dir='ltr'><strong>velle</strong></span> <span class='ocrx_word' id='word_1_199' title='bbox 2087 1393 2293 1447; x_wconf 88' lang='lat' dir='ltr'><strong>meritis</strong></span> <span class='ocrx_word' id='word_1_200' title='bbox 2339 1402 2464 1449; x_wconf 89' lang='lat' dir='ltr'><strong>ante</strong></span> <span class='ocrx_word' id='word_1_201' title='bbox 2512 1396 2741 1463; x_wconf 86' lang='lat' dir='ltr'><strong>gratiam</strong></span> <span class='ocrx_word' id='word_1_202' title='bbox 2789 1393 3150 1448; x_wconf 85' lang='lat' dir='ltr'><strong>existentibus</strong></span> <span class='ocrx_word' id='word_1_203' title='bbox 3194 1395 3369 1447; x_wconf 91' lang='lat' dir='ltr'><strong>locum</strong></span> <span class='ocrx_word' id='word_1_204' title='bbox 3413 1392 3495 1447; x_wconf 85' lang='lat' dir='ltr'><strong>fa-</strong></span> 
     </span>
    </p>
   </div>
   <div class='ocr_carea' id='block_1_29' title="bbox 1915 1483 3494 1552">
    <p class='ocr_par' dir='ltr' id='par_1_29' title="bbox 1915 1483 3494 1552">
     <span class='ocr_line' id='line_1_29' title="bbox 1915 1483 3494 1552; baseline 0 -15"><span class='ocrx_word' id='word_1_205' title='bbox 1915 1498 2059 1548; x_wconf 90' lang='lat' dir='ltr'><strong>cere,</strong></span> <span class='ocrx_word' id='word_1_206' title='bbox 2091 1494 2148 1537; x_wconf 92' lang='lat' dir='ltr'><strong>ut</strong></span> <span class='ocrx_word' id='word_1_207' title='bbox 2179 1499 2286 1538; x_wconf 92' lang='lat' dir='ltr'><strong>non</strong></span> <span class='ocrx_word' id='word_1_208' title='bbox 2332 1499 2401 1539; x_wconf 83' lang='lat' dir='ltr'><strong>ex</strong></span> <span class='ocrx_word' id='word_1_209' title='bbox 2443 1495 2552 1538; x_wconf 88' lang='lat' dir='ltr'><strong>toto</strong></span> <span class='ocrx_word' id='word_1_210' title='bbox 2582 1499 2770 1538; x_wconf 91' lang='lat' dir='ltr'><strong>verum</strong></span> <span class='ocrx_word' id='word_1_211' title='bbox 2806 1485 2875 1538; x_wconf 85' lang='lat' dir='ltr'><strong>sit</strong></span> <span class='ocrx_word' id='word_1_212' title='bbox 2915 1483 3059 1552; x_wconf 91' lang='lat' dir='ltr'><strong>quod</strong></span> <span class='ocrx_word' id='word_1_213' title='bbox 3092 1485 3168 1538; x_wconf 90' lang='lat' dir='ltr'><strong>ait</strong></span> <span class='ocrx_word' id='word_1_214' title='bbox 3210 1483 3494 1551; x_wconf 86' lang='lat' dir='ltr'><strong>Dominus,</strong></span> 
     </span>
    </p>
   </div>
   <div class='ocr_carea' id='block_1_30' title="bbox 1917 1572 3500 1646">
    <p class='ocr_par' dir='ltr' id='par_1_30' title="bbox 1917 1572 3500 1646">
     <span class='ocr_line' id='line_1_30' title="bbox 1917 1572 3500 1646; baseline 0.002 -20"><span class='ocrx_word' id='word_1_215' title='bbox 1917 1572 2083 1627; x_wconf 87' lang='lat' dir='ltr'><strong>Nemo</strong></span> <span class='ocrx_word' id='word_1_216' title='bbox 2111 1574 2241 1627; x_wconf 84' lang='lat' dir='ltr'><strong>venit</strong></span> <span class='ocrx_word' id='word_1_217' title='bbox 2262 1575 2330 1628; x_wconf 91' lang='lat' dir='ltr'><strong>ad</strong></span> <span class='ocrx_word' id='word_1_218' title='bbox 2359 1591 2456 1639; x_wconf 88' lang='lat' dir='ltr'><strong>me,</strong></span> <span class='ocrx_word' id='word_1_219' title='bbox 2488 1576 2588 1629; x_wconf 88' lang='lat' dir='ltr'><strong>nisi</strong></span> <span class='ocrx_word' id='word_1_220' title='bbox 2618 1574 2797 1639; x_wconf 88' lang='lat' dir='ltr'><strong>Pater,</strong></span> <span class='ocrx_word' id='word_1_221' title='bbox 2828 1575 2918 1646; x_wconf 89' lang='lat' dir='ltr'><strong>qui</strong></span> <span class='ocrx_word' id='word_1_222' title='bbox 2945 1576 3080 1629; x_wconf 86' lang='lat' dir='ltr'><strong>misit</strong></span> <span class='ocrx_word' id='word_1_223' title='bbox 3103 1591 3202 1639; x_wconf 90' lang='lat' dir='ltr'><strong>me,</strong></span> <span class='ocrx_word' id='word_1_224' title='bbox 3232 1577 3500 1629; x_wconf 78' lang='lat' dir='ltr'><strong>attraxerit</strong></span> 
     </span>
    </p>
   </div>
   <div class='ocr_carea' id='block_1_31' title="bbox 235 1666 3501 1744">
    <p class='ocr_par' dir='ltr' id='par_1_31' title="bbox 235 1666 3501 1744">
     <span class='ocr_line' id='line_1_31' title="bbox 235 1666 3501 1744; baseline -0.006 -1"><span class='ocrx_word' id='word_1_225' title='bbox 235 1687 413 1744; x_wconf 84' lang='lat' dir='ltr'><strong>relicta</strong></span> <span class='ocrx_word' id='word_1_226' title='bbox 448 1683 811 1741; x_wconf 66' lang='lat' dir='ltr'><strong>serenissima:</strong></span> <span class='ocrx_word' id='word_1_227' title='bbox 839 1680 1083 1735; x_wconf 89' lang='lat' dir='ltr'><strong>veritatis</strong></span> <span class='ocrx_word' id='word_1_228' title='bbox 1112 1678 1256 1742; x_wconf 91' lang='lat' dir='ltr'><strong>luce,</strong></span> <span class='ocrx_word' id='word_1_229' title='bbox 1286 1674 1630 1732; x_wconf 83' lang='lat' dir='ltr'><strong>devolveris?</strong></span> <span class='ocrx_word' id='word_1_230' title='bbox 1658 1672 1813 1741; x_wconf 86' lang='lat' dir='ltr'><strong>Quod</strong></span> <span class='ocrx_word' id='word_1_231' title='bbox 1918 1683 2033 1721; x_wconf 89' lang='lat' dir='ltr'><strong>eum</strong></span> <span class='ocrx_word' id='word_1_232' title='bbox 2057 1666 2236 1737; x_wconf 84' lang='lat' dir='ltr'><strong>(Joan.</strong></span> <span class='ocrx_word' id='word_1_233' title='bbox 2270 1684 2340 1737; x_wconf 77' lang='lat' dir='ltr'><strong>vr,</strong></span> <span class='ocrx_word' id='word_1_234' title='bbox 2386 1667 2477 1739; x_wconf 71' lang='grc'><strong>44)</strong></span> <span class='ocrx_word' id='word_1_235' title='bbox 2504 1684 2518 1722; x_wconf 89' lang='lat'>:</span> <span class='ocrx_word' id='word_1_236' title='bbox 2557 1666 2575 1705; x_wconf 81' lang='grc' dir='ltr'>ι</span> <span class='ocrx_word' id='word_1_237' title='bbox 2601 1668 2744 1737; x_wconf 91' lang='lat' dir='ltr'><strong>quod</strong></span> <span class='ocrx_word' id='word_1_238' title='bbox 2774 1670 3084 1724; x_wconf 84' lang='lat' dir='ltr'><strong>nullatenus</strong></span> <span class='ocrx_word' id='word_1_239' title='bbox 3127 1668 3423 1730; x_wconf 86' lang='lat' dir='ltr'><strong>diceretur,</strong></span> <span class='ocrx_word' id='word_1_240' title='bbox 3452 1670 3501 1723; x_wconf 88' lang='lat' dir='ltr'><strong>si</strong></span> 
     </span>
    </p>
   </div>
   <div class='ocr_carea' id='block_1_32' title="bbox 235 1754 3499 1849">
    <p class='ocr_par' dir='ltr' id='par_1_32' title="bbox 235 1754 3499 1849">
     <span class='ocr_line' id='line_1_32' title="bbox 235 1754 3499 1849; baseline -0.006 -14"><span class='ocrx_word' id='word_1_241' title='bbox 235 1781 283 1835; x_wconf 89' lang='lat' dir='ltr'><strong>in</strong></span> <span class='ocrx_word' id='word_1_242' title='bbox 311 1778 647 1849; x_wconf 84' lang='lat' dir='ltr'><strong>petentibus,</strong></span> <span class='ocrx_word' id='word_1_243' title='bbox 670 1772 1064 1847; x_wconf 68' lang='lat' dir='ltr'><strong>quaerentibus,</strong></span> <span class='ocrx_word' id='word_1_244' title='bbox 1094 1768 1541 1840; x_wconf 89' lang='lat' dir='ltr'><strong>pulsantibusque</strong></span> <span class='ocrx_word' id='word_1_245' title='bbox 1572 1764 1809 1829; x_wconf 85' lang='lat' dir='ltr'><strong>miraris,</strong></span> <span class='ocrx_word' id='word_1_246' title='bbox 1846 1754 1888 1810; x_wconf 84' lang='grc' dir='ltr'><strong>Β</strong></span> <span class='ocrx_word' id='word_1_247' title='bbox 1919 1762 2236 1829; x_wconf 89' lang='lat' dir='ltr'><strong>cujusquam</strong></span> <span class='ocrx_word' id='word_1_248' title='bbox 2280 1762 2399 1816; x_wconf 88' lang='lat' dir='ltr'><strong>sine</strong></span> <span class='ocrx_word' id='word_1_249' title='bbox 2456 1760 2555 1816; x_wconf 90' lang='lat' dir='ltr'><strong>Dei</strong></span> <span class='ocrx_word' id='word_1_250' title='bbox 2597 1762 2995 1817; x_wconf 83' lang='lat' dir='ltr'><strong>illuminatione</strong></span> <span class='ocrx_word' id='word_1_251' title='bbox 3040 1770 3185 1817; x_wconf 86' lang='lat' dir='ltr'><strong>esset</strong></span> <span class='ocrx_word' id='word_1_252' title='bbox 3230 1760 3499 1816; x_wconf 86' lang='lat' dir='ltr'><strong>credenda</strong></span> 
     </span>
    </p>
   </div>
   <div class='ocr_carea' id='block_1_33' title="bbox 236 1857 1812 1939">
    <p class='ocr_par' dir='ltr' id='par_1_33' title="bbox 236 1857 1812 1939">
     <span class='ocr_line' id='line_1_33' title="bbox 236 1857 1812 1939; baseline -0.012 -10"><span class='ocrx_word' id='word_1_253' title='bbox 236 1889 319 1929; x_wconf 90' lang='lat' dir='ltr'><strong>cur</strong></span> <span class='ocrx_word' id='word_1_254' title='bbox 345 1888 462 1927; x_wconf 88' lang='lat' dir='ltr'><strong>non</strong></span> <span class='ocrx_word' id='word_1_255' title='bbox 488 1871 672 1926; x_wconf 89' lang='lat' dir='ltr'><strong>eidem</strong></span> <span class='ocrx_word' id='word_1_256' title='bbox 722 1868 926 1939; x_wconf 64' lang='lat' dir='ltr'><strong>gratiae,</strong></span> <span class='ocrx_word' id='word_1_257' title='bbox 960 1879 1081 1936; x_wconf 67' lang='lat' dir='ltr'><strong>quae</strong></span> <span class='ocrx_word' id='word_1_258' title='bbox 1125 1862 1489 1925; x_wconf 91' lang='lat' dir='ltr'><strong>desideratur,</strong></span> <span class='ocrx_word' id='word_1_259' title='bbox 1548 1857 1812 1913; x_wconf 75' lang='lat' dir='ltr'><strong>ascribist</strong></span> 
     </span>
    </p>
   </div>
   <div class='ocr_carea' id='block_1_34' title="bbox 234 1950 1813 2028">
    <p class='ocr_par' dir='ltr' id='par_1_34' title="bbox 234 1950 1813 2028">
     <span class='ocr_line' id='line_1_34' title="bbox 234 1950 1813 2028; baseline -0.011 -9"><span class='ocrx_word' id='word_1_260' title='bbox 234 1963 384 2019; x_wconf 72' lang='lat' dir='ltr'><strong>Vides</strong></span> <span class='ocrx_word' id='word_1_261' title='bbox 441 1964 620 2017; x_wconf 90' lang='lat' dir='ltr'><strong>bonos</strong></span> <span class='ocrx_word' id='word_1_262' title='bbox 669 1970 919 2024; x_wconf 89' lang='lat' dir='ltr'><strong>conatus,</strong></span> <span class='ocrx_word' id='word_1_263' title='bbox 969 1957 1057 2028; x_wconf 87' lang='lat' dir='ltr'><strong>pia</strong></span> <span class='ocrx_word' id='word_1_264' title='bbox 1110 1954 1314 2023; x_wconf 90' lang='lat' dir='ltr'><strong>studia,</strong></span> <span class='ocrx_word' id='word_1_265' title='bbox 1368 1962 1421 2008; x_wconf 91' lang='lat' dir='ltr'><strong>et</strong></span> <span class='ocrx_word' id='word_1_266' title='bbox 1449 1950 1661 2006; x_wconf 89' lang='lat' dir='ltr'><strong>dubitas</strong></span> <span class='ocrx_word' id='word_1_267' title='bbox 1692 1962 1813 2004; x_wconf 90' lang='lat' dir='ltr'><strong>esse</strong></span> 
     </span>
    </p>
   </div>
   <div class='ocr_carea' id='block_1_35' title="bbox 237 2041 1814 2119">
    <p class='ocr_par' dir='ltr' id='par_1_35' title="bbox 237 2041 1814 2119">
     <span class='ocr_line' id='line_1_35' title="bbox 237 2041 1814 2119; baseline -0.01 -9"><span class='ocrx_word' id='word_1_268' title='bbox 237 2053 259 2093; x_wconf 70' lang='grc' dir='ltr'><em>δ</em></span> <span class='ocrx_word' id='word_1_269' title='bbox 277 2055 366 2110; x_wconf 91' lang='lat' dir='ltr'><strong>Dei</strong></span> <span class='ocrx_word' id='word_1_270' title='bbox 400 2053 584 2109; x_wconf 77' lang='lat' dir='ltr'><strong>donat</strong></span> <span class='ocrx_word' id='word_1_271' title='bbox 613 2062 637 2091; x_wconf 75' lang='grc' dir='ltr'><strong><em>ο</em></strong></span> <span class='ocrx_word' id='word_1_272' title='bbox 658 2051 731 2108; x_wconf 88' lang='lat' dir='ltr'><strong>La</strong></span> <span class='ocrx_word' id='word_1_273' title='bbox 743 2051 907 2106; x_wconf 90' lang='lat' dir='ltr'><strong>tuerit</strong></span> <span class='ocrx_word' id='word_1_274' title='bbox 934 2064 1069 2119; x_wconf 91' lang='lat' dir='ltr'><strong>opus</strong></span> <span class='ocrx_word' id='word_1_275' title='bbox 1094 2046 1299 2118; x_wconf 67' lang='lat' dir='ltr'><strong>gratiae,</strong></span> <span class='ocrx_word' id='word_1_276' title='bbox 1339 2044 1517 2099; x_wconf 92' lang='lat' dir='ltr'><strong>donec</strong></span> <span class='ocrx_word' id='word_1_277' title='bbox 1558 2042 1693 2096; x_wconf 77' lang='lat' dir='ltr'><strong>fides</strong></span> <span class='ocrx_word' id='word_1_278' title='bbox 1731 2041 1814 2095; x_wconf 88' lang='lat' dir='ltr'><strong>in-</strong></span> 
     </span>
    </p>
   </div>
   <div class='ocr_carea' id='block_1_36' title="bbox 235 2134 1813 2217">
    <p class='ocr_par' dir='ltr' id='par_1_36' title="bbox 235 2134 1813 2217">
     <span class='ocr_line' id='line_1_36' title="bbox 235 2134 1813 2217; baseline -0.01 -15"><span class='ocrx_word' id='word_1_279' title='bbox 235 2149 327 2203; x_wconf 86' lang='lat' dir='ltr'><strong>sita</strong></span> <span class='ocrx_word' id='word_1_280' title='bbox 352 2145 706 2217; x_wconf 84' lang='lat' dir='ltr'><strong>cogitationis</strong></span> <span class='ocrx_word' id='word_1_281' title='bbox 734 2143 1086 2198; x_wconf 87' lang='lat' dir='ltr'><strong>claudebatur</strong></span> <span class='ocrx_word' id='word_1_282' title='bbox 1113 2150 1313 2194; x_wconf 90' lang='lat' dir='ltr'><strong>arcano</strong></span> <span class='ocrx_word' id='word_1_283' title='bbox 1340 2156 1352 2190; x_wconf 92' lang='lat'><strong>:</strong></span> <span class='ocrx_word' id='word_1_284' title='bbox 1385 2146 1437 2191; x_wconf 92' lang='lat' dir='ltr'><strong>at</strong></span> <span class='ocrx_word' id='word_1_285' title='bbox 1467 2137 1556 2191; x_wconf 93' lang='lat' dir='ltr'><strong>ubi</strong></span> <span class='ocrx_word' id='word_1_286' title='bbox 1583 2134 1813 2203; x_wconf 80' lang='lat' dir='ltr'><strong>supplex</strong></span> 
     </span>
    </p>
   </div>
   <div class='ocr_carea' id='block_1_37' title="bbox 236 2226 1813 2305">
    <p class='ocr_par' dir='ltr' id='par_1_37' title="bbox 236 2226 1813 2305">
     <span class='ocr_line' id='line_1_37' title="bbox 236 2226 1813 2305; baseline -0.01 -11"><span class='ocrx_word' id='word_1_287' title='bbox 236 2239 419 2304; x_wconf 88' lang='lat' dir='ltr'><strong>oratio,</strong></span> <span class='ocrx_word' id='word_1_288' title='bbox 452 2237 545 2293; x_wconf 93' lang='lat' dir='ltr'><strong>ubi</strong></span> <span class='ocrx_word' id='word_1_289' title='bbox 576 2236 809 2305; x_wconf 91' lang='lat' dir='ltr'><strong>diligens</strong></span> <span class='ocrx_word' id='word_1_290' title='bbox 835 2232 1143 2302; x_wconf 89' lang='lat' dir='ltr'><strong>inquisitio,</strong></span> <span class='ocrx_word' id='word_1_291' title='bbox 1177 2230 1268 2285; x_wconf 91' lang='lat' dir='ltr'><strong>ubi</strong></span> <span class='ocrx_word' id='word_1_292' title='bbox 1304 2227 1324 2267; x_wconf 67' lang='lat' dir='ltr'><strong>f</strong></span> <span class='ocrx_word' id='word_1_293' title='bbox 1360 2236 1589 2297; x_wconf 86' lang='lat' dir='ltr'><strong>apparet</strong></span> <span class='ocrx_word' id='word_1_294' title='bbox 1621 2226 1813 2281; x_wconf 86' lang='lat' dir='ltr'><strong>crebra</strong></span> 
     </span>
    </p>
   </div>
   <div class='ocr_carea' id='block_1_38' title="bbox 236 2318 1817 2400">
    <p class='ocr_par' dir='ltr' id='par_1_38' title="bbox 236 2318 1817 2400">
     <span class='ocr_line' id='line_1_38' title="bbox 236 2318 1817 2400; baseline -0.009 -14"><span class='ocrx_word' id='word_1_295' title='bbox 236 2330 479 2400; x_wconf 84' lang='lat' dir='ltr'><strong>pulsatio,</strong></span> <span class='ocrx_word' id='word_1_296' title='bbox 511 2342 685 2398; x_wconf 88' lang='lat' dir='ltr'><strong>quare</strong></span> <span class='ocrx_word' id='word_1_297' title='bbox 713 2340 818 2381; x_wconf 92' lang='lat' dir='ltr'><strong>non</strong></span> <span class='ocrx_word' id='word_1_298' title='bbox 847 2340 916 2380; x_wconf 88' lang='lat' dir='ltr'><strong>ex</strong></span> <span class='ocrx_word' id='word_1_299' title='bbox 942 2323 1198 2393; x_wconf 88' lang='lat' dir='ltr'><strong>qualitate</strong></span> <span class='ocrx_word' id='word_1_300' title='bbox 1224 2321 1404 2392; x_wconf 87' lang='lat' dir='ltr'><strong>operis</strong></span> <span class='ocrx_word' id='word_1_301' title='bbox 1434 2318 1817 2375; x_wconf 86' lang='lat' dir='ltr'><strong>subministra-</strong></span> 
     </span>
    </p>
   </div>
   <div class='ocr_carea' id='block_1_39' title="bbox 237 2407 1103 2495">
    <p class='ocr_par' dir='ltr' id='par_1_39' title="bbox 237 2407 1103 2495">
     <span class='ocr_line' id='line_1_39' title="bbox 237 2407 1103 2495; baseline -0.009 -14"><span class='ocrx_word' id='word_1_302' title='bbox 237 2428 427 2483; x_wconf 83' lang='lat' dir='ltr'><strong>tionem</strong></span> <span class='ocrx_word' id='word_1_303' title='bbox 456 2424 722 2495; x_wconf 86' lang='lat' dir='ltr'><strong>intelligis</strong></span> <span class='ocrx_word' id='word_1_304' title='bbox 753 2420 1067 2479; x_wconf 87' lang='lat' dir='ltr'><strong>incitantis?</strong></span> <span class='ocrx_word' id='word_1_305' title='bbox 1098 2407 1103 2412; x_wconf 65' lang='grc'><em>’</em></span> 
     </span>
    </p>
   </div>
   <div class='ocr_carea' id='block_1_40' title="bbox 718 2548 1310 2625">
    <p class='ocr_par' dir='ltr' id='par_1_40' title="bbox 718 2548 1310 2625">
     <span class='ocr_line' id='line_1_40' title="bbox 718 2548 1310 2625; baseline -0.012 -15"><span class='ocrx_word' id='word_1_306' title='bbox 718 2551 881 2625; x_wconf 73' lang='lat' dir='ltr'><strong>3m.</strong></span> <span class='ocrx_word' id='word_1_307' title='bbox 935 2550 1163 2609; x_wconf 79' lang='lat' dir='ltr'><strong>CAPUT</strong></span> <span class='ocrx_word' id='word_1_308' title='bbox 1218 2548 1310 2605; x_wconf 88' lang='lat' dir='ltr'><strong>Ill.</strong></span> 
     </span>
    </p>
   </div>
   <div class='ocr_carea' id='block_1_41' title="bbox 235 2659 1818 2734">
    <p class='ocr_par' dir='ltr' id='par_1_41' title="bbox 235 2659 1818 2734">
     <span class='ocr_line' id='line_1_41' title="bbox 235 2659 1818 2734; baseline -0.007 -8"><span class='ocrx_word' id='word_1_309' title='bbox 235 2667 499 2726; x_wconf 76' lang='lat' dir='ltr'><strong>Cassianus</strong></span> <span class='ocrx_word' id='word_1_310' title='bbox 520 2682 614 2723; x_wconf 88' lang='lat' dir='ltr'><strong>nec</strong></span> <span class='ocrx_word' id='word_1_311' title='bbox 633 2682 749 2720; x_wconf 89' lang='lat' dir='ltr'><strong>cum</strong></span> <span class='ocrx_word' id='word_1_312' title='bbox 772 2664 1095 2734; x_wconf 84' lang='lat' dir='ltr'><strong>Pelagianis,</strong></span> <span class='ocrx_word' id='word_1_313' title='bbox 1120 2677 1220 2734; x_wconf 88' lang='lat' dir='ltr'><strong>nec</strong></span> <span class='ocrx_word' id='word_1_314' title='bbox 1233 2678 1355 2734; x_wconf 8' lang='lat' dir='ltr'><strong>cum;</strong></span> <span class='ocrx_word' id='word_1_315' title='bbox 1370 2659 1648 2714; x_wconf 84' lang='lat' dir='ltr'><strong>Catholicis</strong></span> <span class='ocrx_word' id='word_1_316' title='bbox 1667 2660 1818 2734; x_wconf 82' lang='lat' dir='ltr'><strong>plene</strong></span> 
     </span>
    </p>
   </div>
   <div class='ocr_carea' id='block_1_42' title="bbox 297 2730 1814 2799">
    <p class='ocr_par' dir='ltr' id='par_1_42' title="bbox 297 2730 1814 2799">
     <span class='ocr_line' id='line_1_42' title="bbox 297 2730 1814 2799; baseline -0.007 -5"><span class='ocrx_word' id='word_1_317' title='bbox 297 2740 613 2794; x_wconf 83' lang='lat' dir='ltr'><strong>concordat:</strong></span> <span class='ocrx_word' id='word_1_318' title='bbox 643 2738 769 2789; x_wconf 86' lang='lat' dir='ltr'><strong>dum</strong></span> <span class='ocrx_word' id='word_1_319' title='bbox 807 2730 1028 2789; x_wconf 76' lang='lat' dir='ltr'><strong>errando</strong></span> <span class='ocrx_word' id='word_1_320' title='bbox 1064 2733 1245 2787; x_wconf 89' lang='lat' dir='ltr'><strong>asserit</strong></span> <span class='ocrx_word' id='word_1_321' title='bbox 1284 2730 1417 2784; x_wconf 86' lang='lat' dir='ltr'><strong>alios</strong></span> <span class='ocrx_word' id='word_1_322' title='bbox 1450 2748 1540 2795; x_wconf 88' lang='lat' dir='ltr'><strong>per</strong></span> <span class='ocrx_word' id='word_1_323' title='bbox 1569 2732 1814 2799; x_wconf 87' lang='lat' dir='ltr'><strong>gratiam,</strong></span> 
     </span>
    </p>
   </div>
   <div class='ocr_carea' id='block_1_43' title="bbox 294 2799 1817 2885">
    <p class='ocr_par' dir='ltr' id='par_1_43' title="bbox 294 2799 1817 2885">
     <span class='ocr_line' id='line_1_43' title="bbox 294 2799 1817 2885; baseline -0.007 -22"><span class='ocrx_word' id='word_1_324' title='bbox 294 2811 554 2885; x_wconf 27' lang='lat' dir='ltr'><strong>aliosgper‘</strong></span> <span class='ocrx_word' id='word_1_325' title='bbox 566 2810 726 2885; x_wconf 81' lang='lat' dir='ltr'><strong>legem</strong></span> <span class='ocrx_word' id='word_1_326' title='bbox 747 2814 794 2885; x_wconf 76' lang='lat' dir='ltr'><strong>et</strong></span> <span class='ocrx_word' id='word_1_327' title='bbox 822 2814 1061 2885; x_wconf 77' lang='lat' dir='ltr'><strong>naturam</strong></span> <span class='ocrx_word' id='word_1_328' title='bbox 1088 2802 1414 2885; x_wconf 50' lang='lat' dir='ltr'><strong>justiﬁcari.‘</strong></span> <span class='ocrx_word' id='word_1_329' title='bbox 1433 2799 1697 2885; x_wconf 37' lang='lat' dir='ltr'><strong>Deﬁnitio.</strong></span> <span class='ocrx_word' id='word_1_330' title='bbox 1718 2811 1817 2855; x_wconf 86' lang='lat' dir='ltr'><strong>ter-</strong></span> 
     </span>
    </p>
   </div>
   <div class='ocr_carea' id='block_1_44' title="bbox 295 2870 1816 2946">
    <p class='ocr_par' dir='ltr' id='par_1_44' title="bbox 295 2870 1816 2946">
     <span class='ocr_line' id='line_1_44' title="bbox 295 2870 1816 2946; baseline -0.007 -12"><span class='ocrx_word' id='word_1_331' title='bbox 295 2882 364 2933; x_wconf 88' lang='lat' dir='ltr'><strong>tia</strong></span> <span class='ocrx_word' id='word_1_332' title='bbox 403 2870 648 2934; x_wconf 66' lang='lat' dir='ltr'><strong>cassiarii</strong></span> <span class='ocrx_word' id='word_1_333' title='bbox 676 2892 695 2930; x_wconf 94' lang='lat'><em>:</em></span> <span class='ocrx_word' id='word_1_334' title='bbox 727 2876 1020 2946; x_wconf 86' lang='lat' dir='ltr'><strong>Appetitum</strong></span> <span class='ocrx_word' id='word_1_335' title='bbox 1052 2870 1298 2946; x_wconf 74' lang='lat' dir='ltr'><strong>virtutum</strong></span> <span class='ocrx_word' id='word_1_336' title='bbox 1326 2870 1511 2946; x_wconf 79' lang='lat' dir='ltr'><strong>habere</strong></span> <span class='ocrx_word' id='word_1_337' title='bbox 1561 2872 1816 2946; x_wconf 77' lang='lat' dir='ltr'><strong>hominem</strong></span> 
     </span>
    </p>
   </div>
   <div class='ocr_carea' id='block_1_45' title="bbox 295 2942 1816 3018">
    <p class='ocr_par' dir='ltr' id='par_1_45' title="bbox 295 2942 1816 3018">
     <span class='ocr_line' id='line_1_45' title="bbox 295 2942 1816 3018; baseline -0.005 -15"><span class='ocrx_word' id='word_1_338' title='bbox 295 2967 325 3003; x_wconf 91' lang='lat' dir='ltr'><strong>a</strong></span> <span class='ocrx_word' id='word_1_339' title='bbox 354 2966 406 3004; x_wconf 93' lang='lat' dir='ltr'><strong>se</strong></span> <span class='ocrx_word' id='word_1_340' title='bbox 428 2951 568 3017; x_wconf 89' lang='lat' dir='ltr'><strong>ipso.</strong></span> <span class='ocrx_word' id='word_1_341' title='bbox 597 2942 872 3018; x_wconf 80' lang='lat' dir='ltr'><strong>Refellitur</strong></span> <span class='ocrx_word' id='word_1_342' title='bbox 903 2962 967 3000; x_wconf 80' lang='lat' dir='ltr'><strong>ea:</strong></span> <span class='ocrx_word' id='word_1_343' title='bbox 995 2957 1149 2999; x_wconf 89' lang='lat' dir='ltr'><strong>antea</strong></span> <span class='ocrx_word' id='word_1_344' title='bbox 1174 2942 1421 3013; x_wconf 81' lang='lat' dir='ltr'><strong>confessis</strong></span> <span class='ocrx_word' id='word_1_345' title='bbox 1448 2942 1503 2995; x_wconf 92' lang='lat' dir='ltr'><strong>in</strong></span> <span class='ocrx_word' id='word_1_346' title='bbox 1526 2942 1695 3012; x_wconf 89' lang='lat' dir='ltr'><strong>prima</strong></span> <span class='ocrx_word' id='word_1_347' title='bbox 1724 2942 1816 2995; x_wconf 89' lang='lat' dir='ltr'><strong>de-</strong></span> 
     </span>
    </p>
   </div>
   <div class='ocr_carea' id='block_1_46' title="bbox 296 3020 550 3089">
    <p class='ocr_par' dir='ltr' id='par_1_46' title="bbox 296 3020 550 3089">
     <span class='ocr_line' id='line_1_46' title="bbox 296 3020 550 3089; baseline -0.008 -16"><span class='ocrx_word' id='word_1_348' title='bbox 296 3020 550 3089; x_wconf 70' lang='lat' dir='ltr'><strong>finitione.</strong></span> 
     </span>
    </p>
   </div>
   <div class='ocr_carea' id='block_1_47' title="bbox 1917 1852 3499 1919">
    <p class='ocr_par' dir='ltr' id='par_1_47' title="bbox 1917 1852 3499 1919">
     <span class='ocr_line' id='line_1_47' title="bbox 1917 1852 3499 1919; baseline -0.001 -12"><span class='ocrx_word' id='word_1_349' title='bbox 1917 1852 2235 1919; x_wconf 83' lang='lat' dir='ltr'><strong>conversio;</strong></span> <span class='ocrx_word' id='word_1_350' title='bbox 2269 1862 2364 1907; x_wconf 92' lang='lat' dir='ltr'><strong>aut</strong></span> <span class='ocrx_word' id='word_1_351' title='bbox 2410 1853 2524 1907; x_wconf 90' lang='lat' dir='ltr'><strong>ullo</strong></span> <span class='ocrx_word' id='word_1_352' title='bbox 2568 1853 2729 1908; x_wconf 92' lang='lat' dir='ltr'><strong>modo</strong></span> <span class='ocrx_word' id='word_1_353' title='bbox 2770 1869 2830 1909; x_wconf 92' lang='lat' dir='ltr'><strong>se</strong></span> <span class='ocrx_word' id='word_1_354' title='bbox 2876 1854 3124 1908; x_wconf 89' lang='lat' dir='ltr'><strong>voluntas</strong></span> <span class='ocrx_word' id='word_1_355' title='bbox 3157 1852 3387 1907; x_wconf 89' lang='lat' dir='ltr'><strong>hominis</strong></span> <span class='ocrx_word' id='word_1_356' title='bbox 3431 1852 3499 1905; x_wconf 88' lang='lat' dir='ltr'><strong>ad</strong></span> 
     </span>
    </p>
   </div>
   <div class='ocr_carea' id='block_1_48' title="bbox 1916 1942 3499 2014">
    <p class='ocr_par' dir='ltr' id='par_1_48' title="bbox 1916 1942 3499 2014">
     <span class='ocr_line' id='line_1_48' title="bbox 1916 1942 3499 2014; baseline -0.002 -16"><span class='ocrx_word' id='word_1_357' title='bbox 1916 1942 2089 1998; x_wconf 92' lang='lat' dir='ltr'><strong>Deum</strong></span> <span class='ocrx_word' id='word_1_358' title='bbox 2121 1945 2238 1999; x_wconf 90' lang='lat' dir='ltr'><strong>sine</strong></span> <span class='ocrx_word' id='word_1_359' title='bbox 2270 1944 2383 1999; x_wconf 91' lang='lat' dir='ltr'><strong>Deo</strong></span> <span class='ocrx_word' id='word_1_360' title='bbox 2410 1952 2593 2014; x_wconf 89' lang='lat' dir='ltr'><strong>posset</strong></span> <span class='ocrx_word' id='word_1_361' title='bbox 2620 1944 2954 2000; x_wconf 90' lang='lat' dir='ltr'><strong>extendere:</strong></span> <span class='ocrx_word' id='word_1_362' title='bbox 2986 1945 3074 2010; x_wconf 87' lang='lat' dir='ltr'><strong>qui</strong></span> <span class='ocrx_word' id='word_1_363' title='bbox 3100 1958 3222 1998; x_wconf 89' lang='lat' dir='ltr'><strong>eum</strong></span> <span class='ocrx_word' id='word_1_364' title='bbox 3252 1950 3499 1997; x_wconf 87' lang='lat' dir='ltr'><strong>vocatum</strong></span> 
     </span>
    </p>
   </div>
   <div class='ocr_carea' id='block_1_49' title="bbox 1916 2036 3500 2104">
    <p class='ocr_par' dir='ltr' id='par_1_49' title="bbox 1916 2036 3500 2104">
     <span class='ocr_line' id='line_1_49' title="bbox 1916 2036 3500 2104; baseline -0.001 -15"><span class='ocrx_word' id='word_1_365' title='bbox 1916 2036 1984 2089; x_wconf 88' lang='lat' dir='ltr'><strong>ad</strong></span> <span class='ocrx_word' id='word_1_366' title='bbox 2013 2036 2262 2092; x_wconf 65' lang='lat' dir='ltr'><strong>Filium&quot;1|</strong></span> <span class='ocrx_word' id='word_1_367' title='bbox 2282 2037 2479 2103; x_wconf 87' lang='lat' dir='ltr'><strong>trahit;</strong></span> <span class='ocrx_word' id='word_1_368' title='bbox 2504 2052 2608 2091; x_wconf 90' lang='lat' dir='ltr'><strong>non</strong></span> <span class='ocrx_word' id='word_1_369' title='bbox 2632 2038 2975 2091; x_wconf 88' lang='lat' dir='ltr'><strong>resistentem</strong></span> <span class='ocrx_word' id='word_1_370' title='bbox 3000 2037 3331 2104; x_wconf 86' lang='lat' dir='ltr'><strong>invitumque</strong></span> <span class='ocrx_word' id='word_1_371' title='bbox 3350 2048 3500 2089; x_wconf 89' lang='lat' dir='ltr'><strong>com-</strong></span> 
     </span>
    </p>
   </div>
   <div class='ocr_carea' id='block_1_50' title="bbox 1918 2126 3502 2197">
    <p class='ocr_par' dir='ltr' id='par_1_50' title="bbox 1918 2126 3502 2197">
     <span class='ocr_line' id='line_1_50' title="bbox 1918 2126 3502 2197; baseline -0.001 -16"><span class='ocrx_word' id='word_1_372' title='bbox 1918 2128 2089 2197; x_wconf 90' lang='lat' dir='ltr'><strong>pellit.</strong></span> <span class='ocrx_word' id='word_1_373' title='bbox 2121 2127 2217 2183; x_wconf 86' lang='lat' dir='ltr'><strong>sed</strong></span> <span class='ocrx_word' id='word_1_374' title='bbox 2261 2143 2325 2183; x_wconf 84' lang='lat' dir='ltr'><strong>ex</strong></span> <span class='ocrx_word' id='word_1_375' title='bbox 2355 2128 2525 2183; x_wconf 88' lang='lat' dir='ltr'><strong>invito</strong></span> <span class='ocrx_word' id='word_1_376' title='bbox 2573 2129 2846 2183; x_wconf 88' lang='lat' dir='ltr'><strong>volentem</strong></span> <span class='ocrx_word' id='word_1_377' title='bbox 2896 2128 3045 2191; x_wconf 85' lang='lat' dir='ltr'><strong>facit,</strong></span> <span class='ocrx_word' id='word_1_378' title='bbox 3077 2136 3131 2181; x_wconf 93' lang='lat' dir='ltr'><strong>et</strong></span> <span class='ocrx_word' id='word_1_379' title='bbox 3170 2126 3502 2196; x_wconf 89' lang='lat' dir='ltr'><strong>quibuslibet</strong></span> 
     </span>
    </p>
   </div>
   <div class='ocr_carea' id='block_1_51' title="bbox 1918 2219 3503 2284">
    <p class='ocr_par' dir='ltr' id='par_1_51' title="bbox 1918 2219 3503 2284">
     <span class='ocr_line' id='line_1_51' title="bbox 1918 2219 3503 2284; baseline -0.003 -11"><span class='ocrx_word' id='word_1_380' title='bbox 1918 2219 2093 2273; x_wconf 92' lang='lat' dir='ltr'><strong>modis</strong></span> <span class='ocrx_word' id='word_1_381' title='bbox 2124 2219 2489 2275; x_wconf 85' lang='lat' dir='ltr'><strong>infidelitatem</strong></span> <span class='ocrx_word' id='word_1_382' title='bbox 2524 2219 2828 2275; x_wconf 89' lang='lat' dir='ltr'><strong>resistentis</strong></span> <span class='ocrx_word' id='word_1_383' title='bbox 2880 2219 3134 2284; x_wconf 86' lang='lat' dir='ltr'><strong>inclinat;</strong></span> <span class='ocrx_word' id='word_1_384' title='bbox 3165 2227 3223 2271; x_wconf 93' lang='lat' dir='ltr'><strong>ut</strong></span> <span class='ocrx_word' id='word_1_385' title='bbox 3263 2233 3358 2271; x_wconf 92' lang='lat' dir='ltr'><strong>cor</strong></span> <span class='ocrx_word' id='word_1_386' title='bbox 3402 2231 3503 2270; x_wconf 89' lang='lat' dir='ltr'><strong>au-</strong></span> 
     </span>
    </p>
   </div>
   <div class='ocr_carea' id='block_1_52' title="bbox 1916 2308 3503 2379">
    <p class='ocr_par' dir='ltr' id='par_1_52' title="bbox 1916 2308 3503 2379">
     <span class='ocr_line' id='line_1_52' title="bbox 1916 2308 3503 2379; baseline -0.003 -12"><span class='ocrx_word' id='word_1_387' title='bbox 1916 2311 2138 2378; x_wconf 89' lang='lat' dir='ltr'><strong>dientis,</strong></span> <span class='ocrx_word' id='word_1_388' title='bbox 2167 2312 2456 2368; x_wconf 86' lang='lat' dir='ltr'><strong>obcdiendi</strong></span> <span class='ocrx_word' id='word_1_389' title='bbox 2507 2314 2558 2367; x_wconf 91' lang='lat' dir='ltr'><strong>in</strong></span> <span class='ocrx_word' id='word_1_390' title='bbox 2587 2328 2647 2367; x_wconf 89' lang='lat' dir='ltr'><strong>se</strong></span> <span class='ocrx_word' id='word_1_391' title='bbox 2681 2312 3038 2367; x_wconf 88' lang='lat' dir='ltr'><strong>delectatione</strong></span> <span class='ocrx_word' id='word_1_392' title='bbox 3063 2319 3089 2346; x_wconf 77' lang='grc'><strong>⁸³</strong></span> <span class='ocrx_word' id='word_1_393' title='bbox 3113 2318 3399 2379; x_wconf 84' lang='lat' dir='ltr'><strong>generata,</strong></span> <span class='ocrx_word' id='word_1_394' title='bbox 3428 2308 3503 2363; x_wconf 88' lang='lat' dir='ltr'><strong>ibi</strong></span> 
     </span>
    </p>
   </div>
   <div class='ocr_carea' id='block_1_53' title="bbox 1917 2400 3502 2475">
    <p class='ocr_par' dir='ltr' id='par_1_53' title="bbox 1917 2400 3502 2475">
     <span class='ocr_line' id='line_1_53' title="bbox 1917 2400 3502 2475; baseline -0.004 -18"><span class='ocrx_word' id='word_1_395' title='bbox 1917 2413 2124 2474; x_wconf 88' lang='lat' dir='ltr'><strong>surgat,</strong></span> <span class='ocrx_word' id='word_1_396' title='bbox 2154 2403 2250 2458; x_wconf 91' lang='lat' dir='ltr'><strong>ubi</strong></span> <span class='ocrx_word' id='word_1_397' title='bbox 2281 2404 2655 2475; x_wconf 89' lang='lat' dir='ltr'><strong>premebatur;</strong></span> <span class='ocrx_word' id='word_1_398' title='bbox 2693 2404 2765 2456; x_wconf 87' lang='lat' dir='ltr'><strong>ibi</strong></span> <span class='ocrx_word' id='word_1_399' title='bbox 2792 2402 2984 2468; x_wconf 85' lang='lat' dir='ltr'><strong>discat,</strong></span> <span class='ocrx_word' id='word_1_400' title='bbox 3015 2408 3041 2438; x_wconf 86' lang='grc' dir='ltr'>ο</span> <span class='ocrx_word' id='word_1_401' title='bbox 3067 2402 3153 2455; x_wconf 87' lang='lat' dir='ltr'><strong>ubi</strong></span> <span class='ocrx_word' id='word_1_402' title='bbox 3190 2400 3502 2468; x_wconf 77' lang='lat' dir='ltr'><strong>ignorabat;</strong></span> 
     </span>
    </p>
   </div>
   <div class='ocr_carea' id='block_1_54' title="bbox 1918 2491 3503 2565">
    <p class='ocr_par' dir='ltr' id='par_1_54' title="bbox 1918 2491 3503 2565">
     <span class='ocr_line' id='line_1_54' title="bbox 1918 2491 3503 2565; baseline -0.003 -16"><span class='ocrx_word' id='word_1_403' title='bbox 1918 2494 2045 2551; x_wconf 86' lang='lat' dir='ltr'><strong>inde</strong></span> <span class='ocrx_word' id='word_1_404' title='bbox 2076 2496 2223 2562; x_wconf 87' lang='lat' dir='ltr'><strong>fidat,</strong></span> <span class='ocrx_word' id='word_1_405' title='bbox 2268 2497 2412 2551; x_wconf 90' lang='lat' dir='ltr'><strong>unde</strong></span> <span class='ocrx_word' id='word_1_406' title='bbox 2458 2496 2771 2561; x_wconf 77' lang='lat' dir='ltr'><strong>difﬁdebat;</strong></span> <span class='ocrx_word' id='word_1_407' title='bbox 2819 2495 2944 2550; x_wconf 90' lang='lat' dir='ltr'><strong>inde</strong></span> <span class='ocrx_word' id='word_1_408' title='bbox 2974 2495 3122 2557; x_wconf 87' lang='lat' dir='ltr'><strong>velit,</strong></span> <span class='ocrx_word' id='word_1_409' title='bbox 3152 2494 3313 2565; x_wconf 77' lang='lat'><strong>315</strong></span> <span class='ocrx_word' id='word_1_410' title='bbox 3357 2491 3503 2545; x_wconf 86' lang='lat' dir='ltr'><strong>unde</strong></span> 
     </span>
    </p>
   </div>
   <div class='ocr_carea' id='block_1_55' title="bbox 1919 2586 3505 2649">
    <p class='ocr_par' dir='ltr' id='par_1_55' title="bbox 1919 2586 3505 2649">
     <span class='ocr_line' id='line_1_55' title="bbox 1919 2586 3505 2649; baseline -0.003 -9"><span class='ocrx_word' id='word_1_411' title='bbox 1919 2587 2157 2642; x_wconf 79' lang='lat' dir='ltr'><strong>nolebat.</strong></span> <span class='ocrx_word' id='word_1_412' title='bbox 2190 2587 2404 2641; x_wconf 84' lang='lat' dir='ltr'><strong>Etenim</strong></span> <span class='ocrx_word' id='word_1_413' title='bbox 2440 2587 2687 2640; x_wconf 87' lang='lat' dir='ltr'><strong>Dominus</strong></span> <span class='ocrx_word' id='word_1_414' title='bbox 2715 2587 2856 2639; x_wconf 86' lang='lat' dir='ltr'><strong>dabit</strong></span> <span class='ocrx_word' id='word_1_415' title='bbox 2883 2597 2911 2636; x_wconf 69' lang='grc' dir='ltr'><strong>Ρ</strong></span> <span class='ocrx_word' id='word_1_416' title='bbox 2940 2586 3264 2649; x_wconf 81' lang='lat' dir='ltr'><strong>suavitatem,</strong></span> <span class='ocrx_word' id='word_1_417' title='bbox 3296 2593 3340 2635; x_wconf 90' lang='lat' dir='ltr'><strong>et</strong></span> <span class='ocrx_word' id='word_1_418' title='bbox 3368 2592 3505 2636; x_wconf 86' lang='lat' dir='ltr'><strong>terra</strong></span> 
     </span>
    </p>
   </div>
   <div class='ocr_carea' id='block_1_56' title="bbox 1917 2673 3505 2748">
    <p class='ocr_par' dir='ltr' id='par_1_56' title="bbox 1917 2673 3505 2748">
     <span class='ocr_line' id='line_1_56' title="bbox 1917 2673 3505 2748; baseline -0.004 -15"><span class='ocrx_word' id='word_1_419' title='bbox 1917 2688 2098 2733; x_wconf 87' lang='lat' dir='ltr'><strong>nostra</strong></span> <span class='ocrx_word' id='word_1_420' title='bbox 2125 2678 2269 2731; x_wconf 87' lang='lat' dir='ltr'><strong>dabit</strong></span> <span class='ocrx_word' id='word_1_421' title='bbox 2298 2678 2517 2747; x_wconf 87' lang='lat' dir='ltr'><strong>fructum</strong></span> <span class='ocrx_word' id='word_1_422' title='bbox 2553 2693 2703 2731; x_wconf 87' lang='lat' dir='ltr'><strong>suum</strong></span> <span class='ocrx_word' id='word_1_423' title='bbox 2732 2677 2901 2748; x_wconf 86' lang='lat' dir='ltr'><strong>(Psal.</strong></span> <span class='ocrx_word' id='word_1_424' title='bbox 2934 2689 3155 2741; x_wconf 73' lang='lat' dir='ltr'><strong>Lxxxw,</strong></span> <span class='ocrx_word' id='word_1_425' title='bbox 3192 2674 3305 2743; x_wconf 75' lang='grc'><strong>12).</strong></span> <span class='ocrx_word' id='word_1_426' title='bbox 3338 2673 3505 2744; x_wconf 80' lang='lat' dir='ltr'><strong>[Alias</strong></span> 
     </span>
    </p>
   </div>
   <div class='ocr_carea' id='block_1_57' title="bbox 1918 2762 3507 2841">
    <p class='ocr_par' dir='ltr' id='par_1_57' title="bbox 1918 2762 3507 2841">
     <span class='ocr_line' id='line_1_57' title="bbox 1918 2762 3507 2841; baseline -0.006 -18"><span class='ocrx_word' id='word_1_427' title='bbox 1918 2768 2048 2823; x_wconf 72' lang='lat' dir='ltr'><strong>Cu.</strong></span> <span class='ocrx_word' id='word_1_428' title='bbox 2088 2767 2198 2841; x_wconf 82' lang='lat' dir='ltr'><strong>VL]</strong></span> <span class='ocrx_word' id='word_1_429' title='bbox 2249 2768 2354 2824; x_wconf 89' lang='lat' dir='ltr'><strong>Sed</strong></span> <span class='ocrx_word' id='word_1_430' title='bbox 2395 2768 2675 2823; x_wconf 83' lang='lat' dir='ltr'><strong>videamus</strong></span> <span class='ocrx_word' id='word_1_431' title='bbox 2716 2768 2891 2835; x_wconf 86' lang='lat' dir='ltr'><strong>qualia</strong></span> <span class='ocrx_word' id='word_1_432' title='bbox 2934 2767 3331 2835; x_wconf 81' lang='lat' dir='ltr'><strong>subsequantur</strong></span> <span class='ocrx_word' id='word_1_433' title='bbox 3362 2762 3507 2834; x_wconf 82' lang='lat' dir='ltr'><strong>(Col-</strong></span> 
     </span>
    </p>
   </div>
   <div class='ocr_carea' id='block_1_58' title="bbox 1918 2858 3505 2932">
    <p class='ocr_par' dir='ltr' id='par_1_58' title="bbox 1918 2858 3505 2932">
     <span class='ocr_line' id='line_1_58' title="bbox 1918 2858 3505 2932; baseline -0.004 -17"><span class='ocrx_word' id='word_1_434' title='bbox 1918 2862 2009 2915; x_wconf 84' lang='lat' dir='ltr'><strong>lat.</strong></span> <span class='ocrx_word' id='word_1_435' title='bbox 2042 2862 2133 2925; x_wconf 78' lang='grc'><strong>15,</strong></span> <span class='ocrx_word' id='word_1_436' title='bbox 2162 2878 2209 2915; x_wconf 89' lang='lat' dir='ltr'><strong>c.</strong></span> <span class='ocrx_word' id='word_1_437' title='bbox 2238 2862 2296 2930; x_wconf 86' lang='lat'><strong>9)</strong></span> <span class='ocrx_word' id='word_1_438' title='bbox 2327 2879 2340 2913; x_wconf 90' lang='lat'>:</span> <span class='ocrx_word' id='word_1_439' title='bbox 2368 2859 2467 2916; x_wconf 87' lang='lat' dir='ltr'><strong>Cui</strong></span> <span class='ocrx_word' id='word_1_440' title='bbox 2490 2872 2661 2914; x_wconf 88' lang='lat' dir='ltr'><strong>autem</strong></span> <span class='ocrx_word' id='word_1_441' title='bbox 2689 2871 2716 2910; x_wconf 75' lang='grc' dir='ltr'>ιι</span> <span class='ocrx_word' id='word_1_442' title='bbox 2739 2861 2889 2932; x_wconf 78' lang='lat' dir='ltr'><strong>facile</strong></span> <span class='ocrx_word' id='word_1_443' title='bbox 2916 2868 3110 2932; x_wconf 87' lang='lat' dir='ltr'><strong>pateat.</strong></span> <span class='ocrx_word' id='word_1_444' title='bbox 3136 2858 3391 2928; x_wconf 87' lang='lat' dir='ltr'><strong>quomodo</strong></span> <span class='ocrx_word' id='word_1_445' title='bbox 3418 2873 3505 2909; x_wconf 90' lang='lat' dir='ltr'><strong>sa-</strong></span> 
     </span>
    </p>
   </div>
   <div class='ocr_carea' id='block_1_59' title="bbox 1921 2950 3504 3018">
    <p class='ocr_par' dir='ltr' id='par_1_59' title="bbox 1921 2950 3504 3018">
     <span class='ocr_line' id='line_1_59' title="bbox 1921 2950 3504 3018; baseline -0.003 -13"><span class='ocrx_word' id='word_1_446' title='bbox 1921 2952 2041 3005; x_wconf 86' lang='lat' dir='ltr'><strong>lutis</strong></span> <span class='ocrx_word' id='word_1_447' title='bbox 2069 2968 2267 3006; x_wconf 87' lang='lat' dir='ltr'><strong>summa</strong></span> <span class='ocrx_word' id='word_1_448' title='bbox 2293 2961 2466 3005; x_wconf 87' lang='lat' dir='ltr'><strong>nostro</strong></span> <span class='ocrx_word' id='word_1_449' title='bbox 2512 2953 2763 3005; x_wconf 88' lang='lat' dir='ltr'><strong>tribuatur</strong></span> <span class='ocrx_word' id='word_1_450' title='bbox 2787 2951 3045 3005; x_wconf 83' lang='lat' dir='ltr'><strong>arbitrio?</strong></span> <span class='ocrx_word' id='word_1_451' title='bbox 3073 2952 3135 3005; x_wconf 88' lang='lat' dir='ltr'><strong>de</strong></span> <span class='ocrx_word' id='word_1_452' title='bbox 3163 2966 3262 3018; x_wconf 89' lang='lat' dir='ltr'><strong>quo</strong></span> <span class='ocrx_word' id='word_1_453' title='bbox 3291 2950 3504 3012; x_wconf 86' lang='lat' dir='ltr'><strong>dicitur,</strong></span> 
     </span>
    </p>
   </div>
   <div class='ocr_carea' id='block_1_60' title="bbox 1919 3043 3507 3112">
    <p class='ocr_par' dir='ltr' id='par_1_60' title="bbox 1919 3043 3507 3112">
     <span class='ocr_line' id='line_1_60' title="bbox 1919 3043 3507 3112; baseline -0.002 -16"><span class='ocrx_word' id='word_1_454' title='bbox 1919 3044 1965 3097; x_wconf 89' lang='lat' dir='ltr'><strong>si</strong></span> <span class='ocrx_word' id='word_1_455' title='bbox 1990 3043 2248 3097; x_wconf 83' lang='lat' dir='ltr'><strong>volueritis</strong></span> <span class='ocrx_word' id='word_1_456' title='bbox 2275 3052 2321 3097; x_wconf 90' lang='lat' dir='ltr'><strong>et</strong></span> <span class='ocrx_word' id='word_1_457' title='bbox 2347 3043 2616 3097; x_wconf 87' lang='lat' dir='ltr'><strong>audieritis</strong></span> <span class='ocrx_word' id='word_1_458' title='bbox 2641 3060 2737 3109; x_wconf 89' lang='lat' dir='ltr'><strong>me,</strong></span> <span class='ocrx_word' id='word_1_459' title='bbox 2762 3059 2875 3112; x_wconf 75' lang='lat' dir='ltr'><strong>qua:</strong></span> <span class='ocrx_word' id='word_1_460' title='bbox 2896 3043 3027 3096; x_wconf 90' lang='lat' dir='ltr'><strong>bona</strong></span> <span class='ocrx_word' id='word_1_461' title='bbox 3046 3050 3167 3096; x_wconf 90' lang='lat' dir='ltr'><strong>sunt</strong></span> <span class='ocrx_word' id='word_1_462' title='bbox 3188 3052 3334 3095; x_wconf 83' lang='lat' dir='ltr'><strong>teme</strong></span> <span class='ocrx_word' id='word_1_463' title='bbox 3359 3056 3507 3093; x_wconf 80' lang='lat' dir='ltr'><strong>man-</strong></span> 
     </span>
    </p>
   </div>
   <div class='ocr_carea' id='block_1_61' title="bbox 294 3123 1814 3206">
    <p class='ocr_par' dir='ltr' id='par_1_61' title="bbox 294 3123 1814 3204">
     <span class='ocr_line' id='line_1_61' title="bbox 294 3123 1814 3204; baseline -0.005 -19"><span class='ocrx_word' id='word_1_464' title='bbox 294 3130 458 3204; x_wconf 80' lang='lat' dir='ltr'><strong>[Alias</strong></span> <span class='ocrx_word' id='word_1_465' title='bbox 493 3127 629 3185; x_wconf 69' lang='lat' dir='ltr'><strong>CAP.</strong></span> <span class='ocrx_word' id='word_1_466' title='bbox 644 3127 809 3200; x_wconf 71' lang='lat' dir='ltr'><strong>v.11.</strong></span> <span class='ocrx_word' id='word_1_467' title='bbox 837 3136 863 3175; x_wconf 73' lang='lat'><strong><em>8</em></strong></span> <span class='ocrx_word' id='word_1_468' title='bbox 884 3125 1098 3181; x_wconf 87' lang='lat' dir='ltr'><strong>Etsatis</strong></span> <span class='ocrx_word' id='word_1_469' title='bbox 1125 3132 1179 3180; x_wconf 92' lang='lat' dir='ltr'><strong>te</strong></span> <span class='ocrx_word' id='word_1_470' title='bbox 1197 3132 1390 3179; x_wconf 88' lang='lat' dir='ltr'><strong>contra</strong></span> <span class='ocrx_word' id='word_1_471' title='bbox 1405 3123 1814 3193; x_wconf 88' lang='lat' dir='ltr'><strong>Pelagianorum</strong></span> 
     </span>
    </p>
   </div>
   <div class='ocr_carea' id='block_1_62' title="bbox 1921 3123 3508 3206">
    <p class='ocr_par' dir='ltr' id='par_1_62' title="bbox 1925 3132 3508 3206">
     <span class='ocr_line' id='line_1_62' title="bbox 1925 3132 3508 3206; baseline -0.003 -17"><span class='ocrx_word' id='word_1_472' title='bbox 1925 3135 2179 3189; x_wconf 88' lang='lat' dir='ltr'><strong>ducabitis</strong></span> <span class='ocrx_word' id='word_1_473' title='bbox 2211 3134 2365 3206; x_wconf 84' lang='lat' dir='ltr'><strong>(lsai.</strong></span> <span class='ocrx_word' id='word_1_474' title='bbox 2397 3150 2437 3202; x_wconf 81' lang='grc' dir='ltr'><strong>ι,</strong></span> <span class='ocrx_word' id='word_1_475' title='bbox 2470 3134 2582 3201; x_wconf 87' lang='grc'><strong>19).</strong></span> <span class='ocrx_word' id='word_1_476' title='bbox 2608 3133 2676 3187; x_wconf 89' lang='lat' dir='ltr'><strong>Et</strong></span> <span class='ocrx_word' id='word_1_477' title='bbox 2706 3134 2961 3204; x_wconf 86' lang='lat' dir='ltr'><strong>quomodo</strong></span> <span class='ocrx_word' id='word_1_478' title='bbox 2988 3149 3087 3186; x_wconf 89' lang='lat' dir='ltr'><strong>non</strong></span> <span class='ocrx_word' id='word_1_479' title='bbox 3116 3132 3328 3186; x_wconf 84' lang='lat' dir='ltr'><strong>volentis</strong></span> <span class='ocrx_word' id='word_1_480' title='bbox 3350 3147 3508 3198; x_wconf 83' lang='lat' dir='ltr'><strong>neque</strong></span> 
     </span>
    </p>
   </div>
   <div class='ocr_carea' id='block_1_63' title="bbox 236 3216 1824 3290">
    <p class='ocr_par' dir='ltr' id='par_1_63' title="bbox 236 3216 1824 3290">
     <span class='ocr_line' id='line_1_63' title="bbox 236 3216 1824 3290; baseline -0.006 -12"><span class='ocrx_word' id='word_1_481' title='bbox 236 3222 522 3279; x_wconf 82' lang='lat' dir='ltr'><strong>calumnias</strong></span> <span class='ocrx_word' id='word_1_482' title='bbox 570 3234 883 3290; x_wconf 65' lang='lat' dir='ltr'><strong>prmcavere</strong></span> <span class='ocrx_word' id='word_1_483' title='bbox 910 3218 1214 3282; x_wconf 83' lang='lat' dir='ltr'><strong>existimas,</strong></span> <span class='ocrx_word' id='word_1_484' title='bbox 1246 3217 1293 3271; x_wconf 90' lang='lat' dir='ltr'><strong>si</strong></span> <span class='ocrx_word' id='word_1_485' title='bbox 1327 3216 1468 3285; x_wconf 92' lang='lat' dir='ltr'><strong>quod</strong></span> <span class='ocrx_word' id='word_1_486' title='bbox 1502 3217 1555 3271; x_wconf 92' lang='lat' dir='ltr'><strong>in</strong></span> <span class='ocrx_word' id='word_1_487' title='bbox 1601 3217 1824 3270; x_wconf 84' lang='lat' dir='ltr'><strong>univer-</strong></span> 
     </span>
    </p>
   </div>
   <div class='ocr_carea' id='block_1_64' title="bbox 236 3304 1824 3377">
    <p class='ocr_par' dir='ltr' id='par_1_64' title="bbox 236 3304 1824 3377">
     <span class='ocr_line' id='line_1_64' title="bbox 236 3304 1824 3377; baseline -0.004 -7"><span class='ocrx_word' id='word_1_488' title='bbox 236 3317 382 3371; x_wconf 83' lang='lat' dir='ltr'><strong>sitate</strong></span> <span class='ocrx_word' id='word_1_489' title='bbox 410 3325 733 3369; x_wconf 89' lang='lat' dir='ltr'><strong>vocatorum</strong></span> <span class='ocrx_word' id='word_1_490' title='bbox 763 3310 1105 3365; x_wconf 87' lang='lat' dir='ltr'><strong>sentiendum</strong></span> <span class='ocrx_word' id='word_1_491' title='bbox 1128 3318 1234 3375; x_wconf 91' lang='lat' dir='ltr'><strong>est,</strong></span> <span class='ocrx_word' id='word_1_492' title='bbox 1266 3308 1318 3363; x_wconf 92' lang='lat' dir='ltr'><strong>id</strong></span> <span class='ocrx_word' id='word_1_493' title='bbox 1361 3308 1516 3362; x_wconf 88' lang='lat' dir='ltr'><strong>nobis</strong></span> <span class='ocrx_word' id='word_1_494' title='bbox 1542 3304 1573 3345; x_wconf 72' lang='grc' dir='ltr'><strong>ιι</strong></span> <span class='ocrx_word' id='word_1_495' title='bbox 1604 3307 1658 3363; x_wconf 90' lang='lat' dir='ltr'><strong>in</strong></span> <span class='ocrx_word' id='word_1_496' title='bbox 1698 3323 1824 3377; x_wconf 85' lang='lat' dir='ltr'><strong>por-</strong></span> 
     </span>
    </p>
   </div>
   <div class='ocr_carea' id='block_1_65' title="bbox 237 3398 1820 3461">
    <p class='ocr_par' dir='ltr' id='par_1_65' title="bbox 237 3398 1820 3461">
     <span class='ocr_line' id='line_1_65' title="bbox 237 3398 1820 3461; baseline -0.003 -3"><span class='ocrx_word' id='word_1_497' title='bbox 237 3406 370 3461; x_wconf 86' lang='lat' dir='ltr'><strong>tione</strong></span> <span class='ocrx_word' id='word_1_498' title='bbox 397 3403 691 3461; x_wconf 88' lang='lat' dir='ltr'><strong>concedas.</strong></span> <span class='ocrx_word' id='word_1_499' title='bbox 724 3400 831 3457; x_wconf 88' lang='lat' dir='ltr'><strong>Sed</strong></span> <span class='ocrx_word' id='word_1_500' title='bbox 859 3414 959 3455; x_wconf 88' lang='lat' dir='ltr'><strong>nec</strong></span> <span class='ocrx_word' id='word_1_501' title='bbox 979 3415 1101 3453; x_wconf 92' lang='lat' dir='ltr'><strong>cum</strong></span> <span class='ocrx_word' id='word_1_502' title='bbox 1124 3398 1401 3453; x_wconf 65' lang='lat' dir='ltr'><strong>haereticis</strong></span> <span class='ocrx_word' id='word_1_503' title='bbox 1429 3398 1546 3461; x_wconf 88' lang='lat' dir='ltr'><strong>tibi,</strong></span> <span class='ocrx_word' id='word_1_504' title='bbox 1576 3413 1677 3454; x_wconf 89' lang='lat' dir='ltr'><strong>nec</strong></span> <span class='ocrx_word' id='word_1_505' title='bbox 1697 3414 1820 3453; x_wconf 89' lang='lat' dir='ltr'><strong>cum</strong></span> 
     </span>
    </p>
   </div>
   <div class='ocr_carea' id='block_1_66' title="bbox 236 3492 1821 3568">
    <p class='ocr_par' dir='ltr' id='par_1_66' title="bbox 236 3492 1821 3568">
     <span class='ocr_line' id='line_1_66' title="bbox 236 3492 1821 3568; baseline -0.004 -14"><span class='ocrx_word' id='word_1_506' title='bbox 236 3500 509 3554; x_wconf 85' lang='lat' dir='ltr'><strong>catholicis</strong></span> <span class='ocrx_word' id='word_1_507' title='bbox 536 3496 557 3536; x_wconf 76' lang='grc' dir='ltr'>ί</span> <span class='ocrx_word' id='word_1_508' title='bbox 587 3497 745 3568; x_wconf 91' lang='lat' dir='ltr'><strong>plena</strong></span> <span class='ocrx_word' id='word_1_509' title='bbox 768 3494 1052 3552; x_wconf 90' lang='lat' dir='ltr'><strong>concordia</strong></span> <span class='ocrx_word' id='word_1_510' title='bbox 1076 3502 1176 3549; x_wconf 86' lang='lat' dir='ltr'><strong>est.</strong></span> <span class='ocrx_word' id='word_1_511' title='bbox 1202 3493 1287 3547; x_wconf 92' lang='lat' dir='ltr'><strong>Illi</strong></span> <span class='ocrx_word' id='word_1_512' title='bbox 1308 3494 1361 3546; x_wconf 89' lang='lat' dir='ltr'><strong>in</strong></span> <span class='ocrx_word' id='word_1_513' title='bbox 1384 3493 1641 3549; x_wconf 90' lang='lat' dir='ltr'><strong>omnibus</strong></span> <span class='ocrx_word' id='word_1_514' title='bbox 1657 3492 1821 3562; x_wconf 90' lang='lat' dir='ltr'><strong>justis</strong></span> 
     </span>
    </p>
   </div>
   <div class='ocr_carea' id='block_1_67' title="bbox 237 3586 1822 3658">
    <p class='ocr_par' dir='ltr' id='par_1_67' title="bbox 237 3586 1822 3658">
     <span class='ocr_line' id='line_1_67' title="bbox 237 3586 1822 3658; baseline -0.003 -15"><span class='ocrx_word' id='word_1_515' title='bbox 237 3590 510 3645; x_wconf 81' lang='lat' dir='ltr'><strong>hominum</strong></span> <span class='ocrx_word' id='word_1_516' title='bbox 555 3588 838 3658; x_wconf 89' lang='lat' dir='ltr'><strong>operibus,</strong></span> <span class='ocrx_word' id='word_1_517' title='bbox 861 3586 1047 3641; x_wconf 70' lang='lat' dir='ltr'><strong>liberte</strong></span> <span class='ocrx_word' id='word_1_518' title='bbox 1087 3586 1379 3639; x_wconf 88' lang='lat' dir='ltr'><strong>voluntatis</strong></span> <span class='ocrx_word' id='word_1_519' title='bbox 1403 3594 1621 3640; x_wconf 89' lang='lat' dir='ltr'><strong>tuentur</strong></span> <span class='ocrx_word' id='word_1_520' title='bbox 1661 3599 1822 3641; x_wconf 87' lang='lat' dir='ltr'><strong>exor-</strong></span> 
     </span>
    </p>
   </div>
   <div class='ocr_carea' id='block_1_68' title="bbox 234 3677 1819 3747">
    <p class='ocr_par' dir='ltr' id='par_1_68' title="bbox 234 3677 1819 3747">
     <span class='ocr_line' id='line_1_68' title="bbox 234 3677 1819 3747; baseline -0.001 -12"><span class='ocrx_word' id='word_1_521' title='bbox 234 3682 310 3735; x_wconf 83' lang='lat' dir='ltr'><strong>dia</strong></span> <span class='ocrx_word' id='word_1_522' title='bbox 331 3702 356 3738; x_wconf 77' lang='lat'><strong>-.</strong></span> <span class='ocrx_word' id='word_1_523' title='bbox 375 3697 485 3737; x_wconf 88' lang='lat' dir='ltr'><strong>nos</strong></span> <span class='ocrx_word' id='word_1_524' title='bbox 506 3682 777 3737; x_wconf 89' lang='lat' dir='ltr'><strong>bonarum</strong></span> <span class='ocrx_word' id='word_1_525' title='bbox 800 3678 1185 3747; x_wconf 87' lang='lat' dir='ltr'><strong>cogitationum</strong></span> <span class='ocrx_word' id='word_1_526' title='bbox 1215 3692 1283 3731; x_wconf 84' lang='lat' dir='ltr'><strong>ex</strong></span> <span class='ocrx_word' id='word_1_527' title='bbox 1321 3677 1433 3732; x_wconf 92' lang='lat' dir='ltr'><strong>Deo</strong></span> <span class='ocrx_word' id='word_1_528' title='bbox 1458 3691 1672 3747; x_wconf 91' lang='lat' dir='ltr'><strong>semper</strong></span> <span class='ocrx_word' id='word_1_529' title='bbox 1697 3693 1819 3734; x_wconf 87' lang='lat' dir='ltr'><strong>cre-</strong></span> 
     </span>
    </p>
   </div>
   <div class='ocr_carea' id='block_1_69' title="bbox 234 3770 1821 3844">
    <p class='ocr_par' dir='ltr' id='par_1_69' title="bbox 234 3770 1821 3844">
     <span class='ocr_line' id='line_1_69' title="bbox 234 3770 1821 3844; baseline -0.001 -18"><span class='ocrx_word' id='word_1_530' title='bbox 234 3772 397 3829; x_wconf 87' lang='lat' dir='ltr'><strong>dimus</strong></span> <span class='ocrx_word' id='word_1_531' title='bbox 427 3773 657 3844; x_wconf 86' lang='lat' dir='ltr'><strong>prodire</strong></span> <span class='ocrx_word' id='word_1_532' title='bbox 678 3770 942 3842; x_wconf 88' lang='lat' dir='ltr'><strong>principia</strong></span> <span class='ocrx_word' id='word_1_533' title='bbox 968 3786 981 3822; x_wconf 90' lang='lat'><strong>:</strong></span> <span class='ocrx_word' id='word_1_534' title='bbox 1015 3778 1071 3823; x_wconf 91' lang='lat' dir='ltr'><strong>tu</strong></span> <span class='ocrx_word' id='word_1_535' title='bbox 1093 3770 1323 3824; x_wconf 87' lang='lat' dir='ltr'><strong>informe</strong></span> <span class='ocrx_word' id='word_1_536' title='bbox 1348 3770 1536 3824; x_wconf 89' lang='lat' dir='ltr'><strong>nescio</strong></span> <span class='ocrx_word' id='word_1_537' title='bbox 1560 3770 1687 3839; x_wconf 91' lang='lat' dir='ltr'><strong>quid</strong></span> <span class='ocrx_word' id='word_1_538' title='bbox 1712 3782 1821 3825; x_wconf 88' lang='lat' dir='ltr'><strong>ter-</strong></span> 
     </span>
    </p>
   </div>
   <div class='ocr_carea' id='block_1_70' title="bbox 233 3860 1821 3933">
    <p class='ocr_par' dir='ltr' id='par_1_70' title="bbox 233 3860 1821 3933">
     <span class='ocr_line' id='line_1_70' title="bbox 233 3860 1821 3933; baseline -0.002 -13"><span class='ocrx_word' id='word_1_539' title='bbox 233 3865 377 3933; x_wconf 89' lang='lat' dir='ltr'><strong>tium,</strong></span> <span class='ocrx_word' id='word_1_540' title='bbox 409 3872 473 3921; x_wconf 86' lang='lat' dir='ltr'><strong>et</strong></span> <span class='ocrx_word' id='word_1_541' title='bbox 524 3864 738 3933; x_wconf 86' lang='lat' dir='ltr'><strong>utrique</strong></span> <span class='ocrx_word' id='word_1_542' title='bbox 779 3862 915 3932; x_wconf 90' lang='lat' dir='ltr'><strong>parti</strong></span> <span class='ocrx_word' id='word_1_543' title='bbox 964 3860 1361 3916; x_wconf 89' lang='lat' dir='ltr'><strong>inconveniens</strong></span> <span class='ocrx_word' id='word_1_544' title='bbox 1411 3861 1681 3930; x_wconf 89' lang='lat' dir='ltr'><strong>reperisti,</strong></span> <span class='ocrx_word' id='word_1_545' title='bbox 1713 3876 1821 3931; x_wconf 92' lang='lat' dir='ltr'><strong>quo</strong></span> 
     </span>
    </p>
   </div>
   <div class='ocr_carea' id='block_1_71' title="bbox 290 4035 1814 4107">
    <p class='ocr_par' dir='ltr' id='par_1_71' title="bbox 290 4035 1814 4107">
     <span class='ocr_line' id='line_1_71' title="bbox 290 4035 1814 4107; baseline -0.005 -8"><span class='ocrx_word' id='word_1_546' title='bbox 290 4052 316 4081; x_wconf 81' lang='grc'><strong><em>⁸</em></strong></span> <span class='ocrx_word' id='word_1_547' title='bbox 338 4042 416 4098; x_wconf 86' lang='lat' dir='ltr'><strong>ita</strong></span> <span class='ocrx_word' id='word_1_548' title='bbox 448 4055 556 4096; x_wconf 86' lang='lat' dir='ltr'><strong>ms.</strong></span> <span class='ocrx_word' id='word_1_549' title='bbox 581 4039 688 4096; x_wconf 85' lang='lat' dir='ltr'><strong>Jol.</strong></span> <span class='ocrx_word' id='word_1_550' title='bbox 717 4046 771 4093; x_wconf 91' lang='lat' dir='ltr'><strong>et</strong></span> <span class='ocrx_word' id='word_1_551' title='bbox 795 4053 862 4093; x_wconf 93' lang='lat' dir='ltr'><strong>ex</strong></span> <span class='ocrx_word' id='word_1_552' title='bbox 891 4053 994 4093; x_wconf 88' lang='lat' dir='ltr'><strong>ms.</strong></span> <span class='ocrx_word' id='word_1_553' title='bbox 1017 4036 1183 4092; x_wconf 88' lang='lat' dir='ltr'><strong>Corb.</strong></span> <span class='ocrx_word' id='word_1_554' title='bbox 1222 4037 1358 4107; x_wconf 81' lang='lat' dir='ltr'><strong>Aug.</strong></span> <span class='ocrx_word' id='word_1_555' title='bbox 1384 4035 1517 4091; x_wconf 94' lang='lat' dir='ltr'><strong>edit.</strong></span> <span class='ocrx_word' id='word_1_556' title='bbox 1547 4051 1669 4091; x_wconf 88' lang='lat' dir='ltr'><strong>eum</strong></span> <span class='ocrx_word' id='word_1_557' title='bbox 1696 4037 1814 4092; x_wconf 83' lang='lat' dir='ltr'><strong>Mo-</strong></span> 
     </span>
    </p>
   </div>
   <div class='ocr_carea' id='block_1_72' title="bbox 229 4108 1817 4182">
    <p class='ocr_par' dir='ltr' id='par_1_72' title="bbox 229 4108 1817 4182">
     <span class='ocr_line' id='line_1_72' title="bbox 229 4108 1817 4182; baseline -0.004 -17"><span class='ocrx_word' id='word_1_558' title='bbox 229 4124 368 4182; x_wconf 78' lang='lat' dir='ltr'><strong>guut.</strong></span> <span class='ocrx_word' id='word_1_559' title='bbox 397 4123 459 4168; x_wconf 88' lang='lat' dir='ltr'><strong>et</strong></span> <span class='ocrx_word' id='word_1_560' title='bbox 511 4112 648 4164; x_wconf 80' lang='lat' dir='ltr'><strong>Ven.</strong></span> <span class='ocrx_word' id='word_1_561' title='bbox 680 4110 1019 4165; x_wconf 88' lang='lat' dir='ltr'><strong>Posteriores</strong></span> <span class='ocrx_word' id='word_1_562' title='bbox 1066 4108 1358 4175; x_wconf 82' lang='lat' dir='ltr'><strong>editiones,</strong></span> <span class='ocrx_word' id='word_1_563' title='bbox 1408 4108 1744 4162; x_wconf 85' lang='lat' dir='ltr'><strong>instabititate</strong></span> <span class='ocrx_word' id='word_1_564' title='bbox 1768 4115 1817 4162; x_wconf 85' lang='lat' dir='ltr'><strong>et</strong></span> 
     </span>
    </p>
   </div>
   <div class='ocr_carea' id='block_1_73' title="bbox 229 4182 709 4237">
    <p class='ocr_par' dir='ltr' id='par_1_73' title="bbox 229 4182 709 4237">
     <span class='ocr_line' id='line_1_73' title="bbox 229 4182 709 4237; baseline -0.004 -2"><span class='ocrx_word' id='word_1_565' title='bbox 229 4183 420 4237; x_wconf 77' lang='lat' dir='ltr'><strong>levitate</strong></span> <span class='ocrx_word' id='word_1_566' title='bbox 452 4182 709 4236; x_wconf 79' lang='lat' dir='ltr'><strong>discessit.</strong></span> 
     </span>
    </p>
   </div>
   <div class='ocr_carea' id='block_1_74' title="bbox 290 4248 1809 4321">
    <p class='ocr_par' dir='ltr' id='par_1_74' title="bbox 290 4248 1809 4321">
     <span class='ocr_line' id='line_1_74' title="bbox 290 4248 1809 4321; baseline -0.005 -13"><span class='ocrx_word' id='word_1_567' title='bbox 290 4253 316 4292; x_wconf 72' lang='grc' dir='ltr'>δ</span> <span class='ocrx_word' id='word_1_568' title='bbox 340 4255 493 4308; x_wconf 86' lang='lat' dir='ltr'><strong>Edit.</strong></span> <span class='ocrx_word' id='word_1_569' title='bbox 514 4320 521 4321; x_wconf 15' lang='grc' dir='ltr'>ί</span> <span class='ocrx_word' id='word_1_570' title='bbox 544 4254 739 4321; x_wconf 86' lang='lat' dir='ltr'><strong>Lugd.,</strong></span> <span class='ocrx_word' id='word_1_571' title='bbox 768 4249 932 4305; x_wconf 87' lang='lat' dir='ltr'><strong>Omne</strong></span> <span class='ocrx_word' id='word_1_572' title='bbox 968 4249 1103 4303; x_wconf 88' lang='lat' dir='ltr'><strong>enim</strong></span> <span class='ocrx_word' id='word_1_573' title='bbox 1134 4249 1311 4321; x_wconf 74' lang='lat' dir='ltr'><strong>datum</strong></span> <span class='ocrx_word' id='word_1_574' title='bbox 1339 4248 1607 4321; x_wconf 87' lang='lat' dir='ltr'><strong>optimum.</strong></span> <span class='ocrx_word' id='word_1_575' title='bbox 1653 4248 1809 4321; x_wconf 87' lang='lat' dir='ltr'><strong>L0v.,</strong></span> 
     </span>
    </p>
   </div>
   <div class='ocr_carea' id='block_1_75' title="bbox 231 4319 1815 4387">
    <p class='ocr_par' dir='ltr' id='par_1_75' title="bbox 231 4319 1815 4387">
     <span class='ocr_line' id='line_1_75' title="bbox 231 4319 1815 4387; baseline -0.004 -9"><span class='ocrx_word' id='word_1_576' title='bbox 231 4323 386 4379; x_wconf 86' lang='lat' dir='ltr'><strong>Duac.</strong></span> <span class='ocrx_word' id='word_1_577' title='bbox 412 4332 479 4379; x_wconf 87' lang='lat' dir='ltr'><strong>et</strong></span> <span class='ocrx_word' id='word_1_578' title='bbox 497 4319 696 4377; x_wconf 81' lang='lat' dir='ltr'><strong>Colon.</strong></span> <span class='ocrx_word' id='word_1_579' title='bbox 720 4324 951 4385; x_wconf 87' lang='lat' dir='ltr'><strong>omisso,</strong></span> <span class='ocrx_word' id='word_1_580' title='bbox 975 4324 1109 4372; x_wconf 87' lang='lat' dir='ltr'><strong>enim</strong></span> <span class='ocrx_word' id='word_1_581' title='bbox 1132 4336 1150 4375; x_wconf 89' lang='lat'><strong><em>:</em></strong></span> <span class='ocrx_word' id='word_1_582' title='bbox 1180 4319 1343 4373; x_wconf 90' lang='lat' dir='ltr'><strong>Omne</strong></span> <span class='ocrx_word' id='word_1_583' title='bbox 1365 4320 1543 4371; x_wconf 91' lang='lat' dir='ltr'><strong>datum</strong></span> <span class='ocrx_word' id='word_1_584' title='bbox 1567 4320 1815 4387; x_wconf 79' lang='lat' dir='ltr'><strong>Optimum</strong></span> 
     </span>
    </p>
   </div>
   <div class='ocr_carea' id='block_1_76' title="bbox 228 4390 1812 4459">
    <p class='ocr_par' dir='ltr' id='par_1_76' title="bbox 228 4390 1812 4459">
     <span class='ocr_line' id='line_1_76' title="bbox 228 4390 1812 4459; baseline -0.003 -11"><span class='ocrx_word' id='word_1_585' title='bbox 228 4404 272 4448; x_wconf 91' lang='lat' dir='ltr'><strong>et</strong></span> <span class='ocrx_word' id='word_1_586' title='bbox 296 4396 517 4448; x_wconf 87' lang='lat' dir='ltr'><strong>donum.</strong></span> <span class='ocrx_word' id='word_1_587' title='bbox 540 4393 671 4447; x_wconf 73' lang='lat' dir='ltr'><strong>Mss.</strong></span> <span class='ocrx_word' id='word_1_588' title='bbox 700 4392 808 4447; x_wconf 84' lang='lat' dir='ltr'><strong>Jol.</strong></span> <span class='ocrx_word' id='word_1_589' title='bbox 840 4400 897 4447; x_wconf 93' lang='lat' dir='ltr'><strong>et</strong></span> <span class='ocrx_word' id='word_1_590' title='bbox 923 4390 1087 4446; x_wconf 84' lang='lat' dir='ltr'><strong>Corb.</strong></span> <span class='ocrx_word' id='word_1_591' title='bbox 1118 4399 1171 4445; x_wconf 87' lang='lat' dir='ltr'><strong>et</strong></span> <span class='ocrx_word' id='word_1_592' title='bbox 1191 4391 1304 4446; x_wconf 89' lang='lat' dir='ltr'><strong>edit</strong></span> <span class='ocrx_word' id='word_1_593' title='bbox 1337 4390 1577 4459; x_wconf 85' lang='lat' dir='ltr'><strong>Mogunt.</strong></span> <span class='ocrx_word' id='word_1_594' title='bbox 1600 4398 1655 4444; x_wconf 93' lang='lat' dir='ltr'><strong>et</strong></span> <span class='ocrx_word' id='word_1_595' title='bbox 1680 4391 1812 4444; x_wconf 82' lang='lat' dir='ltr'><strong>Ven.</strong></span> 
     </span>
    </p>
   </div>
   <div class='ocr_carea' id='block_1_77' title="bbox 230 4469 568 4519">
    <p class='ocr_par' dir='ltr' id='par_1_77' title="bbox 230 4469 568 4519">
     <span class='ocr_line' id='line_1_77' title="bbox 230 4469 568 4519; baseline -0.009 0"><span class='ocrx_word' id='word_1_596' title='bbox 230 4475 283 4519; x_wconf 89' lang='lat' dir='ltr'><strong>ut</strong></span> <span class='ocrx_word' id='word_1_597' title='bbox 311 4469 361 4519; x_wconf 89' lang='lat' dir='ltr'><strong>in</strong></span> <span class='ocrx_word' id='word_1_598' title='bbox 387 4474 568 4519; x_wconf 81' lang='lat' dir='ltr'><strong>textu.</strong></span> 
     </span>
    </p>
   </div>
   <div class='ocr_carea' id='block_1_78' title="bbox 295 4530 1816 4599">
    <p class='ocr_par' dir='ltr' id='par_1_78' title="bbox 295 4530 1816 4599">
     <span class='ocr_line' id='line_1_78' title="bbox 295 4530 1816 4599; baseline -0.005 -9"><span class='ocrx_word' id='word_1_599' title='bbox 295 4548 316 4574; x_wconf 75' lang='grc' dir='ltr'><em>ε</em></span> <span class='ocrx_word' id='word_1_600' title='bbox 340 4536 436 4590; x_wconf 88' lang='lat' dir='ltr'><strong>Sic</strong></span> <span class='ocrx_word' id='word_1_601' title='bbox 460 4548 599 4587; x_wconf 88' lang='lat' dir='ltr'><strong>mss.</strong></span> <span class='ocrx_word' id='word_1_602' title='bbox 620 4530 787 4587; x_wconf 88' lang='lat' dir='ltr'><strong>Corb.</strong></span> <span class='ocrx_word' id='word_1_603' title='bbox 809 4539 865 4586; x_wconf 89' lang='lat' dir='ltr'><strong>et</strong></span> <span class='ocrx_word' id='word_1_604' title='bbox 883 4531 990 4586; x_wconf 81' lang='lat' dir='ltr'><strong>Jol.</strong></span> <span class='ocrx_word' id='word_1_605' title='bbox 1021 4530 1086 4585; x_wconf 87' lang='lat' dir='ltr'><strong>At</strong></span> <span class='ocrx_word' id='word_1_606' title='bbox 1116 4530 1382 4585; x_wconf 88' lang='lat' dir='ltr'><strong>editiones</strong></span> <span class='ocrx_word' id='word_1_607' title='bbox 1408 4544 1619 4596; x_wconf 86' lang='lat' dir='ltr'><strong>omnes,</strong></span> <span class='ocrx_word' id='word_1_608' title='bbox 1647 4530 1816 4599; x_wconf 81' lang='lat' dir='ltr'><strong>famo-</strong></span> 
     </span>
    </p>
   </div>
   <div class='ocr_carea' id='block_1_79' title="bbox 228 4602 1816 4674">
    <p class='ocr_par' dir='ltr' id='par_1_79' title="bbox 228 4602 1816 4674">
     <span class='ocr_line' id='line_1_79' title="bbox 228 4602 1816 4674; baseline -0.002 -17"><span class='ocrx_word' id='word_1_609' title='bbox 228 4620 351 4673; x_wconf 84' lang='lat' dir='ltr'><strong>sam,</strong></span> <span class='ocrx_word' id='word_1_610' title='bbox 372 4619 608 4674; x_wconf 84' lang='lat' dir='ltr'><strong>quarum</strong></span> <span class='ocrx_word' id='word_1_611' title='bbox 635 4603 818 4672; x_wconf 86' lang='lat' dir='ltr'><strong>plures</strong></span> <span class='ocrx_word' id='word_1_612' title='bbox 839 4603 893 4656; x_wconf 91' lang='lat' dir='ltr'><strong>in</strong></span> <span class='ocrx_word' id='word_1_613' title='bbox 918 4603 1161 4670; x_wconf 90' lang='lat' dir='ltr'><strong>margine</strong></span> <span class='ocrx_word' id='word_1_614' title='bbox 1185 4617 1248 4655; x_wconf 84' lang='lat' dir='ltr'><strong>ex</strong></span> <span class='ocrx_word' id='word_1_615' title='bbox 1272 4602 1581 4671; x_wconf 86' lang='lat' dir='ltr'><strong>conjectura</strong></span> <span class='ocrx_word' id='word_1_616' title='bbox 1607 4610 1816 4667; x_wconf 85' lang='lat' dir='ltr'><strong>notant,</strong></span> 
     </span>
    </p>
   </div>
   <div class='ocr_carea' id='block_1_80' title="bbox 251 4691 505 4729">
    <p class='ocr_par' dir='ltr' id='par_1_80' title="bbox 251 4691 505 4729">
     <span class='ocr_line' id='line_1_80' title="bbox 251 4691 505 4729; baseline 0.004 -1"><span class='ocrx_word' id='word_1_617' title='bbox 251 4691 505 4729; x_wconf 68' lang='grc' dir='ltr'><strong>αηιοείηη.</strong></span> 
     </span>
    </p>
   </div>
   <div class='ocr_carea' id='block_1_81' title="bbox 230 4676 1189 4814">
    <p class='ocr_par' dir='ltr' id='par_1_81' title="bbox 230 4676 1189 4814">
     <span class='ocr_line' id='line_1_81' title="bbox 230 4676 505 4745; baseline 0.004 -17"><span class='ocrx_word' id='word_1_618' title='bbox 230 4676 505 4745; x_wconf 80' lang='lat' dir='ltr'><strong>fumosam.</strong></span> 
     </span>
     <span class='ocr_line' id='line_1_82' title="bbox 294 4742 1189 4814; baseline -0.002 -15"><span class='ocrx_word' id='word_1_619' title='bbox 294 4744 318 4783; x_wconf 70' lang='grc' dir='ltr'><em>ἀ</em></span> <span class='ocrx_word' id='word_1_620' title='bbox 352 4745 531 4814; x_wconf 83' lang='lat' dir='ltr'><strong>Lugd.</strong></span> <span class='ocrx_word' id='word_1_621' title='bbox 557 4744 723 4798; x_wconf 87' lang='lat' dir='ltr'><strong>editio</strong></span> <span class='ocrx_word' id='word_1_622' title='bbox 750 4742 885 4808; x_wconf 86' lang='lat' dir='ltr'><strong>sola,</strong></span> <span class='ocrx_word' id='word_1_623' title='bbox 916 4742 1189 4814; x_wconf 20' lang='lat' dir='ltr'><strong>Deiibona.</strong></span> 
     </span>
    </p>
   </div>
   <div class='ocr_carea' id='block_1_82' title="bbox 294 4811 1472 4883">
    <p class='ocr_par' dir='ltr' id='par_1_82' title="bbox 294 4811 1472 4883">
     <span class='ocr_line' id='line_1_83' title="bbox 294 4811 1472 4883; baseline -0.003 -13"><span class='ocrx_word' id='word_1_624' title='bbox 294 4826 319 4854; x_wconf 67' lang='grc' dir='ltr'>ι</span> <span class='ocrx_word' id='word_1_625' title='bbox 347 4811 638 4870; x_wconf 73' lang='grc' dir='ltr'><strong>Εάῐιίοηθε</strong></span> <span class='ocrx_word' id='word_1_626' title='bbox 659 4813 896 4883; x_wconf 59' lang='lat' dir='ltr'><strong>lingunt.</strong></span> <span class='ocrx_word' id='word_1_627' title='bbox 928 4824 981 4868; x_wconf 93' lang='lat' dir='ltr'><strong>et</strong></span> <span class='ocrx_word' id='word_1_628' title='bbox 1010 4813 1171 4879; x_wconf 87' lang='lat' dir='ltr'><strong>Ven.,</strong></span> <span class='ocrx_word' id='word_1_629' title='bbox 1203 4811 1472 4867; x_wconf 89' lang='lat' dir='ltr'><strong>Latuerat.</strong></span> 
     </span>
    </p>
   </div>
   <div class='ocr_carea' id='block_1_83' title="bbox 296 4883 1813 4955">
    <p class='ocr_par' dir='ltr' id='par_1_83' title="bbox 296 4883 1813 4955">
     <span class='ocr_line' id='line_1_84' title="bbox 296 4883 1813 4955; baseline 0.001 -15"><span class='ocrx_word' id='word_1_630' title='bbox 296 4886 316 4924; x_wconf 73' lang='grc' dir='ltr'><em>ι</em></span> <span class='ocrx_word' id='word_1_631' title='bbox 350 4886 454 4941; x_wconf 72' lang='lat' dir='ltr'><strong>Ms.</strong></span> <span class='ocrx_word' id='word_1_632' title='bbox 508 4885 762 4939; x_wconf 80' lang='lat' dir='ltr'><strong>Joliensis</strong></span> <span class='ocrx_word' id='word_1_633' title='bbox 807 4886 1001 4937; x_wconf 87' lang='lat' dir='ltr'><strong>omittit</strong></span> <span class='ocrx_word' id='word_1_634' title='bbox 1044 4884 1269 4955; x_wconf 87' lang='lat' dir='ltr'><strong>verbum</strong></span> <span class='ocrx_word' id='word_1_635' title='bbox 1312 4890 1565 4955; x_wconf 80' lang='lat' dir='ltr'><strong>apparet;</strong></span> <span class='ocrx_word' id='word_1_636' title='bbox 1613 4883 1813 4941; x_wconf 90' lang='lat' dir='ltr'><strong>deinde</strong></span> 
     </span>
    </p>
   </div>
   <div class='ocr_carea' id='block_1_84' title="bbox 229 4954 1812 5025">
    <p class='ocr_par' dir='ltr' id='par_1_84' title="bbox 229 4954 1812 5025">
     <span class='ocr_line' id='line_1_85' title="bbox 229 4954 1812 5025; baseline 0.001 -16"><span class='ocrx_word' id='word_1_637' title='bbox 229 4967 339 5023; x_wconf 89' lang='lat' dir='ltr'><strong>post</strong></span> <span class='ocrx_word' id='word_1_638' title='bbox 372 4970 571 5024; x_wconf 74' lang='lat' dir='ltr'><strong>pauca,</strong></span> <span class='ocrx_word' id='word_1_639' title='bbox 619 4970 779 5023; x_wconf 87' lang='lat' dir='ltr'><strong>quare</strong></span> <span class='ocrx_word' id='word_1_640' title='bbox 823 4970 924 5007; x_wconf 88' lang='lat' dir='ltr'><strong>non</strong></span> <span class='ocrx_word' id='word_1_641' title='bbox 954 4969 1017 5007; x_wconf 75' lang='lat' dir='ltr'><strong>ea:</strong></span> <span class='ocrx_word' id='word_1_642' title='bbox 1055 4954 1353 5025; x_wconf 69' lang='lat' dir='ltr'><strong>arqualitate</strong></span> <span class='ocrx_word' id='word_1_643' title='bbox 1399 4956 1589 5020; x_wconf 85' lang='lat' dir='ltr'><strong>operis.</strong></span> <span class='ocrx_word' id='word_1_644' title='bbox 1623 4956 1812 5011; x_wconf 85' lang='lat' dir='ltr'><strong>Melius</strong></span> 
     </span>
    </p>
   </div>
   <div class='ocr_carea' id='block_1_85' title="bbox 226 5026 682 5081">
    <p class='ocr_par' dir='ltr' id='par_1_85' title="bbox 226 5026 682 5081">
     <span class='ocr_line' id='line_1_86' title="bbox 226 5026 682 5081; baseline -0.002 -3"><span class='ocrx_word' id='word_1_645' title='bbox 226 5027 309 5079; x_wconf 77' lang='lat' dir='ltr'><strong>alii</strong></span> <span class='ocrx_word' id='word_1_646' title='bbox 338 5039 401 5081; x_wconf 90' lang='lat' dir='ltr'><strong>ut</strong></span> <span class='ocrx_word' id='word_1_647' title='bbox 430 5026 487 5079; x_wconf 87' lang='lat' dir='ltr'><strong>in</strong></span> <span class='ocrx_word' id='word_1_648' title='bbox 510 5034 682 5079; x_wconf 84' lang='lat' dir='ltr'><strong>textu.</strong></span> 
     </span>
    </p>
   </div>
   <div class='ocr_carea' id='block_1_86' title="bbox 293 5093 1809 5164">
    <p class='ocr_par' dir='ltr' id='par_1_86' title="bbox 293 5093 1809 5164">
     <span class='ocr_line' id='line_1_87' title="bbox 293 5093 1809 5164; baseline -0.001 -13"><span class='ocrx_word' id='word_1_649' title='bbox 293 5105 319 5143; x_wconf 73' lang='grc' dir='ltr'>ι</span> <span class='ocrx_word' id='word_1_650' title='bbox 339 5096 436 5152; x_wconf 86' lang='lat' dir='ltr'><strong>Sic</strong></span> <span class='ocrx_word' id='word_1_651' title='bbox 466 5111 571 5148; x_wconf 89' lang='lat' dir='ltr'><strong>ms.</strong></span> <span class='ocrx_word' id='word_1_652' title='bbox 602 5093 1248 5157; x_wconf 53' lang='lat' dir='ltr'><strong>Remigianocltemensis,</strong></span> <span class='ocrx_word' id='word_1_653' title='bbox 1297 5107 1419 5147; x_wconf 92' lang='lat' dir='ltr'><strong>cum</strong></span> <span class='ocrx_word' id='word_1_654' title='bbox 1451 5094 1580 5149; x_wconf 90' lang='lat' dir='ltr'><strong>edit.</strong></span> <span class='ocrx_word' id='word_1_655' title='bbox 1612 5094 1809 5164; x_wconf 84' lang='lat' dir='ltr'><strong>Lugd.,</strong></span> 
     </span>
    </p>
   </div>
   <div class='ocr_carea' id='block_1_87' title="bbox 226 5163 1808 5229">
    <p class='ocr_par' dir='ltr' id='par_1_87' title="bbox 226 5163 1808 5229">
     <span class='ocr_line' id='line_1_88' title="bbox 226 5163 1808 5229; baseline -0.001 -8"><span class='ocrx_word' id='word_1_656' title='bbox 226 5163 460 5229; x_wconf 82' lang='lat' dir='ltr'><strong>Lovan.,</strong></span> <span class='ocrx_word' id='word_1_657' title='bbox 492 5167 656 5218; x_wconf 82' lang='lat' dir='ltr'><strong>Duae.</strong></span> <span class='ocrx_word' id='word_1_658' title='bbox 685 5174 740 5217; x_wconf 90' lang='lat' dir='ltr'><strong>et</strong></span> <span class='ocrx_word' id='word_1_659' title='bbox 762 5165 952 5218; x_wconf 83' lang='lat' dir='ltr'><strong>Colon.</strong></span> <span class='ocrx_word' id='word_1_660' title='bbox 976 5166 1047 5218; x_wconf 82' lang='lat' dir='ltr'><strong>At</strong></span> <span class='ocrx_word' id='word_1_661' title='bbox 1081 5178 1184 5216; x_wconf 88' lang='lat' dir='ltr'><strong>ms.</strong></span> <span class='ocrx_word' id='word_1_662' title='bbox 1215 5164 1376 5217; x_wconf 89' lang='lat' dir='ltr'><strong>Corb.</strong></span> <span class='ocrx_word' id='word_1_663' title='bbox 1410 5175 1461 5218; x_wconf 91' lang='lat' dir='ltr'><strong>et</strong></span> <span class='ocrx_word' id='word_1_664' title='bbox 1492 5181 1557 5218; x_wconf 89' lang='lat' dir='ltr'><strong>ex</strong></span> <span class='ocrx_word' id='word_1_665' title='bbox 1582 5180 1646 5219; x_wconf 90' lang='lat' dir='ltr'><strong>eo</strong></span> <span class='ocrx_word' id='word_1_666' title='bbox 1676 5163 1808 5220; x_wconf 83' lang='lat' dir='ltr'><strong>edit.</strong></span> 
     </span>
    </p>
   </div>
   <div class='ocr_carea' id='block_1_88' title="bbox 224 5233 1808 5305">
    <p class='ocr_par' dir='ltr' id='par_1_88' title="bbox 224 5233 1808 5305">
     <span class='ocr_line' id='line_1_89' title="bbox 224 5233 1808 5305; baseline -0.001 -14"><span class='ocrx_word' id='word_1_667' title='bbox 224 5237 456 5305; x_wconf 82' lang='lat' dir='ltr'><strong>August.</strong></span> <span class='ocrx_word' id='word_1_668' title='bbox 500 5235 735 5305; x_wconf 86' lang='lat' dir='ltr'><strong>append_.</strong></span> <span class='ocrx_word' id='word_1_669' title='bbox 780 5234 910 5305; x_wconf 88' lang='lat' dir='ltr'><strong>item</strong></span> <span class='ocrx_word' id='word_1_670' title='bbox 952 5248 1053 5285; x_wconf 80' lang='lat' dir='ltr'><strong>ms.</strong></span> <span class='ocrx_word' id='word_1_671' title='bbox 1088 5233 1342 5287; x_wconf 79' lang='lat' dir='ltr'><strong>Joliensis</strong></span> <span class='ocrx_word' id='word_1_672' title='bbox 1372 5250 1493 5305; x_wconf 75' lang='lat' dir='ltr'><strong>cum</strong></span> <span class='ocrx_word' id='word_1_673' title='bbox 1524 5236 1653 5289; x_wconf 88' lang='lat' dir='ltr'><strong>edit.</strong></span> <span class='ocrx_word' id='word_1_674' title='bbox 1694 5238 1808 5290; x_wconf 83' lang='lat' dir='ltr'><strong>Mo-</strong></span> 
     </span>
    </p>
   </div>
   <div class='ocr_carea' id='block_1_89' title="bbox 224 5302 1809 5378">
    <p class='ocr_par' dir='ltr' id='par_1_89' title="bbox 224 5302 1809 5378">
     <span class='ocr_line' id='line_1_90' title="bbox 224 5302 1809 5378; baseline 0.003 -22"><span class='ocrx_word' id='word_1_675' title='bbox 224 5302 374 5378; x_wconf 72' lang='lat' dir='ltr'><strong>gunt.</strong></span> <span class='ocrx_word' id='word_1_676' title='bbox 408 5314 470 5378; x_wconf 83' lang='lat' dir='ltr'><strong>et</strong></span> <span class='ocrx_word' id='word_1_677' title='bbox 496 5302 654 5370; x_wconf 60' lang='lat' dir='ltr'><strong>vei...</strong></span> <span class='ocrx_word' id='word_1_678' title='bbox 687 5303 754 5357; x_wconf 90' lang='lat' dir='ltr'><strong>Et</strong></span> <span class='ocrx_word' id='word_1_679' title='bbox 781 5304 905 5357; x_wconf 87' lang='lat' dir='ltr'><strong>satis</strong></span> <span class='ocrx_word' id='word_1_680' title='bbox 934 5313 981 5355; x_wconf 93' lang='lat' dir='ltr'><strong>te</strong></span> <span class='ocrx_word' id='word_1_681' title='bbox 1003 5320 1174 5357; x_wconf 88' lang='lat' dir='ltr'><strong>armas</strong></span> <span class='ocrx_word' id='word_1_682' title='bbox 1205 5315 1380 5357; x_wconf 84' lang='lat' dir='ltr'><strong>contra</strong></span> <span class='ocrx_word' id='word_1_683' title='bbox 1404 5302 1809 5378; x_wconf 85' lang='lat' dir='ltr'><strong>Pelagianorum</strong></span> 
     </span>
    </p>
   </div>
   <div class='ocr_carea' id='block_1_90' title="bbox 224 5376 537 5430">
    <p class='ocr_par' dir='ltr' id='par_1_90' title="bbox 224 5376 537 5430">
     <span class='ocr_line' id='line_1_91' title="bbox 224 5376 537 5430; baseline 0.003 -2"><span class='ocrx_word' id='word_1_684' title='bbox 224 5376 537 5430; x_wconf 79' lang='lat' dir='ltr'><strong>calumnias.</strong></span> 
     </span>
    </p>
   </div>
   <div class='ocr_carea' id='block_1_91' title="bbox 291 5445 1110 5516">
    <p class='ocr_par' dir='ltr' id='par_1_91' title="bbox 291 5445 1110 5516">
     <span class='ocr_line' id='line_1_92' title="bbox 291 5445 1110 5516; baseline -0.004 -15"><span class='ocrx_word' id='word_1_685' title='bbox 291 5447 317 5485; x_wconf 71' lang='grc' dir='ltr'>δ</span> <span class='ocrx_word' id='word_1_686' title='bbox 352 5448 454 5501; x_wconf 73' lang='lat' dir='ltr'><strong>Ms.</strong></span> <span class='ocrx_word' id='word_1_687' title='bbox 489 5445 777 5511; x_wconf 78' lang='lat' dir='ltr'><strong>Joliensis,</strong></span> <span class='ocrx_word' id='word_1_688' title='bbox 801 5446 1110 5516; x_wconf 86' lang='lat' dir='ltr'><strong>importune.</strong></span> 
     </span>
    </p>
   </div>
   <div class='ocr_carea' id='block_1_92' title="bbox 298 5516 1430 5586">
    <p class='ocr_par' dir='ltr' id='par_1_92' title="bbox 298 5516 1430 5586">
     <span class='ocr_line' id='line_1_93' title="bbox 298 5516 1430 5586; baseline 0.001 -15"><span class='ocrx_word' id='word_1_689' title='bbox 298 5516 314 5553; x_wconf 70' lang='grc' dir='ltr'>ί</span> <span class='ocrx_word' id='word_1_690' title='bbox 354 5518 539 5571; x_wconf 81' lang='lat' dir='ltr'><strong>Editio</strong></span> <span class='ocrx_word' id='word_1_691' title='bbox 570 5517 837 5586; x_wconf 85' lang='lat' dir='ltr'><strong>Lugdun.,</strong></span> <span class='ocrx_word' id='word_1_692' title='bbox 866 5517 1020 5586; x_wconf 88' lang='lat' dir='ltr'><strong>plena</strong></span> <span class='ocrx_word' id='word_1_693' title='bbox 1049 5516 1308 5570; x_wconf 88' lang='lat' dir='ltr'><strong>discordia</strong></span> <span class='ocrx_word' id='word_1_694' title='bbox 1337 5528 1430 5573; x_wconf 91' lang='lat' dir='ltr'><strong>est.</strong></span> 
     </span>
    </p>
   </div>
   <div class='ocr_carea' id='block_1_93' title="bbox 296 5587 1810 5671">
    <p class='ocr_par' dir='ltr' id='par_1_93' title="bbox 296 5587 1810 5671">
     <span class='ocr_line' id='line_1_94' title="bbox 296 5587 1810 5671; baseline 0.005 -34"><span class='ocrx_word' id='word_1_695' title='bbox 296 5589 311 5637; x_wconf 90' lang='lat' dir='ltr'><strong>l</strong></span> <span class='ocrx_word' id='word_1_696' title='bbox 352 5588 778 5671; x_wconf 31' lang='lat' dir='ltr'><strong>Manloliensis,</strong></span> <span class='ocrx_word' id='word_1_697' title='bbox 812 5587 1178 5640; x_wconf 87' lang='lat' dir='ltr'><strong>damnatitium</strong></span> <span class='ocrx_word' id='word_1_698' title='bbox 1217 5596 1266 5640; x_wconf 90' lang='lat' dir='ltr'><strong>te</strong></span> <span class='ocrx_word' id='word_1_699' title='bbox 1309 5590 1360 5640; x_wconf 87' lang='lat' dir='ltr'><strong>in</strong></span> <span class='ocrx_word' id='word_1_700' title='bbox 1400 5588 1532 5643; x_wconf 84' lang='lat' dir='ltr'><strong>illud</strong></span> <span class='ocrx_word' id='word_1_701' title='bbox 1566 5588 1810 5659; x_wconf 85' lang='lat' dir='ltr'><strong>incidere,</strong></span> 
     </span>
    </p>
   </div>
   <div class='ocr_carea' id='block_1_94' title="bbox 228 5660 1816 5800">
    <p class='ocr_par' dir='ltr' id='par_1_94' title="bbox 228 5660 1816 5800">
     <span class='ocr_line' id='line_1_95' title="bbox 228 5660 677 5727; baseline 0.004 -18"><span class='ocrx_word' id='word_1_702' title='bbox 228 5674 342 5727; x_wconf 69' lang='lat' dir='ltr'><strong>quo,</strong></span> <span class='ocrx_word' id='word_1_703' title='bbox 372 5660 504 5711; x_wconf 75' lang='lat' dir='ltr'><strong>uelis</strong></span> <span class='ocrx_word' id='word_1_704' title='bbox 526 5660 677 5711; x_wconf 87' lang='lat' dir='ltr'><strong>nolis.</strong></span> 
     </span>
     <span class='ocr_line' id='line_1_96' title="bbox 296 5726 1816 5800; baseline 0.002 -15"><span class='ocrx_word' id='word_1_705' title='bbox 296 5726 323 5767; x_wconf 65' lang='grc' dir='ltr'><strong>λ</strong></span> <span class='ocrx_word' id='word_1_706' title='bbox 348 5729 502 5785; x_wconf 79' lang='lat' dir='ltr'><strong>Edit.</strong></span> <span class='ocrx_word' id='word_1_707' title='bbox 528 5728 758 5796; x_wconf 82' lang='lat' dir='ltr'><strong>Luvan.,</strong></span> <span class='ocrx_word' id='word_1_708' title='bbox 785 5729 948 5785; x_wconf 87' lang='lat' dir='ltr'><strong>Duae.</strong></span> <span class='ocrx_word' id='word_1_709' title='bbox 999 5736 1053 5785; x_wconf 91' lang='lat' dir='ltr'><strong>et</strong></span> <span class='ocrx_word' id='word_1_710' title='bbox 1094 5728 1312 5800; x_wconf 61' lang='lat' dir='ltr'><strong>Colon,</strong></span> <span class='ocrx_word' id='word_1_711' title='bbox 1339 5739 1385 5783; x_wconf 92' lang='lat' dir='ltr'><strong>et</strong></span> <span class='ocrx_word' id='word_1_712' title='bbox 1405 5733 1595 5787; x_wconf 80' lang='lat' dir='ltr'><strong>venire.</strong></span> <span class='ocrx_word' id='word_1_713' title='bbox 1631 5732 1816 5788; x_wconf 85' lang='lat' dir='ltr'><strong>Melius</strong></span> 
     </span>
    </p>
   </div>
   <div class='ocr_carea' id='block_1_95' title="bbox 1848 4453 1898 4512">
    <p class='ocr_par' dir='ltr' id='par_1_95' title="bbox 1848 4453 1898 4512">
     <span class='ocr_line' id='line_1_97' title="bbox 1848 4453 1898 4512; baseline 0 0"><span class='ocrx_word' id='word_1_714' title='bbox 1848 4453 1898 4512; x_wconf 92' lang='lat' dir='ltr'><strong>D</strong></span> 
     </span>
    </p>
   </div>
   <div class='ocr_carea' id='block_1_96' title="bbox 1925 3224 3507 3296">
    <p class='ocr_par' dir='ltr' id='par_1_96' title="bbox 1925 3224 3507 3296">
     <span class='ocr_line' id='line_1_98' title="bbox 1925 3224 3507 3296; baseline -0.002 -17"><span class='ocrx_word' id='word_1_715' title='bbox 1925 3228 2192 3289; x_wconf 89' lang='lat' dir='ltr'><strong>currentis,</strong></span> <span class='ocrx_word' id='word_1_716' title='bbox 2226 3228 2315 3281; x_wconf 89' lang='lat' dir='ltr'><strong>sed</strong></span> <span class='ocrx_word' id='word_1_717' title='bbox 2343 3228 2629 3281; x_wconf 87' lang='lat' dir='ltr'><strong>miserentis</strong></span> <span class='ocrx_word' id='word_1_718' title='bbox 2658 3236 2733 3280; x_wconf 88' lang='lat' dir='ltr'><strong>est</strong></span> <span class='ocrx_word' id='word_1_719' title='bbox 2762 3224 2856 3280; x_wconf 87' lang='lat' dir='ltr'><strong>Bei</strong></span> <span class='ocrx_word' id='word_1_720' title='bbox 2889 3226 3066 3296; x_wconf 81' lang='lat' dir='ltr'><strong>(Rom.</strong></span> <span class='ocrx_word' id='word_1_721' title='bbox 3093 3242 3144 3279; x_wconf 84' lang='lat' dir='ltr'><strong>ix</strong></span> <span class='ocrx_word' id='word_1_722' title='bbox 3164 3268 3176 3290; x_wconf 92' lang='lat'><strong>,</strong></span> <span class='ocrx_word' id='word_1_723' title='bbox 3209 3224 3336 3295; x_wconf 69' lang='lat'><strong>£6)?</strong></span> <span class='ocrx_word' id='word_1_724' title='bbox 3370 3225 3507 3288; x_wconf 83' lang='lat' dir='ltr'><strong>Quid</strong></span> 
     </span>
    </p>
   </div>
   <div class='ocr_carea' id='block_1_97' title="bbox 1924 3317 3506 3388">
    <p class='ocr_par' dir='ltr' id='par_1_97' title="bbox 1924 3317 3506 3388">
     <span class='ocr_line' id='line_1_99' title="bbox 1924 3317 3506 3388; baseline -0.003 -17"><span class='ocrx_word' id='word_1_725' title='bbox 1924 3318 2077 3371; x_wconf 88' lang='lat' dir='ltr'><strong>etiam</strong></span> <span class='ocrx_word' id='word_1_726' title='bbox 2107 3319 2171 3371; x_wconf 89' lang='lat' dir='ltr'><strong>sit</strong></span> <span class='ocrx_word' id='word_1_727' title='bbox 2202 3318 2355 3385; x_wconf 87' lang='lat' dir='ltr'><strong>illud,</strong></span> <span class='ocrx_word' id='word_1_728' title='bbox 2389 3318 2524 3388; x_wconf 89' lang='lat' dir='ltr'><strong>quod</strong></span> <span class='ocrx_word' id='word_1_729' title='bbox 2552 3317 2689 3371; x_wconf 87' lang='lat' dir='ltr'><strong>Deus</strong></span> <span class='ocrx_word' id='word_1_730' title='bbox 2725 3318 2901 3371; x_wconf 90' lang='lat' dir='ltr'><strong>reddet</strong></span> <span class='ocrx_word' id='word_1_731' title='bbox 2930 3317 3203 3387; x_wconf 85' lang='lat' dir='ltr'><strong>unicuique</strong></span> <span class='ocrx_word' id='word_1_732' title='bbox 3223 3317 3506 3370; x_wconf 84' lang='lat' dir='ltr'><strong>secundum</strong></span> 
     </span>
    </p>
   </div>
   <div class='ocr_carea' id='block_1_98' title="bbox 1924 3409 3508 3482">
    <p class='ocr_par' dir='ltr' id='par_1_98' title="bbox 1924 3409 3508 3482">
     <span class='ocr_line' id='line_1_100' title="bbox 1924 3409 3508 3482; baseline -0.003 -18"><span class='ocrx_word' id='word_1_733' title='bbox 1924 3427 2079 3479; x_wconf 90' lang='lat' dir='ltr'><strong>opera</strong></span> <span class='ocrx_word' id='word_1_734' title='bbox 2099 3413 2212 3482; x_wconf 84' lang='lat' dir='ltr'><strong>ejus</strong></span> <span class='ocrx_word' id='word_1_735' title='bbox 2243 3409 2455 3480; x_wconf 77' lang='lat' dir='ltr'><strong>(Matth.</strong></span> <span class='ocrx_word' id='word_1_736' title='bbox 2485 3425 2595 3476; x_wconf 79' lang='lat' dir='ltr'><strong>xvr,</strong></span> <span class='ocrx_word' id='word_1_737' title='bbox 2622 3410 2710 3479; x_wconf 79' lang='grc'><strong>17)</strong></span> <span class='ocrx_word' id='word_1_738' title='bbox 2733 3425 2748 3476; x_wconf 89' lang='grc'><strong>;</strong></span> <span class='ocrx_word' id='word_1_739' title='bbox 2775 3420 2843 3472; x_wconf 88' lang='lat' dir='ltr'><strong>et,</strong></span> <span class='ocrx_word' id='word_1_740' title='bbox 2880 3409 3014 3463; x_wconf 90' lang='lat' dir='ltr'><strong>Deus</strong></span> <span class='ocrx_word' id='word_1_741' title='bbox 3055 3418 3125 3463; x_wconf 88' lang='lat' dir='ltr'><strong>est</strong></span> <span class='ocrx_word' id='word_1_742' title='bbox 3148 3410 3235 3479; x_wconf 86' lang='lat' dir='ltr'><strong>qui</strong></span> <span class='ocrx_word' id='word_1_743' title='bbox 3266 3418 3508 3478; x_wconf 80' lang='lat' dir='ltr'><strong>operatur</strong></span> 
     </span>
    </p>
   </div>
   <div class='ocr_carea' id='block_1_99' title="bbox 1923 3496 3508 3571">
    <p class='ocr_par' dir='ltr' id='par_1_99' title="bbox 1923 3496 3508 3571">
     <span class='ocr_line' id='line_1_101' title="bbox 1923 3496 3508 3571; baseline -0.003 -16"><span class='ocrx_word' id='word_1_744' title='bbox 1923 3504 1975 3555; x_wconf 88' lang='lat' dir='ltr'><strong>in</strong></span> <span class='ocrx_word' id='word_1_745' title='bbox 2004 3502 2144 3556; x_wconf 88' lang='lat' dir='ltr'><strong>vobis</strong></span> <span class='ocrx_word' id='word_1_746' title='bbox 2172 3512 2215 3555; x_wconf 94' lang='lat' dir='ltr'><strong>et</strong></span> <span class='ocrx_word' id='word_1_747' title='bbox 2246 3501 2395 3567; x_wconf 86' lang='lat' dir='ltr'><strong>velle,</strong></span> <span class='ocrx_word' id='word_1_748' title='bbox 2428 3512 2474 3557; x_wconf 89' lang='lat' dir='ltr'><strong>et</strong></span> <span class='ocrx_word' id='word_1_749' title='bbox 2502 3503 2762 3571; x_wconf 85' lang='lat' dir='ltr'><strong>per/icere,</strong></span> <span class='ocrx_word' id='word_1_750' title='bbox 2790 3517 2882 3570; x_wconf 89' lang='lat' dir='ltr'><strong>pro</strong></span> <span class='ocrx_word' id='word_1_751' title='bbox 2913 3501 3041 3555; x_wconf 89' lang='lat' dir='ltr'><strong>bona</strong></span> <span class='ocrx_word' id='word_1_752' title='bbox 3073 3499 3331 3553; x_wconf 84' lang='lat' dir='ltr'><strong>voluntate</strong></span> <span class='ocrx_word' id='word_1_753' title='bbox 3352 3496 3508 3567; x_wconf 85' lang='lat' dir='ltr'><strong>(Phi-</strong></span> 
     </span>
    </p>
   </div>
   <div class='ocr_carea' id='block_1_100' title="bbox 1923 3591 3508 3665">
    <p class='ocr_par' dir='ltr' id='par_1_100' title="bbox 1923 3591 3508 3665">
     <span class='ocr_line' id='line_1_102' title="bbox 1923 3591 3508 3665; baseline -0.003 -18"><span class='ocrx_word' id='word_1_754' title='bbox 1923 3594 2017 3661; x_wconf 86' lang='lat' dir='ltr'><strong>lip.</strong></span> <span class='ocrx_word' id='word_1_755' title='bbox 2052 3594 2226 3665; x_wconf 55' lang='lat'><strong>&quot;,15)</strong></span> <span class='ocrx_word' id='word_1_756' title='bbox 2258 3610 2270 3647; x_wconf 91' lang='lat'>:</span> <span class='ocrx_word' id='word_1_757' title='bbox 2298 3603 2345 3647; x_wconf 92' lang='lat' dir='ltr'><strong>et</strong></span> <span class='ocrx_word' id='word_1_758' title='bbox 2366 3592 2462 3647; x_wconf 91' lang='lat' dir='ltr'><strong>hoc</strong></span> <span class='ocrx_word' id='word_1_759' title='bbox 2491 3610 2592 3647; x_wconf 90' lang='lat' dir='ltr'><strong>non</strong></span> <span class='ocrx_word' id='word_1_760' title='bbox 2631 3609 2694 3647; x_wconf 80' lang='lat' dir='ltr'><strong>ea:</strong></span> <span class='ocrx_word' id='word_1_761' title='bbox 2718 3593 2877 3657; x_wconf 82' lang='lat' dir='ltr'><strong>vobis,</strong></span> <span class='ocrx_word' id='word_1_762' title='bbox 2920 3592 3008 3646; x_wconf 89' lang='lat' dir='ltr'><strong>sed</strong></span> <span class='ocrx_word' id='word_1_763' title='bbox 3040 3591 3135 3645; x_wconf 87' lang='lat' dir='ltr'><strong>Dei</strong></span> <span class='ocrx_word' id='word_1_764' title='bbox 3174 3592 3362 3643; x_wconf 89' lang='lat' dir='ltr'><strong>donum</strong></span> <span class='ocrx_word' id='word_1_765' title='bbox 3391 3596 3465 3642; x_wconf 91' lang='lat' dir='ltr'><strong>est</strong></span> <span class='ocrx_word' id='word_1_766' title='bbox 3487 3603 3508 3642; x_wconf 94' lang='lat'><strong><em>:</em></strong></span> 
     </span>
    </p>
   </div>
   <div class='ocr_carea' id='block_1_101' title="bbox 1924 3681 3508 3755">
    <p class='ocr_par' dir='ltr' id='par_1_101' title="bbox 1924 3681 3508 3755">
     <span class='ocr_line' id='line_1_103' title="bbox 1924 3681 3508 3755; baseline -0.003 -18"><span class='ocrx_word' id='word_1_767' title='bbox 1924 3700 2025 3737; x_wconf 91' lang='lat' dir='ltr'><strong>non</strong></span> <span class='ocrx_word' id='word_1_768' title='bbox 2055 3700 2119 3738; x_wconf 78' lang='lat' dir='ltr'><strong>ea:</strong></span> <span class='ocrx_word' id='word_1_769' title='bbox 2169 3684 2424 3755; x_wconf 84' lang='lat' dir='ltr'><strong>aperibus,</strong></span> <span class='ocrx_word' id='word_1_770' title='bbox 2468 3692 2523 3735; x_wconf 90' lang='lat' dir='ltr'><strong>ut</strong></span> <span class='ocrx_word' id='word_1_771' title='bbox 2570 3700 2633 3737; x_wconf 85' lang='lat' dir='ltr'><strong>ne</strong></span> <span class='ocrx_word' id='word_1_772' title='bbox 2669 3684 2783 3753; x_wconf 87' lang='lat' dir='ltr'><strong>quis</strong></span> <span class='ocrx_word' id='word_1_773' title='bbox 2826 3683 3117 3753; x_wconf 78' lang='lat' dir='ltr'><strong>glorietur?</strong></span> <span class='ocrx_word' id='word_1_774' title='bbox 3146 3691 3166 3718; x_wconf 82' lang='grc' dir='ltr'><strong>ι’</strong></span> <span class='ocrx_word' id='word_1_775' title='bbox 3195 3681 3262 3735; x_wconf 88' lang='lat' dir='ltr'><strong>Et</strong></span> <span class='ocrx_word' id='word_1_776' title='bbox 3309 3690 3508 3735; x_wconf 65' lang='lat' dir='ltr'><strong>caetera</strong></span> 
     </span>
    </p>
   </div>
   <div class='ocr_carea' id='block_1_102' title="bbox 1922 3770 3507 3843">
    <p class='ocr_par' dir='ltr' id='par_1_102' title="bbox 1922 3770 3507 3843">
     <span class='ocr_line' id='line_1_104' title="bbox 1922 3770 3507 3843; baseline -0.004 -15"><span class='ocrx_word' id='word_1_777' title='bbox 1922 3790 2042 3843; x_wconf 79' lang='lat' dir='ltr'><strong>quae</strong></span> <span class='ocrx_word' id='word_1_778' title='bbox 2072 3775 2296 3829; x_wconf 81' lang='lat' dir='ltr'><strong>collecta</strong></span> <span class='ocrx_word' id='word_1_779' title='bbox 2327 3773 2396 3827; x_wconf 91' lang='lat' dir='ltr'><strong>de</strong></span> <span class='ocrx_word' id='word_1_780' title='bbox 2423 3771 2742 3842; x_wconf 84' lang='lat' dir='ltr'><strong>Scripturis,</strong></span> <span class='ocrx_word' id='word_1_781' title='bbox 2774 3774 2925 3841; x_wconf 90' lang='lat' dir='ltr'><strong>quasi</strong></span> <span class='ocrx_word' id='word_1_782' title='bbox 2964 3773 3180 3825; x_wconf 89' lang='lat' dir='ltr'><strong>alterno</strong></span> <span class='ocrx_word' id='word_1_783' title='bbox 3217 3770 3316 3824; x_wconf 91' lang='lat' dir='ltr'><strong>sibi</strong></span> <span class='ocrx_word' id='word_1_784' title='bbox 3345 3784 3507 3822; x_wconf 90' lang='lat' dir='ltr'><strong>sensu</strong></span> 
     </span>
    </p>
   </div>
   <div class='ocr_carea' id='block_1_103' title="bbox 1923 3863 3506 3935">
    <p class='ocr_par' dir='ltr' id='par_1_103' title="bbox 1923 3863 3506 3935">
     <span class='ocr_line' id='line_1_105' title="bbox 1923 3863 3506 3935; baseline -0.003 -17"><span class='ocrx_word' id='word_1_785' title='bbox 1923 3865 2148 3920; x_wconf 86' lang='lat' dir='ltr'><strong>adversa</strong></span> <span class='ocrx_word' id='word_1_786' title='bbox 2179 3865 2415 3935; x_wconf 86' lang='lat' dir='ltr'><strong>collegit,</strong></span> <span class='ocrx_word' id='word_1_787' title='bbox 2466 3874 2525 3918; x_wconf 91' lang='lat' dir='ltr'><strong>ut</strong></span> <span class='ocrx_word' id='word_1_788' title='bbox 2575 3865 2734 3919; x_wconf 87' lang='lat' dir='ltr'><strong>donis</strong></span> <span class='ocrx_word' id='word_1_789' title='bbox 2761 3864 2945 3934; x_wconf 67' lang='lat' dir='ltr'><strong>gratim</strong></span> <span class='ocrx_word' id='word_1_790' title='bbox 2976 3863 3209 3917; x_wconf 91' lang='lat' dir='ltr'><strong>studium</strong></span> <span class='ocrx_word' id='word_1_791' title='bbox 3259 3863 3506 3915; x_wconf 70' lang='lat' dir='ltr'><strong>humana:</strong></span> 
     </span>
    </p>
   </div>
   <div class='ocr_carea' id='block_1_104' title="bbox 1924 4038 3503 4122">
    <p class='ocr_par' dir='ltr' id='par_1_104' title="bbox 1924 4038 3503 4122">
     <span class='ocr_line' id='line_1_106' title="bbox 1924 4038 3503 4122; baseline 0.002 -30"><span class='ocrx_word' id='word_1_792' title='bbox 1924 4053 2055 4122; x_wconf 73' lang='lat' dir='ltr'><strong>mss.</strong></span> <span class='ocrx_word' id='word_1_793' title='bbox 2098 4038 2285 4122; x_wconf 74' lang='lat' dir='ltr'><strong>C9rb.,</strong></span> <span class='ocrx_word' id='word_1_794' title='bbox 2314 4040 2525 4112; x_wconf 80' lang='lat' dir='ltr'><strong>Remig.</strong></span> <span class='ocrx_word' id='word_1_795' title='bbox 2562 4050 2615 4097; x_wconf 89' lang='lat' dir='ltr'><strong>et</strong></span> <span class='ocrx_word' id='word_1_796' title='bbox 2658 4042 2792 4106; x_wconf 62' lang='grc' dir='ltr'><strong>ἔοι..</strong></span> <span class='ocrx_word' id='word_1_797' title='bbox 2822 4057 2944 4097; x_wconf 89' lang='lat' dir='ltr'><strong>cum</strong></span> <span class='ocrx_word' id='word_1_798' title='bbox 2973 4041 3212 4114; x_wconf 85' lang='lat' dir='ltr'><strong>Mogunt.</strong></span> <span class='ocrx_word' id='word_1_799' title='bbox 3261 4051 3315 4097; x_wconf 90' lang='lat' dir='ltr'><strong>et</strong></span> <span class='ocrx_word' id='word_1_800' title='bbox 3344 4042 3503 4111; x_wconf 83' lang='lat' dir='ltr'><strong>Ven.,</strong></span> 
     </span>
    </p>
   </div>
   <div class='ocr_carea' id='block_1_105' title="bbox 1921 4121 2241 4165">
    <p class='ocr_par' dir='ltr' id='par_1_105' title="bbox 1921 4121 2241 4165">
     <span class='ocr_line' id='line_1_107' title="bbox 1921 4121 2241 4165; baseline 0.003 -1"><span class='ocrx_word' id='word_1_801' title='bbox 1921 4121 1969 4164; x_wconf 88' lang='lat' dir='ltr'><strong>et</strong></span> <span class='ocrx_word' id='word_1_802' title='bbox 1998 4121 2241 4165; x_wconf 86' lang='lat' dir='ltr'><strong>tm&#39;entre.</strong></span> 
     </span>
    </p>
   </div>
   <div class='ocr_carea' id='block_1_106' title="bbox 1998 4178 3504 4252">
    <p class='ocr_par' dir='ltr' id='par_1_106' title="bbox 1998 4178 3504 4252">
     <span class='ocr_line' id='line_1_108' title="bbox 1998 4178 3504 4252; baseline 0.002 -17"><span class='ocrx_word' id='word_1_803' title='bbox 1998 4178 2017 4218; x_wconf 77' lang='grc' dir='ltr'>ι</span> <span class='ocrx_word' id='word_1_804' title='bbox 2050 4182 2175 4235; x_wconf 67' lang='lat' dir='ltr'><strong>Haec</strong></span> <span class='ocrx_word' id='word_1_805' title='bbox 2201 4182 2385 4248; x_wconf 84' lang='lat' dir='ltr'><strong>verba,</strong></span> <span class='ocrx_word' id='word_1_806' title='bbox 2414 4181 2557 4252; x_wconf 87' lang='lat' dir='ltr'><strong>quod</strong></span> <span class='ocrx_word' id='word_1_807' title='bbox 2597 4183 2888 4237; x_wconf 86' lang='lat' dir='ltr'><strong>nullatenus</strong></span> <span class='ocrx_word' id='word_1_808' title='bbox 2931 4182 3203 4250; x_wconf 76' lang='lat' dir='ltr'><strong>diceretur,</strong></span> <span class='ocrx_word' id='word_1_809' title='bbox 3242 4198 3362 4252; x_wconf 68' lang='lat' dir='ltr'><strong>quae</strong></span> <span class='ocrx_word' id='word_1_810' title='bbox 3403 4185 3504 4238; x_wconf 85' lang='lat' dir='ltr'><strong>ab-</strong></span> 
     </span>
    </p>
   </div>
   <div class='ocr_carea' id='block_1_107' title="bbox 1922 4252 3511 4319">
    <p class='ocr_par' dir='ltr' id='par_1_107' title="bbox 1922 4252 3511 4319">
     <span class='ocr_line' id='line_1_109' title="bbox 1922 4252 3511 4319; baseline 0.002 -14"><span class='ocrx_word' id='word_1_811' title='bbox 1922 4263 2075 4305; x_wconf 88' lang='lat' dir='ltr'><strong>erant</strong></span> <span class='ocrx_word' id='word_1_812' title='bbox 2105 4253 2172 4306; x_wconf 82' lang='lat' dir='ltr'><strong>ab</strong></span> <span class='ocrx_word' id='word_1_813' title='bbox 2196 4252 2359 4307; x_wconf 86' lang='lat' dir='ltr'><strong>editis</strong></span> <span class='ocrx_word' id='word_1_814' title='bbox 2383 4254 2655 4319; x_wconf 86' lang='lat' dir='ltr'><strong>omnibus,</strong></span> <span class='ocrx_word' id='word_1_815' title='bbox 2679 4255 3013 4309; x_wconf 81' lang='lat' dir='ltr'><strong>restituenda</strong></span> <span class='ocrx_word' id='word_1_816' title='bbox 3040 4256 3386 4319; x_wconf 70' lang='lat' dir='ltr'><strong>cretl&#39;rdinius,</strong></span> <span class='ocrx_word' id='word_1_817' title='bbox 3420 4271 3511 4309; x_wconf 88' lang='lat' dir='ltr'><strong>so-</strong></span> 
     </span>
    </p>
   </div>
   <div class='ocr_carea' id='block_1_108' title="bbox 1920 4321 3505 4403">
    <p class='ocr_par' dir='ltr' id='par_1_108' title="bbox 1920 4321 3505 4403">
     <span class='ocr_line' id='line_1_110' title="bbox 1920 4321 3505 4403; baseline 0.004 -28"><span class='ocrx_word' id='word_1_818' title='bbox 1920 4321 2023 4403; x_wconf 74' lang='lat' dir='ltr'><strong>lius</strong></span> <span class='ocrx_word' id='word_1_819' title='bbox 2072 4324 2236 4378; x_wconf 88' lang='lat' dir='ltr'><strong>etiam</strong></span> <span class='ocrx_word' id='word_1_820' title='bbox 2263 4327 2585 4379; x_wconf 85' lang='lat' dir='ltr'><strong>auctoritate</strong></span> <span class='ocrx_word' id='word_1_821' title='bbox 2612 4340 2717 4379; x_wconf 88' lang='lat' dir='ltr'><strong>ms.</strong></span> <span class='ocrx_word' id='word_1_822' title='bbox 2768 4324 3043 4392; x_wconf 82' lang='lat' dir='ltr'><strong>Joliensis,</strong></span> <span class='ocrx_word' id='word_1_823' title='bbox 3100 4326 3201 4382; x_wconf 88' lang='lat' dir='ltr'><strong>loci</strong></span> <span class='ocrx_word' id='word_1_824' title='bbox 3244 4339 3407 4380; x_wconf 78' lang='lat' dir='ltr'><strong>sensu</strong></span> <span class='ocrx_word' id='word_1_825' title='bbox 3455 4327 3505 4381; x_wconf 87' lang='lat' dir='ltr'><strong>id</strong></span> 
     </span>
    </p>
   </div>
   <div class='ocr_carea' id='block_1_109' title="bbox 1921 4405 2198 4462">
    <p class='ocr_par' dir='ltr' id='par_1_109' title="bbox 1921 4405 2198 4462">
     <span class='ocr_line' id='line_1_111' title="bbox 1921 4405 2198 4462; baseline 0 -15"><span class='ocrx_word' id='word_1_826' title='bbox 1921 4405 2198 4462; x_wconf 83' lang='lat' dir='ltr'><strong>exigente.</strong></span> 
     </span>
    </p>
   </div>
   <div class='ocr_carea' id='block_1_110' title="bbox 2055 4464 3498 4533">
    <p class='ocr_par' dir='ltr' id='par_1_110' title="bbox 2055 4464 3498 4533">
     <span class='ocr_line' id='line_1_112' title="bbox 2055 4464 3498 4533; baseline -0.001 -14"><span class='ocrx_word' id='word_1_827' title='bbox 2055 4464 2336 4519; x_wconf 84' lang='lat' dir='ltr'><strong>Editiones</strong></span> <span class='ocrx_word' id='word_1_828' title='bbox 2380 4464 2619 4532; x_wconf 82' lang='lat' dir='ltr'><strong>Mogunt.</strong></span> <span class='ocrx_word' id='word_1_829' title='bbox 2650 4465 2891 4531; x_wconf 76' lang='lat' dir='ltr'><strong>etVen.,</strong></span> <span class='ocrx_word' id='word_1_830' title='bbox 2933 4474 3055 4533; x_wconf 87' lang='lat' dir='ltr'><strong>post</strong></span> <span class='ocrx_word' id='word_1_831' title='bbox 3092 4479 3280 4519; x_wconf 86' lang='lat' dir='ltr'><strong>vocem</strong></span> <span class='ocrx_word' id='word_1_832' title='bbox 3323 4466 3498 4533; x_wconf 83' lang='lat' dir='ltr'><strong>trahit,</strong></span> 
     </span>
    </p>
   </div>
   <div class='ocr_carea' id='block_1_111' title="bbox 1921 4533 3508 4605">
    <p class='ocr_par' dir='ltr' id='par_1_111' title="bbox 1921 4533 3508 4605">
     <span class='ocr_line' id='line_1_113' title="bbox 1921 4533 3508 4605; baseline 0.003 -18"><span class='ocrx_word' id='word_1_833' title='bbox 1921 4533 2144 4605; x_wconf 78' lang='lat' dir='ltr'><strong>omisso,</strong></span> <span class='ocrx_word' id='word_1_834' title='bbox 2174 4551 2299 4601; x_wconf 85' lang='lat' dir='ltr'><strong>non,</strong></span> <span class='ocrx_word' id='word_1_835' title='bbox 2331 4537 2645 4589; x_wconf 89' lang='lat' dir='ltr'><strong>resistentem</strong></span> <span class='ocrx_word' id='word_1_836' title='bbox 2686 4538 3001 4605; x_wconf 88' lang='lat' dir='ltr'><strong>invitumque</strong></span> <span class='ocrx_word' id='word_1_837' title='bbox 3038 4535 3322 4602; x_wconf 79' lang='lat' dir='ltr'><strong>compellit,</strong></span> <span class='ocrx_word' id='word_1_838' title='bbox 3362 4549 3406 4588; x_wconf 91' lang='lat' dir='ltr'><strong>et</strong></span> <span class='ocrx_word' id='word_1_839' title='bbox 3444 4554 3508 4591; x_wconf 67' lang='lat' dir='ltr'><strong>ex</strong></span> 
     </span>
    </p>
   </div>
   <div class='ocr_carea' id='block_1_112' title="bbox 1918 4604 3504 4676">
    <p class='ocr_par' dir='ltr' id='par_1_112' title="bbox 1918 4604 3504 4676">
     <span class='ocr_line' id='line_1_114' title="bbox 1918 4604 3504 4676; baseline 0.003 -20"><span class='ocrx_word' id='word_1_840' title='bbox 1918 4604 2076 4659; x_wconf 74' lang='lat' dir='ltr'><strong>invito</strong></span> <span class='ocrx_word' id='word_1_841' title='bbox 2096 4606 2345 4660; x_wconf 80' lang='lat' dir='ltr'><strong>volentem</strong></span> <span class='ocrx_word' id='word_1_842' title='bbox 2368 4607 2513 4676; x_wconf 85' lang='lat' dir='ltr'><strong>facit.</strong></span> <span class='ocrx_word' id='word_1_843' title='bbox 2542 4607 2637 4662; x_wconf 80' lang='lat' dir='ltr'><strong>bis.</strong></span> <span class='ocrx_word' id='word_1_844' title='bbox 2661 4604 2935 4667; x_wconf 83' lang='lat' dir='ltr'><strong>Joliensis,</strong></span> <span class='ocrx_word' id='word_1_845' title='bbox 2960 4620 3189 4659; x_wconf 88' lang='lat' dir='ltr'><strong>vocatum</strong></span> <span class='ocrx_word' id='word_1_846' title='bbox 3217 4608 3283 4660; x_wconf 90' lang='lat' dir='ltr'><strong>ad</strong></span> <span class='ocrx_word' id='word_1_847' title='bbox 3305 4605 3504 4661; x_wconf 83' lang='lat' dir='ltr'><strong>Filium</strong></span> 
     </span>
    </p>
   </div>
   <div class='ocr_carea' id='block_1_113' title="bbox 1920 4677 3503 4755">
    <p class='ocr_par' dir='ltr' id='par_1_113' title="bbox 1920 4677 3503 4755">
     <span class='ocr_line' id='line_1_115' title="bbox 1920 4677 3503 4755; baseline 0.003 -28"><span class='ocrx_word' id='word_1_848' title='bbox 1920 4690 2023 4755; x_wconf 71' lang='lat' dir='ltr'><strong>non</strong></span> <span class='ocrx_word' id='word_1_849' title='bbox 2046 4679 2359 4732; x_wconf 83' lang='lat' dir='ltr'><strong>resistentem</strong></span> <span class='ocrx_word' id='word_1_850' title='bbox 2381 4677 2566 4746; x_wconf 86' lang='lat' dir='ltr'><strong>trahit,</strong></span> <span class='ocrx_word' id='word_1_851' title='bbox 2604 4677 2919 4748; x_wconf 83' lang='lat' dir='ltr'><strong>invitumque</strong></span> <span class='ocrx_word' id='word_1_852' title='bbox 2955 4677 3231 4747; x_wconf 88' lang='lat' dir='ltr'><strong>compellit,</strong></span> <span class='ocrx_word' id='word_1_853' title='bbox 3258 4678 3303 4731; x_wconf 87' lang='lat' dir='ltr'><strong>si</strong></span> <span class='ocrx_word' id='word_1_854' title='bbox 3328 4694 3391 4732; x_wconf 75' lang='lat' dir='ltr'><strong>ea:</strong></span> <span class='ocrx_word' id='word_1_855' title='bbox 3420 4681 3503 4732; x_wconf 87' lang='lat' dir='ltr'><strong>in-</strong></span> 
     </span>
    </p>
   </div>
   <div class='ocr_carea' id='block_1_114' title="bbox 1919 4754 2042 4799">
    <p class='ocr_par' dir='ltr' id='par_1_114' title="bbox 1919 4754 2042 4799">
     <span class='ocr_line' id='line_1_116' title="bbox 1919 4754 2042 4799; baseline 0.016 -2"><span class='ocrx_word' id='word_1_856' title='bbox 1919 4754 2042 4799; x_wconf 82' lang='lat' dir='ltr'><strong>vito.</strong></span> 
     </span>
    </p>
   </div>
   <div class='ocr_carea' id='block_1_115' title="bbox 1992 4817 2676 4890">
    <p class='ocr_par' dir='ltr' id='par_1_115' title="bbox 1992 4817 2676 4890">
     <span class='ocr_line' id='line_1_117' title="bbox 1992 4817 2676 4890; baseline 0.003 -18"><span class='ocrx_word' id='word_1_857' title='bbox 1992 4824 2022 4852; x_wconf 74' lang='grc'><strong>³³</strong></span> <span class='ocrx_word' id='word_1_858' title='bbox 2046 4818 2143 4890; x_wconf 75' lang='lat' dir='ltr'><strong>Ms.</strong></span> <span class='ocrx_word' id='word_1_859' title='bbox 2176 4817 2452 4886; x_wconf 85' lang='lat' dir='ltr'><strong>Joliensis,</strong></span> <span class='ocrx_word' id='word_1_860' title='bbox 2484 4821 2676 4890; x_wconf 84' lang='lat' dir='ltr'><strong>genita.</strong></span> 
     </span>
    </p>
   </div>
   <div class='ocr_carea' id='block_1_116' title="bbox 1993 4888 3504 4960">
    <p class='ocr_par' dir='ltr' id='par_1_116' title="bbox 1993 4888 3504 4960">
     <span class='ocr_line' id='line_1_118' title="bbox 1993 4888 3504 4960; baseline 0.002 -19"><span class='ocrx_word' id='word_1_861' title='bbox 1993 4888 2184 4960; x_wconf 84' lang='lat' dir='ltr'><strong>°Edit.</strong></span> <span class='ocrx_word' id='word_1_862' title='bbox 2235 4890 2376 4960; x_wconf 76' lang='lat' dir='ltr'><strong>blog.</strong></span> <span class='ocrx_word' id='word_1_863' title='bbox 2427 4888 2680 4954; x_wconf 29' lang='lat' dir='ltr'><strong>et’Ven.,</strong></span> <span class='ocrx_word' id='word_1_864' title='bbox 2725 4889 2812 4943; x_wconf 88' lang='lat' dir='ltr'><strong>ubi</strong></span> <span class='ocrx_word' id='word_1_865' title='bbox 2859 4891 3094 4960; x_wconf 89' lang='lat' dir='ltr'><strong>ignorat,</strong></span> <span class='ocrx_word' id='word_1_866' title='bbox 3141 4889 3504 4956; x_wconf 80' lang='lat' dir='ltr'><strong>omittuntque</strong></span> 
     </span>
    </p>
   </div>
   <div class='ocr_carea' id='block_1_117' title="bbox 1917 4956 3503 5081">
    <p class='ocr_par' dir='ltr' id='par_1_117' title="bbox 1917 4956 3503 5081">
     <span class='ocr_line' id='line_1_119' title="bbox 1917 4956 3503 5081; baseline 0.001 -68"><span class='ocrx_word' id='word_1_867' title='bbox 1917 4956 2057 5081; x_wconf 49' lang='lat' dir='ltr'><strong>indic,</strong></span> <span class='ocrx_word' id='word_1_868' title='bbox 2082 4958 2204 5013; x_wconf 87' lang='lat' dir='ltr'><strong>inde</strong></span> <span class='ocrx_word' id='word_1_869' title='bbox 2241 4956 2391 5027; x_wconf 73' lang='lat' dir='ltr'><strong>ﬁdat,</strong></span> <span class='ocrx_word' id='word_1_870' title='bbox 2424 4960 2559 5014; x_wconf 86' lang='lat' dir='ltr'><strong>unde</strong></span> <span class='ocrx_word' id='word_1_871' title='bbox 2587 4960 2842 5031; x_wconf 74' lang='lat' dir='ltr'><strong>diffidebat</strong></span> <span class='ocrx_word' id='word_1_872' title='bbox 2858 4956 3017 5026; x_wconf 62' lang='lat' dir='ltr'><strong>{inde</strong></span> <span class='ocrx_word' id='word_1_873' title='bbox 3055 4960 3190 5029; x_wconf 88' lang='lat' dir='ltr'><strong>velit,</strong></span> <span class='ocrx_word' id='word_1_874' title='bbox 3205 4960 3337 5013; x_wconf 87' lang='lat' dir='ltr'><strong>unde</strong></span> <span class='ocrx_word' id='word_1_875' title='bbox 3359 4961 3503 5014; x_wconf 77' lang='lat' dir='ltr'><strong>uole-</strong></span> 
     </span>
     <span class='ocr_line' id='line_1_120' title="bbox 1950 5045 2023 5079; baseline -0.041 0"><span class='ocrx_word' id='word_1_876' title='bbox 1950 5045 1979 5079; x_wconf 83' lang='grc' dir='ltr'><em>α</em></span> <span class='ocrx_word' id='word_1_877' title='bbox 2011 5067 2023 5076; x_wconf 91' lang='grc'>.</span> 
     </span>
    </p>
   </div>
   <div class='ocr_carea' id='block_1_118' title="bbox 1950 5037 2023 5079">
    <p class='ocr_par' dir='ltr' id='par_1_118' title="bbox 1950 5037 2023 5079">
     <span class='ocr_line' id='line_1_121' title="bbox 1950 5037 2023 5079; baseline -0.041 1"><span class='ocrx_word' id='word_1_878' title='bbox 1950 5037 2023 5079; x_wconf 77' lang='grc' dir='ltr'><strong>αι.</strong></span> 
     </span>
    </p>
   </div>
   <div class='ocr_carea' id='block_1_119' title="bbox 1988 5098 2965 5171">
    <p class='ocr_par' dir='ltr' id='par_1_119' title="bbox 1988 5098 2965 5171">
     <span class='ocr_line' id='line_1_122' title="bbox 1988 5098 2965 5171; baseline 0.005 -23"><span class='ocrx_word' id='word_1_879' title='bbox 1988 5109 2018 5148; x_wconf 75' lang='grc' dir='ltr'><strong>Ρ</strong></span> <span class='ocrx_word' id='word_1_880' title='bbox 2044 5099 2137 5171; x_wconf 70' lang='lat' dir='ltr'><strong>Ms.</strong></span> <span class='ocrx_word' id='word_1_881' title='bbox 2167 5098 2538 5171; x_wconf 72' lang='lat' dir='ltr'><strong>Bemigianus,</strong></span> <span class='ocrx_word' id='word_1_882' title='bbox 2582 5101 2965 5171; x_wconf 77' lang='lat' dir='ltr'><strong>benignitatem.</strong></span> 
     </span>
    </p>
   </div>
   <div class='ocr_carea' id='block_1_120' title="bbox 1988 5170 3499 5243">
    <p class='ocr_par' dir='ltr' id='par_1_120' title="bbox 1988 5170 3499 5243">
     <span class='ocr_line' id='line_1_123' title="bbox 1988 5170 3499 5243; baseline 0.005 -24"><span class='ocrx_word' id='word_1_883' title='bbox 1988 5179 2016 5219; x_wconf 74' lang='grc' dir='ltr'><strong>(ι</strong></span> <span class='ocrx_word' id='word_1_884' title='bbox 2038 5170 2135 5225; x_wconf 80' lang='lat' dir='ltr'><strong>Ms.</strong></span> <span class='ocrx_word' id='word_1_885' title='bbox 2185 5170 2458 5232; x_wconf 84' lang='lat' dir='ltr'><strong>Joliensis.</strong></span> <span class='ocrx_word' id='word_1_886' title='bbox 2513 5188 2612 5225; x_wconf 87' lang='lat' dir='ltr'><strong>non</strong></span> <span class='ocrx_word' id='word_1_887' title='bbox 2659 5170 2811 5240; x_wconf 78' lang='lat' dir='ltr'><strong>facile</strong></span> <span class='ocrx_word' id='word_1_888' title='bbox 2842 5180 3012 5243; x_wconf 78' lang='lat' dir='ltr'><strong>pateat</strong></span> <span class='ocrx_word' id='word_1_889' title='bbox 3038 5186 3057 5224; x_wconf 93' lang='lat'><strong><em>:</em></strong></span> <span class='ocrx_word' id='word_1_890' title='bbox 3082 5171 3271 5243; x_wconf 66' lang='lat' dir='ltr'><strong>melius</strong></span> <span class='ocrx_word' id='word_1_891' title='bbox 3295 5171 3499 5240; x_wconf 85' lang='lat' dir='ltr'><strong>absque</strong></span> 
     </span>
    </p>
   </div>
   <div class='ocr_carea' id='block_1_121' title="bbox 1916 5240 3494 5312">
    <p class='ocr_par' dir='ltr' id='par_1_121' title="bbox 1916 5240 3494 5312">
     <span class='ocr_line' id='line_1_124' title="bbox 1916 5240 3494 5312; baseline 0.001 -18"><span class='ocrx_word' id='word_1_892' title='bbox 1916 5244 2225 5312; x_wconf 80' lang='lat' dir='ltr'><strong>negatione.</strong></span> <span class='ocrx_word' id='word_1_893' title='bbox 2272 5243 2545 5297; x_wconf 83' lang='lat' dir='ltr'><strong>Editiones</strong></span> <span class='ocrx_word' id='word_1_894' title='bbox 2594 5240 2923 5312; x_wconf 53' lang='lat' dir='ltr'><strong>Moguntfet</strong></span> <span class='ocrx_word' id='word_1_895' title='bbox 2954 5242 3112 5305; x_wconf 79' lang='lat' dir='ltr'><strong>Ven.,</strong></span> <span class='ocrx_word' id='word_1_896' title='bbox 3150 5240 3274 5294; x_wconf 80' lang='lat' dir='ltr'><strong>Cum</strong></span> <span class='ocrx_word' id='word_1_897' title='bbox 3325 5251 3494 5295; x_wconf 88' lang='lat' dir='ltr'><strong>autem</strong></span> 
     </span>
    </p>
   </div>
   <div class='ocr_carea' id='block_1_122' title="bbox 1916 5310 3501 5381">
    <p class='ocr_par' dir='ltr' id='par_1_122' title="bbox 1916 5310 3501 5381">
     <span class='ocr_line' id='line_1_125' title="bbox 1916 5310 3501 5381; baseline 0.001 -18"><span class='ocrx_word' id='word_1_898' title='bbox 1916 5310 2069 5381; x_wconf 80' lang='lat' dir='ltr'><strong>facile</strong></span> <span class='ocrx_word' id='word_1_899' title='bbox 2100 5321 2290 5379; x_wconf 88' lang='lat' dir='ltr'><strong>pateat,</strong></span> <span class='ocrx_word' id='word_1_900' title='bbox 2317 5325 2519 5367; x_wconf 89' lang='lat' dir='ltr'><strong>etc.....</strong></span> <span class='ocrx_word' id='word_1_901' title='bbox 2547 5310 2702 5367; x_wconf 55' lang='lat' dir='ltr'><strong>Deus</strong></span> <span class='ocrx_word' id='word_1_902' title='bbox 2726 5326 2796 5365; x_wconf 88' lang='lat' dir='ltr'><strong>est</strong></span> <span class='ocrx_word' id='word_1_903' title='bbox 2818 5315 2901 5380; x_wconf 87' lang='lat' dir='ltr'><strong>qui</strong></span> <span class='ocrx_word' id='word_1_904' title='bbox 2932 5323 3173 5376; x_wconf 84' lang='lat' dir='ltr'><strong>operatur</strong></span> <span class='ocrx_word' id='word_1_905' title='bbox 3198 5313 3249 5363; x_wconf 87' lang='lat' dir='ltr'><strong>in</strong></span> <span class='ocrx_word' id='word_1_906' title='bbox 3278 5313 3420 5364; x_wconf 87' lang='lat' dir='ltr'><strong>nobis</strong></span> <span class='ocrx_word' id='word_1_907' title='bbox 3450 5322 3501 5365; x_wconf 89' lang='lat' dir='ltr'><strong>et</strong></span> 
     </span>
    </p>
   </div>
   <div class='ocr_carea' id='block_1_123' title="bbox 1915 5382 3497 5451">
    <p class='ocr_par' dir='ltr' id='par_1_123' title="bbox 1915 5382 3497 5451">
     <span class='ocr_line' id='line_1_126' title="bbox 1915 5382 3497 5451; baseline 0.001 -17"><span class='ocrx_word' id='word_1_908' title='bbox 1915 5383 2042 5435; x_wconf 83' lang='lat' dir='ltr'><strong>velle</strong></span> <span class='ocrx_word' id='word_1_909' title='bbox 2063 5393 2108 5435; x_wconf 88' lang='lat' dir='ltr'><strong>et</strong></span> <span class='ocrx_word' id='word_1_910' title='bbox 2139 5382 2377 5451; x_wconf 82' lang='lat' dir='ltr'><strong>perﬁcere</strong></span> <span class='ocrx_word' id='word_1_911' title='bbox 2401 5400 2491 5451; x_wconf 90' lang='lat' dir='ltr'><strong>pro</strong></span> <span class='ocrx_word' id='word_1_912' title='bbox 2518 5384 2647 5436; x_wconf 90' lang='lat' dir='ltr'><strong>bona</strong></span> <span class='ocrx_word' id='word_1_913' title='bbox 2684 5383 2944 5451; x_wconf 83' lang='lat' dir='ltr'><strong>voluntate</strong></span> <span class='ocrx_word' id='word_1_914' title='bbox 2973 5394 3169 5447; x_wconf 88' lang='lat' dir='ltr'><strong>nostra,</strong></span> <span class='ocrx_word' id='word_1_915' title='bbox 3193 5390 3239 5433; x_wconf 77' lang='lat' dir='ltr'><strong>et</strong></span> <span class='ocrx_word' id='word_1_916' title='bbox 3278 5382 3372 5434; x_wconf 87' lang='lat' dir='ltr'><strong>hoc</strong></span> <span class='ocrx_word' id='word_1_917' title='bbox 3394 5398 3497 5436; x_wconf 86' lang='lat' dir='ltr'><strong>non</strong></span> 
     </span>
    </p>
   </div>
   <div class='ocr_carea' id='block_1_124' title="bbox 1917 5450 3497 5521">
    <p class='ocr_par' dir='ltr' id='par_1_124' title="bbox 1917 5450 3497 5521">
     <span class='ocr_line' id='line_1_127' title="bbox 1917 5450 3497 5521; baseline 0.001 -16"><span class='ocrx_word' id='word_1_918' title='bbox 1917 5468 1980 5505; x_wconf 78' lang='lat' dir='ltr'><strong>ea:</strong></span> <span class='ocrx_word' id='word_1_919' title='bbox 2010 5450 2169 5505; x_wconf 88' lang='lat' dir='ltr'><strong>nobis.</strong></span> <span class='ocrx_word' id='word_1_920' title='bbox 2204 5453 2260 5505; x_wconf 85' lang='lat' dir='ltr'><strong>In</strong></span> <span class='ocrx_word' id='word_1_921' title='bbox 2301 5450 2433 5506; x_wconf 87' lang='lat' dir='ltr'><strong>edit.</strong></span> <span class='ocrx_word' id='word_1_922' title='bbox 2463 5453 2693 5521; x_wconf 87' lang='lat' dir='ltr'><strong>append.</strong></span> <span class='ocrx_word' id='word_1_923' title='bbox 2729 5450 2953 5520; x_wconf 70' lang='lat' dir='ltr'><strong>August.</strong></span> <span class='ocrx_word' id='word_1_924' title='bbox 2988 5467 3054 5504; x_wconf 80' lang='lat' dir='ltr'><strong>ex</strong></span> <span class='ocrx_word' id='word_1_925' title='bbox 3090 5468 3189 5505; x_wconf 76' lang='lat' dir='ltr'><strong>nis.</strong></span> <span class='ocrx_word' id='word_1_926' title='bbox 3223 5452 3387 5505; x_wconf 89' lang='lat' dir='ltr'><strong>Corb.</strong></span> <span class='ocrx_word' id='word_1_927' title='bbox 3417 5454 3497 5507; x_wconf 86' lang='lat' dir='ltr'><strong>le-</strong></span> 
     </span>
    </p>
   </div>
   <div class='ocr_carea' id='block_1_125' title="bbox 1957 5522 3492 5594">
    <p class='ocr_par' dir='ltr' id='par_1_125' title="bbox 1957 5522 3492 5594">
     <span class='ocr_line' id='line_1_128' title="bbox 1957 5522 3492 5594; baseline 0.002 -20"><span class='ocrx_word' id='word_1_928' title='bbox 1957 5525 2079 5588; x_wconf 88' lang='lat' dir='ltr'><strong>itur,</strong></span> <span class='ocrx_word' id='word_1_929' title='bbox 2106 5539 2197 5591; x_wconf 90' lang='lat' dir='ltr'><strong>pro</strong></span> <span class='ocrx_word' id='word_1_930' title='bbox 2222 5522 2354 5576; x_wconf 88' lang='lat' dir='ltr'><strong>bona</strong></span> <span class='ocrx_word' id='word_1_931' title='bbox 2373 5525 2629 5594; x_wconf 72' lang='lat' dir='ltr'><strong>voluntate</strong></span> <span class='ocrx_word' id='word_1_932' title='bbox 2650 5533 2854 5594; x_wconf 79' lang='lat' dir='ltr'><strong>vestra;</strong></span> <span class='ocrx_word' id='word_1_933' title='bbox 2878 5531 2933 5575; x_wconf 90' lang='lat' dir='ltr'><strong>et</strong></span> <span class='ocrx_word' id='word_1_934' title='bbox 2954 5537 3114 5589; x_wconf 88' lang='lat' dir='ltr'><strong>supra</strong></span> <span class='ocrx_word' id='word_1_935' title='bbox 3139 5522 3272 5576; x_wconf 90' lang='lat' dir='ltr'><strong>edit.</strong></span> <span class='ocrx_word' id='word_1_936' title='bbox 3296 5523 3492 5594; x_wconf 82' lang='lat' dir='ltr'><strong>Lugd.,</strong></span> 
     </span>
    </p>
   </div>
   <div class='ocr_carea' id='block_1_126' title="bbox 1964 5592 3187 5663">
    <p class='ocr_par' dir='ltr' id='par_1_126' title="bbox 1964 5592 3187 5663">
     <span class='ocr_line' id='line_1_129' title="bbox 1964 5592 3187 5663; baseline -0.002 -15"><span class='ocrx_word' id='word_1_937' title='bbox 1964 5609 2147 5655; x_wconf 90' lang='lat' dir='ltr'><strong>ovan.,</strong></span> <span class='ocrx_word' id='word_1_938' title='bbox 2177 5594 2346 5647; x_wconf 83' lang='lat' dir='ltr'><strong>Duac.</strong></span> <span class='ocrx_word' id='word_1_939' title='bbox 2378 5601 2432 5646; x_wconf 89' lang='lat' dir='ltr'><strong>et</strong></span> <span class='ocrx_word' id='word_1_940' title='bbox 2453 5592 2669 5663; x_wconf 81' lang='lat' dir='ltr'><strong>colou.,</strong></span> <span class='ocrx_word' id='word_1_941' title='bbox 2698 5593 2867 5645; x_wconf 85' lang='lat' dir='ltr'><strong>reddit</strong></span> <span class='ocrx_word' id='word_1_942' title='bbox 2895 5594 3187 5663; x_wconf 84' lang='lat' dir='ltr'><strong>unicuique.</strong></span> 
     </span>
    </p>
   </div>
   <div class='ocr_carea' id='block_1_127' title="bbox 1995 5662 3497 5737">
    <p class='ocr_par' dir='ltr' id='par_1_127' title="bbox 1995 5662 3497 5737">
     <span class='ocr_line' id='line_1_130' title="bbox 1995 5662 3497 5737; baseline 0.002 -20"><span class='ocrx_word' id='word_1_943' title='bbox 1995 5674 2016 5700; x_wconf 89' lang='grc' dir='ltr'><strong>ι’</strong></span> <span class='ocrx_word' id='word_1_944' title='bbox 2049 5663 2226 5737; x_wconf 84' lang='lat' dir='ltr'><strong>Editio</strong></span> <span class='ocrx_word' id='word_1_945' title='bbox 2248 5663 2481 5737; x_wconf 87' lang='lat' dir='ltr'><strong>Lovan.,</strong></span> <span class='ocrx_word' id='word_1_946' title='bbox 2495 5662 2635 5737; x_wconf 52' lang='lat' dir='ltr'><strong>Ecce</strong></span> <span class='ocrx_word' id='word_1_947' title='bbox 2657 5671 2915 5737; x_wconf 82' lang='lat' dir='ltr'><strong>tamquam</strong></span> <span class='ocrx_word' id='word_1_948' title='bbox 2940 5662 3156 5737; x_wconf 77' lang='lat' dir='ltr'><strong>collecta</strong></span> <span class='ocrx_word' id='word_1_949' title='bbox 3176 5665 3239 5719; x_wconf 89' lang='lat' dir='ltr'><strong>de</strong></span> <span class='ocrx_word' id='word_1_950' title='bbox 3261 5665 3497 5737; x_wconf 74' lang='lat' dir='ltr'><strong>Scriptu-</strong></span> 
     </span>
    </p>
   </div>
   <div class='ocr_carea' id='block_1_128' title="bbox 1920 5734 3187 5806">
    <p class='ocr_par' dir='ltr' id='par_1_128' title="bbox 1920 5734 3187 5806">
     <span class='ocr_line' id='line_1_131' title="bbox 1920 5734 3187 5806; baseline 0.005 -19"><span class='ocrx_word' id='word_1_951' title='bbox 1920 5736 2013 5803; x_wconf 86' lang='lat' dir='ltr'><strong>ris,</strong></span> <span class='ocrx_word' id='word_1_952' title='bbox 2044 5736 2194 5806; x_wconf 86' lang='lat' dir='ltr'><strong>quasi</strong></span> <span class='ocrx_word' id='word_1_953' title='bbox 2216 5737 2410 5790; x_wconf 83' lang='lat' dir='ltr'><strong>alterno</strong></span> <span class='ocrx_word' id='word_1_954' title='bbox 2439 5734 2533 5788; x_wconf 90' lang='lat' dir='ltr'><strong>sibi</strong></span> <span class='ocrx_word' id='word_1_955' title='bbox 2560 5749 2711 5788; x_wconf 81' lang='lat' dir='ltr'><strong>sensu</strong></span> <span class='ocrx_word' id='word_1_956' title='bbox 2738 5734 2952 5790; x_wconf 84' lang='lat' dir='ltr'><strong>adversa</strong></span> <span class='ocrx_word' id='word_1_957' title='bbox 2970 5734 3187 5793; x_wconf 74' lang='lat' dir='ltr'><strong>collidit.</strong></span> 
     </span>
    </p>
   </div>
   <div class='ocr_carea' id='block_1_129' title="bbox 3368 5865 3446 5877">
    <p class='ocr_par' dir='ltr' id='par_1_129' title="bbox 3368 5865 3446 5877">
     <span class='ocr_line' id='line_1_132' title="bbox 3368 5865 3446 5877; baseline -0.013 0"><span class='ocrx_word' id='word_1_958' title='bbox 3368 5865 3446 5877; x_wconf 55' lang='lat'><strong><em>&#39;—</em></strong></span> 
     </span>
    </p>
   </div>
  </div>
