4030 6178
473 186 600 290 293.

1697 226 1757 283 s.
1797 223 2137 282 causeam
2176 225 2507 295 squmm

3644 228 3744 283 (⁵21

474 344 778 403 committat
808 343 1120 410 industrius;
1152 353 1204 398 et
1231 344 1473 399 omnium
1502 342 1777 398 hominum
1799 341 2067 397 divisione
2093 345 2145 402 Δ
2172 340 2471 395 remedium
2497 353 2625 394 sana
2650 338 2961 410 prospiciat.
2988 341 3153 412 Atqui
3179 352 3320 402 totus
3341 346 3504 406 homo
3529 367 3598 408 ex
3635 355 3753 425 ipsa

477 436 653 502 facta,
690 434 784 491 alii
829 437 939 492 sint
964 450 1097 503 quos
1135 434 1303 505 gratia
1334 435 1427 490 Dei
1453 434 1651 501 salvet,
1694 431 1784 487 alii
1811 446 1950 503 quos
1979 432 2065 486 lex

478 538 536 584 et
589 538 777 583 natura
820 527 1101 598 justiﬁeet.
1155 526 1264 583 Sed
1316 527 1398 582 lex
1446 532 1645 596 potest,
1692 539 1762 579 ne
1787 522 1913 594 quid
1941 522 2069 579 mali

480 620 595 685 ﬂat,
622 620 846 689 jubere;
874 634 903 672 a
943 621 1084 673 malo
1111 626 1292 673 autem
1335 632 1442 673 non
1477 626 1651 686 potest
1682 616 1933 671 liberare.
1964 614 2068 669 No-

484 721 594 765 tum
624 711 751 766 facit
778 711 1109 777 mandatum,
1142 711 1235 764 sed
1270 709 1559 765 obediendi
1599 723 1704 761 non
1738 714 1959 775 praestat
1990 703 2073 758 ai—

487 806 683 859 fectum
711 821 723 856 :
750 812 775 841 ι
803 803 905 857 nisi
946 804 1087 872 quod
1132 812 1214 857 est
1250 801 1503 856 occidens
1534 816 1627 868 per
1653 799 1937 868 imperium
1979 797 2069 853 lit-

489 910 620 954 terae
640 940 655 964 ,
689 899 783 953 fiat
806 899 1085 953 vivilicans
1125 912 1219 964 per
1249 896 1495 964 spiritum
1523 894 1733 964 gratiae.

558 992 725 1066 [Alias
752 990 880 1046 CAP.
914 988 1068 1061 Vlll.]
1093 992 1147 1044 2.
1199 990 1327 1043 Post
1376 988 1493 1042 haec
1540 986 1839 1051 concludit,
1886 983 2075 1039 dicens

488 1081 682 1157 (Ibial)
715 1101 728 1136 :
763 1081 882 1135 Nisi
910 1082 1048 1151 quod
1088 1082 1141 1133 in
1170 1079 1249 1131 his
1296 1078 1527 1132 omnibus
1556 1086 1601 1129 et
1650 1077 1815 1147 gratia
1860 1073 1979 1139 Dei,
2028 1081 2075 1128 et

490 1174 694 1229 libertas
721 1174 883 1228 nostri
924 1173 1218 1226 declaratur
1257 1170 1477 1234 arbitrii,
1506 1167 1533 1205 ι’
1555 1178 1602 1221 et
1637 1168 1761 1237 quia
1784 1168 1936 1221 e.iam
1964 1164 2076 1218 suis

488 1265 749 1319 interdum
798 1263 1019 1317 motibus
1044 1262 1199 1316 homo
1252 1262 1319 1314 ad
1349 1263 1595 1314 virtutum
1621 1258 1875 1328 appetitus
1919 1256 2077 1323 possit

491 1355 719 1422 extendi,
748 1370 945 1425 semper
966 1370 1080 1407 vero
1121 1370 1153 1406 α
1198 1351 1422 1405 Domino
1455 1350 1683 1423 indigeat
1718 1349 1977 1420 adjuvari.
2009 1346 2078 1400 Et

491 1448 585 1502 ubi
614 1458 717 1513 est,
746 1447 892 1517 quod
936 1446 1169 1517 regulari
1210 1444 1526 1500 deﬁnitione
1566 1444 1906 1513 praemissum
1952 1449 2075 1495 est:

494 1535 619 1592 Non
646 1537 815 1592 solum
840 1547 1069 1600 actuum,
1115 1551 1291 1591 verum
1328 1535 1483 1589 etiam
1530 1533 1895 1603 cOgitationum
1920 1530 2082 1585 bona-

492 1645 608 1683 rum
630 1644 694 1682 ea:
735 1627 843 1681 Deo
872 1643 983 1683 esse
1027 1626 1361 1696 principium,
1388 1626 1476 1695 qui
1503 1632 1552 1678 et
1578 1623 1759 1692 incipit
1790 1638 1905 1690 quae
1947 1621 2080 1676 bona

2170 442 2225 487 et
2269 447 2392 487 cum
2436 433 2550 502 ipsa
2590 433 2642 487 in
2692 433 3017 502 profundum
3061 437 3293 493 miseriae
3322 449 3345 477 ⁸
3375 455 3488 497 sum
3525 446 3753 514 decidit,

2174 523 2196 564 ι
2220 527 2311 580 ubi
2340 541 2481 590 eam,
2517 527 2829 596 priusquam
2881 542 2911 580 a
2938 529 3153 584 medico
3185 532 3432 589 notitiam
3477 552 3586 591 sua:
3612 539 3762 593 cala—

2172 616 2376 670 mitatis
2401 617 2649 685 accipiat,
2675 617 2864 688 jacere
2901 618 3157 688 delectat,
3192 636 3460 680 amantem
3493 637 3519 674 ε
3540 643 3762 697 semper

2172 721 2386 761 errores
2408 722 2562 772 suos,
2587 717 2640 762 et
2661 710 3073 777 amplectentem
3095 712 3229 767 falsa
3251 731 3350 781 pro
3370 719 3514 773 veris
3536 717 3756 791 (lbid.).

2173 798 2338 865 Cujus
2364 799 2539 867 prima
2569 799 2718 855 salus
2735 810 2849 864 'est.
2878 811 2935 858 ut
2960 803 3062 857 sibi
3100 804 3325 874 incipiat
3363 808 3673 879 displicere,
3702 821 3767 868 et

2172 900 2501 944 vetustatem
2533 906 2648 945 suae
2668 891 2962 949 debilitatis
2983 894 3166 951 odisse
3193 913 3206 950 :
3234 912 3468 968 sequens
3497 916 3627 958 vero
3651 913 3759 970 est,

2174 989 2233 1035 ut
2255 990 2310 1035 et
2338 983 2518 1037 sanari
2544 982 2840 1050 desideret,
2872 996 2928 1041 et
2954 1002 2985 1041 a
3014 1002 3121 1056 quo
3142 993 3382 1048 sananda
3409 994 3509 1059 sit,
3543 998 3759 1052 noverit

2176 1071 2338 1143 (Vide
2378 1089 2610 1144 respons.
2640 1074 2710 1128 ad
2738 1076 2771 1131 6
2810 1076 2996 1148 object.
3028 1076 3347 1153 Gallorum).
3374 1082 3402 1120 ιι
3432 1085 3564 1154 Qum
3606 1103 3763 1144 cura-

2174 1162 2378 1217 tionem
2404 1163 2572 1233 ipsius
2593 1166 2672 1221 sic
2692 1167 3022 1235 praecedunt,
3056 1178 3113 1224 ut
3144 1173 3193 1225 ei
3220 1173 3289 1227 ab
3314 1174 3432 1239 illo,
3449 1178 3539 1245 qui
3560 1193 3763 1248 aegram

2175 1262 2464 1308 sanaturus
2490 1263 2599 1322 est,
2631 1258 2976 1313 inserantur:
3004 1276 3094 1326 ne,
3128 1276 3249 1316 cum
3285 1262 3300 1301 ί
3344 1266 3394 1320 ei
3422 1269 3572 1323 nullo
3600 1271 3763 1327 modo

2178 1343 2295 1398 haec
2327 1344 2525 1401 frustra
2557 1347 2738 1404 inesse
2764 1351 3002 1420 possint,
3033 1354 3232 1409 merito
3259 1356 3508 1414 videatur
3533 1360 3760 1431 salvata,

2174 1451 2287 1489 non
2322 1438 2517 1506 gratia.

2248 1526 2303 1578 2.
2334 1525 2542 1581 Deinde
2571 1526 2760 1598 adjicis
2789 1527 2977 1602 (lbid.)
3005 1548 3016 1584 :
3052 1531 3121 1589 Ut
3150 1542 3321 1589 autem
3349 1537 3629 1593 evidentius
3651 1541 3761 1594 cla-

2179 1628 2311 1679 reat,
2340 1619 2494 1672 etiam
2515 1635 2603 1688 per
2627 1629 2828 1675 natura:
2847 1621 3054 1692 bonum,
3082 1625 3217 1694 quod
3242 1626 3489 1694 beneﬁcio
3509 1628 3765 1686 Creatoris

494 1728 633 1789 sunt,
663 1728 710 1774 et
736 1720 1045 1791 exsequitur,
1075 1730 1121 1773 et
1168 1728 1486 1773 consummat
1522 1718 1576 1771 in
1605 1717 1746 1771 nobis
1787 1715 1947 1787 (Vide
1988 1731 2077 1770 su-
2111 1708 2155 1766 B
2184 1709 2443 1763 indultum
2473 1721 2566 1776 est,
2598 1728 2982 1785 nonnumquam
3019 1715 3265 1770 bonarum
3302 1718 3619 1774 voluntatum
3642 1738 3769 1793 pra-

492 1825 609 1881 pra,
641 1825 759 1878 cap.
791 1809 842 1874 1,
877 1827 929 1863 η.
955 1810 1054 1879 4)ἳ
1094 1809 1233 1863 Ecce
1280 1808 1367 1863 hic
1396 1808 1559 1862 etiam
1592 1806 1637 1862 si
1687 1807 1843 1862 bonis
1886 1807 2080 1874 emptis

492 1901 861 1957 necessarium
889 1901 986 1956 Dei
1028 1899 1218 1957 fateris
1248 1900 1514 1955 auxilium
1543 1918 1556 1954 :
1593 1901 1740 1970 ipsos
1768 1908 1942 1954 tamen
1966 1898 2081 1953 lau-

492 1993 702 2048 dabiles
726 2000 904 2047 motus
932 1992 1311 2062 appetitusque
1347 1993 1605 2045 virtutum
1624 2034 1639 2057 ,
1673 1998 1876 2045 remota
1907 1989 2080 2058 gratia

493 2086 612 2151 Dei,
654 2084 811 2140 nudae
839 2085 1074 2139 libertati
1119 2084 1347 2139 ascribis
1387 2081 1640 2137 arbitrii:
1673 2089 1738 2136 ut
1763 2081 1890 2136 boni
1936 2080 2081 2135 salu-

492 2176 728 2246 bresque
768 2184 995 2231 conatus
1040 2184 1317 2245 nequeant
1365 2176 1582 2245 quidem
1622 2174 1919 2244 proﬁcere,
1976 2171 2082 2228 nisi

494 2266 637 2321 Deus
667 2266 919 2335 adjuvet;
946 2277 968 2305 ε
1000 2267 1206 2336 possint
1226 2277 1426 2333 tamen,
1452 2265 1792 2321 etiamsinon
1812 2280 1842 2320 a
1867 2264 1976 2319 Deo
2002 2264 2083 2319 in-

493 2356 787 2426 spirentur,
820 2357 1082 2426 incipere.

996 2512 1161 2584 316
1217 2510 1443 2567 CAPUT
1493 2509 1584 2569 Iv.

494 2622 684 2681 Contra
710 2625 1014 2682 Cassianum
1062 2627 1338 2694 probatur,
1370 2641 1459 2694 nec
1490 2622 1804 2694 desiderium
1846 2622 2081 2694 sanitatis

565 2697 739 2750 haberi
781 2697 891 2749 sine
920 2691 1108 2766 gratia.
1145 2696 1339 2766 Quarta
1381 2692 1614 2748 Cassiani
1653 2692 1929 2761 definitio:
1974 2691 2081 2746 Per

564 2776 763 2820 natura:
783 2765 969 2819 bonum
1000 2766 1281 2834 aliquando
1303 2765 1549 2817 bonarum
1592 2766 1916 2816 voluntatum
1959 2779 2086 2834 pro-

568 2836 681 2890 dire
698 2838 972 2907 principia.
1017 2835 1307 2907 Refellitur,
1338 2845 1442 2887 tam
1470 2851 1533 2907 ea:
1581 2835 1748 2905 prima
1776 2850 1872 2907 sua
1895 2834 2083 2907 deﬁni-

563 2903 721 2970 tione,
772 2923 925 2974 quam
969 2921 1031 2958 ea:
1077 2904 1344 2972 Apostolo,
1395 2905 1543 2974 cujus
1582 2903 1731 2956 locus
1774 2904 1888 2974 iste,
1932 2903 2081 2974 Velle

563 2978 708 3030 enim
752 2973 963 3047 adjacet
1008 2976 1159 3041 mibi,
1198 2991 1231 3027 a
1262 2990 1421 3042 prava
1461 2973 1883 3045 interpretatione
1908 2973 2080 3026 vindi-

566 3056 732 3101 catur.

566 3181 620 3236 1.
646 3180 869 3243 Deinde,
897 3188 955 3234 ut
983 3179 1287 3235 evidentius
1309 3177 1563 3246 definias,
1593 3177 1719 3249 quid
1741 3178 1904 3233 homo
1924 3192 1993 3232 ex
2016 3177 2080 3232 li-

492 3274 627 3329 bero
653 3273 877 3328 arbitrio
911 3273 1109 3328 habeat
1151 3273 1277 3343 quid
1311 3281 1492 3327 sumat
1519 3270 1546 3310 ά
1572 3289 1638 3327 ex
1668 3276 1861 3343 gratia,
1903 3272 2076 3337 addis,

493 3374 548 3418 et
574 3364 709 3418 dicis
762 3362 975 3436 (Collat.
1024 3365 1111 3430 15,
1141 3380 1188 3417 c.
1236 3362 1334 3433 9):
1382 3363 1492 3417 Nec
1544 3364 1679 3417 enim
1722 3380 1837 3416 cum
1864 3363 2080 3416 ualuerit

492 3456 630 3526 quis,
686 3456 904 3510 sanitate
936 3457 1240 3526 perfruitur,
1285 3464 1373 3510 aut
1403 3456 1467 3508 de
1516 3455 1837 3524 egritudinis
1878 3453 2076 3518 morbo,

492 3564 589 3619 pro
615 3548 816 3602 arbitrii
845 3548 925 3601 sui
965 3548 1218 3601 desiderio
1258 3548 1520 3601 liberatur.
1548 3548 1718 3601 Doces
1766 3560 1921 3616 ergo,
1969 3561 2077 3601 non

494 3652 654 3707 posse
667 3638 879 3708 quidem
897 3637 1166 3693 hominem
1183 3652 1281 3709 per
1295 3637 1648 3705 semetipsum
1665 3635 2080 3706 apprehendere

495 3730 804 3795 sanitatem,
848 3729 943 3786 sed
976 3730 1177 3787 habere
1217 3746 1339 3786 eum
1376 3746 1404 3783 a
1431 3730 1726 3798 semetipso
1755 3727 2077 3783 desiderium

495 3822 743 3877 sanitatis
766 3838 781 3885 ;
807 3830 861 3877 et
883 3837 984 3876 sua
1015 3830 1226 3876 tantum
1256 3831 1449 3890 sponte
1476 3821 1663 3877 venire
1690 3818 1756 3874 ad
1785 3819 2075 3887 medicum,

497 3929 604 3966 non
657 3914 818 3968 etiam
877 3913 980 3969 hoc
1024 3913 1199 3983 ipsum
1249 3914 1445 3968 medici
1493 3928 1637 3978 esse,
1686 3912 1833 3981 quod
1875 3912 2080 3966 veniat.

496 4004 661 4071 Quasi
691 4021 817 4060 vero
844 4006 1021 4061 anima
1044 4005 1161 4075 ipsa
1201 4020 1311 4059 non
1348 4005 1618 4075 langueat,
1662 4012 1717 4060 et
1745 4005 1961 4074 corpori
1983 4018 2083 4058 suo

574 4209 598 4237 °
620 4199 743 4255 Mss.
777 4199 987 4266 Remig.
1014 4210 1071 4256 et
1102 4200 1386 4264 Joliensis,
1429 4215 1549 4255 cum
1581 4200 1713 4257 edit.
1746 4201 1985 4271 Mogunt.
2026 4207 2082 4257 et

498 4271 660 4333 Ven.,
686 4271 771 4338 qui
797 4280 869 4324 est
898 4271 1151 4326 occidens.

572 4340 770 4394 ltAbest
790 4351 834 4395 et
862 4356 891 4395 a
916 4356 1046 4395 mss.
1069 4340 1234 4396 Corb.
1261 4349 1317 4397 et
1337 4340 1441 4396 Jol.
1474 4348 1528 4395 et
1554 4338 1684 4394 edit.
1714 4340 1907 4410 Lugd.,
1938 4341 2071 4408 Mog.

499 4421 553 4465 el
579 4410 748 4476 Ven.;
781 4426 900 4481 quin
930 4411 1049 4465 duae
1080 4413 1403 4482 posteriores
1424 4411 1504 4465 sic
1534 4410 1752 4482 habent,
1782 4414 1901 4481 quia
1926 4414 2080 4464 etiam

500 4483 735 4554 suis"...
754 4479 915 4554 potest
939 4479 1166 4544 extendi.
1203 4497 1400 4554 semper
1426 4498 1542 4554 vero
1579 4498 1611 4534 a
1636 4479 1859 4537 Domino
1889 4482 2081 4554 indiget

500 4552 760 4622 adjuvari.
784 4552 1116 4621 Suﬂragatur
1146 4569 1249 4607 ms.
1274 4552 1548 4607 Joliensis.

2182 1799 2296 1853 dire
2323 1802 2598 1872 principia,
2637 1818 2751 1874 qua
2780 1813 2970 1869 tamen,
3019 1807 3118 1860 nisi
3148 1824 3181 1860 a
3203 1806 3314 1862 Deo
3352 1810 3663 1883 dirigantur,
3698 1815 3768 1867 ad

2182 1893 2673 1946 consummationem
2723 1893 3017 1951 ivirtutum
3064 1899 3329 1968 pervenire
3376 1917 3477 1954 non
3524 1914 3767 1972 possunt.

2181 1978 2460 2045 Apostolus
2486 1983 2511 2016 κ
2539 1982 2682 2035 testis
2703 1993 2798 2048 est,
2827 1986 2999 2040 dicens
3015 2001 3035 2041 :
3069 1985 3215 2043 Velle
3240 1994 3372 2044 enim
3398 1992 3595 2061 adjacet
3617 1993 3766 2059 mihi,

2183 2069 2428 2138 perﬁcere
2467 2083 2635 2125 autem
2686 2072 2871 2128 bonum
2914 2092 3017 2130 non
3063 2076 3267 2133 invenio
3321 2079 3501 2150 (Rom.
3527 2097 3621 2147 vn,
3651 2084 3767 2153 18).

2183 2157 2341 2214 Falso
2372 2176 2502 2231 ergo
2550 2166 2844 2220 secundum
2879 2168 3019 2223 lianc
3060 2168 3437 2226 deﬁnitionem
3479 2184 3603 2229 ante
3631 2174 3772 2229 dixi-

2181 2254 2273 2318 sti,
2304 2252 2425 2306 Non
2457 2252 2624 2308 solum
2650 2265 2880 2322 actuum,
2908 2274 3083 2313 verum
3108 2261 3262 2314 etiam
3294 2263 3659 2333 cogitationum
3682 2267 3773 2319 bo-

2182 2360 2363 2398 narum
2385 2362 2447 2398 ea:
2474 2345 2585 2400 Deo
2611 2363 2719 2400 esse
2748 2349 3095 2420 principium;
3120 2351 3207 2421 qui
3228 2361 3275 2405 et
3295 2353 3473 2425 incipit
3501 2370 3612 2424 quae
3639 2355 3773 2410 bona

2181 2446 2321 2501 sunt,
2355 2444 2402 2489 et
2440 2439 2756 2506 exsequitur,
2786 2448 2835 2493 et
2873 2452 3195 2495 consummat
3241 2443 3294 2495 in
3323 2443 3488 2498 nobis.
3531 2445 3633 2500 Sed
3664 2444 3771 2500 hoc

2183 2526 2331 2581 nullo
2362 2527 2527 2581 modo
2549 2542 2612 2581 ex
2644 2529 2818 2597 aliqua
2866 2541 3020 2598 parte
3046 2541 3221 2600 potest
3247 2547 3367 2588 esse
3408 2534 3602 2589 falsum
3633 2553 3647 2590 :
3682 2538 3770 2591 cui

2182 2633 2517 2689 nequaquam
2567 2618 2754 2675 inferri
2803 2621 2968 2694 317
3017 2624 3286 2679 contraria
3318 2624 3653 2692 debuerunt;
3712 2637 3771 2684 ut

2181 2709 2323 2778 quod
2354 2718 2504 2765 recte
2526 2709 2809 2778 professus
2834 2726 2897 2768 es
2917 2728 2983 2767 ex
3008 2714 3175 2783 gratia
3207 2714 3469 2785 incipere,
3495 2716 3549 2772 id
3583 2726 3767 2787 postea

2188 2798 2207 2838 ι
2238 2801 2590 2857 conﬁrmares
2621 2816 2718 2872 per
2746 2812 2952 2858 naturae
2980 2804 3183 2859 bonum
3208 2815 3263 2861 et
3298 2821 3394 2876 per
3424 2807 3653 2864 liberum
3683 2824 3773 2863 ar-

2184 2892 2410 2948 bitrium
2447 2909 2547 2949 nos
2573 2893 2790 2950 habere.
2826 2903 2867 2932 ιιι
2892 2895 3037 2950 Dixit
3062 2896 3278 2965 quidem
3309 2897 3503 2953 beatus
3533 2900 3768 2969 Aposto-

2185 2984 2269 3038 lus
2301 2999 2317 3039 :
2356 2980 2500 3040 Velle
2521 2988 2655 3040 enim
2688 2987 2893 3057 adjacet
2918 2988 3074 3053 mihi,
3106 2989 3352 3057 perﬁcere
3382 2999 3555 3044 autem
3584 2990 3771 3045 bonum

2106 3071 2153 3131 C
2185 3092 2288 3130 non
2317 3077 2521 3131 invenio
2546 3078 2724 3141 (Rom.
2748 3094 2844 3147 vn,
2874 3079 2989 3149 18).
3015 3088 3042 3116 ο
3066 3078 3174 3136 Sed
3210 3081 3351 3135 idem
3394 3082 3529 3138 dixit
3553 3099 3564 3135 :
3599 3091 3625 3118 ο
3654 3083 3772 3137 Non

2184 3170 2307 3238 quia
2343 3170 2519 3223 idonei
2546 3172 2705 3225 simus
2734 3171 2962 3240 cogitare
3000 3173 3201 3241 aliquid
3244 3175 3275 3218 Ρ
3297 3191 3330 3227 a
3357 3174 3500 3229 nobis
3535 3177 3681 3245 quasi
3710 3192 3776 3231 ea:

2184 3262 2329 3315 nobis
2352 3262 2500 3331 ipsis,
2526 3263 2618 3315 sed
2645 3263 2952 3333 suﬁcientia
2985 3274 3159 3317 nostra
3188 3280 3251 3318 ea;
3300 3264 3411 3318 Deo
3439 3276 3515 3321 est
3558 3265 3622 3338 ('l'l
3646 3264 3766 3321 Cor.

2183 3367 2262 3414 l-ll.
2292 3350 2374 3421 5).
2413 3353 2529 3408 ‘lEt
2571 3353 2711 3408 idem
2741 3353 2919 3409 dixit:
2956 3351 3098 3408 Deus
3139 3363 3214 3408 est
3238 3355 3374 3410 enim
3414 3356 3500 3424 qui
3526 3366 3772 3427 aperatur

2183 3444 2237 3498 in
2253 3443 2393 3497 vobis
2417 3454 2466 3496 et
2493 3444 2639 3513 velle,
2665 3454 2687 3483 ι’
2703 3454 2751 3498 et
2774 3446 2977 3516 aperari
2997 3461 3089 3515 pro
3112 3446 3244 3500 bona
3263 3445 3519 3501 voluntate
3541 3445 3767 3517 (Philip.

2183 3552 2243 3607 η,
2277 3538 2395 3608 15).
2444 3537 2563 3594 Non
2602 3554 2733 3609 ergo
2760 3539 3037 3609 apostolus
3075 3540 3177 3596 sibi
3203 3540 3508 3597 contrarius
3534 3548 3640 3596 est.
3665 3541 3774 3597 Sed

2181 3645 2304 3685 cum
2346 3630 2608 3688 donatum
2638 3632 2796 3688 nobis
2824 3632 2984 3689 fuerit
3013 3632 3213 3688 bonum
3244 3634 3416 3697 velle.
3450 3648 3560 3688 non
3589 3633 3772 3688 statim

2180 3723 2492 3780 invenimus
2533 3733 2587 3780 et
2617 3723 2818 3791 facere,
2866 3726 2970 3781 nisi
3011 3725 3344 3795 petentibus,
3374 3725 3771 3796 querentibus,

2183 3825 2343 3885 atque
2390 3814 2754 3885 pulsantibus,
2799 3816 2893 3886 qui
2946 3815 3095 3871 dedit
3140 3815 3494 3884 desiderium,
3551 3824 3775 3885 praestet

2182 3906 2455 3962 eﬂ‘ectum.
2486 3908 2602 3962 Vox
2632 3914 2654 3942 ·
2682 3922 2911 3976 namque
2932 3907 3033 3962 ista
3055 3906 3284 3962 dicentis
3313 3907 3491 3962 :Velle
3514 3908 3652 3962 enim
3675 3907 3774 3959 ad-

2174 4002 2317 4071 jacet
2340 3997 2487 4067 mihi,
2517 3999 2763 4068 perﬁcere
2788 4008 2956 4054 autem
2992 4000 3186 4055 bonum
3212 4016 3314 4054 non
3353 3999 3554 4079 inuenio
3585 3997 3769 4069 (Rom.

2184 4199 2369 4271 merito
2395 4199 2627 4271 videatur
2651 4201 2899 4263 salvatus.
2928 4203 3155 4271 scilicet,
3181 4205 3367 4260 homo.

2260 4270 2274 4353 l
2309 4270 2407 4324 bis.
2439 4270 2923 4353 .loliensispmittit
2963 4274 3101 4339 lianc
3130 4270 3339 4341 vocem,
3370 4276 3635 4343 virtutum,
3677 4275 3775 4331 ba-

2183 4340 2406 4422 betque,
2437 4357 2540 4395 non
2562 4342 2779 4411 possint.
2984 4412 2998 4425 .
3330 4340 3333 4341 ⁷
3622 4340 3629 4343 ’

2256 4408 2281 4447 ι
2311 4411 2566 4484 διοίωες.
2608 4409 2797 4484 _C_orb.,
2845 4411 3056 4480 Rerum.
3090 4421 3147 4469 et
3191 4414 3321 4476 Jol..
3352 4431 3472 4470 cum
3511 4415 3643 4470 edit.
3676 4430 3776 4484 ap-

2186 4481 2349 4571 p‘end.
2388 4482 2855 4571 ‘A‘urgnubioqunt:
2898 4493 2954 4539 et
3005 4484 3140 4541 Ven.
3185 4489 3257 4541 At
3295 4486 3496 4557 Lugd.,
3540 4481 3771 4554 Lovan.,
3834 4568 3840 4571 γ

2058 4586 2083 4608 ο
2111 4610 2152 4618 _
2184 4551 2349 4607 Duae.
2381 4562 2436 4606 et
2464 4551 2683 4618 Colon.,
2707 4562 2941 4610 testatur.

577 4610 597 4659 Vc
631 4621 769 4675 Editi
800 4610 1072 4702 plerique,
1105 4634 1311 4702 possunt
1342 4632 1530 4702 tamen.
1570 4622 1730 4702 ven.,
1751 4622 1969 4702 .possint
1999 4632 2079 4676 ta-
2111 4610 2162 4670 Β
2256 4618 2287 4702 ξ
2328 4610 2735 4702 [_5_dit._M_ogt_int.
2763 4633 2821 4678 et
2846 4625 3003 4702 gen”
3029 4625 3282 4702 ﬁrmans.

500 4708 763 4765 menesse,
796 4693 1123 4765 etiamsinon
1153 4711 1183 4765 ᾳ
1211 4694 1315 4747 Deo
1337 4694 1607 4765 incipiente
1626 4693 1961 4765 inspirentur.

575 4760 703 4833 {ita
726 4776 854 4833 mss.
888 4761 1071 4824 Corb.,
1090 4764 1194 4818 Jol.
1221 4772 1276 4818 et
1300 4760 1511 4833 Remig.
1537 4779 1656 4833 cum
1691 4760 1817 4817 edit.
1840 4763 2079 4831 Mogunt.

502 4830 778 4957 sitellam,
829 4832 1025 4904 Lugd.,
1053 4833 1209 4901 Lov.,
1241 4835 1405 4894 Duae.
1451 4830 1506 4890 et
1546 4832 1763 4899 Colon.,
1814 4849 1877 4886 ex
1915 4830 2085 4905 gratia

587 4920 623 4955 ι.

578 4942 722 5026 siis.
753 4973 857 5028 ι101.
890 4973 1089 5028 omittit
1120 4975 1253 5029 hanc
1277 4990 1492 5039 vocem,
1520 4991 1643 5029 sua.

581 5042 602 5080 ί
628 5043 845 5112 Mognnt
893 5052 948 5098 et
976 5044 1132 5108 Ven.,
1174 5047 1261 5101 ubi
1287 5062 1431 5112 eum;
1452 5043 1757 5107 cmteri,ubi
1784 5059 1918 5106 eam,
1947 5045 2084 5099 refe-

505 5122 686 5168 rentes
708 5114 772 5165 ad
803 5115 1050 5235 quimam,
1074 5133 1181 5171 non
1205 5116 1270 5171 ad
1293 5116 1592 5181 hominem,
1621 5115 1690 5170 de
1714 5129 1818 5185 quo
1841 5118 2086 5183 proxime

507 5198 687 5235 sermo
714 5197 803 5235 era
838 5224 852 5235 .

507 5198 687 5239 sermo
714 5197 852 5237 erat.

581 5263 606 5323 tt
640 5253 778 5307 Edit.
812 5253 978 5323 Lugd.
1009 5257 1124 5311 sola
1155 5256 1353 5311 omittit
1380 5270 1568 5311 vocem
1593 5256 1751 5316 hanc,
1778 5270 1995 5322 semper.

582 5321 606 5359 ιι
630 5324 723 5377 Ms.
750 5325 878 5380 Jol..
896 5321 1218 5380 curationem
1238 5330 1369 5390 eius.
1397 5329 1491 5380 Ms.
1513 5325 1746 5390 Rentig.,
1774 5321 2087 5378 curationem

509 5394 669 5461 illius,
692 5404 753 5466 et
779 5396 936 5462 paulo
960 5406 1081 5464 post
1101 5398 1229 5451 edit.
1258 5394 1426 5466 Mog.,
1454 5397 1572 5463 quia
1597 5410 1789 5465 wgram
1811 5406 2088 5451 sanaturus

510 5474 620 5537 est;
642 5465 740 5537 _ubi
771 5479 871 5517 ms.
901 5466 1028 5537 Jol.,
1058 5468 1145 5536 qui
1174 5484 1287 5521 eum
1310 5465 1496 5537 gratia.

591 5533 605 5570 ί
642 5533 715 5586 Ita
752 5533 1117 5607 mss.__Corb’.,
1145 5533 1353 5607 Remig.
1380 5549 1432 5590 et
1471 5534 1746 5607 Joliensis,
1790 5549 1912 5590 cum
1950 5535 2081 5590 edit.

515 5602 752 5671 lingunt.
800 5605 1033 5675 ethn.
1083 5611 1152 5661 At
1195 5602 1517 5675 posteriores
1548 5605 1834 5669 editiones,
1884 5623 1999 5660 cum
2044 5607 2089 5659 ei

516 5674 622 5727 ulla
665 5676 813 5729 modo
851 5674 959 5731 lucc
988 5678 1147 5733 inesse
1180 5674 1379 5746 possint
1416 5694 1434 5732 :
1490 5688 1543 5735 et
1591 5678 1773 5733 statim
1814 5690 1913 5732 ms.
1979 5676 2139 5755 .lol.L

2255 4700 2294 4728 ω
2326 4692 2430 4768 bis.
2464 4690 2568 4768 101.
2597 4693 2736 4768 Mog.
2762 4703 2816 4768 _et
2839 4695 3001 4768 _Ven.,
3030 4690 3171 4768 Dicit
3198 4697 3405 4768 quidem
3434 4696 3733 4768 Apostolus.

2256 4763 2421 4837 {{Ms.
2459 4761 2593 4837 ini”
2623 4762 2713 4816 scd
2756 4765 2927 4818 itidem
2968 4766 3121 4822 dixit.
3151 4761 3295 4822 Edit.
3332 4761 3558 4837 Mogeet
3605 4766 3771 4832 νεα..

2186 4832 2276 4888 sed
2296 4832 2430 4886 idem
2453 4833 2599 4887 dicit.

2264 4911 2289 4938 ο
2329 4902 2472 4957 Editi
2504 4903 2743 4973 Mogunt.
2774 4912 2830 4959 et
2862 4903 3026 4972 Ven.,
3062 4906 3197 4973 Quia
3219 4922 3322 4962 non
3354 4907 3528 4961 idonei
3567 4924 3771 4963 sumus.

2193 4972 2562 5045 Edit.__Lttg_d.,
2596 4972 2823 5037 Lovan.,
2852 4974 3016 5030 Duac.
3046 4972 3102 5030 et
3137 4976 3349 5043 Colon.,
3381 4994 3484 5031 non
3514 4978 3676 5045 quod.

2264 5054 2292 5092 Ρ
2330 5043 2428 5117 Ms.
2457 5043 2589 5108 Jol.,
2616 5060 2679 5117 ea:
2708 5046 2850 5099 nobis
2879 5046 3026 5116 quasi
3062 5062 3125 5117 ea:
3164 5048 3329 5117 nobis.
3376 5049 3474 5103 Ms.
3506 5043 3718 5117 Remig.
3755 5092 3772 5115 ,

2193 5130 2259 5166 ea:
2285 5116 2449 5187 nobis,
2486 5116 2635 5187 quasi
2673 5132 2703 5168 a
2734 5116 2878 5169 nobis
2908 5118 3053 5187 ipsis.
3085 5116 3142 5170 ln
3172 5116 3370 5187 Lugd.,
3399 5121 3558 5185 Lov.,
3597 5116 3772 5173 Duae.

2195 5193 2248 5237 et
2276 5181 2715 5255 Colon.,-aliquid
2742 5202 2805 5240 ex
2831 5181 2974 5240 nobis
3003 5187 3150 5255 ipsis.

2265 5262 2292 5302 ς
2332 5253 2428 5307 Ms.
2452 5254 2725 5316 Joliensis.
2757 5255 2824 5309 Et
2853 5253 3058 5310 iterum.

2269 5333 2291 5397 τ
2326 5322 2663 5397 Posteriores
2698 5326 2966 5397 editiones
3009 5327 3203 5397 Lugd.,
3249 5328 3475 5390 Lovan.,
3506 5327 3676 5381 Duac.
3712 5337 3774 5380 et

2193 5392 2492 5468 Colon.,_et
2526 5394 3040 5468 perﬁcerebalient,
3072 5392 3215 5465 loco,
3245 5407 3294 5452 et
3335 5398 3543 5468 aperari
3560 5442 3573 5468 ξ
3621 5398 3772 5465 quod

2196 5465 2388 5536 legitur
2427 5462 2480 5536 in
2528 5477 2629 5536 ms.
2673 5464 2833 5518 Corb.
2876 5466 3007 5519 edit.
3059 5462 3291 5535 appeud.
3343 5462 3479 5531 Aug.
3528 5462 3769 5536 Magum.

2193 5544 2249 5589 et
2281 5534 2412 5606 ven.
2446 5534 2577 5601 Quae
2600 5535 2720 5588 dum
2745 5535 2987 5590 scribunt
3011 5534 3173 5600 nobis,
3206 5554 3300 5606 pro
3323 5538 3480 5592 vobis.

2268 5614 2290 5679 ξ
2333 5605 2457 5659 llaec
2489 5619 2589 5657 vo-x
2622 5621 2834 5679 namque
2858 5608 3067 5679 abest__a
3101 5605 3229 5662 mss.
3255 5607 3445 5679 Corb.,
3474 5606 3682 5678 Remig.
3711 5610 3776 5660 et

2194 5674 2327 5745 Jol.,
2360 5690 2569 5734 necnon
2598 5689 2628 5733 a
2657 5674 2891 5745 Mogunt.
2922 5685 2977 5733 et
3010 5676 3142 5735 Ven.
