4026 6176
231 297 346 354 225

1352 289 1555 346 LIBER
1593 287 1868 344 CONTRA
1908 285 2394 343 COLLATOREM.

3405 280 3512 338 2'26

235 421 332 472 vn,
365 405 480 477 18),
526 404 701 460 vocati
730 411 836 469 est,
869 412 895 440 ο
923 410 977 458 et
1000 403 1110 472 jam
1142 402 1242 457 sub
1280 403 1451 471 gratia
1497 400 1820 455 constituti:
1851 405 1901 460 Α
1929 399 2153 468 gratiam
2205 399 2299 452 Dei
2337 395 2630 451 secundum
2664 395 2852 451 merita
2901 403 3080 450 nostra
3109 395 3226 450 dari
3271 413 3286 450 :
3322 394 3375 449 in
3403 397 3512 450 alio

229 501 325 570 qui
377 497 786 552 condelectatur
812 496 1038 563 quidem
1085 495 1186 565 legi
1217 495 1312 548 Dei
1360 493 1658 548 secundum
1690 495 1828 547 inte-

228 593 435 645 riorem
465 587 761 652 hominem,
792 587 886 640 sed
914 585 1054 639 videt
1081 586 1237 638 aliam
1272 585 1442 653 legem
1481 585 1533 637 in
1574 583 1830 638 membris

227 682 373 745 suis,
391 689 782 748 repugnantem
815 678 918 746 legi
951 679 1144 730 mentis
1165 691 1297 741 suae,
1319 687 1372 728 et
1388 675 1748 746 captivantem
1769 691 1828 730 se

230 773 282 826 in
316 772 439 841 lege
469 771 673 840 peccati
695 770 872 841 (Rom.
895 785 987 834 vn,
1007 769 1078 821 εἰ
1107 780 1154 823 et
1183 769 1307 829 25):
1332 776 1386 821 et
1404 769 1647 837 quamvis
1676 782 1832 820 acce-

232 867 379 933 perit
409 866 696 919 scientiam
730 873 880 917 recte
908 863 1145 927 volendi,
1187 863 1442 915 virtutem
1480 869 1656 913 tamen
1686 861 1737 913 in
1769 874 1829 914 se

231 973 342 1010 non
404 955 620 1009 invenit
667 953 691 992 δ
723 969 787 1008 ea
837 969 958 1022 quae
989 962 1139 1020 Optat
1183 952 1472 1020 operandi;
1515 951 1688 1005 donec
1733 966 1828 1019 pro

231 1047 376 1100 bona
430 1047 708 1099 voluntate
746 1060 903 1113 quam
932 1044 1180 1111 snmpsit,
1217 1053 1486 1098 mereatur
1521 1053 1542 1080 ο
1568 1043 1829 1096 virtutum

233 1136 551 1191 facultatem
586 1135 830 1190 invenire
859 1150 1016 1203 quam
1043 1135 1255 1202 quierit.

872 1289 1097 1344 CAPUT
1143 1289 1202 1341 V.

240 1404 492 1471 Deﬁnitio
531 1404 713 1469 quinta
763 1402 993 1456 Cassiani
1039 1418 1056 1455 :
1099 1401 1272 1457 Simul
1311 1403 1665 1470 suscipiendas
1721 1422 1828 1459 esse

308 1476 590 1529 sententias
621 1476 943 1538 cautrarias;
971 1483 1019 1524 et
1054 1473 1199 1524 illam
1241 1489 1354 1539 qua:
1385 1475 1568 1526 bonam
1594 1477 1828 1526 volunta-

307 1558 410 1598 tem
438 1547 582 1597 nasci
614 1561 676 1597 ex
703 1546 866 1614 gratia
885 1585 897 1602 .
921 1552 964 1595 et
993 1542 1135 1614 illam
1176 1560 1386 1614 quteiex
1410 1546 1539 1596 bona
1572 1545 1829 1599 volunta'e

305 1618 534 1688 gratiam
578 1612 992 1688 pendere‘dicit.
1041 1612 1230 1680 Opinio
1279 1613 1513 1688 Cassiani
1565 1615 1828 1688 catholicis

305 1684 524 1754 perinde
551 1699 701 1756 atque
727 1684 1020 1756 Pelagianis
1059 1700 1281 1737 errorem
1307 1685 1516 1756 afﬁngit.
1554 1685 1829 1754 Befellitur

1929 502 2105 546 autem
2137 493 2259 546 illos
2287 493 2472 559 ponis,
2501 493 2590 561 qui
2621 490 2824 556 dicunt,
2851 491 2865 540 i
2906 505 2972 544 ex
3003 489 3371 544 misericordia
3417 490 3511 544 Dei

1928 582 2190 637 bonarum
2225 584 2558 635 voluntatum
2589 581 2806 650 prodire
2834 581 3122 651 principia;
3149 597 3242 637 cos
3285 581 3512 652 intelligi

1929 674 2151 738 Volens,
2189 674 2284 743 qui
2339 674 2583 727 inimicos
2631 674 2818 741 gratia:
2867 673 3226 728 debellarunt.
3281 674 3337 728 Si
3383 689 3512 742 ergo

1929 781 2082 818 error
2108 773 2210 831 est,
2255 763 2404 818 initia
2445 764 2601 818 bonae
2652 765 2943 818 voluntatis
2987 782 3094 819 non
3141 765 3322 834 adjuto
3371 766 3514 818 divi—-

1933 856 2074 909 nitus
2115 856 2318 909 homini
2357 855 2660 919 ascribere,
2687 865 2741 910 et
2779 871 2932 910 error
2978 868 3058 910 est
3089 857 3339 911 coniiteri
3379 873 3511 924 quo-

1931 949 2072 1002 niam
2105 959 2437 1018 praeparatur
2467 948 2711 1001 voluntas
2733 963 2760 1000 a
2793 949 3035 1014 Domino,
3063 947 3084 985 ⁸
3111 965 3216 1019 quo
3245 949 3509 1019 dirigendi

1929 1055 2136 1102 sumus,
2173 1049 2232 1094 ut
2270 1051 2556 1110 utrumque
2584 1041 2858 1095 vitemus?

1999 1133 2054 1185 2.
2089 1133 2148 1188 Si
2178 1145 2463 1204 utrumque.
2499 1134 2696 1201 inquis,
2733 1151 3026 1204 sequamur,
3056 1151 3144 1188 nos
3192 1135 3320 1188 nulli
3349 1138 3512 1197 errori

1935 1222 1953 1262 ι
2006 1227 2394 1295 acquiescimus.
2424 1226 2502 1278 Tu
2535 1241 2631 1280 nos
2659 1226 2843 1280 subdis
2881 1227 3111 1292 duobus,
3157 1237 3210 1282 et
3247 1231 3510 1297 geminas,

1929 1319 2068 1372 sicut
2112 1319 2389 1388 intelligis,
2440 1321 2728 1388 pravitates
2759 1338 2770 1372 :
2801 1321 3094 1375 dividendo
3117 1323 3360 1387 damnas,
3413 1327 3512 1376 mi-

1929 1412 2130 1465 scendo
2175 1411 2460 1480 justiiicas.
2517 1411 2626 1466 Hac
2675 1412 2822 1480 lege,
2855 1420 2895 1447 ω
2927 1411 3026 1466 hac
3075 1415 3257 1482 regula
3307 1417 3512 1482 poteris

1930 1505 2243 1572 praedicare,
2279 1505 2419 1572 quod
2469 1513 2573 1558 tam
2616 1513 2798 1558 errent
2840 1512 2868 1540 ιι
2915 1506 3002 1574 qui
3054 1505 3256 1568 dicunt,
3301 1521 3513 1576 semper

1928 1609 2052 1647 esse
2089 1593 2415 1658 fallendum,
2448 1610 2605 1663 quam
2643 1597 2731 1663 qui
2765 1595 3031 1648 deﬁniunt
3061 1611 3350 1666 numquam
3391 1614 3514 1654 esse

1929 1685 2218 1740 fallendum
2251 1685 2503 1754 (Notatur
2539 1687 2604 1740 l7
2631 1685 2818 1739 Collat.
2867 1685 3118 1753 Cassiani,
3159 1689 3209 1740 in
3238 1706 3340 1758 qua
3369 1691 3514 1744 docet

305 1755 810 1848 fiffﬁ’dﬁwibm
852 1771 1169 1807 "‘"m'omm
1217 1755 1516 1823 Ρ⁰²¹⁸¹Ῑίίά¹η
1563 1766 1608 1809 ⁸⁸
1657 1757 1824 1809 θωπί·
1859 1790 1902 1848 Β
1929 1781 2231 1848 quandoque
2271 1795 2379 1831 esse
2425 1778 2622 1830 licitum
2666 1779 2925 1843 mentiri);
2977 1781 3069 1832 sed
3125 1789 3180 1832 ut
3220 1755 3273 1834 in
3323 1793 3515 1837 neutro

307 1827 522 1878 liorum.

308 1957 484 2032 [Alias
512 1957 647 2012 Cn.
685 1955 804 2027 lX.]
835 1957 885 2010 l.
931 1958 1057 2012 Post
1104 1957 1219 2013 haec
1246 1960 1401 2028 ponis
1431 1960 1655 2027 plurima
1685 1961 1834 2015 testi-

241 2057 447 2117 monia,
476 2053 668 2121 quibus
698 2065 840 2105 nunc
883 2051 1150 2116 validum,
1195 2066 1336 2105 nunc
1385 2052 1655 2105 inliriuum
1695 2051 1831 2106 libe-

241 2162 359 2201 rum
404 2145 694 2199 arbitrium
746 2143 1190 2197 demonstretur:
1230 2145 1384 2213 quasi
1433 2143 1650 2213 quidam
1698 2145 1830 2208 sint,

241 2238 332 2305 qui
374 2235 612 2304 pr0priis
680 2234 882 2287 viribus
945 2235 1247 2303 impleant,
1304 2235 1443 2302 quod
1489 2235 1578 2287 alii
1625 2235 1827 2300 facere,

242 2325 268 2366 δ
308 2329 414 2382 nisi
476 2329 584 2381 Deo
614 2325 906 2395 adjuvante
951 2343 1058 2380 non
1116 2336 1376 2396 possunt;
1427 2328 1592 2399 318
1618 2337 1710 2382 aut
1761 2330 1833 2382 ob

241 2418 384 2473 aliud
436 2418 602 2472 homo
648 2419 876 2486 accipiat
927 2430 1286 2487 praeceptum,
1329 2421 1434 2472 nisi
1485 2431 1540 2472 ut
1592 2419 1830 2474 divinum

242 2520 448 2579 quarat
489 2509 768 2563 auxilium.
810 2508 1104 2563 Coucludis
1151 2524 1313 2578 ergo,
1363 2520 1416 2563 et
1445 2510 1578 2563 dicis
1621 2509 1830 2579 (Collat.

244 2603 347 2669 15,
392 2619 512 2670 cap.
546 2602 636 2672 Η)
667 2619 680 2654 :
723 2602 788 2654 Et
832 2604 904 2655 ita
940 2610 1056 2655 sunt
1085 2601 1194 2655 hcet:
1237 2603 1610 2670 quodammodo
1643 2612 1667 2640 ⁸
1699 2604 1835 2655 indi-

243 2705 405 2750 screte
431 2694 680 2764 permista
707 2702 858 2762 atque
879 2696 1124 2760 confusa,
1150 2703 1206 2745 ut
1227 2694 1348 2762 quid
1376 2709 1438 2746 ex
1467 2710 1565 2762 quo
1593 2695 1831 2763 pendeat,

241 2785 372 2835 inter
398 2784 589 2835 multos
613 2799 800 2852 magna
827 2785 1104 2846 questions
1129 2784 1359 2836 volvatur
1388 2799 1407 2837 :
1433 2784 1486 2836 id
1517 2795 1607 2849 est,
1639 2795 1830 2848 utrum,

242 2877 361 2943 quia
386 2876 594 2927 initium
624 2875 770 2927 bona:
795 2876 1067 2929 voluntatis
1094 2877 1461 2947 prtebuerimus
1482 2917 1496 2942 ,
1530 2880 1834 2932 misereatur

243 2967 403 3016 nostri
448 2963 628 3028 Deus;
670 2981 737 3015 an
767 2966 886 3032 quia
928 2964 1065 3019 Deus
1111 2969 1429 3032 misereatur,
1463 2984 1834 3038 consequamur

244 3058 386 3110 bona:
412 3058 700 3110 voluntatis
727 3059 952 3110 initium.
984 3058 1138 3111 Multi
1175 3061 1310 3112 enim
1337 3062 1542 3132 singula
1581 3063 1687 3116 hinc
1727 3080 1835 3116 cre-

1935 1883 2208 1938 peccetur,
2236 1878 2520 1936 utrumque
2555 1869 2867 1921 sectandum
2901 1885 2914 1921 :
2952 1876 2975 1902 °
3017 1870 3137 1937 quia
3167 1886 3266 1924 nec
3297 1887 3515 1940 semper

1931 1959 2246 2013 declinanda
2294 1959 2515 2021 lalsitas,
2550 1973 2648 2012 nec
2690 1972 2906 2026 semper
2954 1960 3268 2028 negligenda
3316 1963 3384 2015 sit
3423 1979 3515 2017 ve-

1931 2054 2086 2108 ritas.
2122 2053 2282 2107 Fallit
2313 2062 2363 2107 te
2393 2066 2619 2119 prorsus
2641 2052 2821 2120 opinio
2850 2061 2957 2106 tua.
3000 2053 3076 2106 De
3106 2054 3316 2108 duobus
3359 2056 3514 2110 malis

1931 2161 2096 2199 unum
2140 2145 2254 2199 ﬁeri
2287 2145 2482 2198 bonum
2529 2160 2632 2196 non
2680 2155 2854 2212 potest
2890 2161 2902 2195 :
2937 2160 3093 2199 uuam
3124 2147 3373 2199 virtutem
3405 2150 3515 2202 duo

1933 2236 2060 2288 vitia
2115 2250 2219 2289 non
2267 2234 2490 2304 gignunt
2540 2251 2552 2287 :
2611 2250 2774 2288 unum
2824 2249 3010 2287 verum
3061 2235 3166 2289 duo
3220 2237 3346 2289 falsa
3403 2255 3515 2293 non

1933 2325 2153 2381 faciunt.
2190 2337 2215 2376 ρ
2245 2327 2377 2394 Quae
2421 2325 2566 2379 enim
2616 2326 2810 2380 merito
2853 2327 2998 2393 paria
3030 2337 3184 2393 sunt,
3215 2328 3378 2400 319
3407 2347 3514 2386 uon

1934 2419 2248 2471 minuuntur
2275 2418 2541 2484 coeundo,
2572 2416 2668 2473 sed
2693 2426 2966 2470 crescunt.
3000 2415 3116 2470 Non
3143 2418 3322 2486 itaque
3351 2437 3514 2488 opor-

1934 2510 2036 2561 tuit
2063 2523 2177 2572 eos,
2198 2509 2289 2576 qui
2319 2508 2580 2560 bouarum
2613 2507 2946 2559 voluntatum
2977 2506 3124 2559 initia
3154 2523 3220 2560 ex
3249 2509 3338 2562 Dei
3366 2524 3516 2563 asse-

1934 2611 2058 2652 runt
2084 2600 2434 2666 inspiratione
2463 2599 2730 2667 generari,
2759 2613 2819 2651 ea
2851 2601 3116 2652 sententia
3148 2601 3469 2668 reprehendi
3496 2647 3511 2671 ,

1935 2707 2037 2760 qua
2060 2703 2352 2760 arguuntur
2373 2692 2460 2760 qui
2489 2691 2555 2744 ad
2585 2692 2699 2744 haec
2731 2691 2958 2744 liberum
3010 2692 3292 2746 arbitrium
3330 2705 3516 2760 putant

1935 2787 2034 2839 sibi
2061 2785 2175 2838 sine
2203 2801 2304 2854 ope
2327 2786 2514 2853 gratia:
2543 2798 2700 2852 posse
2727 2783 2998 2838 sufﬁcere.
3018 2783 3214 2838 Harum
3239 2787 3380 2839 enim
3413 2788 3512 2841 de-

1937 2878 2235 2931 ﬁnitionum
2291 2892 2395 2930 una
2450 2879 2518 2928 ab
2569 2876 2807 2929 Ecclesia
2861 2885 3164 2944 expugnata
3222 2886 3325 2941 est,
3358 2879 3516 2934 qalia

1936 2969 2150 3023 defensa
2189 2985 2199 3019 :
2236 2983 2333 3021 nec
2361 2967 2437 3021 eis
2469 2968 2576 3020 ullo
2607 2966 2766 3020 modo
2798 2966 2954 3036 hujus
2985 2970 3105 3021 novi
3138 2968 3356 3023 loederis
3384 2985 3516 3023 cou-

1936 3064 2075 3129 gruit
2122 3071 2362 3128 pactum,
2399 3077 2497 3130 qua
2540 3061 2802 3116 catholica
2830 3062 2899 3115 sit
2944 3062 3268 3130 corruptior,
3301 3073 3322 3100 τ
3354 3079 3516 3133 quam

245 3153 439 3214 dentes,
499 3164 563 3200 ac
605 3151 748 3219 justo
795 3150 1016 3219 amplius
1067 3162 1383 3218 asserentes,
1434 3155 1588 3206 variis
1639 3155 1904 3225 sibiquec
1937 3154 2218 3221 Pelagiana
2250 3152 2567 3208 correctior.

245 3243 519 3294 contrariis
569 3251 686 3294 sunt
734 3243 989 3294 erroribus
1033 3243 1270 3297 involuti.
1313 3244 1474 3311 Ecce,
1523 3255 1579 3298 ut
1622 3245 1710 3299 tibi
1755 3248 1828 3300 vi-

247 3337 424 3398 detur,
467 3334 481 3370 ί
515 3349 636 3402 quin
672 3343 826 3386 erant
861 3336 1137 3402 permista,
1170 3335 1406 3390 discreta
1442 3349 1562 3390 sunt
1586 3353 1600 3401 ;
1627 3349 1680 3391 et
1715 3355 1832 3406 qua:

247 3425 502 3493 explicari
546 3440 651 3478 non
684 3432 952 3492 poterant,
985 3426 1250 3481 absoluta.
1287 3436 1310 3473 δ
1345 3427 1486 3480 Duos
1527 3431 1667 3482 enim
1714 3445 1834 3484 esse

247 3515 344 3568 sibi
368 3514 675 3568 contrarios
701 3515 893 3568 deﬁnis
919 3531 1157 3581 errores,
1191 3518 1383 3586 quibus
1415 3521 1504 3588 qui
1529 3520 1667 3574 inter
1699 3522 1836 3574 libe-

249 3623 363 3662 rum
407 3609 696 3661 arbitrium
745 3617 799 3662 et
842 3613 1066 3678 gratiam
1112 3611 1237 3678 quid
1288 3613 1574 3666 tenendum
1630 3614 1700 3667 sit
1744 3630 1838 3668 ne-

250 3701 447 3764 sciunt,
497 3701 864 3768 implicentur.
903 3703 964 3756 Et
1004 3703 1056 3756 in
1106 3700 1261 3758 unoll
1307 3707 1592 3760 constituis
1619 3723 1711 3762 eos
1748 3708 1837 3777 qui

251 3794 460 3860 dicunt,
509 3792 632 3848 ideo
683 3796 854 3848 nostri
902 3796 1143 3850 misereri
1179 3796 1368 3862 Deum,
1397 3799 1517 3866 quia
1567 3814 1634 3853 ex
1681 3800 1838 3854 nobis

251 3889 475 3956 przebita
509 3889 618 3941 sint
654 3888 806 3941 bona!
840 3888 986 3941 initia
1025 3890 1341 3955 voluntatis;
1385 3893 1692 3960 signiﬁcans
1723 3893 1838 3946 sine

250 3981 413 4035 dubio
461 3980 731 4046 Pelagiani
776 3979 1042 4050 dogmatis
1090 3992 1407 4048 seetatores,
1446 3982 1462 4020 ί
1495 3984 1585 4054 qui
1631 3984 1835 4051 dicunt,

320 4149 347 4174 ³·
391 4138 521 4192 llaec
548 4137 730 4211 verba,
763 4145 807 4211 e_t
830 4139 946 4207 jam
976 4138 1354 4194 desiderantur
1377 4141 1430 4194 iri
1454 4141 1644 4211 Lugd.,
1680 4142 1838 4208 Lov.,

255 4209 422 4283 Duae.
459 4218 515 4262 et
551 4209 742 4283 Colon.
777 4209 1048 4283 Leguntur
1089 4212 1138 4262 iu
1173 4209 1758 4283 mss.Corb.,'Remig.
1787 4225 1842 4269 et

255 4282 387 4344 Jol.,
419 4294 524 4332 nec
561 4296 660 4331 nou
687 4279 738 4331 in
769 4281 896 4332 edit.
927 4282 1163 4349 Moguut.
1193 4291 1248 4335 et
1282 4282 1412 4336 Ven.

327 4351 352 4389 δ
397 4350 474 4404 Ita
507 4350 856 4402 enienilatnus
886 4366 950 4403 ex
983 4367 1082 4403 ius.
1113 4352 1356 4406 Joliensi.
1393 4353 1602 4422 Reliqui
1630 4369 1840 4418 omnes,

258 4438 435 4476 eorum
479 4437 608 4490 quas
654 4428 794 4490 optat
839 4423 1085 4491 operandi
1118 4438 1138 4477 :
1166 4425 1343 4479 minus
1381 4440 1648 4494 congrue,
1681 4435 1738 4480 ut
1763 4427 1845 4479 vi-

258 4495 434 4547 detur.

2005 3247 2170 3319 [Alias
2192 3246 2317 3300 CAP.
2351 3243 2446 3315 X.]
2487 3248 2541 3300 '5.
2576 3244 2754 3311 Multi,
2802 3245 3000 3315 inquis,
3028 3247 3233 3318 singula
3256 3247 3364 3301 Iuec
3407 3266 3518 3303 cre-

1935 3338 2106 3391 dentes
2144 3355 2205 3390 ac
2245 3341 2388 3408 justo
2434 3338 2656 3406 amplius
2701 3345 3002 3403 asserentes,
3052 3344 3073 3372 ⁸
3125 3339 3280 3391 variis
3325 3339 3521 3409 sibique

1936 3430 2206 3484 contrariis
2247 3439 2365 3482 sunt
2410 3428 2662 3481 erroribus
2706 3428 2935 3481 involuti.
2971 3426 3154 3482 Placet
3198 3429 3358 3498 igitur
3399 3432 3517 3497 tibi,

1937 3539 2060 3579 cum
2093 3524 2356 3578 haereticis
2387 3523 2702 3586 catholicos,
2733 3537 2854 3576 cum
2878 3523 3031 3578 victis
3058 3523 3317 3580 damnare
3351 3529 3518 3582 victo-

1939 3631 2033 3670 res
2067 3633 2079 3666 :
2113 3623 2166 3670 et
2199 3630 2292 3670 eos
2321 3615 2521 3669 erroris
2569 3623 2695 3668 nota
2744 3613 3001 3680 adurere,
3034 3616 3126 3682 qui
3169 3630 3407 3671 errorem
3449 3620 3520 3673 ab

1945 3706 2180 3760 Ecclesia
2211 3705 2550 3773 depulerunt.
2617 3703 2920 3758 Secundum
2971 3706 3166 3774 quippe
3199 3717 3342 3761 tuam
3390 3723 3520 3763 ceu-

1942 3815 2146 3864 suram,
2176 3814 2278 3866 qua
2307 3809 2608 3852 sanctarum
2639 3807 2692 3851 et
2723 3796 2955 3850 (idet-ium
2987 3799 3322 3853 voluntatum
3357 3804 3374 3838 ί
3410 3816 3517 3856 non

1943 3894 1996 3945 in
2043 3889 2288 3944 omnibus
2331 3889 2632 3942 hominibus
2662 3902 2726 3941 ex
2769 3888 2879 3941 Deo
2910 3888 2989 3942 vis
3027 3903 3146 3942 esse
3195 3889 3520 3960 principium

1944 3985 2119 4056 (quasi
2164 3983 2386 4037 multum
2415 3983 2597 4053 gratim
2630 3981 2854 4046 tribuas,
2888 3982 2932 4035 si
2979 3981 3080 4036 hoc
3124 3998 3243 4036 eam
3293 3985 3345 4038 in
3390 4001 3529 4054 quo~

1945 4142 2129 4195 merita
2156 4151 2329 4212 nostra
2361 4155 2379 4192 :
2409 4140 2625 4212 omissis
2658 4139 2866 4194 ueteris
2897 4141 3148 4196 omnibus
3192 4158 3309 4212 qua:
3353 4142 3526 4200 iuter-

1942 4214 2126 4283 iacent
2159 4212 2208 4262 in
2239 4210 2357 4283 aliis
2386 4210 2684 4283 ciidieibus.

2025 4285 2038 4332 1
2094 4282 2231 4334 Edit.
2262 4280 2427 4348 Lugd.
2463 4281 2597 4342 sola,
2630 4297 2692 4333 ea:
2720 4281 3071 4334 misericordia
3099 4300 3130 4333 a
3159 4281 3290 4336 Deo.

2021 4351 2047 4388 ι
2090 4352 2192 4406 Ms.
2219 4351 2501 4416 Jolieusis,
2543 4367 2641 4418 quo
2685 4353 2942 4420 dirigendi
2986 4356 3195 4407 sumus?
3242 4353 3530 4424 Utrumque

1950 4426 2181 4477 vitemus.

2028 4493 2044 4529 ι
2092 4492 2235 4544 Etlit.
2267 4491 2417 4549 Lov..
2454 4491 2610 4544 Duac.
2643 4503 2692 4545 et
2723 4490 2936 4556 Culou.,
2969 4493 3360 4559 acquiesremns.

331 4575 353 4601 ε
398 4563 493 4616 Sic
527 4559 849 4636 legimus
883 4575 1009 4614 mss.
1042 4563 1228 4636 Corb.,
1264 4564 1473 4636 lliemig.
1515 4573 1568 4618 et
1596 4564 1843 4629 Joliensi,
1876 4557 1924 4615 D
1949 4633 1989 4636 __
2019 4572 2059 4598 ιιι
2097 4562 2341 4636 Siculuss.
2373 4561 2562 4636 Corb.,
2600 4562 2804 4631 liemig.
2830 4574 2883 4616 et
2907 4562 3016 4616 Jul.
3042 4557 3111 4615 ac
3139 4563 3269 4616 editi
3304 4565 3442 4636 Mog.
3473 4575 3529 4622 et

262 4650 358 4688 nec
386 4649 495 4686 non
527 4632 578 4682 in
611 4633 740 4684 edit.
777 4632 1012 4699 Mogunt.
1043 4641 1097 4686 et
1126 4634 1258 4686 Ven.
1300 4632 1639 4688 Posteriores
1664 4647 1840 4689 autem

262 4706 533 4757 editiones
557 4710 696 4768 post,
721 4705 1122 4772 quamsumpsit,
1142 4705 1402 4770 ferebant,
1431 4717 1687 4759 mereatur
1708 4708 1846 4760 inve-

263 4781 367 4826 nire
405 4773 492 4836 qui
526 4774 700 4840 faciat.

329 4843 355 4881 ἀ
401 4845 495 4899 Sic
523 4856 660 4914 mss.
706 4841 891 4909 Corb.,
929 4842 1143 4914 Remig.
1175 4853 1228 4899 et
1253 4846 1357 4900 Jol.
1387 4861 1507 4900 cum
1542 4847 1668 4900 edit.
1702 4845 1843 4914 Mog.

268 4925 315 4968 et
344 4915 485 4969 \‘eu.
514 4912 792 4968 Editiones
819 4914 1008 4982 Lugd.,
1041 4912 1195 4983 Lov.,
1223 4917 1384 4970 Duac.
1419 4927 1471 4970 et
1491 4917 1708 4982 Colon.,
1738 4912 1845 4970 Deo

269 5003 364 5038 non
396 4987 679 5055 adjuvante
709 5000 809 5055 non
838 4996 1069 5054 possunt.

337 5067 360 5092 ο
405 5054 693 5108 Editiones
715 5054 852 5123 Mog.
880 5067 934 5108 et
963 5055 1122 5123 νειμ,
1152 5057 1447 5116 indiscreta.
1475 5059 1734 5127 permista,
1767 5067 1844 5110 at—

269 5143 360 5194 que
400 5128 654 5195 confusa;
685 5133 738 5178 et
782 5136 905 5194 post
950 5127 1151 5195 aliquot
1192 5131 1361 5182 lineas
1407 5131 1568 5182 iidem
1607 5129 1842 5192 codices,

274 5195 432 5268 Multi
457 5198 591 5268 enim
615 5197 722 5268 haec
748 5196 1004 5268 credentes
1029 5200 1249 5268 singula.

344 5266 362 5304 ί
402 5266 530 5319 Sola
561 5265 730 5333 Lugd.
763 5267 947 5331 editio,
978 5284 1090 5334 qua:
1112 5265 1332 5334 confusa
1354 5279 1518 5323 erant.

339 5347 364 5384 Β
408 5337 506 5389 Ms.
539 5335 645 5389 Jol.
676 5346 731 5390 et
765 5338 896 5389 edit.
934 5337 1128 5406 Lugd.,
1161 5337 1301 5392 Duos
1333 5342 1465 5392 enim
1501 5340 1596 5393 sibi
1639 5348 1847 5393 contra-

269 5409 369 5480 rios
418 5407 604 5472 de/inis
647 5422 876 5480 errores;
923 5418 1030 5460 tum
1080 5409 1194 5462 sola
1230 5409 1398 5479 Lugd.
1443 5412 1636 5477 editio,
1669 5411 1847 5480 quibus

271 5479 400 5530 inter
430 5480 641 5549 liberum
679 5478 948 5529 arbitrium
979 5489 1025 5530 et
1061 5482 1280 5549 gratiam
1314 5478 1625 5536 Contentiose
1666 5478 1845 5549 dispu-

274 5557 457 5608 tantes,
487 5547 611 5616 quid
641 5549 907 5600 tenendum
933 5550 1016 5613 sit,
1051 5547 1399 5615 implicentur.

349 5616 375 5654 ⁵
417 5618 516 5671 Ms.
556 5617 842 5691 Julieusisr,
872 5620 1178 5691 constituisti
1221 5638 1304 5674 eos
1325 5663 1340 5688 ,
1373 5633 1476 5678 etc.
1503 5623 1600 5677 Ms.
1632 5623 1842 5691 Remig.

283 5697 400 5755 post
433 5703 618 5756 pauca,
651 5690 826 5756 procul
853 5690 1023 5742 dubio.

356 5757 372 5792 ¹
416 5757 588 5814 Lditio
618 5759 817 5825 Lugd.,
846 5763 931 5826 qui
966 5761 1136 5814 dicunt
1167 5764 1384 5828 gratiam
1412 5766 1526 5819 dari
1567 5765 1843 5818 secundum

1949 4633 2083 4688 Ven.
2119 4633 2247 4690 Alii.
2276 4648 2336 4684 ac
2366 4633 2564 4698 regula.

2022 4712 2048 4738 τι
2089 4703 2184 4755 Ms.
2217 4702 2509 4774 Juliensis,
2540 4704 2626 4770 qui
2654 4703 2827 4755 dicunt
2873 4719 3147 4772 numquam
3190 4721 3295 4757 esse
3332 4706 3527 4774 [allen-

1948 4777 2091 4839 dum,
2119 4791 2270 4842 quam
2299 4777 2384 4837 qui
2412 4773 2660 4840 deﬁniunt
2688 4790 2883 4841 semper
2907 4791 3013 4826 esse
3040 4773 3345 4842 fallendum.

2020 4855 2063 4896 ο.
2089 4845 2261 4897 Editio
2285 4843 2456 4910 Lugd.
2493 4844 2626 4906 sola,
2654 4846 2772 4910 quia
2795 4861 2886 4895 nec
2907 4861 3103 4912 semper
3130 4847 3439 4898 declinanda
3461 4849 3528 4902 sit

1946 4917 2186 4968 severitas
2206 4955 2219 4967 .
2247 4913 2457 4967 cmteris
2482 4915 2716 4966 omissis.

2021 4997 2046 5035 Ρ
2089 4985 2269 5038 Editio
2299 4983 2495 5053 Lugd.,
2529 4984 2654 5048 ραω
2682 4983 2813 5036 enim
2845 4985 2991 5052 paria
3030 4994 3181 5048 sunt,
3212 4986 3394 5038 merito
3425 5003 3527 5041 non

1951 5058 2270 5126 minuuntur,
2300 5065 2403 5108 etc.
2438 5053 2570 5107 Alia:
2618 5057 2916 5121 editioue~,
2969 5059 3118 5126 paria
3159 5065 3276 5109 sunt
3324 5058 3523 5112 nterito.

1951 5128 2090 5195 Mog.
2121 5138 2176 5179 et
2200 5125 2354 5188 Veu.,
2385 5129 2565 5177 merito
2597 5128 2740 5193 paria
2766 5135 2906 5180 sunt.

2023 5209 2049 5246 (ἶ
2090 5197 2188 5250 Ms.
2219 5197 2346 5260 Jul.,
2375 5200 2535 5249 altera
2569 5198 2795 5265 defensa.

2026 5279 2046 5304 τ
2091 5267 2186 5320 Ms.
2218 5266 2468 5320 .Iulieusis
2493 5270 2691 5321 omittit
2731 5266 3074 5332 particulam,
3107 5282 3282 5334 quam.

2025 5346 2046 5373 '
2092 5338 2267 5392 Editio
2309 5337 2578 5407 Lugduu.,
2625 5339 2781 5392 variis
2827 5337 2924 5390 sibi
2968 5338 3268 5403 contrariis,
3320 5338 3526 5394 omisso

1985 5426 2064 5463 ne.

1948 5428 2160 5534 quﬁolta
2194 5494 2324 5534 mss.
2371 5479 2554 5543 Curb.,
2589 5478 2796 5546 Remig.
2837 5487 2884 5530 ct
2933 5475 3040 5530 λοι.
3072 5491 3193 5530 cum
3237 5477 3366 5532 edit.
3413 5478 3526 5533 Mo-

1948 5563 2101 5619 guut.
2138 5565 2190 5605 et
2224 5552 2378 5611 γεω..
2414 5549 2568 5612 Luv.,
2604 5549 2762 5600 Duae.
2798 5558 2850 5600 et
2882 5547 3100 5619 Colon..
3131 5549 3319 5602 asseris
3347 5553 3524 5603 nonin

1948 5618 2178 5675 omnibus
2221 5620 2509 5690 hominibus
2537 5635 2598 5669 ex
2637 5619 2738 5669 Ι)εο
2770 5634 2876 5690 esse
2913 5618 3239 5689 principium.
3277 5619 3538 5690 Lugduu.‘

1948 5709 2097 5757 vero,
2126 5709 2186 5746 ex
2215 5690 2324 5744 Deo
2354 5689 2588 5742 habuisse
2615 5689 2946 5759 principium.
