4026 6176
264 261 394 315 2³29

1362 263 1564 319 LIBER
1602 261 1879 319 CONTRA
1920 263 2403 321 COLLATOREM.

3445 273 3554 331 230

345 371 853 453 liberum‘arbitrium
874 372 1074 441 auferri
1096 390 1184 441 per
1212 378 1431 453 gratiam
1460 392 1478 430 :
1503 391 1621 430 cum
1643 394 1731 447 per
1755 394 1865 432 eam
1894 385 1945 439 Α
2042 379 2272 453 colorare
2310 381 2515 453 nititur_
2538 380 2674 453 quod
2712 379 2947 453 intendit,
2979 379 3076 434 hoc
3123 398 3270 453 posse
3306 388 3554 452 quosdam

340 443 521 514 potius
548 443 821 511 formetur,
854 453 1062 513 regatur
1089 457 1134 499 et
1163 443 1446 500 ordinetur.

340 553 516 625 [Alias
544 552 809 627 Cse.Xl.J
847 557 894 609 l.
914 553 1049 611 Cum
1074 559 1215 612 enim
1244 558 1311 613 de
1340 569 1644 614 sanctarum
1658 560 1865 629 origine

251 646 632 712 voluntatum,
661 655 717 702 et
765 647 890 702 ﬁdei
935 649 1324 720 charitatisque
1377 654 1676 722 principiis,
1722 654 1864 707 inter

252 749 492 793 nostros
517 749 569 793 et
598 738 915 808 Pelagianos
945 743 1173 810 quatstio
1204 751 1535 808 versaretur,
1566 757 1671 796 non
1706 744 1860 796 anci-

250 831 359 895 piti
416 830 663 894 victoria,
696 845 797 885 nec
823 831 987 885 dubio
1015 841 1040 868 α
1069 833 1390 902 diremptum
1424 842 1508 888 est
1549 834 1655 888 line
1682 845 1860 889 certa-

248 936 423 984 men;
455 928 515 975 ut
552 921 731 975 adhuc
755 923 909 976 nobis
937 923 1005 977 de
1036 925 1367 993 iniquissima
1398 924 1423 962 δ
1456 925 1614 995 hujus
1641 925 1859 981 lmderis

249 1014 331 1065 tui
386 1028 519 1079 pace
547 1016 883 1068 tractandum
912 1016 1001 1071 sit.
1030 1016 1301 1071 Prostrata
1329 1028 1411 1072 est
1442 1018 1661 1072 inimica
1690 1019 1858 1081 acies,

245 1104 465 1157 bellum
500 1116 520 1141 ε
550 1104 851 1159 conlectum
900 1116 1001 1171 est,
1048 1107 1281 1162 victores
1330 1123 1515 1163 sumus
1564 1125 1657 1179 per
1706 1110 1855 1164 illum

246 1198 345 1265 qui
397 1195 529 1250 fecit
568 1198 861 1265 petentiam
912 1198 965 1251 in
1013 1199 1232 1253 brachio
1283 1216 1400 1265 suo,
1432 1202 1521 1270 qni
1576 1201 1856 1270 dissipavit

245 1288 527 1357 superbos
559 1297 739 1343 mente
779 1288 958 1342 cordis
996 1289 1232 1357 ipsorum
1257 1331 1271 1356 ,
1322 1290 1571 1360 deposuit
1609 1300 1855 1361 potentes

246 1380 318 1435 de
372 1380 532 1449 sede,
562 1389 619 1435 et
665 1381 923 1435 exultavit
979 1382 1224 1448 humiles,
1268 1384 1567 1438 esurientes
1615 1383 1854 1451 implevit

245 1473 433 1531 bonis.
465 1484 520 1527 et
561 1473 756 1526 divites
796 1473 1000 1528 dimisit
1044 1476 1231 1529 inanes
1266 1475 1419 1542 (Luc.
1443 1492 1478 1539 ι,
1506 1476 1579 1530 52
1621 1488 1666 1530 et
1696 1478 1803 1545 55)
1834 1495 1847 1529 :

247 1581 351 1634 per
383 1566 563 1630 illum,
593 1567 683 1635 qui
728 1565 933 1621 iaciens
983 1568 1405 1623 misericordiam
1454 1584 1574 1623 eum
1608 1569 1851 1637 patribus

245 1666 483 1725 nostris,
515 1675 725 1715 memor
754 1661 849 1715 fuit
879 1662 1181 1715 testamenti
1221 1662 1390 1716 sancti
1426 1662 1532 1726 sui,
1565 1658 1592 1697 ἀ
1615 1661 1849 1731 εῑίυτίεο

245 1752 473 1821 iurandi
505 1751 646 1821 quod
669 1753 869 1819 juravit
900 1752 965 1806 ad
996 1753 1269 1807 Abraham
1320 1762 1526 1822 patrem
1576 1763 1839 1819 nostrum,
1881 1753 1926 1812 Β

246 1844 510 1896 daturum
548 1857 610 1896 se
640 1843 816 1904 nobis.
849 1854 906 1896 ut
930 1845 1048 1897 sine
1080 1848 1272 1898 timore
1300 1846 1368 1897 de
1400 1859 1558 1898 manu
1590 1844 1845 1899 inimico-

245 1953 369 1991 rum
404 1947 726 1993 nostrorum
754 1937 987 1999 liberati,
1020 1939 1321 1992 serviamus
1348 1939 1445 2007 ipsi
1480 1939 1532 1991 in
1564 1939 1849 1993 sanctitate

246 2038 303 2081 et
326 2028 538 2094 iustitia
582 2028 634 2081 in
663 2038 951 2096 conspectu
996 2028 1113 2095 ejus
1153 2027 1617 2083 omnibus‘diebns
1646 2029 1848 2081 nostris

245 2120 452 2191 (lbid.,
486 2121 611 2190 7i):
643 2136 736 2189 per
766 2120 936 2186 illum,
964 2121 1050 2190 qui
1079 2119 1227 2174 dedit
1258 2119 1411 2174 nobis
1440 2120 1721 2173 victoriam
1756 2134 1852 2185 per

247 2214 436 2266 .lesum
467 2209 746 2266 Chrismm
780 2211 1061 2265 Dominum
1093 2219 1331 2276 nostrum
1366 2210 1383 2281 (
1415 2210 1431 2264 Ι
1462 2210 1580 2265 Cor.
1603 2226 1695 2273 xv,
1729 2208 1847 2279 57):

248 2318 349 2372 per
382 2303 566 2367 illum,
599 2317 629 2355 a
652 2318 756 2371 quo
786 2317 891 2356 non
940 2303 1183 2372 spiritum
1228 2302 1386 2370 hujus
1416 2301 1599 2355 mundi
1641 2302 1851 2371 accepi-

250 2411 396 2459 mus,
432 2395 532 2449 sed
560 2394 821 2464 Spiritum
849 2396 937 2463 qni
971 2410 1037 2448 ex
1074 2396 1183 2447 Deo
1223 2401 1328 2457 est,
1360 2402 1416 2445 ut
1446 2394 1680 2446 sciamus
1723 2406 1845 2460 quas

248 2504 276 2541 a
302 2488 418 2542 Deo
449 2488 651 2541 donata
693 2495 817 2539 sunt
847 2487 998 2539 nobis
1034 2485 1075 2552 (l
1100 2485 1218 2539 Cor.
1246 2500 1303 2549 ιι,
1340 2486 1449 2553 η).
1481 2485 1619 2551 Quid
1650 2484 1718 2538 de
1749 2485 1848 2538 eli-

248 2594 435 2632 sarum
500 2576 1025 2646 argumentationum
1078 2576 1394 2629 ratiunculis
1448 2575 1609 2629 fracta
1664 2574 1846 2629 studes

248 2686 400 2724 arma
433 2669 731 2739 colligere?
759 2668 895 2735 Quid
926 2670 1135 2723 cineres
1166 2670 1416 2723 exstincti
1446 2669 1709 2738 dogmatis
1754 2684 1842 2722 re-

247 2762 510 2824 fovendo,
537 2761 834 2815 delicientis
858 2760 985 2814 fumi
1011 2761 1251 2815 nidorem
1280 2762 1330 2814 in
1362 2761 1653 2814 redivivam
1686 2760 1808 2814 llam
1828 2790 1841 2800 ο

248 2870 393 2909 mam
426 2855 647 2909 conaris
678 2852 1013 2907 accendere?
1043 2854 1061 2924 [
1090 2853 1237 2907 Alias
1266 2853 1397 2907 CAP.
1438 2852 1573 2922 Xll.]
1616 2852 1732 2906 Non
1765 2860 1847 2906 est

247 2946 560 3015 periculum
595 2953 619 2981 θ
647 2944 799 2998 liberi
832 2944 1036 2997 arbitrii
1068 2959 1137 2997 ex
1166 2944 1338 3013 gratia
1372 2943 1486 3009 Dei,
1518 2958 1617 2997 nec
1651 2943 1842 2996 volun-

248 3046 331 3091 tas
359 3036 636 3100 aufertur,
659 3050 779 3089 cum
814 3036 864 3088 in
894 3033 1007 3105 ipsa
1040 3034 1174 3088 bene
1206 3033 1347 3088 velle
1376 3042 1687 3103 generatur.
1710 3033 1843 3087 Nam

248 3132 289 3185 si
321 3130 451 3184 ideo
483 3144 595 3182 non
616 3127 850 3197 putanda
878 3135 961 3181 est
991 3138 1195 3189 nostra,
1228 3127 1352 3196 quia
1384 3126 1675 3188 formatur,
1704 3126 1847 3194 regi-
1876 3128 1919 3188 C

249 3230 358 3281 tur,
394 3220 708 3279 ordinatur,
725 3219 1017 3272 imbuitur:
1043 3218 1344 3286 Spoliautur
1367 3217 1613 3272 libertate
1638 3216 1733 3269 ﬁlii
1754 3216 1850 3271 Dei

254 3313 379 3381 (ιιιιὶ
401 3323 637 3381 aguntur
660 3311 865 3380 Spiritu
888 3311 981 3365 Dei
1001 3311 1299 3381 (Rom.vnt,
1325 3308 1439 3379 i4);
1457 3308 1854 3377 perduntvigo-

251 3418 367 3456 rem
404 3403 693 3456 rationalis
713 3402 900 3469 animi,
934 3409 987 3455 et
1016 3401 1163 3454 omni
1196 3400 1514 3454 voluntaria:
1552 3398 1855 3453 devotionis

254 3495 417 3567 322
435 3494 597 3549 laude
616 3495 915 3564 privantur,
934 3492 1125 3561 quibus
1147 3492 1305 3546 datur
1323 3492 1553 3561 Spiritus
1576 3490 1855 3560 sapientia:
1911 3510 1924 3527 -

253 3599 303 3642 et
320 3589 656 3655 intellectus,
681 3586 891 3641 consilii
910 3597 961 3641 et
986 3586 1330 3651 fortitudinis,
1349 3584 1589 3641 scientia:
1602 3599 1663 3639 ac
1683 3586 1854 3653 pieta-

256 3686 345 3741 tis.
378 3691 436 3736 et
468 3681 681 3735 timoris
715 3679 925 3733 Domini
944 3677 1100 3750 (Isai.
1125 3678 1539 3747 st,2).Prorsus
1558 3678 1647 3747 qui
1670 3677 1753 3731 his
1774 3693 1857 3732 re-

255 3773 678 3828 iormationibus
702 3787 761 3826 se
778 3788 880 3826 non
904 3770 1444 3841 putantindigere,de
1466 3768 1664 3824 veteris
1683 3769 1856 3824 morbi

254 3866 652 3920 consuetudine
690 3865 740 3919 in
784 3864 1092 3933 phrenesim
1123 3872 1147 3908 κ
1185 3863 1558 3917 transierunt:
1594 3870 1855 3929 respuunt

255 3957 586 4021 remedium,
620 3956 876 4019 clamant,
918 3954 1215 4017 insaniunt,
1254 3954 1618 4015 reluctantur;
1662 3953 1756 4006 sed
1804 3951 1849 4006 si

256 4047 640 4117 promissionis
672 4055 801 4099 sunt
824 4044 941 4112 lilii,
970 4046 1269 4112 quiescent,
1302 4054 1357 4099 et
1385 4046 1741 4099 sanabuntur.

876 4159 1103 4214 CAPUT
1146 4159 1257 4213 VII.

256 4252 541 4307 Cassianus
570 4252 848 4321 contrarias
883 4253 1207 4320 deﬁnitiones
1234 4252 1581 4324 confundens,
1609 4252 1851 4322 exemplis

334 4459 365 4520 fl
390 4450 523 4520 Mss.
552 4447 761 4520 Remig.
788 4456 840 4501 et
869 4446 1144 4520 Joliensis,
1177 4447 1451 4520 direptum.

330 4519 367 4558 ι)
396 4518 577 4573 Editio
613 4517 785 4586 Lugd.
818 4519 953 4583 sola,
986 4517 1142 4586 huius
1163 4517 1319 4588 febris
1350 4529 1471 4572 ture.

341 4601 366 4628 ε
398 4589 676 4643 Editiones
724 4588 994 4657 Lugdun.,
1028 4587 1257 4651 Lovan.,
1309 4589 1471 4642 Duae.
1531 4599 1585 4643 et
1638 4587 1857 4659 Colon.,

260 4662 595 4727 confractum
617 4666 711 4710 est.

338 4730 502 4854 ddi;
536 4727 741 4798 ltemig.
774 4743 896 4783 cum
915 4730 1046 4783 edit.
1083 4729 1319 4826 hlogunt.
1346 4739 1401 4783 et
1433 4729 1592 4793 Ven.,
1622 4740 1669 4783 et
1682 4731 1863 4801 jusju-

338 4821 359 4854 ι
501 4839 515 4853 .

263 4816 515 4857 randum.

343 4886 366 4910 ο
396 4870 540 4925 Edit.
574 4871 742 4927 Duae.
776 4881 828 4925 et
854 4870 1044 4925 Colon.
1090 4869 1141 4923 in
1191 4870 1435 4938 margine
1474 4872 1732 4923 notabant
1763 4885 1863 4938 pro

267 4944 510 4997 lectione
550 4943 788 5007 diversa,
835 4959 898 4994 ea:
942 4940 1101 4994 libero
1151 4941 1379 4993 arbitrio.
1413 4940 1541 4993 Mss.
1569 4942 1778 5007 ltemig.
1804 4949 1860 4994 et

266 5012 529 5068 Joliensis
579 5027 701 5067 cum
748 5012 877 5067 edit.
920 5012 1090 5081 Lugd.
1140 5012 1345 5080 legunt,
1375 5012 1541 5081 gratia
1584 5010 1703 5077 Dei,
1731 5013 1857 5066 abs-

306 5100 373 5138 ue
400 5100 487 5136 ex.

266 5102 373 5151 que
400 5102 487 5136 ex.

345 5156 365 5191 ί
404 5152 553 5223 Edit.
578 5152 852 5223 Lugdun.,
876 5154 999 5223 quia
1025 5152 1116 5222 qui
1141 5159 1384 5223 aguntur.

343 5234 370 5271 s
402 5222 549 5275 Edit.
574 5220 769 5289 Lugd.,
798 5220 1083 5276 transeunt.
1105 5262 1119 5275 .
1140 5220 1187 5274 ,ζ
1214 5260 1227 5275 .
1253 5222 1342 5293 sed
1370 5221 1415 5273 si
1442 5220 1856 5293 repromissionis

267 5303 391 5350 sunt
441 5294 563 5359 ﬁlii,
590 5295 873 5361 quiescunt,
916 5304 961 5345 et
1007 5301 1280 5345 sanantur.
1315 5290 1546 5356 L0van.,
1593 5294 1758 5345 Duae.
1802 5302 1857 5344 et

270 5364 507 5427 Colum,
556 5373 854 5427 transeunt,
911 5364 1000 5415 sed
1049 5365 1094 5416 si
1137 5363 1544 5431 repromissionis
1587 5372 1704 5417 sunt
1739 5362 1861 5431 ﬁlii,

271 5437 537 5506 quiescent
568 5442 615 5486 et
644 5433 983 5487 sanabuntur.

348 5504 379 5544 ιι
420 5504 549 5558 Haec
574 5507 764 5568 verba,
795 5514 841 5557 et
886 5518 1110 5557 errorem
1153 5518 1325 5556 errore
1360 5512 1581 5568 curaret,
1631 5516 1737 5555 non
1786 5501 1865 5556 le-

276 5584 482 5699 guqtur
513 5574 566 5629 in
606 5588 738 5629 mss.
770 5573 979 5644 Retnig.
1012 5584 1063 5629 et
1091 5573 1195 5629 Jol.
1225 5587 1329 5628 nec
1363 5574 1416 5629 in
1455 5574 1586 5629 edit.
1623 5572 1863 5643 Mogunt.

279 5656 337 5699 οι
404 5661 493 5699 Cll.

279 5656 337 5701 οι
361 5656 493 5699 νειι.

364 5718 383 5753 ⁸
419 5715 563 5771 Edit.
597 5713 837 5786 Mogunt.
862 5722 918 5773 et
946 5712 1084 5771 Ven.
1114 5714 1266 5770 alter.

1882 4449 1936 4509 D

2040 449 2394 523 per_liberu_m
2436 450 2729 523 arbitrium,
2774 452 2883 503 sine
2934 449 3195 521 adjutorio
3244 449 3361 520 Dei,
3415 458 3552 523 quod

2037 518 2269 592 quidam,
2298 520 2395 592 nisi
2428 518 2534 573 Deo
2573 531 2876 587 cooperante
2901 518 3243 592 nonpossint.
3280 518 3555 591 Refellttur

2035 603 2099 659 ᾳ
2130 590 2427 656 scripturis,
2462 598 2508 641 et
2537 592 2803 659 probatur,
2833 590 3142 644 utMatthwi
3178 604 3226 646 et
3264 590 3445 659 Pauli,
3476 599 3550 649 sic

2034 656 2294 721 Zarchrei,
2338 668 2387 711 et
2438 656 2656 713 latronis
2700 662 2754 713 in
2801 677 2956 715 cruce
3020 665 3396 718 conversionem
3434 656 3555 720 esse

2035 728 2229 795 pariter
2254 745 2315 781 ea:
2338 734 2525 798 gratia.

2033 881 2196 955 [Alias
2223 882 2350 938 Car.
2386 883 2547 956 Xlll.]
2568 884 2618 939 ι.
2642 884 2747 940 Sed
2773 885 2883 955 jam
2907 886 3184 943 videamus
3204 890 3329 960 quid
3349 890 3551 949 inferat

1958 977 2224 1031 sobrietas
2269 979 2592 1046 disputantis
2623 996 2638 1044 ;
2676 982 2764 1051 Qui
2796 990 2854 1035 ut
2884 983 3074 1037 vitium
3123 987 3250 1039 vitio
3301 989 3548 1057 pelleret,

1958 1066 1985 1103 δ
2003 1078 2057 1123 et
2078 1086 2316 1123 errorem
2346 1086 2532 1127 errore
2553 1082 2790 1139 curaret,
2821 1076 3120 1131 contrarias
3143 1078 3243 1131 sibi
3272 1078 3544 1133 deﬁnitio-

1958 1174 2053 1211 nes
2098 1176 2234 1213 nova
2276 1169 2395 1215 arte
2444 1162 2720 1229 confudit;
2776 1175 2938 1234 utque
2990 1168 3089 1221 hoc
3139 1170 3550 1238 compositionis

1966 1264 2078 1303 sua:
2110 1254 2354 1319 poculum
2385 1254 2589 1308 securis
2626 1256 2961 1311 auditoribus
3007 1260 3336 1328 propinaret,
3368 1278 3552 1317 exem-

1956 1344 2058 1412 plis
2094 1344 2262 1398 vnluit
2306 1346 2553 1401 colorare
2576 1348 2722 1416 quod
2772 1350 3003 1403 miscuit.
3032 1351 3122 1404 Ait
3166 1352 3307 1405 enim
3334 1352 3547 1423 (Collat.

1954 1437 2042 1500 15,
2076 1452 2191 1501 cap.
2227 1438 2315 1505 il)
2350 1454 2365 1490 :
2401 1438 2462 1492 Si
2488 1439 2625 1491 enim
2652 1441 2954 1502 dixerimus,
2983 1451 3214 1494 nostrum
3244 1460 3350 1496 esse
3390 1447 3534 1498 (tanta

1955 1531 2261 1597 principium
2290 1532 2604 1596 uoluntatis,
2635 1533 2757 1600 quid
2780 1533 2882 1601 fuit
2909 1534 2959 1584 in
2990 1545 3309 1600 persecutore
3342 1534 3551 1589 Paulo?

1951 1620 2076 1689 quid
2112 1622 2164 1672 in
2191 1621 2465 1689 publicano
2509 1621 3037 1691 Matthaao?quorum
3092 1641 3223 1676 unus
3278 1626 3452 1678 cruori
3490 1642 3551 1679 ac

1954 1711 2225 1779 suppliciis
2271 1712 2687 1779 innocentium,‘
2734 1712 2869 1765 alius
2921 1712 3179 1766 violentiis
3237 1731 3296 1765 ac
3346 1716 3547 1782 rapinis

1952 1801 2167 1871 publicis
2197 1802 2466 1865 incubans.
2494 1803 2778 1855 attrahitur
2801 1804 2869 1855 ad
2898 1802 3135 1857 salutem.
3164 1805 3259 1859 Sin
3288 1822 3402 1859 vero
3427 1824 3549 1876 gru-

1953 1896 2024 1943 tla
2051 1890 2145 1944 Dei
2186 1908 2382 1962 semper
2431 1893 2676 1961 inspirari
2706 1893 2849 1946 bona:
2876 1896 3147 1948 voluntatis
3177 1897 3431 1967 principia
3462 1899 3547 1951 di-

1950 1984 2211 2037 xerimus:
2239 1982 2362 2049 quid
2384 1983 2447 2035 de
2478 1981 2711 2037 Zacchcei
2739 1983 2878 2051 ﬁde?
2904 1984 3030 2054 quid
3058 1985 3120 2037 de
3143 1984 3288 2038 illius
3316 1988 3369 2039 in
3399 2003 3546 2041 cruce

1953 2075 2167 2127 latronis
2227 2076 2413 2145 pietate
2474 2074 2487 2125 i
2540 2077 2795 2141 dicimus;
2853 2077 2943 2145 qui
3005 2077 3258 2131 desiderio
3304 2094 3394 2131 suo
3444 2081 3547 2134 vim

1952 2167 2230 2237 quamdam
2259 2167 2429 2235 regnis
2472 2166 2754 2221 caelestibus
2785 2168 3081 2238 inferentes,
3112 2169 3361 2238 specialia
3389 2186 3545 2225 voca-
3640 2181 3662 2200 ⁸

1954 2256 2107 2309 tionis
2137 2257 2331 2308 monita
2358 2258 2749 2323 pravenerunt.’

2025 2347 2078 2399 2.
2107 2346 2208 2401 Per
2263 2348 2419 2401 istam
2462 2363 2593 2418 ergo
2626 2347 2652 2384 ¹ι
2682 2348 2947 2403 bonorum
2995 2351 3385 2421 principiorum
3437 2353 3548 2408 dis-

1953 2437 2360 2493 similitudinem
2414 2440 2645 2506 probare
2681 2440 2889 2505 nititur,
2924 2442 3026 2496 hoc
3075 2458 3236 2512 posse
3282 2432 3565 2513 quosdam

1953 2544 2047 2598 per
2084 2529 2315 2583 liberum
2374 2530 2679 2597 arbitrium,
2733 2532 2852 2586 sine
2896 2532 3167 2600 adjutorio
3220 2536 3358 2601 Dei,
3396 2539 3539 2605 quod

1951 2621 2168 2689 quidam
2210 2622 2310 2674 nisi
2346 2622 2455 2675 Deo
2485 2632 2837 2690 cooperante,
2890 2638 2996 2677 non
3035 2624 3243 2693 possint
3289 2643 3301 2678 :
3342 2634 3397 2679 et
3444 2625 3547 2680 hoc

1950 2712 2066 2765 vult
2096 2712 2162 2766 de
2194 2712 2545 2781 quorumdam
2600 2713 2835 2768 tardiore
2865 2715 3166 2769 obedientia
3198 2726 3253 2769 et
3289 2732 3546 2785 quorum-

1951 2806 2075 2860 dam
2108 2808 2421 2875 sequaciore
2467 2819 2736 2860 consensu
2787 2807 3030 2877 intelligi.
3060 2808 3223 2873 Quasi
3273 2808 3362 2862 ubi
3409 2809 3541 2865 dura

1952 2897 2243 2952 inﬁdelitas
2295 2898 2404 2951 Deo
2454 2897 2721 2963 subditur,
2777 2906 2832 2952 et
2887 2898 3202 2969 Evangelia,
3257 2900 3400 2970 quod
3450 2901 3544 2957 diu

1954 2990 2308 3059 impugnavit,
2338 2999 2564 3059 repente
2593 2990 2915 3055 succumbit,
2945 2992 3013 3045 ibi
3046 2994 3395 3047 mutationem
3442 2994 3541 3047 ho-

1953 3081 2114 3135 minis
2152 3081 2371 3136 dextera
2425 3092 2680 3148 operetur
2733 3081 2945 3137 Excelsi
2990 3082 3164 3152 (Psal.
3198 3100 3381 3151 uxvr,
3415 3084 3541 3154 ii):

1955 3172 2046 3225 ubi
2103 3182 2281 3227 autem
2330 3169 2346 3207 ¹
2405 3173 2746 3241 tranquillam
2804 3175 3233 3228 cohortationem
3289 3175 3538 3231 solumve

1956 3278 2254 3329 rumorem,
2271 3263 2388 3316 sine
2404 3262 2745 3317 hwsitatione
2774 3264 2823 3317 di
2836 3266 3110 3331 llidentize,
3127 3266 3313 3321 docilis
3328 3267 3544 3322 auditor

1955 3355 2319 3423 amplectitur,
2340 3355 2543 3410 bonum
2576 3356 2695 3410 talis
2713 3357 3083 3411 conversionis
3102 3358 3261 3429 323
3294 3359 3544 3414 humana

1957 3447 2027 3501 sit
2057 3448 2428 3502 tantummodo
2452 3449 2764 3504 voluntatis.
2780 3450 2939 3516 Quasi
2965 3464 3097 3505 vero
3123 3450 3361 3519 potentia
3382 3460 3422 3487 αι
3445 3450 3545 3506 Dei

1958 3560 2054 3601 eos
2083 3558 2286 3601 tantum
2318 3548 2385 3602 ad
2421 3548 2613 3604 Filium
2644 3548 2902 3613 attrahat,
2933 3564 3069 3619 quos
3090 3560 3181 3603 aut
3202 3564 3334 3605 voce
3364 3550 3545 3608 incre-

1961 3652 2190 3716 paverit,
2218 3656 2311 3702 aut
2336 3663 2491 3717 pinna
2519 3648 2822 3716 obtriverit,
2852 3658 2945 3703 aut
2988 3660 3197 3704 terrore
3227 3649 3543 3706 tremefece-

1960 3750 2062 3813 rit;
2092 3750 2304 3803 illorum
2348 3758 2525 3801 autem
2559 3750 2831 3803 mentibus
2883 3749 3016 3802 nihil
3047 3763 3160 3802 suae
3191 3749 3406 3804 virtutis
3453 3750 3551 3805 ad-

1959 3858 2194 3911 moveat,
2254 3847 2347 3916 qui
2389 3846 2453 3900 ad
2500 3846 2887 3915 promissiones
2926 3847 3307 3915 Redemptoris
3340 3850 3422 3901 sui
3454 3864 3550 3918 spe

1958 3949 2125 4003 alacri
2177 3956 2231 4001 et
2278 3946 2435 4000 avido
2475 3946 2748 4000 desiderio
2782 3956 3159 4001 cucurrerunt.
3190 3946 3298 4002 Sed
3339 3947 3552 4004 Veritas

1957 4047 2090 4103 dicit
2119 4065 2131 4100 :
2168 4046 2336 4100 Nemo
2382 4047 2519 4100 venit
2568 4045 2637 4097 ad
2668 4062 2766 4113 me,
2801 4046 2904 4099 nisi
2936 4045 3096 4099 Pater
3122 4047 3211 4115 qui
3263 4048 3403 4101 misit
3449 4063 3550 4111 me,

1961 4150 2171 4203 traxerit
2204 4165 2320 4203 eum
2347 4147 2533 4217 (Joan.
2571 4163 2646 4216 vt,
2670 4146 2783 4217 44).
2816 4146 2874 4203 Si
2907 4162 3035 4217 ergo
3056 4162 3213 4204 nemo
3244 4148 3415 4214 venit,
3445 4149 3551 4202 nisi

1961 4260 2252 4315 attractus,
2304 4263 2493 4303 omnes
2522 4257 2549 4283 ιι
2575 4249 2666 4318 qui
2722 4262 3064 4318 quocumque
3104 4248 3265 4304 modo
3306 4249 3551 4316 veniunt,

2036 4447 2051 4497 i
2092 4447 2262 4516 Lugd.
2312 4456 2365 4501 et
2395 4446 2495 4501 hac
2537 4447 2898 4516 posteriores,
2947 4450 3196 4515 dicemus,
3244 4463 3368 4503 eum
3416 4464 3551 4507 mss.

1967 4517 2180 4587 Rentig.
2212 4527 2263 4571 et
2286 4517 2537 4571 Joliettsi.

2038 4587 2066 4624 ιι
2096 4585 2237 4641 Loro
2266 4588 2537 4654 bonorum,
2567 4587 2706 4657 quod
2731 4585 2930 4657 legitur
2974 4588 3027 4642 in
3058 4605 3190 4644 mss.
3232 4588 3419 4657 Corb.,
3448 4592 3556 4648 Re-

1969 4659 2097 4728 mig.
2128 4668 2183 4712 et
2210 4658 2341 4723 10L,
2379 4672 2478 4712 nec
2516 4674 2623 4711 non
2659 4660 2709 4710 in
2742 4659 2875 4712 edit.
2926 4658 3170 4728 Mogunt.
3199 4671 3252 4714 et
3285 4661 3417 4715 Ven.
3449 4662 3556 4717 Lo-

1969 4744 2097 4801 van.
2129 4737 2184 4781 et
2215 4728 2789 4801 posterioreshabent,
2822 4732 3185 4801 quorumdam.
3217 4732 3386 4801 Lugd.
3427 4749 3557 4787 vero

1971 4799 2160 4862 editio,
2182 4801 2362 4851 horum
2396 4800 2765 4871 principiorum
2783 4816 2800 4863 ;
2817 4799 3127 4870 ntnittitque
3158 4799 3558 4871 halm—quorum-

1972 4871 2092 4922 dam
2121 4872 2347 4922 tardiore
2375 4869 2680 4926 obedientia.
2711 4879 2818 4921 etc.

2046 4940 2065 4978 ι
2113 4940 2201 4995 Sne
2250 4954 2378 4992 mss.
2421 4938 2609 5004 Corb.,
2647 4940 2856 5007 Remig.
2884 4949 2936 4993 et
2967 4940 3237 5004 Joliensis,
3274 4957 3398 4997 cum
3421 4944 3553 4997 edit.

1970 5011 2206 5079 Mogunt.
2228 5022 2281 5064 et
2300 5010 2434 5063 Ven.
2466 5009 2534 5061 At
2558 5012 2885 5077 posteriores
2910 5011 3106 5079 Lngd.,
3128 5012 3353 5077 Lovan.,
3384 5015 3547 5068 Duae.

1964 5092 2022 5136 et
2077 5081 2268 5134 Colon.
2319 5090 2371 5134 et
2428 5080 2569 5145 alim,
2610 5093 2722 5149 post
2770 5083 3100 5145 tranquillam
3152 5084 3555 5137 cohortationem

1964 5152 2155 5217 solum,
2187 5166 2333 5203 veros
2379 5166 2562 5222 mores,
2594 5153 2704 5205 sine
2738 5154 2849 5205 ulla
2897 5153 3233 5206 harsitatione.
3263 5154 3430 5222 Lttgd.
3467 5165 3549 5206 ta-

1967 5238 2089 5276 tnen
2148 5236 2329 5289 supra,
2376 5236 2476 5291 pro
2506 5221 2699 5288 Quasi.
2728 5263 2741 5275 .
2768 5263 2782 5276 .
2814 5234 3074 5292 operetur,
3098 5224 3261 5279 habet
3287 5221 3435 5288 Quod
3460 5262 3473 5277 .
3495 5262 3510 5277 .
3537 5260 3553 5277 .

1964 5301 2222 5345 oneratur.

1996 5310 2222 5415 pga'suib'
2237 5376 2365 5433 mss.
2400 5359 2591 5427 Corb.,
2626 5362 2828 5431 Remig.
2860 5373 2913 5417 et
2940 5363 3048 5418 Jol.
3072 5377 3191 5417 cum
3222 5363 3459 5433 Mogunt.
3495 5371 3551 5417 et

1968 5432 2104 5503 Yen.
2136 5436 2203 5485 At
2252 5430 2336 5484 his
2386 5436 2713 5500 posteriores
2761 5430 3047 5500 editiones,
3099 5430 3333 5503 potentia
3374 5435 3553 5503 gratia

1970 5500 2066 5555 Dei
2108 5518 2193 5555 eos
2221 5509 2422 5554 tantum
2451 5503 2518 5554 ad
2561 5503 2751 5557 Filium
2797 5504 3042 5556 attrahat.
3085 5504 3185 5557 Ms.
3213 5502 3348 5569 Jol.,
3375 5500 3549 5558 tamen

1971 5574 2195 5641 potentia
2227 5571 2523 5643 DeiAPatris
2544 5612 2557 5624 .
2582 5615 2601 5643 ἔ
2621 5612 2635 5625 .
2672 5583 2884 5625 tremere
2910 5577 3104 5643 fecerit.

2041 5652 2069 5678 ιι
2099 5643 2295 5717 Lugd,
2326 5641 2551 5717 Lovan..
2580 5642 2743 5717 Duae.
2771 5653 2826 5695 et
2850 5641 3067 5713 ϐόωψ,
3100 5661 3272 5700 omnes
3304 5661 3553 5717 quocum-

1969 5729 2068 5783 que
2095 5714 2247 5767 modo
2277 5713 2501 5783 ueniant,
2523 5714 2876 5769 attraltuntur.
