4030 6178
459 245 560 302 231

1702 245 1762 303 S.
1804 243 2141 302 PROSPERI
2181 244 2507 314 AQUITANI

3619 248 3731 303 23‘)

461 356 1032 429 attrahuntur.[Alias
1078 356 1208 413 Car.
1258 353 1432 428 XlV.']
1462 357 1650 412 Trahit
1688 367 1715 396 ι
1744 360 1925 429 itaque
1974 356 2043 412 ad
2069 357 2121 417 Α
2146 356 2376 422 chmum,
2408 357 2496 427 qui
2547 355 2824 425 qumrebat
2862 355 2878 393 ί
2921 356 3109 413 videre
3158 358 3345 414 Jesum
3399 360 3521 431 quis
3562 375 3732 427 esset,

463 452 631 505 Deum
683 450 1065 520 contemplatio
1102 452 1515 517 elementorum,
1543 450 1897 516 omniumque
1921 465 2042 519 qua:

462 543 516 596 in
561 543 639 596 eis
688 551 811 597 sunt
852 540 1254 597 ordinatissima
1315 540 1681 612 pulchritudo.
1755 539 2044 594 lnoisibitia

460 635 596 689 enim
623 637 757 705 ejus,
777 650 807 687 a
833 642 1072 688 creatura
1122 632 1320 699 mundi,
1349 648 1441 704 per
1470 648 1531 686 ea
1579 646 1693 700 qua:
1744 635 1883 702 facta
1925 638 2043 684 sunt

461 725 721 778 intellecta
741 724 1128 790 conspiciuntur
1143 722 1316 786 (Rom.
1346 738 1383 789 ι,
1407 724 1521 793 20).
1542 721 1569 760 δ
1592 722 1839 777 Trahunt
1864 737 2041 776 rerum

460 825 734 883 gestarum
764 813 1067 878 relatores;
1108 812 1344 868 animum
1395 814 1663 868 audientis
1705 813 2046 867 inﬂammant

442 913 730 958 narrantes
773 903 957 958 laudes
1003 903 1211 957 Domini
1232 912 1278 958 et
1306 904 1514 958 uirtutes
1546 906 1686 975 ejus,
1709 915 1756 956 et
1785 901 2044 955 mirabilia

461 998 571 1068 ejus
596 1013 708 1067 quat
734 997 855 1067 facit
886 995 1058 1068 (Psal.
1093 1011 1294 1061 Lxxvu,
1327 994 1616 1065 4).Trahit
1646 995 1807 1048 timor
1842 1011 1853 1047 :
1886 992 2043 1047 Prino

461 1090 652 1156 eipium
705 1088 848 1143 enim
893 1088 1161 1159 sapientia:
1210 1088 1364 1142 timor
1420 1086 1632 1141 Domini
1674 1084 1865 1155 (Prov.
1897 1101 1936 1152 ι,
1970 1087 2041 1150 7;

466 1182 612 1237 Psal.
635 1199 732 1249 cx,
781 1182 892 1253 {0).
922 1182 1109 1237 Trahit
1138 1182 1351 1249 laetitia,
1382 1182 1661 1252 quoniam,
1685 1181 1917 1237 Ltetatus
1933 1199 2045 1235 sum

461 1279 514 1330 in
549 1276 629 1329 his
664 1293 776 1346 qua:
804 1277 941 1329 dicta
967 1284 1083 1329 sunt
1114 1276 1258 1344 mihi,
1283 1276 1337 1329 in
1363 1275 1571 1328 domum
1612 1272 1822 1327 Domini
1860 1272 2045 1327 ibimus

465 1368 651 1439 (Psal.
698 1383 819 1422 cxxt
848 1410 863 1435 ,
921 1370 1007 1435 l).
1055 1366 1245 1421 Trahit
1291 1365 1621 1421 desiderium
1682 1383 1695 1417 ε
1736 1365 1992 1433 quoniam
2024 1404 2041 1427 ,

465 1457 792 1525 Concupiscit
839 1468 885 1510 et
932 1455 1103 1524 deficit
1159 1456 1332 1509 anima
1363 1466 1385 1495 ο
1421 1473 1532 1509 mea
1558 1456 1614 1509 in
1652 1456 1788 1508 atria
1836 1454 2047 1507 Domini

468 1548 638 1619 (Psal.
690 1563 921 1612 Lxxxtu,
962 1546 1039 1617 3).
1070 1544 1097 1584 ἀ
1121 1546 1365 1601 Trahunt
1406 1548 1799 1602 delectationes
1830 1564 1845 1604 :
1881 1546 2047 1612 Quam

468 1638 646 1691 dulcia
682 1637 821 1692 enim
855 1637 1095 1708 faucibus
1131 1639 1252 1691 meis
1298 1639 1501 1705 eloquia
1548 1647 1657 1704 tua,
1688 1654 1845 1706 super
1870 1638 1969 1691 mel
1996 1645 2047 1690 et

2146 450 2473 519 compellare
2499 449 2754 520 dignatus
2782 458 2867 504 est
2889 449 3075 505 dicens
3106 469 3117 503 :
3148 450 3417 518 Zacchwe,
3454 453 3470 502 l
3520 455 3733 523 festina,

2143 539 2431 604 descende;
2453 541 2697 608 quoniam
2729 540 2881 594 hodie
2916 542 2971 595 in
2993 543 3142 595 domo
3165 551 3254 597 tua
3291 554 3486 611 oportet
3512 561 3590 598 me
3618 562 3733 598 ma—

2143 648 2263 685 nere
2292 631 2445 703 (Luc.
2488 648 2600 699 xix,
2632 632 2728 700 5);
2760 642 2815 686 et
2871 648 2977 687 non
3026 632 3053 670 ιι
3096 633 3198 688 sibi
3249 636 3570 704 prxparavit
3612 638 3735 704 ejus

2144 725 2406 787 animum,
2438 722 2593 791 cujus
2626 724 2788 793 elegit
2818 724 3133 793 hospitium.
3170 725 3411 795 Denique
3431 742 3552 780 cum
3582 743 3735 780 mur-

2145 828 2419 870 murarent
2448 830 2661 882 omnes,
2696 813 2715 852 ι
2742 831 2842 869 cur
2868 816 2934 870 ad
2969 817 3144 870 virum
3178 826 3516 886 peccatorem
3557 817 3735 871 intro-

2145 909 2279 963 isset
2328 907 2609 976 hospitarl,
2666 920 2716 965 et
2749 918 2788 945 ιη
2825 908 3117 965 Zacchteus
3182 909 3294 978 jam
3356 911 3736 978 pmnitenliam

2143 1012 2331 1067 agens,
2346 998 2566 1055 dimidio
2589 1001 2856 1054 bonorum
2884 1015 3106 1055 suorum
3130 999 3183 1054 in
3202 1015 3469 1070 pauperes
3484 1010 3734 1069 erogata,

2148 1088 2480 1144 redditurum
2513 1106 2571 1145 se
2603 1090 2655 1144 in
2693 1092 3053 1160 quadruplum
3086 1091 3332 1145 fraudata
3368 1094 3733 1159 promitteret,

2146 1181 2407 1237 Dominus
2431 1181 2534 1237 ait:
2558 1182 2734 1238 Hodie
2751 1184 2894 1237 salus
2925 1185 3043 1237 huic
3070 1184 3246 1238 domui
3275 1183 3411 1253 facta
3441 1195 3537 1246 est,
3560 1190 3587 1218 ο
3604 1184 3734 1252 quia

2147 1274 2231 1328 hic
2256 1284 2329 1330 est
2356 1275 2498 1345 ﬁlius
2521 1274 2762 1331 Abrahte.
2807 1276 2873 1331 Et
2912 1291 2979 1331 ne
3024 1275 3221 1330 lateret
3259 1290 3417 1330 causa
3456 1274 3617 1344 hujus
3645 1289 3738 1327 sa-

2147 1368 2294 1428 lutis.
2320 1368 2556 1437 adjecit:
2595 1366 2744 1422 Venit
2764 1379 2935 1422 autem
2962 1369 3102 1438 filius
3135 1367 3353 1422 hominis
3383 1374 3411 1404 ο
3439 1382 3662 1437 quaerere
3682 1374 3735 1419 et

2147 1459 2345 1514 salvum
2371 1460 2540 1529 facere
2564 1460 2701 1527 quod
2722 1459 2943 1530 perierat
2975 1474 2994 1513 :
3016 1468 3076 1513 ut
3113 1473 3273 1528 quem
3306 1457 3733 1526 agnoscehamus

2147 1550 2361 1605 salvum
2400 1549 2623 1618 factum,
2654 1560 2681 1600 Ρ
2711 1550 2975 1605 sciremus
3015 1565 3044 1603 a
3070 1559 3348 1620 quaerente
3377 1562 3731 1618 praeventum.

2151 1641 2208 1696 In
2239 1643 2465 1698 latronis
2494 1657 2710 1712 quoque
2729 1642 3113 1712 justillcatione
3137 1682 3151 1706 ,
3186 1641 3393 1696 etiamsi
3436 1640 3577 1693 nulla
3604 1656 3739 1709 ope-

467 1736 637 1802 favum
660 1732 736 1785 ori
758 1747 868 1784 meo
894 1730 1063 1800 (Psat.
1088 1746 1275 1795 cxvttt,
1307 1731 1460 1796 165).
1487 1731 1553 1784 Ει
1584 1730 1703 1797 quis
1735 1731 2048 1799 perspicere
2078 1721 2127 1781 Β
2152 1732 2323 1786 rantis
2369 1732 2555 1802 gratiae
2580 1742 2609 1782 «ι
2641 1732 3073 1801 iutelligerentur
3115 1730 3349 1796 indicia,
3379 1746 3561 1785 nonne
3609 1745 3736 1785 cum

467 1835 553 1878 aut
603 1839 861 1879 enarrare
914 1823 1101 1892 possit,
1139 1831 1164 1859 ο
1216 1838 1309 1891 per
1347 1838 1481 1892 quos
1528 1821 1756 1877 allectus
1810 1821 2054 1876 visitatio

468 1914 565 1969 Dei
608 1913 846 1968 animum
892 1914 1055 1968 ducat
1106 1916 1423 1979 humanum,
1455 1924 1512 1967 ut
1540 1929 1662 1984 qua:
1693 1913 1947 1984 fugiebat,
1970 1928 2054 1968 se.

468 2014 691 2075 quatur;
723 2022 846 2077 qum
899 2006 1124 2070 oderat,
1162 2006 1522 2076 diligat;qute
1568 2005 1892 2071 fastidiebat,
1933 2020 2056 2059 esu-

468 2098 607 2161 riat;
635 2113 699 2153 ac
737 2097 917 2151 subito
966 2098 1394 2151 commutatione
1443 2096 1697 2161 mirabili,
1727 2111 1845 2165 qua:
1872 2096 2054 2150 clausa

470 2188 519 2243 ei
552 2187 788 2253 fuerant,
826 2185 845 2225 ί
882 2189 1011 2242 ﬁant
1037 2198 1265 2256 aperta;
1299 2204 1420 2257 quae
1450 2203 1704 2254 onerosa,
1736 2189 1845 2243 sint
1884 2188 2053 2252 levia;

470 2296 593 2348 qua:
622 2294 827 2343 amara,
854 2279 961 2333 sint
1000 2280 1215 2345 dulcia;
1248 2296 1367 2349 qua:
1412 2281 1668 2347 obscura,
1700 2282 1805 2334 sint
1841 2279 2057 2335 lucida?

477 2369 606 2424 Hac
632 2382 802 2425 autem
833 2371 1008 2424 omnia
1037 2380 1282 2439 operatur
1308 2388 1443 2425 unus
1471 2381 1623 2442 atque
1642 2372 1777 2425 idem
1805 2372 2052 2439 Spiritus,

471 2463 703 2516 dividens
729 2462 948 2532 singulis
973 2470 1126 2535 prout
1156 2463 1261 2517 vult
1284 2462 1336 2533 (l
1363 2462 1482 2518 Cor.
1519 2480 1614 2530 xtt,
1650 2464 1755 2535 ll).
1788 2465 2053 2532 Quoniam

472 2555 612 2609 Deus
638 2556 724 2625 qui
764 2555 899 2610 dixit
928 2557 991 2610 de
1030 2557 1245 2611 tenebris
1267 2566 1292 2604 ι
1324 2555 1497 2610 lumen
1544 2556 1919 2625 splendescere,
1945 2559 2056 2627 ipse

477 2646 650 2700 illuxit
690 2648 742 2699 in
789 2647 1026 2701 cordibus
1054 2648 1281 2713 nostris,
1325 2649 1393 2701 ad
1431 2648 1859 2702 illuminationem
1894 2650 2057 2703 scien-

471 2741 557 2793 tia:
585 2739 838 2793 claritatis
868 2738 967 2793 Dei
1002 2741 1056 2794 in
1092 2740 1223 2810 facie
1251 2740 1443 2796 Christi
1463 2739 1590 2794 Iesu
1618 2741 1683 2812 (ll
1716 2742 1835 2796 Cor.
1865 2757 1942 2806 tv,
1973 2742 2051 2811 6),

471 2829 523 2883 id
557 2840 659 2895 est,
693 2830 746 2884 in
771 2830 1207 2886 manifestatione
1235 2831 1354 2886 Filii
1385 2832 1491 2897 sui,
1514 2832 1605 2901 qui
1632 2842 1717 2886 est
1746 2829 1773 2869 δ
1806 2832 1857 2885 in
1884 2833 2053 2901 gloria

474 2920 668 2976 Patris.

550 3013 599 3064 ⁸5.
618 3011 718 3079 Qui
742 3011 1070 3081 ergoilluxit
1100 3012 1152 3068 in
1169 3012 1857 3083 cordeMatlhmipublicani
1888 3016 2052 3089 325

2156 1825 2406 1879 omnibus
2447 1823 2791 1879 credentibus
2835 1824 2997 1878 etiam
3051 1824 3224 1892 ipsum
3254 1821 3623 1892 acciperemus
3649 1834 3739 1877 at-

2158 1914 2421 1970 tractum?
2440 1916 2654 1971 dicente
2684 1916 2948 1970 Domino:
2980 1914 3169 1969 Omnia
3186 1914 3312 1967 mihi
3342 1913 3533 1975 tradita
3555 1924 3675 1968 sunt
3704 1932 3739 1969 a

2160 2006 2321 2061 Patre
2344 2023 2456 2061 meo
2490 2006 2640 2076 (Luc.
2666 2024 2720 2072 x,
2749 2005 2865 2076 22);
2890 2016 2965 2073 et,
2994 2023 3109 2059 cum
3136 2007 3388 2060 exaltatus
3412 2005 3555 2072 fuero
3582 2024 3612 2059 a
3635 2017 3739 2060 ter-

2156 2115 2237 2165 ra,
2269 2102 2440 2154 omnia
2466 2099 2665 2152 traham
2687 2099 2756 2152 ad
2794 2115 2872 2152 me
2902 2096 3083 2167 (Joan.
3116 2113 3214 2162 xu,
3245 2096 3366 2169 52)?
3395 2107 3416 2135 ι’
3448 2096 3594 2152 Inter
3620 2112 3739 2152 om-

2157 2193 2242 2247 nia
2299 2204 2498 2258 autem,
2545 2193 2688 2247 hunc
2735 2191 2819 2246 vel
2864 2191 3120 2249 traditum
3169 2204 3310 2253 esse,
3340 2189 3426 2244 vel
3477 2198 3736 2255 tractum,

2156 2283 2318 2338 etiam
2348 2280 2517 2351 ipsius
2562 2281 2834 2337 confessio
2874 2280 3038 2336 docet
3070 2297 3086 2346 ;
3118 2281 3207 2350 qui
3236 2294 3357 2335 cum
3400 2280 3739 2348 aliquamdiu

2157 2373 2583 2444 blasphemasset
2626 2374 2678 2427 in
2709 2379 2730 2409 ³
2783 2372 2965 2428 Jesum
3012 2371 3322 2438 Christum,
3377 2380 3600 2440 repente
3654 2379 3742 2426 est

2156 2478 2411 2534 mutatus,
2446 2467 2466 2503 ‘
2495 2476 2550 2523 et
2596 2465 2760 2520 dixit:
2792 2464 3030 2530 Domine,
3074 2479 3265 2518 memor
3301 2474 3409 2518 esto
3453 2464 3568 2529 mei,
3619 2478 3742 2517 eam

2156 2561 2352 2614 ueneris
2373 2560 2424 2612 in
2454 2574 2669 2641 qegnum
2695 2566 2837 2610 tuum
2865 2556 3017 2626 (Luc.
3048 2571 3199 2621 mu,
3232 2554 3349 2625 ιε).
3380 2555 3486 2611 Sed
3511 2555 3659 2610 unde
3687 2556 3739 2608 in

2158 2668 2264 2706 uno
2304 2650 2522 2705 homine
2574 2656 2720 2702 tanta
2768 2646 3245 2717 compugnantiutn
3290 2648 3484 2701 vocum
3524 2646 3740 2700 sitorta

2155 2745 2461 2809 diversitas,
2489 2743 2724 2796 instruat
2752 2747 2894 2794 nos“
2919 2742 3105 2795 beatus
3131 2739 3443 2808 Apostolus,
3471 2738 3691 2793 etdicat
3723 2756 3736 2791 :

2157 2835 2327 2889 Nemo
2343 2835 2395 2886 in
2419 2833 2622 2899 Spiritu
2648 2831 2743 2885 Dei
2762 2830 3122 2900 loquens,dicit
3137 2829 3407 2882 anathema
3422 2828 3572 2895 Jesu;
3587 2841 3634 2883 et
3655 2846 3745 2884 ne-

2153 2944 2238 2983 mo
2255 2936 2416 2999 potest
2431 2925 2597 2979 dicere
2621 2923 2900 2977 Dominum
2921 2921 2956 2976 ,1
2960 2940 3120 2983 esum,
3144 2923 3243 2975 nisi
3262 2923 3314 2975 in
3338 2921 3538 2990 Spiritu
3564 2934 3744 2976 sancto

2158 3020 2205 3087 (ι
2234 3018 2355 3073 Cor.
2380 3032 2474 3078 ιιι,
2504 3016 2580 3084 5).
2607 3015 2676 3071 Ut
2702 3030 2807 3070 non
2825 3014 3133 3069 dubitemus
3162 3012 3215 3067 in
3240 3013 3476 3082 ejusdem
3504 3013 3743 3069 hominis

470 3112 528 3158 et
554 3102 702 3157 Pauli
738 3080 862 3159 tunc
892 3104 1185 3159 Ecclesium
1206 3080 1729 3176 persequentis,ipse
1748 3116 1801 3161 et
1819 3108 1871 3163 in
1894 3080 2057 3164 207d;
2085 3080 2130 3143 C
2159 3080 2460 3174 voluntate,
2495 3080 2549 3162 et
2567 3107 2634 3162 de
2660 3107 2881 3176 proprio
2914 3116 2942 3145 ν
2972 3105 3137 3160 fuisse
3163 3080 3304 3174 quod
3328 3098 3740 3174 blasphemavii‘,

469 3197 735 3264 Zacchmi,
757 3208 811 3253 et
856 3198 907 3252 in
954 3198 1116 3254 corde
1145 3197 1386 3253 cruciﬁxi
1419 3214 1541 3253 cum
1574 3198 1797 3254 Domino
1827 3201 2051 3257 latronis

470 3289 647 3343 illuxit
676 3306 690 3344 :
720 3291 821 3344 nisi
851 3289 992 3347 forte
1023 3291 1193 3346 otiosa
1228 3290 1442 3345 Domini
1477 3306 1579 3345 vox
1618 3291 1734 3358 fuit,
1761 3307 1882 3347 cum
1915 3293 2048 3350 Zac-

541 3446 732 3501 IEdit.
780 3446 977 3519 Lugd.,
1021 3447 1249 3510 Lovan.,
1300 3446 1463 3519 Duac_.
1498 3444 1821 3519 etColon.,
1862 3449 2043 3519 igitur.

470 3518 617 3590 Edit.
663 3519 802 3588 Mog.
828 3528 884 3573 et
916 3518 1074 3584 Ven.,
1103 3519 1274 3587 itaque
1314 3518 1382 3569 ad
1430 3517 1726 3571 Dominum.
1760 3520 1861 3574 Ms.
1885 3517 2044 3590 ⁷101..

469 3588 653 3643 Trahit
680 3606 921 3658 namque.

538 3658 565 3697 ιι
597 3660 686 3713 Sic
713 3655 822 3711 msj
845 3657 1009 3713 Corb.
1043 3666 1098 3712 et
1139 3658 1272 3713 edit.
1300 3655 1439 3727 Mog.
1468 3666 1524 3711 et
1568 3656 1733 3722 Ven.,
1768 3658 1872 3713 nisi
1902 3659 2047 3728 quod

469 3731 744 3783 relationes
776 3730 996 3793 habent,
1027 3745 1131 3783 non
1162 3730 1432 3783 relatores.
1472 3728 1569 3782 Ms.
1606 3728 1707 3783 Jol.
1735 3731 1814 3784 sic
1853 3730 2051 3785 diSIin-

469 3804 603 3869 guit,
640 3798 871 3869 Trahunt
899 3815 1071 3853 rerum
1122 3811 1379 3869 gestarum
1416 3801 1661 3852 relatores
1686 3802 1916 3854 animum
1947 3818 2048 3854 auo

469 3872 673 3925 dientis.
725 3868 1058 3940 lnflammant
1099 3868 1383 3924 narrantes.
1432 3869 1527 3923 Ms.
1578 3870 2052 3938 Remigiano-Re-

469 3941 693 4001 mensis.
716 3940 945 3995 Trahunt
964 3957 1135 3993 rerum
1158 3953 1412 4008 gestarum
1430 3943 1672 4009 cognitio,
1691 3950 1737 3992 et
1759 3942 2047 3995 divinorum

472 4027 681 4076 cperunt
727 4013 987 4064 relatores.
1017 4016 1084 4063 At
1127 4015 1254 4064 editi
1289 4012 1457 4079 Lugd.
1483 4020 1537 4062 et
1577 4026 1641 4064 eo
1691 4011 2045 4077 recentiores,

473 4080 654 4132 Trahit
684 4096 852 4134 rerum
879 4092 1132 4150 gestarum
1163 4082 1406 4150 cognitio,
1438 4088 1484 4131 et
1513 4080 1802 4133 divinorum
1832 4096 2048 4150 operum

468 4150 711 4203 relatura:
732 4151 958 4202 animum
983 4150 1235 4201 audientis
1268 4151 1611 4218 inﬂammant.

546 4230 569 4258 ο
602 4219 799 4273 Vocem
840 4223 1015 4290 istam,
1046 4234 1180 4283 mea,
1209 4220 1409 4274 habent
1437 4232 1568 4273 mss.
1596 4219 1807 4290 Remig.
1836 4228 1893 4274 et
1934 4219 2044 4278 Jol.

468 4303 593 4343 cum
626 4293 762 4357 Mog.
791 4297 846 4343 et
873 4288 1009 4342 Ven.

541 4361 567 4395 ά
599 4360 685 4413 Sic
710 4375 807 4413 ms.
832 4359 1086 4431 Corbrex
1113 4373 1220 4427 quo
1244 4357 1632 4431 editLappend.
1666 4369 1799 4413 tom.
1835 4360 1880 4414 X
1906 4362 2041 4431 Aug.

470 4445 534 4483 ac
564 4408 807 4500 magna;
830 4408 969 4484 eis."
986 4408 1798 4500 γέῆῗιςίιιῖέζ’ῂὲὶίῖίεῖεἷιὶοζᾜ
1821 4408 2044 4485 ιίἶεῗῖιῖἐ
2073 4408 2122 4467 Ι)

472 4499 675 4558 Iiensis.
694 4501 922 4555 Trahunt
946 4500 1132 4553 divinae
1154 4500 1406 4553 lectiones.
1432 4499 1789 4569 EditiLugd.,
1812 4500 2041 4569 Lovan.,

476 4571 638 4625 Duac.
670 4586 721 4625 et
744 4571 961 4635 Colon.,
997 4569 1174 4624 Trahit
1205 4570 1472 4622 delectatio
1508 4570 1759 4626 lectionis.

545 4651 567 4678 ⁸
598 4643 724 4695 Mss.
772 4642 963 4711 (Sorb.,
996 4639 1286 4711 Remig.__et
1318 4640 1450 4699 10L.
1497 4656 1586 4711 per
1628 4658 1752 4711 quos
1805 4640 2042 4707 aﬂectus.

471 4710 705 4779 Mogunt.
739 4721 795 4765 et
820 4710 981 4773 νου..
1011 4727 1110 4780 quo
1158 4709 1347 4777 aﬁ‘ectu
1378 4709 1598 4764 visitatio
1642 4709 1743 4763 Dei
1770 4712 1924 4764 ducat
1948 4711 2044 4763 ho-

468 4783 655 4833 minem
683 4800 703 4837 .-
729 4783 905 4837 csrteri
927 4780 1141 4836 codices
1161 4784 1373 4848 excusi,
1400 4797 1489 4851 per
1511 4790 1634 4848 quot
1654 4781 1887 4848 affectus,
1910 4794 2041 4848 etc.,

470 4860 527 4905 ut
556 4853 606 4904 in
640 4863 804 4905 textu.

474 4950 479 4955 -
546 4920 565 4958 τ
598 4923 734 4976 Edit.
760 4920 995 4991 Lugd.et
1018 4920 1372 4985 recentiores,
1402 4921 1505 4975 sint
1530 4928 1729 4991 aperta.
1760 4922 1888 4977 Mss.
1911 4930 2043 4988 tres,

466 5006 591 5046 cum
623 4994 759 5061 Mog.
793 4990 1035 5056 et’Ven.,
1066 4991 1192 5061 ﬁant
1223 5002 1418 5061 aperta.

540 5073 564 5109 κ
596 5060 738 5118 Εάίιί.
772 5065 910 5134 Mog.
928 5071 1013 5134 Aet
1045 5060 1207 5134 Veni,
1239 5066 1399 5134 tuc_em
1427 5060 1796 5134 splendescere,
1830 5063 1941 5132 ipse
1971 5064 2042 5116 il-

468 5131 632 5187 luxit.
660 5173 677 5188 .
698 5172 711 5186 .
734 5172 746 5188 .
770 5172 784 5186 .
814 5129 880 5187 in'
913 5131 1119 5201 faciem.
1143 5131 1269 5185 Mss.
1296 5129 1462 5186 Corbf
1492 5143 1547 5188 et
1601 5132 1812 5201 Remig.
1849 5129 2047 5189 habent

467 5206 629 5258 etiam
670 5203 795 5270 hoc,
819 5205 872 5257 in
902 5203 1103 5270 faciem.

539 5271 568 5312 ιι
593 5273 681 5329 Sic
720 5291 849 5328 mss.
881 5270 1041 5328 Corb.
1085 5282 1138 5325 et
1163 5270 1374 5339 Remig.
1405 5286 1527 5325 cum
1560 5271 1692 5325 edit.
1722 5271 1960 5340 Mogunt.
1991 5283 2048 5326 et

469 5343 604 5397 Ven.
634 5344 705 5398 At
746 5359 847 5399 ins.
876 5343 981 5397 .Iol.
1028 5351 1084 5398 et
1122 5344 1255 5397 edit.
1305 5341 1501 5411 ιαμ,
1535 5342 1764 5408 Lovan.,
1792 5342 1958 5396 Duae.
1988 5353 2042 5399 et

466 5413 679 5480 Colon.,
702 5415 756 5467 in
784 5416 901 5468 sinu
936 5413 1126 5466 Patris.

542 5482 675 5539 1Sic
716 5500 846 5539 mss.
882 5484 1070 5549 Corb.,
1099 5482 1308 5552 Remig.
1335 5490 1390 5536 et
1428 5480 1538 5537 Jol.
1576 5495 1699 5537 cum
1734 5480 1865 5538 edit.
1899 5482 2041 5553 Mog.

467 5562 521 5607 et
553 5553 682 5608 Ven.
712 5554 817 5608 Alii
852 5555 1085 5621 codices,
1116 5555 1284 5607 uidere
1312 5569 1450 5606 eum.

540 5621 555 5693 ᾗ
595 5624 691 5677 Ms.
714 5624 971 5679 Joliensis
996 5667 1012 5691 ,
1040 5626 1309 5693 festinans,
1342 5623 1617 5678 descende.

539 5690 562 5728 ι
592 5694 689 5749 Ms.
718 5694 995 5766 Jolicnsis,
1023 5690 1116 5749 sibi
1157 5690 1520 5765 prtsparaverit
1550 5710 1570 5749 :
1597 5701 1656 5749 ut
1694 5706 1858 5765 supra
1885 5692 2043 5750 dixe-

2159 3214 2215 3260 et
2264 3203 2333 3258 de
2380 3201 2588 3270 Spiritu
2635 3207 2826 3254 sancto
2856 3199 3020 3254 fuisse
3066 3196 3207 3265 quod
3237 3198 3488 3252 credidit.
3518 3197 3741 3258 Frustra

2147 3295 2308 3366 igitur
2332 3292 2635 3361 disputator
2659 3294 2786 3356 iste,
2828 3298 2856 3326 κ
2895 3291 2963 3344 ad
2991 3288 3399 3344 inscrutabilem
3426 3289 3586 3344 unius
3614 3306 3746 3361 gra-

2149 3458 2257 3514 ral,
2282 3448 2444 3501 otiosa
2464 3462 2564 3501 vos:
2593 3445 2800 3515 Domini
2830 3445 3009 3515 fuerit.

2227 3513 2251 3556 ιθ
2281 3520 2354 3574 lia
2376 3533 2504 3571 mss.
2534 3516 2719 3588 Cum,
2750 3513 2962 3584 Reiuig.
2991 3524 3047 3569 et
3070 3513 3199 3588 101..
3231 3529 3329 3588 nec
3369 3530 3471 3567 non
3512 3514 3649 3588 Mog.
3686 3526 3743 3571 et,

2153 3590 2291 3647 Ven.
2325 3590 2458 3643 Alia
2488 3587 2773 3646 editiones,
2798 3587 2937 3655 quod
2977 3587 3044 3639 ad
3072 3587 3256 3639 virum.
3287 3586 3343 3640 In
3384 3600 3486 3639 ms.
3514 3586 3740 3643 Jolieusi

2156 3663 2311 3717 abest
2333 3675 2437 3712 vox
2462 3658 2596 3723 haec,
2629 3656 2903 3728 hospitari.

2225 3742 2265 3769 ω
2297 3730 2573 3784 Editiones
2628 3724 2795 3797 Lugd.
2826 3769 2839 3787 ,
2893 3726 3122 3789 Lovan.,
3182 3724 3351 3780 Duac.
3409 3737 3464 3779 et
3518 3726 3736 3795 Colon.,

2153 3807 2359 3858 omisso
2404 3810 2451 3854 et
2478 3807 2603 3852 ante
2629 3797 2672 3851 Ζ
2682 3799 2931 3852 acc/neas.
2961 3835 2975 3851 .
2999 3840 3014 3855 .
3038 3836 3051 3850 .
3070 3834 3085 3853 .
3110 3813 3227 3849 cum
3250 3797 3491 3865 fraudata
3518 3800 3736 3866 promit-

2158 3881 2303 3928 teret.

2229 3952 2257 3979 ιδ
2285 3940 2463 3995 Editio
2486 3938 2685 4007 Lugd.,
2715 3937 2838 4007 quia
2865 3953 2976 3990 ecce
2993 3938 3074 3990 hic
3096 3937 3238 4007 ﬁlius
3266 3935 3503 4007 Abraha'.

2229 4021 2253 4047 ο
2289 4012 2389 4065 Ms.
2416 4011 2523 4065 Jol.
2568 4004 2921 4063 coul‘u'rudter
2974 4004 3141 4063 textili
3190 4023 3363 4073 sacro,
3408 4004 3551 4059 Venit
3601 4009 3739 4062 enim

2151 4097 2408 4153 quarere,
2426 4090 2475 4134 et
2518 4081 2718 4132 salvum
2765 4078 2950 4145 facere.
3003 4080 3099 4153 alii
3123 4093 3335 4153 omnes,
3372 4076 3522 4130 Venit
3566 4091 3738 4132 autem

2150 4147 2351 4207 salvum
2383 4151 2553 4219 facere
2574 4160 2620 4202 et
2642 4163 2886 4219 quwrere,
2921 4147 3111 4219 ordine
3140 4149 3376 4202 inverSo.

2226 4234 2254 4272 Ρ
2287 4218 2465 4275 Editio
2512 4220 2682 4287 Lugd.
2709 4221 2909 4273 omittit
2948 4218 3086 4284 haec,
3135 4219 3375 4271 sciremus
3408 4233 3439 4270 tt
3477 4230 3741 4286 quterente

2149 4304 2480 4363 prwventum.

2221 4373 2249 4412 ς
2280 4363 2420 4415 Edit.
2472 4361 2612 4430 Mog.
2667 4370 2722 4414 et
2775 4357 2908 4413 Ven.
2958 4373 3080 4412 cum
3131 4372 3215 4411 ms
3268 4358 3501 4430 Remig.,
3532 4358 3737 4411 int.lli-

2183 4445 2357 4486 untur.

2148 4450 2429 4555 “Tigrin.
2468 4500 2606 4569 Mog.
2645 4508 2700 4555 et
2732 4498 2893 4564 Ven.,
2941 4496 3082 4553 Inter
3133 4514 3305 4553 omnes
3349 4509 3539 4553 autem.
3588 4498 3733 4555 Edit.

2148 4573 2321 4642 Lugd.
2348 4572 2401 4626 in
2428 4572 2558 4633 ﬁne,
2588 4569 2789 4624 doceat.

2222 4636 2259 4678 ε’
2292 4643 2390 4696 Ms.
2439 4641 2546 4696 Jol.
2596 4642 2796 4693 omittit
2844 4640 2928 4693 hic
2972 4652 3183 4702 vocem,
3217 4636 3500 4693 Christum.
3529 4638 3736 4709 Lugd.,

2147 4723 2323 4784 postea
2341 4723 2423 4784 est
2454 4712 2706 4784 imitatus.

2224 4784 2242 4819 ί
2279 4782 2421 4836 Εάίῑ.
2470 4783 2611 4851 Mog.
2672 4788 2729 4835 et
2765 4779 2941 4843 νεα..
2988 4788 3036 4832 et
3083 4778 3227 4833 dicit.
3276 4778 3372 4841 Ms.
3425 4779 3559 4848 101.,
3611 4778 3737 4833 dum

2146 4869 2342 4908 veneris
2352 4896 2363 4907 .

2220 4931 2248 4958 α
2281 4924 2373 4976 lla:
2420 4935 2605 4989 voces,
2649 4920 2825 4974 beatus
2874 4918 3161 4988 apostolus,
3195 4920 3442 4988 leguntur
3493 4919 3546 4972 in
3599 4932 3733 4972 mss.

2147 4993 2333 5117 Cprvb.,
2381 4992 2596 5063 Remig.
2626 5000 2684 5048 et
2712 4991 2856 5057 101.,
2899 5006 3000 5046 nec
3051 5007 3158 5045 non
3201 4993 3257 5044 in
3299 4990 3430 5043 edit.
3484 4990 3736 5059 Muguut.

2147 5080 2180 5117 e
2278 5080 2367 5117 en.

2147 5074 2203 5120 et
2236 5074 2367 5117 Ven.

2219 5144 2248 5171 τ
2295 5134 2373 5187 Ita
2420 5146 2553 5187 mss.
2584 5130 2745 5187 Corb.
2778 5139 2832 5183 et
2860 5130 3069 5199 Remig.
3098 5144 3218 5183 cum
3259 5129 3398 5198 Mog.
3422 5139 3475 5182 et
3504 5128 3642 5184 Ven.
3680 5129 3735 5182 In

2149 5203 2319 5273 Lugd.
2346 5206 2631 5273 utrobique
2662 5203 2928 5273 omittitur
2956 5216 3057 5255 vox
3099 5199 3213 5254 hmo
3240 5201 3423 5269 fuisse,
3454 5199 3507 5253 in
3535 5214 3734 5253 recen-

2150 5274 2377 5328 tioribus
2398 5272 2685 5341 posteriori
2709 5273 2847 5325 loco.

2220 5352 2248 5379 ι
2276 5344 2368 5397 Sic
2401 5338 2538 5397 'mss.
2572 5342 2734 5396 Corb.
2792 5350 2847 5395 et
2889 5339 3101 5408 Rentig.
3145 5355 3208 5393 ac
3250 5339 3382 5393 edit.
3416 5338 3653 5407 Mogunt.
3681 5345 3739 5392 et

2150 5412 2320 5479 ναι..
2338 5413 2427 5480 qui
2458 5423 2633 5466 tamen
2657 5411 2767 5466 duo
2795 5427 2893 5481 pro
2914 5412 3217 5464 varietatim
3239 5408 3734 5464 habentreritatens.

2149 5483 2325 5552 Lugd.
2352 5483 2521 5538 editio
2558 5496 2680 5537 cum
2712 5481 3131 5546 recentiOribus,
3162 5482 3370 5534 omisso
3398 5481 3488 5544 ad,
3522 5481 3734 5552 inserit-

2151 5550 2360 5625 tabilent
2384 5555 2543 5607 unius
2578 5553 2758 5625 gratim
2784 5552 3176 5625 varieta_te_m_ad
3217 5558 3573 5625 argumentum
3606 5550 3711 5615 deli

2151 5623 2362 5677 nitionis
2392 5638 2502 5677 sum
2530 5620 2690 5675 uoluit
2726 5631 2925 5691 aptare.
2960 5620 3134 5674 Editio
3160 5622 3406 5685 quadam
3436 5635 3502 5673 ex
3540 5633 3736 5691 recen-

2150 5693 2408 5762 tioribus,
2433 5703 2482 5751 et
2525 5689 2858 5763 augmentum
2903 5691 3225 5761 deﬁnitionis
3254 5706 3380 5757 sua’.
3410 5690 3550 5760 quod
3580 5689 3735 5747 sitni-
