4026 6176
262 236 362 294 235

1346 232 1545 287 LIBER
1587 230 1862 286 CONTRA
1901 229 2384 286 (ZOLLATOREM.

3409 233 3505 286 25l

262 351 346 402 the
375 347 706 410 varietatem,
738 357 1110 415 argumentum
1149 344 1480 401 deﬁnitionis
1510 360 1624 400 suae
1651 345 1826 399 voluit
1853 352 1900 411 Α
1928 346 2092 417 326
2119 346 2182 402 Si
2206 356 2378 400 autent
2402 349 2659 420 accepisti,
2688 351 2813 421 quid
2832 351 3094 421 gloriaris,
3122 351 3270 425 quasi
3292 367 3392 404 non
3418 367 3510 403 ac-

259 440 410 512 325
438 450 662 507 aptare;
695 448 755 494 ut
785 441 959 509 portio
981 441 1399 508 jnstiﬁeatorum
1442 439 1610 493 solius
1635 437 1829 493 volun-

262 535 376 583 latis
396 544 508 582 sua:
539 529 774 584 motibus
798 531 865 583 ad
894 531 1165 584 Christum
1195 529 1380 584 venire
1408 527 1682 593 credatur,
1707 541 1833 595 por-

261 620 329 673 lio
356 627 534 672 autem
565 619 835 673 reluctans
858 628 884 655 ι
913 618 1075 684 trahi,
1098 629 1154 673 et
1178 619 1340 673 invita
1369 617 1627 686 compelli
1664 635 1674 670 :
1704 632 1829 671 cum

265 709 399 765 Deus
425 711 496 763 sit
535 711 628 778 qui
657 711 1099 779 operaturomnia
1137 709 1190 762 in
1232 707 1484 762 omnibus
1512 708 1556 778 (l
1585 706 1703 760 Cor.
1732 720 1827 772 xu,

264 805 336 872 6),
363 803 481 858 sive
510 803 648 857 alios
675 803 776 866 sic,
807 803 940 856 alios
961 811 1138 856 autem
1170 802 1250 854 sic
1279 800 1557 854 attrahere
1583 799 1734 862 velit,
1764 798 1830 852 ad

263 913 412 969 quem
442 911 636 963 nemo,
667 895 772 951 nisi
798 895 978 965 aliquo
1006 895 1167 950 modo
1202 894 1526 961 attrahatur,
1561 893 1725 947 venit.

838 1028 1066 1083 CAPUT
1108 1028 1238 1082 Vill.

264 1119 505 1188 Deﬁnitio
547 1129 692 1172 δεδι-ια
723 1117 958 1174 Cassiani
992 1134 1009 1171 :
1044 1119 1279 1171 Liberum
1320 1116 1591 1169 arbitrium
1631 1123 1678 1188 et
1715 1131 1832 1188 gra-

328 1186 452 1243 tiam
483 1191 678 1259 pariter
707 1189 898 1258 suscipi
927 1188 1136 1250 debere;
1161 1187 1213 1239 id
1235 1197 1326 1259 est,
1351 1188 1422 1259 ita
1449 1196 1504 1239 ut
1537 1186 1648 1253 pari
1678 1186 1833 1259 modo

327 1257 562 1328 conferre
589 1259 666 1328 ad
687 1257 905 1312 salutem
936 1258 1228 1328 credantur.
1273 1258 1474 1310 Divina:
1503 1257 1832 1308 auctoritates

325 1331 386 1383 de
411 1327 581 1398 gratia
605 1327 892 1394 afferuntur
924 1342 942 1379 :
976 1327 1225 1395 daturque
1253 1328 1386 1380 ratio
1413 1341 1571 1396 quare
1597 1329 1831 1378 voluntas

330 1397 429 1451 non
459 1397 727 1467 auferatur
750 1414 839 1467 per
864 1398 1106 1466 gratiam.

328 1529 496 1601 [Alias
528 1525 660 1582 Car.
697 1524 842 1597 ιη]
867 1526 917 1580 1.
951 1525 1077 1580 Post
1104 1524 1219 1579 hinc
1237 1523 1264 1563 δ
1291 1525 1509 1594 subjicit
1530 1525 1832 1578 testimonia

267 1634 426 1674 sacrae
456 1618 732 1682 Historiae,
770 1616 962 1686 quibus
989 1616 1226 1670 ostendit
1253 1616 1650 1670 observantiam
1684 1631 1835 1669 man-

1933 436 2162 506 ceperis?
2189 436 2564 491 Ecclesiastiea
2591 441 2777 509 regula
2805 448 2891 496 est
2916 457 2930 494 :
2962 440 3146 495 Gratia
3178 438 3274 494 Dei
3308 455 3424 494 sum
3451 440 3506 493 id

1931 526 2068 594 quod
2102 542 2250 590 sum,
2285 537 2333 580 et
2369 529 2537 596 gratia
2573 530 2686 598 ejus
2725 530 2778 583 in
2818 547 2898 584 me
2933 546 3095 584 vacua
3124 548 3227 584 non
3253 531 3352 600 fuit
3373 571 3388 598 ,
3417 531 3509 584 sed

1933 616 2049 685 plus
2078 618 2308 671 omnibus
2334 619 2438 672 illis
2466 619 2726 683 laboravi;
2755 636 2858 673 non
2887 630 3059 674 autem
3081 637 3198 691 ego,
3224 622 3315 676 sed
3338 623 3508 694 gratia

1933 703 2032 758 Dei
2057 723 2252 760 mecum
2278 707 2296 774 (
2313 707 2330 760 Ι
2359 707 2481 762 Cor.
2509 724 2598 774 xv,
2627 708 2716 778 lO)
2748 727 2760 763 :
2793 719 2868 773 et,
2901 707 3308 763 Misericordiam
3333 727 3508 765 conse-

1932 805 2082 849 cutus
2103 813 2244 862 sum,
2275 808 2330 851 ut
2355 797 2527 866 ﬁdelis
2554 814 2714 851 essem
2742 799 2797 865 (l
2820 799 2939 852 Cor.
2963 815 3035 853 vn
3053 840 3067 863 ,
3092 799 3210 868 25).
3243 801 3510 856 Ecclesia-

1931 885 2066 942 stica
2089 889 2268 958 regula
2309 897 2397 942 est
2428 905 2440 942 :
2479 889 2737 942 Habemus
2768 887 2786 926 ι
2820 900 2990 943 autem
3021 892 3317 946 thesaurum
3353 893 3508 946 istum

1933 977 1986 1030 in
2010 978 2143 1031 vasis
2172 979 2433 1048 ﬁctilibus,
2464 989 2519 1033 ut
2547 980 2837 1036 sublimitas
2865 981 3066 1036 virtutis
3092 983 3157 1036 sit
3180 981 3300 1053 Dei,
3332 991 3379 1036 et
3408 998 3509 1036 non

1931 1086 1995 1123 ex
2027 1070 2172 1123 nobis
2198 1070 2278 1140 (ll
2307 1071 2426 1125 Cor.
2460 1087 2534 1136 tv,
2565 1072 2643 1140 7).
2677 1073 3119 1129 InEeclesiastica
3164 1077 3347 1145 regula
3387 1085 3505 1130 est:

1933 1159 2114 1214 Gratia
2138 1163 2321 1216 saluati
2343 1163 2466 1217 estis
2489 1180 2578 1231 per
2603 1164 2778 1232 ﬁdem,
2814 1177 2860 1218 et
2889 1166 2984 1220 hoc
3012 1183 3115 1220 non
3139 1183 3201 1221 ea:
3225 1166 3386 1236 vobis,
3410 1167 3510 1221 Dei

1932 1254 2068 1305 enim
2088 1253 2281 1306 donum
2309 1264 2413 1320 est;
2445 1272 2546 1308 non
2574 1272 2637 1309 ea:
2659 1257 2892 1327 operibus
2909 1296 2922 1320 ,
2953 1275 3017 1311 ne
3047 1261 3177 1328 forte
3199 1263 3315 1330 quis
3342 1261 3508 1314 extol-

1932 1343 2070 1399 latur
2095 1344 2312 1414 (Ephes.
2332 1361 2392 1406 ιι.
2419 1347 2497 1415 8).
2527 1348 2900 1403 Ecclesiastiea
2925 1351 3109 1418 regula
3130 1361 3212 1406 est
3234 1368 3247 1404 :
3274 1350 3340 1404 In
3366 1353 3510 1405 nullo

1934 1436 2232 1488 terreamini
2255 1435 2317 1488 ab
2345 1436 2684 1499 adversariis,
2716 1454 2828 1504 qua:
2855 1449 2925 1493 est
2951 1441 3056 1494 illis
3085 1457 3236 1494 causa
3269 1443 3512 1511 perditio-

1934 1523 2033 1587 nis,
2064 1532 2093 1560 ιι
2123 1525 2263 1578 vobis
2295 1534 2464 1579 autem
2499 1528 2708 1593 salutis,
2735 1538 2782 1581 et
2802 1529 2896 1583 hoc
2924 1547 2956 1582 a
2987 1528 3096 1584 Deo
3126 1547 3144 1585 :
3172 1540 3196 1564 θ
3226 1534 3344 1601 quia
3379 1533 3513 1586 vobis

1932 1615 2184 1668 donatum
2208 1623 2281 1670 est
2308 1633 2399 1683 pro
2427 1615 2658 1679 Christo,
2691 1633 2790 1670 non
2821 1619 2988 1672 solum
3016 1629 3071 1673 ut
3103 1620 3156 1672 in
3185 1635 3300 1673 eum
3324 1621 3509 1673 creda-

266 1711 504 1765 datorum
545 1708 662 1773 Dei,
690 1707 1324 1776 consummationemque
1356 1707 1609 1760 virtutum
1640 1707 1836 1762 divinae
1865 1711 1912 1771 B
1940 1708 2026 1772 tis,
2057 1707 2146 1761 sed
2174 1709 2327 1761 etiam
2352 1718 2406 1761 ut
2437 1710 2704 1776 patiamini
2729 1726 2822 1778 pro
2849 1727 2908 1764 eo
2935 1711 3166 1781 (Philip.
3196 1728 3234 1779 ι,
3267 1713 3379 1780 28).
3412 1712 3514 1767 Ec-

265 1799 440 1866 grzitite
468 1795 834 1866 deputandum
865 1794 1077 1866 (Collat.
1108 1797 1192 1859 l5,
1224 1811 1271 1847 c.
1303 1795 1388 1865 ιι)
1427 1813 1438 1847 :
1470 1796 1612 1864 quod
1647 1807 1702 1851 et
1736 1811 1834 1850 nos

266 1887 666 1958 promptissime
700 1885 1046 1942 conﬁtemur.
1079 1885 1144 1939 Et
1179 1887 1616 1940 commemoratis
1647 1900 1835 1940 exem-

271 1982 359 2049 plis
382 1979 456 2034 de
486 1979 728 2041 Balaam,
759 1992 919 2046 quem
949 1977 1212 2030 volentem
1249 1985 1270 2013 ι
1304 1975 1488 2029 lsraeli
1517 1976 1837 2030 maledicere

269 2071 396 2124 Deus
424 2072 481 2123 in
509 2067 904 2123 benedictionis
930 2066 1094 2120 verba
1117 2065 1455 2120 transtulerit
1473 2065 1840 2134 (Numam);

267 2169 315 2213 et
349 2158 416 2215 de
475 2158 826 2224 Abimelech,
877 2157 966 2226 qui
1009 2170 1232 2224 peccare
1278 2171 1385 2210 non
1434 2157 1729 2223 permissus
1769 2158 1840 2211 sit

267 2246 359 2304 din
387 2248 699 2304 Rebeccam
732 2246 885 2318 (Gen.
921 2245 1099 2317 sava);
1131 2254 1184 2300 et
1213 2245 1282 2300 de
1302 2244 1503 2315 Josepli
1528 2259 1558 2300 a
1582 2246 1839 2301 fratribus

268 2339 501 2402 vendito,
528 2352 760 2408 quorum
797 2336 987 2390 malam
1022 2337 1350 2390 voluntatem
1375 2336 1427 2390 in
1460 2335 1656 2390 bonum
1698 2336 1839 2390 Deus

272 2441 292 2467 °
309 2431 526 2486 verterit
543 2427 753 2500 (Cenes.
777 2425 987 2498 xxxvn)
1007 2443 1019 2480 :
1037 2426 1267 2482 recurrit
1287 2425 1354 2482 ad
1375 2427 1838 2481 conllrmationem

271 2521 595 2576 deﬁnitionis
621 2534 759 2584 suae,
791 2529 847 2572 ut
877 2518 1104 2572 liberum
1136 2517 1449 2584 arbitrium,
1477 2518 1621 2587 quod
1651 2519 1841 2588 gratiae

267 2627 320 2667 se
361 2613 495 2666 dicit
537 2610 782 2680 iungere,
824 2624 852 2662 a
891 2621 1044 2679 parte
1082 2607 1312 2678 quadam
1351 2607 1569 2663 humani
1603 2609 1835 2678 generis,

266 2712 518 2773 quantum
542 2703 596 2756 in
622 2703 740 2770 ipso
770 2711 873 2765 est,
890 2701 1118 2766 auferat,
1136 2700 1263 2754 etin
1285 2699 1514 2768 quadam
1541 2709 1691 2766 parte
1711 2713 1840 2753 con-

265 2797 474 2860 stituat,
517 2793 707 2849 dicens
740 2811 753 2845 :
789 2792 918 2847 Ilaec
952 2794 1086 2846 enim
1118 2794 1243 2857 duo,
1274 2792 1327 2844 id
1351 2802 1454 2858 est,
1495 2789 1513 2828 ί
1548 2792 1624 2845 vel
1650 2789 1837 2861 gratia,

264 2888 333 2941 rel
367 2886 595 2942 liberum
633 2885 931 2949 arbitrium,
972 2885 1071 2937 sibi
1112 2884 1314 2952 quidem
1356 2884 1568 2936 invicem
1606 2883 1842 2936 videntur

264 2980 504 3044 adversa;
534 2979 623 3032 sed
651 2987 676 3024 8
707 2985 918 3046 utraque
948 2978 1285 3041 concordant,
1315 2985 1360 3031 et
1391 2988 1606 3045 utraque
1635 2993 1726 3030 nos
1751 2993 1842 3046 pa-

1937 1799 2244 1856 clesiaslica
2283 1802 2466 1871 regula
2510 1811 2592 1856 est
2622 1820 2634 1854 :
2668 1811 2695 1852 ι’
2721 1801 2852 1856 Cum
2895 1804 3076 1856 timore
3107 1813 3153 1857 et
3191 1813 3405 1859 tremore
3435 1821 3512 1858 rc-

1934 1897 2098 1943 stram
2137 1889 2362 1958 ipsorum
2401 1889 2614 1944 salutem
2655 1892 2961 1962 aperantini.
3001 1890 3137 1945 Deus
3169 1895 3304 1946 enim
3331 1904 3403 1947 est
3428 1896 3514 1962 qui

1937 1992 2174 2051 aperatur
2205 1991 2234 2031 ιι
2261 1983 2314 2036 in
2345 1983 2490 2036 nobis
2513 1997 2560 2037 et
2587 1982 2718 2038 velle
2741 1993 2789 2038 et
2817 1985 3019 2054 aperari
3047 2002 3139 2051 pro
3163 1981 3293 2040 bona
3329 1989 3512 2041 volun-

1938 2083 2039 2127 tate
2069 2072 2302 2143 (Philip.
2347 2091 2416 2139 ιι,
2453 2074 2562 2144 l2).
2600 2073 2978 2130 Ecclesiastica
3013 2077 3195 2146 regula
3231 2087 3358 2132 est:
3392 2078 3515 2132 Non

1936 2166 2058 2235 quia
2085 2165 2258 2219 idonei
2286 2182 2462 2220 sumus
2490 2167 2714 2238 cogitare
2740 2165 2942 2235 aliquid
2971 2176 2995 2205 τ
3022 2183 3054 2220 a
3079 2169 3254 2235 nobis,
3282 2170 3428 2238 quasi
3453 2186 3516 2222 ex

1937 2256 2101 2322 nobis,
2129 2257 2217 2310 sed
2236 2256 2536 2324 sufﬁcientia
2563 2268 2738 2310 nostra
2767 2273 2830 2311 es;
2859 2257 2965 2311 Deo
2985 2269 3057 2312 est
3078 2257 3153 2326 (l‘l
3177 2258 3294 2312 Cor.
3321 2274 3408 2326 ιιι,
3435 2259 3512 2327 5).

1939 2347 2089 2401 Hane
2115 2347 2353 2416 regulam
2385 2345 2559 2401 ﬁrmat
2590 2355 2611 2382 '
2642 2348 2898 2403 Dominus
2925 2349 3129 2416 dicens,
3162 2349 3328 2404 Nemo
3354 2360 3516 2421 potest

1937 2438 2106 2492 venire
2129 2436 2197 2492 ad
2223 2452 2333 2503 me,
2366 2438 2464 2491 nisi
2494 2437 2673 2490 datum
2703 2439 2856 2507 fuerit
2882 2440 2928 2491 ei
2957 2455 2989 2491 a
3011 2438 3168 2493 Patre
3194 2456 3302 2494 meo
3331 2439 3509 2495 (Joan.

1937 2543 2019 2592 vr,
2046 2524 2137 2596 66)
2164 2545 2179 2581 :
2210 2537 2294 2591 et,
2325 2525 2486 2580 Omne
2513 2528 2649 2596 quod
2676 2527 2766 2581 dat
2792 2529 2917 2582 mihi
2948 2528 3107 2583 Pater
3133 2528 3152 2566 ⁸
3186 2532 3315 2584 venit
3339 2531 3409 2583 ad
3436 2549 3515 2585 me

1940 2614 2136 2685 (Ibid.,
2166 2613 2258 2684 37)
2287 2633 2299 2669 :
2328 2625 2381 2670 et
2401 2653 2416 2680 ,
2453 2615 2577 2670 Sine
2610 2633 2689 2669 me
2725 2618 2852 2670 nihil
2885 2621 3092 2689 potestis
3129 2621 3295 2689 facere
3326 2622 3512 2692 (Joan.

1938 2720 2026 2766 xv,
2049 2703 2102 2776 5)
2122 2714 2222 2767 :et,
2240 2704 2358 2758 Non
2377 2722 2464 2759 vos
2488 2721 2567 2759 me
2583 2705 2832 2776 elegistis,
2853 2706 2945 2760 sed
2967 2722 3059 2777 ego
3080 2707 3210 2777 elegi
3232 2725 3316 2761 vos
3336 2708 3519 2777 (Ibid.,

1939 2791 2029 2861 16)
2056 2812 2069 2847 :
2097 2801 2172 2859 et,
2196 2794 2361 2848 Nemo
2384 2797 2524 2849 novit
2545 2794 2761 2861 Filium,
2791 2798 2892 2851 nisi
2912 2796 3102 2862 Pater;
3129 2815 3291 2869 neque
3308 2798 3522 2852 Patrem

1937 2886 2052 2952 quis
2083 2887 2247 2948 novit,
2290 2887 2392 2940 nisi
2414 2886 2602 2951 Filius,
2635 2896 2683 2940 et
2709 2890 2792 2942 cui
2819 2888 3041 2942 voluerit
3083 2889 3247 2944 Filius
3285 2891 3522 2945 revelare

1940 2974 2146 3045 (.llatth.
2175 2993 2247 3042 ιιι,
2276 2977 2374 3042 27;
2398 2978 2523 3032 Luc.
2552 2996 2605 3041 ιι,
2633 2980 2724 3050 22)
2754 2990 2860 3045 :et,
2892 2979 3035 3035 Sicut
3062 2981 3222 3035 Pater
3247 2995 3270 3021 ιι
3293 2983 3521 3048 viviﬁcat

265 3073 378 3126 riter
402 3071 592 3125 debere
619 3066 648 3106 ιι
674 3070 933 3136 suscipere
958 3069 1160 3135 pietatis
1188 3068 1387 3121 ratione
1419 3068 1708 3136 colligimus
1733 3081 1751 3119 :
1779 3082 1840 3119 ne
1865 3064 1911 3127 C
1941 3075 2191 3132 mortuos,
2216 3066 2288 3118 ita
2309 3074 2355 3119 et
2377 3063 2426 3117 F
2431 3065 2550 3119 ilius
2571 3081 2695 3133 quos
2720 3065 2847 3132 vult,
2871 3067 3089 3135 viviﬁcat
3112 3065 3289 3138 (Joan.
3313 3083 3366 3131 v,
3387 3067 3512 3136 21):

265 3181 413 3218 unum
447 3163 634 3217 horum
673 3161 863 3214 homini
898 3159 1283 3228 subtrahentes,
1324 3161 1680 3214 ecclesiastij
1715 3160 1838 3227 ﬁdei

264 3259 487 3325 regulam
513 3253 784 3307 execuisse
810 3251 1092 3305 videamur.

327 3347 377 3400 2.
407 3356 425 3384 ι
463 3343 854 3399 Εοειθδὶειειιοω
877 3342 998 3396 ﬁdei
1022 3342 1200 3411 regula
1223 3351 1325 3408 est,
1351 3342 1830 3409 prazdicanteApo-

263 3437 393 3489 stolo
430 3452 444 3486 :
481 3432 648 3486 Nemo
676 3440 838 3499 potest
867 3431 1034 3484 dicere
1060 3430 1338 3484 Dominum
1367 3429 1543 3484 Iesum
1576 3433 1590 3479 l
1617 3470 1632 3494 ,
1663 3431 1760 3483 nisi
1782 3446 1835 3482 tn

265 3526 462 3596 Spiritu
491 3534 670 3578 sancto
698 3524 752 3593 (l
783 3523 901 3578 Cor.
928 3539 1032 3586 xu,
1066 3524 1148 3591 5).
1182 3521 1204 3559 ι
1239 3523 1620 3578 Ecclesiasﬁca
1656 3523 1834 3592 regula

262 3625 364 3673 est:
385 3615 532 3683 Quid
549 3625 718 3670 autent
738 3613 892 3669 habes
912 3615 1048 3686 quod
1069 3630 1170 3669 non
1189 3614 1424 3684 accepisti
1446 3613 1500 3684 (ι
1517 3614 1636 3671 Cor.
1655 3630 1729 3680 tv,
1745 3614 1835 3684 7)?

261 3830 371 3885 liter
396 3832 583 3898 legere
612 3836 695 3883 est
739 3827 792 3881 in
832 3826 1158 3882 Coloniensi.
1195 3825 1294 3882 Ms.
1320 3824 1454 3894 .lol.,
1492 3834 1820 3894 augmentum

259 3917 357 3954 sua:
380 3899 605 3954 voluerit
635 3898 942 3967 deﬁnitionis
962 3908 1156 3968 aptare.

322 3980 347 4006 ει
379 3972 498 4025 Sic.
542 3985 671 4022 mss.
698 3965 890 4030 Corb.,
934 3965 1139 4037 liémig.
1179 3975 1233 4021 et
1271 3966 1567 4037 Jol.,77cum
1603 3965 1744 4035 Mog.
1777 3972 1831 4020 et

259 4039 386 4095 Ven.
422 4041 659 4102 Reliqui,
687 4039 938 4101 trahatur,
964 4048 1010 4091 et
1037 4036 1197 4091 invita
1225 4036 1579 4102 compellatur.

322 4109 347 4148 ι’
379 4111 531 4163 Edit.
567 4104 755 4177 Lugd"
787 4108 1012 4174 Luvan.,
1043 4108 1208 4162 Duae.
1234 4118 1286 4161 et
1308 4107 1519 4171 Colon.,
1542 4104 1769 4177 subjicit.

327 4191 347 4218 ε
383 4178 536 4233 Εάίι.
562 4175 752 4246 Lugd”
779 4177 1002 4241 L0van.,
1034 4178 1192 4232 Duae.
1223 4185 1277 4230 et
1304 4177 1517 4240 Colum,
1546 4175 1820 4228 Israelitis.

318 4246 346 4285 ά
379 4249 468 4303 lia
508 4245 854 4310 inss.’Corb.,
888 4247 1097 4315 Remig.
1136 4256 1191 4301 et
1218 4247 1503 4309 Jolicnsis,
1533 4261 1654 4315 cmn
1687 4245 1821 4297 edit.

258 4317 504 4386 Mugttttt.
527 4327 582 4372 et
606 4317 736 4371 Ven.
764 4318 930 4386 Lugd.
957 4329 1014 4371 et
1038 4314 1140 4372 hac
1166 4319 1511 4386 posteriores,
1538 4317 1591 4368 in
1615 4314 1823 4370 Saram.

256 4386 400 4442 Idem
464 4386 752 4456 contigisse
797 4387 1423 4456 narratnrAbimeleclio
1469 4401 1592 4454 erga
1637 4386 1824 4439 Saram

256 4459 538 4512 Geneseos
565 4455 682 4523 cap.
711 4472 800 4520 xx,
831 4465 885 4509 et
912 4471 1036 4524 erga
1057 4455 1355 4511 Rebeccam
1384 4471 1502 4524 cap.
1534 4470 1678 4510 xxvr.

323 4536 347 4596 ς
381 4527 491 4580 Ms.
515 4525 762 4596 Jnliensis
788 4527 1085 4596 cmnﬁedit.
1117 4527 1348 4596 Mogunt.
1380 4538 1432 4580 et
1465 4526 1622 4587 Ven.,
1657 4525 1823 4577 vertit.

327 4594 347 4634 ί
384 4597 536 4650 ΕιΙιι.
578 4595 810 4662 Mogunt.
850 4604 904 4648 et
928 4594 1083 4660 Ven.,
1126 4596 1179 4648 id
1209 4594 1291 4649 'est
1331 4597 1498 4664 gratia
1538 4605 1585 4648 et
1612 4597 1824 4648 liberum

256 4665 553 4719 arbitrium.
587 4665 754 4733 Lugd.
777 4672 926 4719 caret
946 4680 1073 4719 voce
1101 4667 1155 4717 id
1175 4676 1266 4729 est,
1300 4665 1561 4735 habetque
1582 4681 1701 4720 cmn
1725 4680 1823 4719 ca:-

259 4741 408 4800 teris,
446 4738 525 4787 vel
552 4738 736 4804 gratia,
769 4739 841 4789 vel
872 4735 1083 4787 liberum
1112 4737 1399 4789 arbitrium.

323 4815 350 4852 ε
385 4807 493 4859 Ms.
521 4805 795 4872 Jdlien‘sis,
828 4811 1096 4873 utrumque
1120 4810 1428 4871 concordat,
1462 4815 1508 4858 et
1539 4816 1826 4873 utrumque.

322 4875 353 4910 ιι
381 4874 533 4928 Edit.
560 4874 720 4926 Duae.
742 4886 797 4930 et
821 4873 1038 4936 Colon.,
1069 4877 1342 4941 suspicere.
1373 4912 1386 4927 .
1416 4913 1428 4925 .
1458 4914 1469 4926 .
1497 4876 1827 4943 collegimus:

256 4945 356 4998 hoc
387 4945 640 4997 ultimum
673 4961 789 4997 cum
814 4943 978 5010 Lugd.
1003 4952 1059 4998 et
1080 4944 1208 4997 Luv.
1233 4959 1513 4997 commune
1542 4945 1824 4997 habentes.

329 5017 344 5052 ί
381 5014 483 5069 Sic
510 5028 638 5067 mss.
668 5012 852 5078 Corb.,
886 5014 1093 5082 Remig.
1126 5023 1179 5068 et
1202 5013 1333 5073 Jol.,
1359 5029 1478 5067 cum
1509 5015 1744 5082 Mogunt.
1775 5026 1828 5066 et

257 5083 391 5139 Ven.
426 5084 501 5138 At
530 5083 720 5151 Lugd.,
756 5085 980 5148 Lovan.,
1015 5083 1176 5137 Duae.
1218 5093 1273 5138 et
1298 5084 1488 5138 Colon.
1523 5083 1609 5137 hic
1643 5085 1824 5148 etiam,

256 5167 309 5209 ut
342 5157 394 5208 in
424 5155 591 5215 serie,
620 5152 980 5206 Ecclesiastica
1010 5154 1183 5222 regula
1208 5163 1303 5206 est.

325 5225 342 5275 i
386 5227 518 5276 Mss.
551 5223 714 5276 Corb.
746 5236 799 5277 et
831 5223 1034 5291 Remig.
1066 5238 1184 5276 cum
1212 5227 1444 5290 Mogunt.
1479 5230 1534 5276 et
1564 5222 1697 5276 Ven.
1732 5222 1825 5275 ad-

254 5294 392 5346 dunt
430 5293 520 5346 hic
560 5307 745 5346 vocem
783 5291 1068 5359 Christum,
1111 5308 1230 5361 quae
1268 5296 1417 5348 abest
1456 5308 1484 5345 τι
1523 5293 1734 5348 ceteris
1773 5302 1828 5348 et

255 5374 411 5419 textu
446 5363 682 5431 Apostoli
711 5361 898 5417 Graeco
927 5373 978 5416 et
1006 5365 1210 5415 Latino.

323 5433 352 5472 ι
387 5433 528 5485 Tota
574 5434 687 5486 haec
725 5433 987 5485 sententia
1035 5451 1047 5485 :
1099 5431 1459 5484 Ecclesiaslica
1506 5433 1682 5502 regula
1724 5442 1829 5496 est;

257 5505 400 5569 Quid
430 5511 620 5564 autem,
652 5509 781 5563 etc.,
810 5518 977 5562 usque
1005 5502 1070 5554 ad
1094 5543 1108 5563 ,
1138 5503 1284 5569 quasi
1307 5518 1406 5553 non
1433 5503 1703 5571 acceperis,
1738 5518 1830 5554 ex-

253 5577 468 5628 ciderat
494 5574 559 5623 ab
588 5572 823 5624 editione
852 5571 1055 5639 Lngd.;
1093 5573 1283 5639 legitur
1320 5573 1369 5623 in
1399 5573 1518 5624 aliis
1558 5573 1827 5624 omnibus.

339 5643 356 5682 ι
388 5643 519 5696 uss.
557 5641 761 5702 licinig.
805 5651 858 5693 et
888 5641 992 5694 Jul.
1028 5656 1148 5696 cum
1181 5641 1414 5715 Mognnt.
1462 5652 1517 5696 ct
1557 5641 1688 5696 Ven.
1731 5643 1828 5694 ad-

542 5740 810 5799 PATROL.
854 5733 946 5798 LI.

1939 3166 2013 3220 et.
2040 3156 2230 3210 Beatus
2250 3171 2324 3221 es,
2349 3155 2533 3213 Simon
2558 3154 2810 3225 Barjona,
2829 3157 3069 3227 quoniam
3089 3174 3205 3211 caro
3231 3169 3278 3212 et
3306 3161 3516 3229 sanguis

1939 3264 2040 3303 non
2080 3248 2318 3302 reuelauit
2363 3247 2488 3314 tibi,
2527 3246 2616 3302 sed
2659 3245 2818 3301 Pater
2853 3263 3016 3315 meus,
3065 3249 3154 3319 qui
3194 3250 3246 3302 in
3277 3251 3414 3303 caelis
3443 3258 3517 3303 est

1941 3340 2159 3411 (Matth.
2185 3355 2301 3406 xvi,
2333 3339 2447 3410 l7).

2011 3435 2063 3488 5.
2103 3432 2214 3487 Hae
2252 3431 2434 3502 regula
2468 3431 2598 3486 nulli
2636 3431 2912 3486 hominum
2953 3431 3192 3487 aufertur
3237 3433 3512 3497 voluntas;

1941 3522 2062 3589 quia
2103 3523 2273 3576 virtus
2307 3522 2493 3590 gratire
2524 3537 2629 3576 non
2659 3521 2761 3576 lioc
2795 3522 2846 3575 ln
2875 3521 3236 3577 voluntatibus
3263 3537 3516 3590 operatur

1942 3621 2000 3665 ut
2028 3625 2134 3666 non
2163 3610 2302 3678 sint,
2337 3611 2431 3666 sed
2459 3619 2520 3666 ut
2543 3624 2611 3667 ex
2642 3612 2794 3667 malis
2821 3611 3008 3680 bonas,
3038 3621 3087 3668 et
3116 3628 3182 3668 ex
3210 3612 3516 3669 inﬁdelibus

1937 3824 2072 3877 dunt
2098 3832 2294 3888 autem,
2313 3821 2455 3888 quod
2483 3837 2512 3874 a
2543 3821 2756 3876 caeteris
2781 3821 2988 3876 aberat.
3020 3822 3183 3877 Iidem
3213 3824 3432 3878 codices
3459 3837 3515 3879 et

1935 3909 2038 3947 ms.
2069 3893 2258 3954 Corb.,
2287 3901 2343 3944 ut
2372 3892 2658 3945 sublimitas
2688 3892 2887 3944 virtutis
2913 3893 2978 3943 sit
3003 3891 3118 3954 Dei,
3149 3894 3290 3961 quod
3319 3895 3516 3960 legitur

1932 3966 1985 4017 in
2012 3973 2154 4018 textu
2180 3980 2192 4016 :
2226 3978 2321 4030 pro
2341 3977 2449 4029 quo
2473 3961 2715 4031 Lugdun.
2745 3974 2794 4014 et
2830 3977 2894 4014 eo
2919 3963 3289 4024 trecentiores.
3341 3975 3396 4016 ut
3420 3982 3513 4017 su-

1934 4034 2199 4086 blimitatis
2239 4035 2303 4083 sit
2345 4032 2541 4085 virtutis
2583 4031 2696 4086 Dei.
2740 4031 3019 4087 Prioribus
3063 4035 3301 4087 concinit
3334 4043 3512 4088 textus

1932 4103 2150 4159 Gnaeus
2177 4102 2437 4168 Apostoli.

2000 4183 2039 4210 ω
2073 4173 2197 4226 Hice
2236 4173 2431 4231 iterum
2468 4172 2732 4225 sententia
2763 4173 2939 4225 nnnnis
2984 4173 3135 4226 abest
3172 4189 3200 4226 a
3237 4174 3404 4243 Lugd.
3455 4175 3508 4231 ln

1928 4244 2132 4298 Lovan.
2156 4284 2171 4308 ,
2206 4243 2369 4295 Duae.
2399 4253 2451 4296 et
2480 4243 2665 4294 Colon.
2691 4284 2705 4307 ,
2738 4243 2889 4295 abest
2923 4258 3022 4296 vos
3050 4249 3203 4311 forte.
3241 4247 3363 4299 Mss.
3398 4246 3506 4300 Re-

1929 4316 2056 4382 mig.
2087 4323 2138 4367 et
2164 4313 2268 4367 Jol.
2304 4327 2400 4377 pro
2425 4313 2607 4364 salvati
2634 4313 2773 4365 estis.
2807 4313 3023 4378 habent,
3053 4314 3185 4367 salvi
3214 4316 3339 4386 facti
3365 4319 3506 4371 estis.

1998 4394 2025 4420 υ
2059 4383 2200 4437 Edit.
2233 4382 2424 4437 Lucil”
2457 4383 2600 4435 nobis
2627 4395 2815 4434 autem.

1998 4394 2025 4420 υ
2059 4394 2200 4437 Edit.
2233 4394 2424 4444 Lugtl.,
2457 4394 2600 4435 nobis
2627 4395 2815 4434 autem.

2001 4397 2025 4420 η
2059 4397 2200 4437 lauit.
2233 4397 2424 4452 Lugu..
2457 4397 2600 4435 novis
2627 4397 2815 4434 autem.

2001 4463 2025 4490 ο
2056 4453 2130 4508 lta
2170 4467 2299 4506 mss.
2339 4451 2500 4505 Corb.
2543 4467 2664 4505 cum
2702 4453 2830 4506 edit.
2865 4452 3101 4514 Mogunt.
3147 4462 3201 4506 et
3232 4454 3368 4510 Ven.
3407 4456 3507 4510 Ms.

1929 4523 2218 4584 Joliensis,
2260 4521 2409 4574 Vobis
2444 4522 2576 4574 enini
2612 4523 2861 4574 donatum
2900 4531 2972 4574 est
3013 4539 3104 4592 pro
3143 4522 3366 4578 Christo.
3408 4527 3505 4581 Ms.

1932 4594 2164 4660 licmig.,
2194 4593 2350 4646 Vobis
2368 4592 2497 4662 enim
2514 4592 2853 4662 donatumest
2874 4609 2903 4644 a
2927 4592 3145 4645 Christo.
3175 4593 3374 4662 Lugd"
3407 4596 3510 4650 Vo-

1857 4637 1905 4694 Ι)
1933 4637 2216 4716 diﬁcia
2239 4637 3503 4733 ;.'¢"p'.'.:'c'/.;;.'aufras;facultatis";

1938 4734 2070 4800 Quia
2099 4733 2235 4786 vobis
2263 4728 2437 4784 datum
2463 4741 2534 4784 est
2561 4746 2650 4800 per
2673 4728 2952 4783 Christum.

2007 4815 2033 4852 ι)
2066 4803 2203 4855 Edit.
2249 4803 2486 4870 Mogunt.
2529 4799 2583 4855 et
2615 4799 2781 4863 Ven.,
2827 4801 2952 4855 Cum
2995 4812 3129 4855 metu
3176 4814 3223 4857 et
3271 4816 3506 4858 tremore.

1938 4873 2122 4925 Plures
2165 4873 2407 4932 codices,
2441 4887 2556 4920 cum
2586 4878 2802 4923 tremore
2835 4882 2882 4924 et
2919 4873 3119 4925 timore.
3164 4875 3290 4928 Mss.
3321 4875 3460 4929 Corb
3490 4918 3505 4940 ,

1933 4943 2142 5006 licinig.
2175 4955 2226 4994 et
2256 4941 2359 4994 Jul.
2396 4949 2452 4992 ut
2481 4940 2529 4991 in
2562 4950 2728 4991 textu.

2007 5022 2034 5060 ιι
2068 5012 2206 5084 Edigi
2242 5013 2469 5078 Mngnnt.
2507 5020 2559 5084 et
2585 5008 2742 5084 νειμ,
2772 5010 2823 5062 in
2843 5011 3002 5078 vobis,
3033 5023 3090 5066 ut
3116 5015 3252 5084 apud
3282 5017 3513 5082 Aposto-

1933 5081 2063 5136 lum.
2104 5081 2204 5134 Alii
2235 5084 2468 5141 codices,
2502 5079 2554 5131 in
2585 5079 2747 5132 nobis.

2010 5156 2034 5184 '
2062 5152 2191 5205 MSS.
2229 5149 2333 5204 Jol.
2363 5159 2416 5204 et
2444 5149 2649 5214 Retttig.
2669 5192 2684 5216 ,
2709 5165 2741 5201 a
2771 5149 2942 5208 nobis.
2972 5153 3118 5218 quasi
3155 5169 3218 5205 ex
3246 5155 3512 5207 nobismet-

1934 5223 2079 5288 ipsis.
2097 5221 2302 5293 Lugd.,
2333 5219 2557 5284 Lovan.,
2581 5219 2746 5273 Duac.
2772 5229 2828 5273 et
2847 5219 3057 5287 Colon,
3084 5239 3143 5275 ea:
3170 5223 3333 5286 nobis,
3365 5228 3511 5293 quasi

1930 5308 1993 5345 ea;
2022 5292 2163 5343 nobis
2192 5293 2334 5358 ipsis.

2009 5368 2029 5394 ³
2068 5357 2217 5413 Edil.
2258 5361 2494 5426 Mogunt.
2536 5369 2587 5413 et
2619 5357 2788 5421 Ven.,
2818 5359 3085 5425 conﬁrmat
3117 5358 3364 5415 Dominus
3403 5377 3423 5417 :
3457 5375 3511 5418 et

1935 5429 2096 5492 infra,
2126 5431 2299 5482 clatum
2323 5433 2478 5499 fuerit
2502 5446 2520 5492 ;
2548 5430 2746 5494 absque
2774 5443 2904 5480 voce
2930 5431 2993 5499 ei.

2011 5501 2028 5535 ί
2059 5500 2154 5553 Ms.
2180 5500 2283 5552 Jul.
2315 5498 2435 5552 eum
2467 5499 2594 5552 cdit.
2625 5499 2859 5562 Mngnnt.
2885 5508 2938 5549 ct
2965 5498 3119 5564 Ven.,
3143 5500 3210 5552 ad
3233 5517 3309 5554 me
3329 5505 3509 5558 veniet.

2008 5579 2033 5605 ⁸³
2065 5570 2159 5622 MS.
2196 5569 2447 5622 Juliensis
2479 5569 2625 5619 addit
2657 5567 2772 5630 hic,
2804 5571 2971 5619 sail'ilt
2998 5578 3014 5618 t
3046 5582 3270 5624 ttturlttos
3300 5583 3365 5627 et.
3396 5575 3510 5628 Cll:-

1937 5642 2036 5694 teti
2066 5642 2278 5695 codices
2306 5656 2409 5692 non
2443 5639 2660 5692 addunt.

2999 5728 3037 5784 8
