4030 6178
555 260 661 317 235

1781 257 1839 315 S.
1885 256 2220 315 PROSPERI
2260 258 2584 329 AQUITANI

3706 258 3813 319 230

556 375 665 429 sint
695 372 913 440 ﬁdeles;
947 382 971 411 ι
1003 382 1057 429 et
1086 388 1208 443 qua:
1242 386 1308 427 es
1338 370 1642 441 semetipsis
1670 377 1824 424 erant
1860 369 2128 433 tenebrae,
2162 370 2208 428 Α
2235 369 2362 425 deat
2388 371 2530 441 quod
2553 372 2669 427 huic
2697 370 2940 426 doctrina
2973 371 3222 427 meritum
3245 371 3423 428 libero
3454 372 3693 443 assignat
3727 389 3811 429 ar-

557 464 647 517 lux
679 463 984 518 efﬁciantur
1010 464 1064 519 in
1097 462 1352 528 Domino;
1384 461 1527 533 quod
1555 468 1825 516 mortuum
1856 469 1975 515 erat
2005 459 2136 512 vivi-

556 554 767 619 ﬁcatur,
783 554 922 624 quod
938 554 1151 623 jacebat
1167 554 1415 624 erigitur,
1431 553 1573 623 quod
1592 554 1826 624 perierat
1842 552 2135 608 invenitur.

556 641 585 682 δ
618 643 731 698 Hoc
762 644 814 696 in
845 644 1095 697 omnibus
1134 658 1356 713 prorsus
1393 641 1705 697 hominibus
1749 641 1840 711 qui
1877 649 2138 696 eruuntur

556 732 625 788 de
656 741 923 803 potestate
950 733 1110 804 327
1144 734 1521 798 tenebrarum,
1555 741 1609 785 et
1646 730 2042 786 transferuntur
2082 730 2136 784 in

558 838 777 890 regnum
809 821 935 877 Filii
963 824 1270 877 dilectionis
1304 823 1432 888 Dei,
1478 823 1596 877 sine
1622 821 1941 891 cujusquam
1981 835 2140 876 exce-

557 914 741 981 ptione
770 929 1039 981 personae.
1070 928 1227 983 agere
1258 913 1534 969 credimus
1561 912 1787 984 gratiam
1816 911 2134 968 Salvatoris.

555 1004 710 1069 Quia,
741 1004 878 1057 sicut
905 1004 991 1058 hic
1017 1002 1162 1058 idem
1194 1004 1576 1072 probabiliter,
1605 1002 1704 1058 sed
1734 1017 1840 1057 non
1871 1002 2139 1058 stabiliter

555 1094 829 1161 deﬁnivit,
891 1094 1122 1149 dicimus
1177 1105 1337 1165 atque
1390 1094 1752 1162 defendimus,
1811 1093 1934 1148 Non
1966 1093 2138 1147 solum

555 1196 786 1250 actuum,
808 1201 978 1240 verum
999 1187 1151 1241 etiam
1172 1186 1538 1259 cogitationum
1561 1185 1808 1239 bonarum
1824 1200 1888 1238 ea:
1904 1184 2011 1237 Deo
2031 1199 2137 1239 esse

554 1277 892 1346 principium,
931 1277 1018 1347 qui
1066 1276 1212 1330 nobis
1249 1285 1297 1330 et
1335 1276 1488 1330 initia
1514 1285 1709 1330 sanctae
1749 1275 2029 1330 voluntatis
2057 1276 2138 1329 in-

552 1369 734 1438 spirat,
768 1379 813 1421 et
849 1369 1085 1422 virtutem
1121 1377 1274 1438 atque
1321 1368 1756 1436 opportunitatem
1798 1381 1975 1420 eorum
2022 1383 2137 1438 quas

552 1466 687 1510 recte
721 1457 969 1527 cupimus,
1006 1456 1180 1509 tribuit
1226 1456 1522 1525 peragendi.
1555 1455 1718 1509 Omne
1739 1455 1874 1508 enim
1907 1465 1931 1493 ο
1959 1454 2136 1511 datum

550 1548 762 1617 bonum,
794 1558 842 1602 et
868 1566 1016 1604 omne
1059 1550 1247 1601 donum
1280 1552 1565 1619 perfectum
1602 1548 1866 1601 desursum
1909 1557 2005 1613 est,
2043 1548 2136 1602 de-

550 1640 792 1694 scendens
830 1651 862 1694 a
894 1639 1055 1694 Patre
1092 1624 1346 1693 luminum
1374 1638 1515 1709 (Jac.
1544 1654 1581 1703 ι,
1613 1638 1704 1709 17)
1731 1655 1744 1691 :
1774 1634 1862 1708 qui
1885 1647 1933 1690 et
1954 1639 2134 1707 incipit

2237 462 2418 530 bitrio,
2446 460 2478 500 ιι
2505 477 2613 533 quo
2646 463 3008 533 praeveniatur
3035 462 3228 532 gratia,
3274 477 3395 529 qua:
3436 463 3492 518 ei
3528 463 3813 521 famulatur

2238 552 2468 608 reddens
2495 552 2756 617 debitum,
2788 567 2898 608 non
2921 553 3206 607 conferens
3233 553 3397 625 328
3420 552 3655 609 donum?
3684 556 3813 623 Quae

2238 642 2479 698 definitio
2528 644 2581 698 in
2606 645 2981 713 episcoporum
3012 644 3313 699 Palatina:
3355 645 3591 714 synodo,
3646 649 3807 702 etiam

2243 731 2263 772 ί
2284 734 2499 803 Pelagio
2529 734 3016 790 anathematizante
3032 734 3277 788 damnata
3298 743 3404 790 est.
3432 733 3447 786 ἱ
3488 735 3546 789 in
3575 750 3641 791 eo
3667 738 3811 792 enim

2237 825 2328 894 qui
2360 825 2559 880 bonum
2591 828 2775 897 incipit
2806 827 2963 891 velle,
2992 836 3047 882 et
3074 829 3218 895 cupit
3243 827 3312 881 ab
3341 827 3621 897 iniquitate
3650 837 3813 900 atque

2238 928 2424 969 errore
2451 916 2751 982 discedere,
2782 917 3007 985 gratiam
3036 916 3132 972 Dei
3162 917 3264 971 hoc
3292 918 3467 985 ipsum
3495 920 3814 987 proﬁtemur

2237 1004 2471 1072 operari.
2503 1005 2765 1072 Quoniam
2791 1022 2824 1060 a
2853 1004 3078 1060 Domino
3101 1023 3301 1076 gressus
3331 1006 3553 1063 hominis
3577 1009 3815 1080 dirigun-

2239 1103 2341 1162 tur,
2370 1102 2419 1148 et
2458 1095 2594 1149 viam
2626 1098 2739 1168 ejus
2780 1098 2909 1151 volet
2951 1094 3071 1165 (Ps.
3098 1112 3285 1161 um,
3323 1096 3447 1167 23);
3476 1108 3553 1164 et,
3574 1098 3601 1137 ι
3633 1100 3816 1156 Ontnis

2236 1184 2317 1237 vir
2360 1183 2557 1238 videtur
2590 1185 2688 1239 sibi
2707 1186 2905 1255 justus,
2938 1186 3114 1257 dirigit
3146 1196 3317 1239 autem
3363 1188 3522 1243 corda
3565 1188 3816 1247 Dominus

2237 1271 2418 1343 (Prov.
2448 1289 2561 1343 XXI,
2588 1274 2681 1345 2);
2730 1287 2805 1345 et,
2838 1276 2883 1328 Α
2913 1275 3131 1330 Domino
3152 1276 3446 1347 diriguntur
3468 1295 3668 1349 gressus
3687 1283 3815 1350 viri;

2238 1362 2468 1417 mortalis
2495 1373 2665 1417 autem
2704 1364 2958 1430 quomodo
2980 1366 3220 1437 intelligit
3240 1367 3347 1421 vias
3374 1384 3496 1423 suas
3519 1368 3698 1439 (Prov.
3722 1389 3813 1439 xx,

2236 1453 2371 1522 24)?
2400 1452 2419 1492 1
2453 1455 2521 1509 Et
2545 1456 2685 1524 quod
2722 1456 2798 1510 ait
2834 1456 3130 1523 Apostolus
3158 1474 3172 1510 :
3206 1456 3328 1511 Non
3374 1459 3509 1512 enim
3546 1464 3815 1530 accepistis

2236 1544 2475 1611 spiritum
2494 1545 2751 1599 servitutis
2778 1544 2959 1599 iterum
2986 1547 3038 1600 in
3063 1547 3331 1612 timorem;
3359 1556 3399 1585 ω
3430 1548 3521 1602 sed
3547 1554 3815 1622 accepistis

2239 1633 2497 1702 Spiritum
2542 1635 2836 1704 adoptionis
2870 1644 2899 1673 ιι
2940 1635 3204 1706 ﬁliorum,
3258 1638 3315 1693 in
3358 1654 3461 1709 quo
3508 1640 3810 1710 clamamus,

547 1746 662 1800 quia
690 1731 821 1784 bona
853 1737 995 1794 sunt,
1017 1738 1067 1784 et
1094 1731 1417 1801 exsequitur;
1448 1737 1496 1782 et
1526 1742 1843 1785 consummat
1880 1732 1933 1785 in
1960 1732 2127 1785 nobis.
2160 1724 2208 1785 B
2234 1724 2377 1778 Abba
2410 1723 2571 1779 Pater
2594 1726 2770 1796 (Rom.
2794 1741 2909 1791 VIII,
2938 1727 3055 1795 15).

549 1822 603 1876 1η
633 1838 735 1891 qua
768 1821 1031 1877 sententia
1059 1821 1104 1875 si
1142 1828 1333 1875 auctor
1359 1819 1530 1890 ipsius
1560 1832 1925 1891 permaneret,
1956 1823 2131 1878 eccle-

545 1915 817 1969 siasticam
866 1914 1101 1983 regulam
1150 1928 1257 1967 non
1296 1912 1614 1977 excederet;
1656 1927 1834 1982 neque
1870 1914 2030 1969 simul
2076 1924 2132 1970 et

545 2004 715 2059 libero
759 2000 1035 2057 arbitrio‘l
1068 2001 1331 2065 infensus,
1375 2010 1431 2057 et
1471 2005 1659 2072 gratiae
1716 2003 1812 2059 Dei
1856 2011 2001 2058 esset
2047 2004 2132 2059 in-

543 2109 726 2163 gratus
756 2114 769 2151 :
799 2111 1026 2166 quorum
1059 2104 1084 2133 ⁶
1111 2095 1342 2149 duorum
1386 2093 1515 2149 dum
1562 2110 1727 2150 unum
1765 2096 1818 2150 in
1864 2095 2033 2151 Paulo
2074 2107 2126 2152 et

544 2189 812 2254 Mattliaao,
840 2188 984 2242 aliud
1013 2187 1067 2242 in
1095 2186 1354 2242 Zacchazo
1380 2194 1434 2242 et
1463 2185 1675 2243 latrone
1702 2186 1909 2242 indicat
1938 2202 2127 2255 Opera-

544 2289 679 2345 tum,
710 2294 819 2334 non
860 2278 1113 2349 intelligit
1146 2278 1200 2333 in
1247 2277 1349 2332 illis
1376 2291 1437 2333 se
1475 2277 1707 2334 liberum
1741 2278 2042 2345 arbitrium,
2073 2279 2126 2335 in

542 2369 661 2425 istis
685 2371 909 2441 gratiam
940 2369 1244 2425 sustulisse.

1166 2458 1392 2517 CAPUT
1424 2459 1514 2515 IX.

539 2550 731 2607 Contra
762 2552 1065 2606 Cassianum
1096 2551 1339 2622 probatur
1364 2567 1429 2605 ea:
1473 2550 1759 2622 scripturis
1792 2561 1837 2606 et
1882 2551 2125 2608 Ecclesia:

608 2623 1012 2696 definitionibus,
1049 2620 1252 2675 initium
1282 2620 1733 2696 bonte‘voluntatis
1763 2639 1870 2677 esse
1897 2642 1961 2679 ea:
2004 2642 2124 2696 gra-

606 2702 697 2747 t:a.
734 2692 936 2747 Primus
961 2694 1135 2757 homo,
1164 2703 1366 2747 creatus
1396 2692 1587 2763 absque
1614 2695 1752 2763 vitio,
1783 2704 1832 2748 et
1862 2692 2041 2763 potens
2071 2699 2124 2751 in

607 2763 739 2818 bono
785 2781 1127 2836 perseverare,
1146 2765 1189 2817 si
1218 2764 1387 2827 vellet,
1416 2762 1573 2836 libero
1600 2762 1813 2836 arbitrio
1833 2762 2065 2836 discessit
2091 2785 2122 2820 a

608 2836 738 2888 bono
766 2833 859 2888 {in
884 2851 984 2903 quo
1006 2843 1117 2905 post
1142 2843 1402 2905 peccatum
1424 2833 1556 2905 nihil
1575 2834 1835 2899 remansit,
1866 2835 1963 2887 nisi
1984 2837 2122 2904 quod

607 2906 675 2956 ad
700 2902 1034 2975 temporalem
1070 2904 1282 2974 pertinet
1308 2904 1481 2975 vitam.
1532 2902 1593 2954 In
1621 2919 1777 2972 quam
1804 2902 2122 2975 profundum

604 2974 813 3046 malum
838 2982 946 3027 tota
972 2973 1198 3046 fluuiana
1227 2985 1412 3046 natura
1439 2973 1775 3046 demersasit
1794 2973 1938 3028 illius
1981 2990 2117 3046 pra:-

601 3044 934 3097 tsaricatione.
991 3043 1231 3111 Deﬁnitio
1277 3044 1495 3109 septima
1542 3041 1826 3097 Cassiani:
1860 3041 2119 3098 Adamum

603 3125 715 3185 post
741 3113 1210 3185 praevaricationem
1240 3114 1499 3185 accepisse
1524 3112 1788 3167 scientiam
1829 3114 1975 3185 ntali,
2017 3132 2118 3170 non

602 3183 833 3237 amisisse
856 3185 1123 3237 scientiam
1150 3183 1287 3236 boni.
1316 3183 1610 3253 Refellitur.

602 3274 789 3347 [Alias.
828 3275 957 3330 CAP.
1002 3272 1167 3346 XVI.)
1200 3272 1249 3328 1.
1287 3274 1492 3330 Deinde
1519 3274 1718 3344 adjecit
1755 3292 1771 3329 :
1814 3274 1957 3331 Nam
2003 3292 2121 3331 cum

532 3368 713 3421 viderit
744 3383 837 3420 nos
862 3364 882 3405 ί
918 3366 1057 3420 Deus
1085 3367 1152 3420 ad
1184 3366 1371 3421 bonum
1397 3365 1524 3420 velle
1551 3368 1841 3436 deflectere,
1875 3371 2118 3432 occurrit,

532 3459 728 3529 dirigit,
769 3467 921 3527 atque
947 3458 1222 3527 confortat.
1261 3457 1342 3510 Ad
1377 3473 1553 3511 vocem
1590 3459 1725 3512 enim
1753 3458 1993 3513 clamoris
2022 3460 2119 3527 tui,

531 3552 699 3604 statim
723 3559 777 3604 ut
803 3550 1043 3612 audierit,
1066 3546 1390 3619 respondebit
1418 3548 1507 3601 tibi
1524 3545 1704 3616 (Isaia
1725 3565 1852 3615 xxx,
1878 3550 1967 3621 19)
1995 3567 2010 3605 :
2041 3559 2115 3617 et,

530 3643 719 3697 invoca
757 3658 855 3709 me,
883 3642 1071 3711 inquit,
1094 3642 1149 3695 in
1176 3642 1259 3695 die
1288 3640 1636 3696 tribulationis
1665 3649 1788 3707 tute,
1819 3652 1868 3697 et
1902 3645 2119 3716 eripiam

529 3745 596 3803 te,
626 3745 718 3789 ets
750 3734 1061 3807 glori/icabis
1096 3751 1174 3789 me
1195 3733 1367 3805 (Psal.
1400 3748 1547 3801 χιιι,
1581 3732 1694 3804 15).
1742 3734 1874 3801 Quis
1901 3750 2007 3792 non
2041 3738 2119 3792 vi-

598 3946 624 3973 ε
644 3937 735 3993 Sic
756 3933 1086 3996 mss.§Cnrb..
1103 3933 1311 4002 Remig.
1341 3943 1396 3988 et
1414 3932 1687 3998 Jol.,cum
1709 3930 1841 4002 edit.
1867 3931 2109 4001 Mogunt.

526 4016 580 4059 et
610 4007 746 4061 Ven.
777 4013 844 4060 At
874 4005 1064 4073 Lugd,
1094 4000 1320 4067 Lovanl,
1356 4006 1517 4055 Duae.
1548 4013 1599 4073 et
1625 4000 1916 4073 Colon.,et
1939 4000 2027 4070 qui
2049 4018 2113 4057 es

526 4078 805 4154 \emetipsis
846 4069 990 4128 erant
1030 4073 1276 4154 tenebrae2
1304 4073 1396 4126 lux
1431 4072 1721 4154 efficiantur
1755 4071 1807 4154 in
1846 4069 2067 4151 Domino
2089 4087 2109 4125 .'

525 4141 664 4213 q'uod
701 4141 965 4198 "mortuum
1007 4152 1113 4195 erat
1139 4144 1447 4210 viviﬁcetur,
1478 4142 1612 4211 quod
1631 4142 1837 4212 jacebat
1863 4141 2108 4210 erigatur,

527 4217 662 4286 quod
689 4216 905 4286 perierat
933 4214 1234 4286 inveniatur.
1289 4246 1305 4286 ε

596 4283 625 4322 ι’
655 4278 932 4339 Editiones
960 4284 1193 4352 Mogunt.
1219 4292 1271 4336 et
1294 4280 1453 4346 Ven.,
1485 4279 1600 4333 Hoc
1625 4279 1680 4332 in
1722 4278 1952 4334 omnibus
1974 4282 2113 4336 inve-

527 4355 666 4427 nitur
693 4372 900 4427 prorsus
929 4354 1232 4427 ltontinibus,
1261 4354 1348 4422 qui
1367 4357 1623 4427 eruuntur
1648 4388 1662 4402 .
1691 4390 1703 4402 .
1732 4389 1745 4402 .
1775 4388 1787 4403 .
1819 4352 2108 4405 dilectionis
2141 4367 2186 4427 ο

527 4426 646 4479 Dei.
685 4421 794 4479 Hoc
822 4425 929 4478 sine
957 4426 1256 4491 cujusquam
1276 4421 1576 4491 exceptione
1604 4435 1853 4491 personat,
1888 4432 1995 4475 etc.

600 4507 621 4534 ε
651 4496 779 4549 Mss.
808 4494 987 4570 Corb.,
1022 4490 1228 4570 Remig.
1258 4501 1313 4570 et
1337 4491 1444 4545 Jol.
1466 4529 1482 4552 ,
1510 4490 1685 4570 datum
1713 4490 1918 4543 bonum.
1950 4491 2027 4546 Ita
2055 4501 2111 4546 et

526 4580 713 4631 supra,
742 4580 861 4632 cap.
888 4565 957 4628 2;
988 4565 1169 4617 ozeteri
1193 4604 1207 4625 ,
1235 4563 1409 4614 datum
1437 4563 1708 4628 optimum.

598 4634 623 4671 ιι
657 4635 931 4689 Editiones
972 4634 1215 4701 Lugdun.
1254 4644 1310 4687 et
1348 4648 1410 4686 ea
1452 4629 1827 4701 posteriores._
1856 4628 2105 4696 oﬂ'ensus.

527 4706 717 4759 Melius
760 4720 889 4759 mss.
917 4699 1080 4758 (ἔειπ’ὺῖ
1101 4745 1116 4770 ,
1146 4702 1356 4772 Remig.
1392 4714 1444 4754 et
1469 4701 1600 4772 Jol.,
1629 4712 1750 4753 cum
1782 4699 2022 4769 Mogunt.
2055 4714 2111 4757 et

530 4778 659 4829 \‘en.
686 4817 701 4838 ,
741 4776 971 4842 infensus
1012 4788 1031 4827 :
1073 4775 1162 4842 qui
1213 4770 1742 4842 videlicetliberum
1785 4772 2105 4838 arbitrium,

522 4857 779 4915 quantum
798 4840 860 4899 in
892 4845 1010 4913 ipso
1036 4840 1144 4915 est.
1172 4843 1387 4915 auferre
1415 4840 1678 4915 videatur.

598 4927 620 4954 ο
652 4917 709 4971 in
738 4915 868 4970 edit.
899 4910 1069 4984 Lugd.
1106 4927 1212 4967 non
1239 4913 1557 4984 legiturvox
1588 4911 1830 4963 duorum.
1875 4910 1931 4984 In
1961 4924 2026 4984 eo
2055 4920 2110 4965 et

526 4987 659 5039 l.ov.
686 5026 700 5049 ,
729 4987 897 5040 Duae.
937 4980 1243 5046 et'Colouq
1285 4999 1383 5051 pro
1422 4981 1545 5034 dicit
1580 4992 1878 5051 operatum,
1915 4980 2110 5051 legitur

516 5058 719 5131 judicat
748 5062 1014 5131 operatum
1067 5053 1121 5107 In
1145 5050 1333 5131 eodem
1368 5051 1562 5131 Lugd,
1598 5051 1651 5104 in
1681 5050 1775 5104 illo
1808 5067 1860 5105 se
1891 5050 2110 5105 liberum

523 5122 894 5195 "arbitriumain
919 5124 1020 5178 isto
1047 5124 1265 5195 gratiam
1293 5122 1579 5195 sustulisse.

600 5196 619 5234 τ
649 5196 773 5250 Mss.
804 5191 989 5257 Corb.,
1020 5188 1222 5261 lietnig.
1257 5204 1310 5247 et
1336 5193 1465 5254 Jol.,
1494 5188 1954 5261 omittuntDeus;
1974 5204 2108 5261 ipos-

526 5275 612 5320 tea
643 5267 841 5320 habent
866 5264 989 5319 velle
1010 5259 1236 5388 flectere.
1270 5265 1341 5317 Ita
1366 5263 1525 5316 etiam
1573 5259 1703 5313 edit.
1728 5259 1866 5326 Mog.
1892 5270 1946 5313 et
1972 5260 2103 5312 \‘en.

596 5348 621 5386 ις
651 5338 771 5388 Mss.
796 5337 985 5388 Corb..
1030 5334 1215 5388 tentiis.
1241 5346 1293 5386 et
1316 5334 1446 5388 Μ..
1471 5328 1820 5388 ηιααηὶΙὶεαὺὶε
1842 5345 1937 5383 me.
1963 5330 2103 5384 Edil.

596 5348 621 5386 ις
651 5338 771 5392 Mss.
796 5337 985 5401 Corb.,
1010 5328 1215 5401 Remig.
1241 5346 1293 5386 et
1316 5334 1446 5395 .lu|.,
1471 5328 1820 5397 magni/icabis
1842 5345 1937 5383 me.
1963 5330 2103 5384 Edit.

522 5407 758 5478 Mogunt.
782 5415 836 5462 el.
857 5403 1015 5478 Ven._,
1043 5403 1404 5478 honoriﬁcqbis
1438 5417 1534 5452 me.

595 5468 639 5515 δ’
657 5479 928 5532 Editiones
956 5474 1188 5539 Mogunt.
1223 5468 1278 5527 et
1306 5472 1460 5533 Ven.,
1492 5469 1632 5537 quod
1660 5468 1945 5539 prccveniat
1975 5485 2100 5539 gra-

523 5550 668 5609 tiam,
718 5546 991 5611 unicuique
1022 5538 1316 5611 {ainaletun
1348 5556 1465 5611 pro,
1499 5538 1681 5602 cuique
1710 5538 2009 5611 [αγηιιιιιιιιιὲ⁹
2048 5549 2105 5611 ω

524 5633 654 5674 mss.
681 5615 885 5682 liemig.
912 5609 968 5665 el
990 5609 1123 5677 10L,
1149 5623 1203 5667 et
1231 5613 1360 5665 etlit.
1399 5610 1529 5682 V-en.
1575 5609 1745 5678 Lugd.
1782 5623 1932 5675 vero,
1966 5610 2101 5676 quod

528 5680 862 5759 prwvcniatur
888 5684 1053 5749 gratia
1072 5725 1084 5748 ,
1108 5686 1251 5751 eique
1278 5680 1573 5749 [amuletuia

2304 1815 2470 1888 [Alias
2493 1817 2624 1872 Car.
2652 1817 2846 1890 XVll.]
2887 1817 2942 1873 9..
2974 1817 3104 1874 Post
3130 1818 3248 1875 haec
3270 1828 3297 1857 ο
3321 1820 3582 1888 sequitur,
3602 1830 3657 1878 et
3684 1822 3815 1880 dicit

2237 1906 2450 1979 (Collat.
2487 1909 2554 1963 15
2599 1924 2646 1963 c.
2688 1908 2820 1979 12):
2863 1908 2979 1964 Nec
3023 1910 3157 1965 enim
3183 1912 3338 1966 talem
3374 1911 3513 1968 Deus
3558 1915 3815 1971 hominem

2232 1999 2413 2066 fecisse
2438 1998 2725 2053 credendus
2748 2011 2844 2063 est,
2871 2000 2960 2069 qui
2987 2016 3081 2055 nec
3108 2002 3228 2056 velit
3247 2018 3511 2074 umquam,
3538 2021 3629 2059 nec
3653 2010 3816 2077 possit

2230 2089 2437 2144 bonum.
2477 2090 2718 2160 Alioquin
2749 2106 2843 2145 nec
2864 2091 3081 2147 liberum
3122 2093 3169 2147 ei
3196 2095 3423 2163 permisit
3455 2096 3747 2161 arbitrium,
3768 2101 3814 2153 si

2228 2191 2258 2232 ιι
2288 2182 2335 2236 ei
2360 2184 2715 2237 tantummodo
2750 2182 2945 2237 malum
2965 2193 3021 2238 ut
3048 2185 3166 2238 velit
3197 2196 3244 2239 et
3265 2186 3445 2256 possit,
3478 2186 3666 2240 bonum
3692 2204 3815 2243 vero

2228 2288 2320 2326 nec
2345 2272 2473 2326 velle
2501 2288 2592 2327 nec
2626 2290 2772 2344 posse
2814 2276 3084 2329 concessit.
3129 2274 3199 2329 Et
3237 2277 3492 2347 quomodo
3528 2279 3684 2333 stabit
3719 2280 3815 2334 illa

2227 2362 2440 2416 Domini
2466 2371 2578 2430 post
2604 2365 3071 2432 praevaricationem
3112 2367 3267 2437 primi
3303 2367 3521 2421 hominis
3546 2367 3655 2422 lata
3688 2386 3810 2425 sen-

2226 2453 2403 2518 tentia,
2428 2450 2560 2507 Ecce
2581 2454 2746 2508 Adam
2774 2457 2940 2525 {actus
2962 2464 3037 2511 est
3058 2456 3190 2510 sicut
3211 2472 3346 2510 unus
3372 2473 3437 2510 ea:
3456 2458 3622 2524 nobis,
3643 2460 3812 2514 sciens

2225 2545 2412 2600 bonum
2443 2556 2491 2601 et
2518 2547 2710 2601 malum
2738 2547 2896 2619 (Gen.
2923 2563 3004 2615 ut,
3026 2546 3163 2619 22)?
3200 2548 3325 2603 Non
3353 2551 3493 2604 enim
3535 2552 3653 2605 talis
3694 2564 3813 2609 ante

2224 2640 2387 2710 fuisse
2414 2640 2674 2709 putandus
2712 2650 2805 2706 est,
2852 2642 2940 2711 qui
2979 2641 3098 2695 boni
3137 2650 3265 2696 esset
3310 2658 3522 2710 prorsus
3565 2644 3806 2715 ignarus.

2224 2730 2465 2801 Alioquin
2508 2731 2645 2786 velut
2675 2732 2937 2800 quoddam
2967 2732 3319 2787 irrationabile
3343 2742 3373 2784 τι
3397 2742 3551 2804 atque
3574 2736 3812 2789 insensa-

2224 2829 2333 2875 tum
2362 2821 2560 2875 animal
2586 2839 2699 2876 eum
2730 2822 2994 2891 fatendum
3036 2831 3111 2877 est
3137 2825 3301 2893 fuisse
3330 2827 3607 2895 formatum
3630 2842 3649 2880 :
3675 2830 3813 2898 quod

2222 2912 2345 2966 satis
2381 2912 2683 2977 absurdum,
2728 2921 2882 2982 atque
2919 2929 2952 2967 α
2998 2914 3252 2968 catholica
3295 2914 3399 2981 ﬁde
3427 2922 3453 2954 ν
3502 2916 3813 2971 omnimodis

2223 3003 2445 3056 alienum
2470 3011 2563 3057 est.
2594 3003 2732 3068 Quin
2758 3004 2914 3057 immo
2953 3004 3233 3058 secundum
3276 3006 3572 3059 sententiam
3599 3008 3812 3076 sapien-

2147 3082 2193 3145 C
2224 3093 2406 3147 tissimi
2433 3093 2748 3160 Salomonis,
2781 3096 2902 3164 fecit
2928 3094 3067 3148 Deus
3094 3095 3348 3151 hominem
3377 3104 3570 3151 rectum
3613 3096 3807 3169 (Eccli.

2221 3198 2317 3249 vit,
2346 3183 2475 3255 50):
2504 3184 2559 3237 id
2589 3192 2683 3251 est,
2709 3195 2764 3237 ut
2802 3192 3001 3238 tantum
3029 3184 3144 3238 boni
3171 3186 3387 3240 scientia
3418 3188 3621 3258 jugiter
3662 3188 3809 3259 {rue-

2221 3283 2407 3330 retur:
2435 3276 2522 3330 sed
2551 3277 2651 3346 ipsi
2693 3279 3003 3346 quwsierunt
3041 3276 3372 3348 cogitationes
3413 3280 3624 3334 multas.
3655 3279 3813 3335 Facti

2221 3368 2357 3422 enint
2384 3376 2526 3432 sunt,
2571 3376 2624 3420 ut
2673 3367 2867 3420 dictum
2912 3376 3005 3428 est.
3035 3369 3250 3422 scientes
3293 3369 3476 3423 bonum
3500 3377 3547 3423 et
3589 3371 3811 3425 malum.

2222 3457 2465 3527 Concepit
2504 3473 2624 3527 ergo
2662 3457 2831 3511 Adam
2855 3466 2969 3529 post
2992 3458 3478 3530 prmuan'cationem,
3520 3476 3680 3531 quam
3708 3476 3812 3515 non

2226 3550 2494 3615 habuerat,
2525 3550 2794 3604 scientiam
2822 3550 2980 3617 mali;
3011 3551 3131 3605 boni
3151 3566 3287 3621 vero,
3322 3568 3477 3624 quant
3513 3562 3808 3623 acceperat,

2224 3643 2491 3699 scientiam
2515 3658 2617 3696 non
2638 3642 2830 3696 amisit.

2298 3734 2467 3807 [Alias
2500 3734 2635 3790 Csr.
2662 3728 2874 3803 XVIIM
2900 3735 2955 3789 5.
2988 3732 3214 3789 Rectum
3240 3740 3263 3769 ³
3294 3741 3454 3804 atque
3490 3733 3640 3789 omni
3673 3733 3812 3789 vitio

2297 3931 2315 3969 ί
2350 3930 2424 3984 ita
2456 3943 2589 3983 mss.
2610 3928 2774 3983 Corb.
2796 3970 2813 3993 ,
2841 3927 3049 3998 Hemig.
3082 3935 3137 3982 et
3164 3926 3296 3997 Jol.,
3335 3941 3460 3998 cum
3484 3926 3725 3996 Mogunt.
3756 3941 3813 3986 et

2223 4000 2359 4055 Ven.
2391 4000 2560 4065 Lugd.
2595 4012 2725 4055 vero
2754 4006 2811 4053 et
2838 3999 3172 4055 recentiores
3201 3998 3324 4067 illa,
3363 4015 3397 4051 α
3428 3997 3644 4069 Pelagio
3674 4017 3810 4055 atta-

2216 4071 2435 4126 themate
2459 4070 2703 4123 damnata
2728 4078 2823 4123 est.

2292 4141 2306 4193 i
2340 4139 2582 4204 Ms.Jo|.,
2598 4156 2654 4193 eo
2676 4141 2806 4193 enim
2828 4140 2964 4209 quod
2984 4138 3174 4193 bonum
3194 4138 3307 4208 quis
3327 4138 3508 4207 incipit
3527 4137 3677 4205 velle,
3698 4153 3809 4196 etc.

2286 4210 2315 4249 ιι
2349 4210 2490 4267 Edit.
2519 4211 2759 4281 Magum.
2791 4219 2847 4265 et
2896 4209 3061 4274 Ven"
3094 4209 3272 4263 Omnis
3304 4210 3388 4263 via
3420 4208 3516 4262 viri
3542 4220 3686 4264 recta
3710 4212 3813 4265 sibi

2214 4282 2439 4336 videtur.

2290 4350 2309 4389 ι
2344 4350 2536 4419 Lngd.,
2568 4348 2630 4404 Et
2658 4349 2912 4420 quomodo
2938 4349 3012 4403 ait
3035 4347 3331 4421 Apostolus.

2284 4431 2323 4458 ω
2344 4417 2615 4476 Editinnes
2637 4417 2828 4474 omnes
2849 4434 2968 4473 cum
2992 4417 3092 4472 tnsl
3120 4419 3250 4480 .lol..
3273 4419 3327 4471 in
3350 4417 3549 4471 timore.
3574 4417 3641 4471 At
3665 4435 3802 4473 mss.

2208 4492 2373 4548 Corb.
2404 4501 2459 4546 et
2488 4492 2718 4558 Renum,
2746 4492 2801 4543 in
2831 4490 3082 4560 timorem,
3110 4490 3263 4558 juxta
3297 4488 3477 4560 (ξι-ωε.
3511 4490 3587 4549 εἰς
3619 4490 3801 4560 φόβον.

2281 4571 2311 4599 ιι
2342 4563 2471 4616 Haec
2510 4577 2613 4615 vox
2642 4559 2873 4629 ﬁliorum
2901 4559 3059 4613 abest
3091 4574 3283 4629 aﬂmss.
3316 4558 3526 4626 Remig.
3570 4558 3637 4613 et
3663 4559 3802 4627 Jul,

2211 4646 2311 4687 nec
2339 4647 2447 4686 non
2473 4633 2541 4686 ab
2571 4631 2732 4685 editis
2762 4630 3004 4698 Mogunt.
3036 4637 3093 4683 et
3125 4628 3260 4684 Ven.

2283 4709 2308 4737 ο
2343 4702 2486 4757 Edit.
2533 4701 2731 4771 Lugd.,
2778 4695 3015 4764 Lo'van.,
3064 4699 3226 4753 Duae.
3274 4705 3330 4753 et
3370 4695 3589 4763 Colum,
3625 4715 3805 4766 perse-

2246 4774 2403 4826 uitur.

2208 4790 2414 4897 “uitii;
2445 4854 2573 4894 mss.
2606 4839 2796 4905 Corb.,
2840 4839 3045 4908 Remig.
3083 4847 3137 4893 et
3174 4837 3463 4903 .loliensis,
3506 4851 3630 4893 cum
3659 4838 3802 4893 edit.

2209 4913 2450 4982 Mogunt.
2481 4920 2533 4982 et
2565 4908 2741 4982 Ven.;
2791 4917 2846 4962 at
2885 4908 3129 4982 Lugdun.
3160 4918 3215 4961 et
3239 4910 3569 4977 posteriores
3594 4946 3609 4971 .
3654 4908 3703 4963 si
3749 4914 3801 4963 ei

2212 4980 2563 5036 taniummodo
2590 4981 2783 5033 malum
2817 4988 2866 5032 et
2892 4980 3020 5033 velle
3048 4989 3093 5032 et
3119 4994 3287 5047 posse.

2280 5063 2308 5103 τι
2335 5053 2390 5107 1η
2422 5065 2555 5105 mss.
2591 5049 2798 5117 Remig.
2836 5059 2890 5103 et
2916 5048 3023 5103 Jol.
3047 5090 3060 5112 ,
3094 5046 3221 5102 item
3259 5048 3313 5102 in
3353 5047 3483 5102 edit.
3528 5046 3803 5115 Mogunt.,

2214 5121 2345 5176 Ven.
2370 5132 2423 5175 et
2446 5120 2637 5189 Lugd..
2664 5120 2781 5189 hmo
2805 5118 2967 5173 verba
2996 5133 3101 5172 nun
3132 5120 3422 5182 habentur,
3447 5129 3601 5187 atque
3623 5127 3810 5170 tmen.

2209 5202 2396 5246 satum.
2423 5188 2682 5260 MsJoL,
2705 5188 2838 5243 velut
2858 5188 3157 5243 irrationale
3174 5197 3439 5260 quoaaam
3459 5190 3655 5241 animal
3679 5205 3806 5241 eum

2209 5261 2384 5330 fecisse
2410 5259 2690 5313 credendus
2719 5269 2813 5313 est.

2281 5340 2303 5368 τ
2340 5330 2481 5383 Edit.
2506 5330 2723 5397 Mogunt
2745 5338 2800 5382 et
2824 5328 2979 5396 γεω,
3004 5327 3239 5382 omnibus
3259 5329 3443 5381 modis.
3466 5325 3662 5396 Lugd.,
3688 5325 3808 5380 Ln-

2208 5415 2331 5453 van.
2358 5408 2413 5453 et
2442 5399 2631 5461 Duac.,
2656 5400 2963 5454 omnimode.
2993 5398 3209 5465 Colum,
3239 5403 3535 5463 commode,
3561 5406 3659 5451 seu
3701 5414 3803 5449 er-

2207 5484 2331 5523 rore
2358 5468 2695 5539 typograplii.

2278 5546 2299 5573 '
2329 5536 2507 5607 Lugd;
2532 5540 2687 5604 edit.,
2720 5538 2930 5592 Rectum
2970 5554 3189 5609 namque
3217 5546 3263 5591 et
3309 5537 3466 5590 omni.
3496 5536 3666 5601 Quasi
3700 5549 3805 5589 se-

2208 5610 2314 5664 ries
2332 5618 2474 5665 esset
2504 5609 2789 5664 verborum
2818 5609 3125 5674 Collatoris,
3153 5609 3249 5664 sed
3276 5610 3441 5662 male.
