4026 6176
282 277 400 332 237

1395 267 1592 326 LIBER
1632 265 1907 323 CONTRA
1949 263 2432 321 COLLATOBEM.

3467 262 3574 319 258

280 395 570 440 carentem
616 390 855 437 creatum
886 394 1010 437 esse
1046 381 1276 450 primum
1325 380 1623 443 hominem,
1671 379 1723 432 in
1774 393 1884 447 quo
1911 383 1961 441 Α
1987 377 2205 432 dientiae
2235 378 2439 446 pietate
2467 378 2712 450 detectus
2735 389 2814 436 est
2847 395 2863 435 :
2890 394 2998 436 nec
3021 379 3140 450 ipso
3165 379 3355 434 saltem
3380 378 3576 434 timore

277 478 534 532 omnium
565 475 840 529 hominum
869 483 1157 528 concreata
1183 481 1373 526 natura
1402 479 1505 537 est,
1531 470 1778 524 dubitare
1802 468 1885 524 fas

275 582 399 620 non
433 575 553 631 est;
593 577 826 633 eumque
857 563 962 617 tale
1007 563 1282 632 accepisse
1313 561 1544 616 liberum
1575 559 1882 624 arbitrium,

273 665 341 710 ut
373 655 419 709 si
445 654 798 709 auxiliantem
827 652 928 706 sibi
975 653 1143 707 Deum
1170 661 1197 690 ι
1226 667 1335 706 non
1373 651 1673 716 desereret,
1697 648 1725 686 δ
1758 663 1883 718 pos-

272 756 368 800 set
417 747 474 800 in
507 745 664 799 bonis
709 761 828 814 qua:
860 745 1174 799 naturaliter
1199 751 1500 811 acceperat,
1531 755 1883 810 perseverare

269 836 405 906 quia
435 837 633 901 vellet;
678 848 734 890 et
772 834 968 890 merito
1015 834 1332 889 voluntariae
1385 832 1796 902 perseverantiae
1827 831 1880 884 in

273 943 400 981 eam
435 926 824 982 beatitudinem
849 937 872 966 ο
904 925 1203 995 pervenire,
1231 935 1287 980 ut
1314 938 1415 979 nec
1441 924 1604 976 vellet
1631 922 1884 976 decidere

271 1020 328 1072 in
360 1018 664 1082 deteriora,
697 1032 797 1072 nec
837 1028 1040 1086 posset.
1074 1016 1240 1088 [Alias
1268 1016 1399 1070 (ise.
1429 1012 1597 1083 XIX.]
1628 1013 1734 1068 Sed
1765 1014 1883 1081 ipso

270 1111 462 1164 libero
513 1109 761 1175 arbitrio,
794 1125 900 1178 quo
939 1109 1194 1176 quamdiu
1236 1108 1408 1161 voluit
1451 1108 1623 1159 bonus
1662 1106 1879 1169 mansit,

268 1201 444 1272 329
464 1196 493 1236 ἀ
517 1216 546 1254 a
578 1201 850 1268 proposita
875 1199 979 1253 sibi
1010 1200 1124 1268 lege
1153 1199 1400 1252 discessit
1424 1213 1438 1262 ;
1471 1212 1569 1250 nec
1593 1196 1879 1249 denuntia-

270 1304 342 1347 Ls:
364 1294 477 1348 sibi
498 1292 694 1347 mortis
711 1308 770 1345 su
785 1291 1035 1361 pplicium
1057 1289 1390 1358 formidavit,
1410 1289 1666 1344 deserens
1685 1288 1882 1354 Deum,

268 1397 325 1440 et
372 1400 617 1455 sequens
651 1385 925 1439 diabolum
949 1428 964 1453 ,
991 1385 1212 1438 rebellis
1253 1383 1490 1436 Domino
1521 1391 1545 1418 °
1596 1381 1878 1446 servatori,

269 1485 328 1530 et
355 1476 589 1530 inimico
615 1475 871 1529 obediens
896 1472 1244 1544 peremptori.
1276 1489 1294 1522 ι
1318 1471 1440 1526 Fuit
1463 1485 1591 1540 ergo
1617 1471 1804 1535 Adam,
1827 1479 1882 1525 et

270 1568 324 1622 in
357 1568 459 1622 illo
502 1567 704 1620 fuimus
742 1580 964 1630 oinnes;
999 1564 1160 1634 periit
1188 1563 1357 1617 Adam
1378 1601 1393 1628 ,
1422 1572 1476 1617 et
1503 1562 1558 1616 in
1587 1561 1680 1616 illo
1709 1560 1885 1630 perie-

271 1669 403 1714 runt
441 1673 638 1713 omnes
679 1656 880 1729 (Ambr.
924 1657 1017 1710 lib.
1055 1671 1130 1709 vn
1166 1656 1219 1708 in
1252 1653 1408 1708 Luca:
1441 1670 1489 1707 c.
1522 1651 1634 1722 xv).
1660 1669 1679 1705 ι
1725 1650 1878 1718 Quod

1987 467 2090 523 sibi
2116 469 2130 519 i
2163 468 2395 538 reliquo,
2427 478 2486 524 ut
2510 469 2577 523 ab
2598 470 2901 526 interdictis
2927 470 3012 525 vel
3042 477 3187 524 metu
3218 478 3431 523 caveret
3461 483 3578 538 po:-

1987 574 2105 624 nae,
2134 560 2226 630 qui
2266 558 2293 597 ι
2330 575 2438 615 non
2476 560 2777 616 abstineret
2811 576 2997 616 amore
3030 560 3277 629 iustitiae.
3318 558 3572 614 Liberum

1984 665 2114 719 ergo
2151 651 2472 718 arbitrium,
2503 653 2556 708 id
2595 663 2708 719 est,
2736 654 2813 708 rei
2852 653 2956 708 sibi
2998 653 3210 721 placitae
3246 662 3573 721 spontaneus

1985 741 2280 811 appetitus,
2312 743 2402 797 ubi
2425 757 2582 797 usum
2615 745 2878 799 bonorum
2904 759 3026 813 quae
3054 752 3341 813 acceperat
3367 741 3574 796 fastidi-

1985 830 2084 896 vit,
2113 840 2169 885 et
2188 831 2584 887 vilescentibus
2610 833 2714 888 sibi
2745 833 3017 889 fclicitatis
3043 849 3156 888 suae
3177 831 3463 903 praesidiis,
3489 833 3575 886 in-

1983 937 2170 976 sanam
2202 924 2552 992 cupiditatem
2588 925 2655 980 ad
2683 925 3072 994 experientiam
3113 923 3572 994 praevaricationis

1986 1012 2237 1080 intendit,
2271 1013 2407 1069 bibit
2433 1017 2672 1070 omnium
2708 1016 2956 1072 vitiorum
2984 1031 3282 1083 venenum,
3317 1025 3374 1070 et
3405 1026 3570 1071 totam

1985 1113 2234 1159 naturam
2266 1106 2500 1160 hominis
2535 1104 2552 1144 ι
2585 1109 3016 1177 intemperantiae
3040 1123 3149 1163 sum
3171 1109 3431 1163 ebrietate
3453 1124 3572 1162 ma-

1982 1195 2199 1252 defecit.
2217 1198 2340 1253 lnd‘e
2359 1201 2666 1269 priusquam
2690 1201 2901 1256 edendo
2918 1217 3134 1262 carnem
3156 1203 3318 1272 330
3337 1202 3455 1256 Filii
3475 1202 3573 1258 bo-

1985 1290 2166 1356 minis,
2195 1301 2248 1345 et
2286 1291 2518 1346 bibendo
2557 1294 2873 1362 sanguinem
2913 1295 3052 1364 ejus,
3086 1296 3337 1350 lethalem
3365 1297 3572 1366 digerat

1983 1381 2382 1447 cruditatem,m
2413 1383 2559 1437 labat
2581 1385 2860 1450 memoria,
2890 1395 3037 1440 errat
3062 1385 3288 1455 judicio.
3315 1397 3464 1439 nutat
3491 1387 3574 1440 in-

1983 1488 2171 1538 cessu;
2205 1489 2383 1544 neque
2415 1476 2525 1529 ullo
2558 1477 2718 1531 modo
2748 1478 2977 1532 idoneus
3003 1487 3088 1533 est
3122 1479 3185 1531 ad
3213 1478 3343 1531 illud
3372 1479 3571 1538 boiium

1983 1565 2288 1634 eligendum
2315 1576 2370 1621 et
2398 1570 2890 1636 cmicupiscendum
2910 1615 2923 1637 ,
2957 1586 3063 1640 quo
3085 1585 3143 1625 se
3169 1581 3362 1640 sponte
3393 1572 3573 1640 priva-

1983 1658 2059 1711 vit
2087 1675 2101 1711 :
2130 1660 2252 1727 quia
2283 1675 2388 1716 nan
2419 1661 2558 1715 sicut
2602 1663 2772 1730 potuit
2800 1663 2913 1718 Deo
2946 1680 3052 1718 non
3095 1664 3410 1732 impellente
3444 1678 3573 1720 cor-

272 1753 346 1803 ita
379 1765 493 1803 non
527 1748 665 1801 falso
695 1747 828 1801 dixit
857 1747 1047 1801 beatus
1078 1745 1422 1810 Ambrosius,
1453 1743 1588 1798 sicut
1613 1757 1718 1797 non
1745 1741 1880 1797 falso
1908 1756 1956 1816 B
1985 1765 2166 1815 ruere,
2198 1752 2270 1806 ita
2300 1761 2474 1819 potest
2506 1753 2617 1808 Deo
2645 1771 2748 1808 ιιοη
2775 1756 3016 1823 erigente
3045 1770 3390 1826 consurgere,

272 1847 391 1916 ipsa
427 1845 651 1900 Veritas
673 1845 769 1910 ait,
798 1841 817 1881 ί
843 1843 993 1898 Venit
1021 1842 1192 1896 Filius
1219 1842 1438 1897 hominis
1465 1856 1693 1911 querere
1712 1849 1760 1894 et
1780 1841 1886 1895 sal-

271 1954 393 1992 ναῖε
413 1938 560 2008 quod
582 1939 804 2008 perierat
829 1935 982 2005 (Luc.
1012 1951 1121 2000 nx,
1153 1936 1262 2001 10).
1285 1934 1500 1990 Naturae
1529 1935 1674 1990 enim
1699 1935 1885 1988 buma-

276 2044 398 2096 nte,
445 2029 499 2082 in
545 2028 635 2082 illa
677 2027 1001 2083 universalis
1042 2026 1504 2097 praevaricationis
1550 2027 1740 2090 ruina,
1785 2040 1886 2081 nec

275 2119 589 2174 substantia
619 2128 645 2166 ε
673 2131 856 2190 erepta
889 2126 971 2174 est
1002 2133 1101 2174 nec
1132 2118 1412 2182 voluntas;
1448 2117 1542 2171 sed
1577 2117 1759 2171 lumen
1784 2116 1882 2171 de-

277 2228 485 2280 cusque
517 2212 804 2276 virtutum,
829 2211 1028 2279 quibus
1055 2210 1244 2266 fraude
1276 2209 1568 2265 invidentis
1598 2219 1757 2264 exuta
1779 2221 1881 2263 est.

281 2304 521 2358 Perditis
551 2312 737 2358 autem
770 2319 866 2373 per
891 2319 1008 2372 qua:
1038 2303 1105 2357 ad
1137 2311 1393 2358 aeternam
1417 2310 1580 2372 atque
1611 2303 1884 2356 inamissi-

279 2396 445 2450 bilem
482 2396 734 2464 corporis
776 2392 806 2431 δ
847 2395 1123 2464 animique
1166 2395 1627 2464 incorruptionem
1673 2405 1888 2463 poterat

283 2487 607 2556 pervenire,
639 2486 764 2556 quid
793 2486 838 2542 ei
869 2487 1152 2553 remansit,
1183 2488 1282 2541 nisi
1323 2487 1467 2557 quod
1507 2486 1573 2541 ad
1614 2497 1885 2556 tempora-

281 2577 384 2632 lem
415 2580 656 2646 pertinet
682 2577 869 2642 vitum,
907 2593 1030 2645 qua:
1063 2587 1172 2632 tuta
1203 2587 1285 2634 est
1312 2579 1676 2633 damnationis
1698 2587 1751 2634 et
1772 2593 1885 2649 pus-

280 2687 363 2724 nae
383 2672 408 2724 ἲ
443 2671 674 2740 Propter
696 2673 834 2740 quod
869 2681 1020 2726 natos
1051 2672 1103 2725 in
1133 2671 1301 2726 Adam
1335 2674 1546 2727 renasci
1582 2681 1798 2740 Oportet
1829 2675 1883 2729 in

280 2761 526 2826 Christo,
575 2778 641 2817 ne
669 2763 720 2816 in
759 2762 852 2816 illa
885 2764 1004 2832 quis
1051 2763 1356 2818 inveniatur
1382 2764 1734 2832 generatione
1763 2778 1885 2834 quae

282 2853 473 2920 periit.
506 2852 640 2906 Nam
671 2852 712 2907 si
747 2855 951 2922 posteri
984 2853 1113 2908 Adae
1141 2853 1192 2906 in
1221 2854 1326 2908 illis
1349 2854 1641 2908 virtutibus
1668 2863 1886 2909 natura-

279 2946 411 3002 liter
453 2959 683 3017 agerent
730 2947 781 3000 in
811 2947 1007 3016 quibus
1058 2946 1229 3000 Adam
1269 2945 1368 2999 fuit
1404 2953 1529 3000 ante
1569 2955 1884 3015 peccatum,

279 3054 392 3093 non
425 3048 617 3093 essent
647 3048 834 3092 natura
874 3037 967 3090 ﬁlii
1001 3037 1096 3091 irae
1125 3035 1344 3108 (Ep/tes.
1378 3051 1446 3101 ll,
1473 3035 1560 3107 5),
1599 3035 1616 3074 ί
1655 3051 1763 3091 non
1794 3051 1884 3092 es-

2060 1839 2240 1913 [Alias
2264 1843 2394 1897 CAP.
2423 1843 2554 1916 XX]
2584 1843 2638 1900 4.
2671 1845 2786 1900 Nan
2820 1847 2981 1914 igitur
3009 1857 3157 1902 recte
3194 1848 3398 1903 dictum
3433 1858 3518 1904 est
3545 1866 3560 1903 :

1989 1933 2100 1986 Nec
2141 1935 2278 1987 enim
2307 1937 2460 1989 talem
2491 1935 2629 1990 Deus
2657 1935 2916 1991 hominem
2946 1939 3125 2006 fecisse
3165 1939 3445 1993 credendus
3473 1948 3570 2006 est,

1983 2026 2074 2095 qui
2099 2042 2189 2079 nec
2219 2027 2337 2080 velit
2389 2042 2630 2097 umquam
2670 2045 2762 2081 nec
2808 2030 2970 2097 possit
3024 2029 3231 2083 bonum.
3263 2031 3428 2096 Quasi
3470 2047 3571 2086 nos

1985 2117 2144 2170 istam
2209 2116 2445 2173 hominis
2511 2117 2850 2174 debilitatem
2908 2134 2938 2173 a
2991 2118 3253 2175 Creatore
3325 2121 3572 2176 dicamus

1983 2210 2257 2264 conditam
2285 2254 2299 2278 ,
2333 2218 2390 2266 et
2419 2225 2525 2266 non
2556 2211 2770 2281 peccati
2817 2213 3014 2267 merito
3058 2213 3126 2267 ab
3175 2212 3396 2268 homine
3440 2229 3574 2269 con-

1986 2310 2236 2358 tractam.
2269 2303 2372 2372 Qui
2400 2319 2530 2375 ergo
2556 2313 2708 2374 putat
2733 2319 3078 2375 consequens
3104 2320 3228 2361 esse
3266 2314 3327 2360 ut
3363 2307 3408 2362 si
3440 2307 3573 2361 libe-

1986 2408 2104 2448 rum
2125 2394 2410 2449 arbitrium
2443 2404 2471 2432 ιι
2499 2396 2832 2451 obcaecatum
2863 2411 2986 2451 esse
3013 2396 3248 2457 dicatur.
3277 2396 3572 2451 obcaecatio

1985 2483 2101 2552 ipsa
2127 2484 2192 2538 ad
2224 2492 2432 2540 natura:
2455 2485 2726 2542 referatur
2751 2492 3030 2542 auctorem
3048 2527 3064 2554 ,
3098 2489 3209 2542 vult
3235 2489 3572 2557 persuadere

1985 2574 2127 2642 quod
2162 2583 2269 2629 tam
2299 2587 2490 2630 sanum
2521 2577 2594 2630 sit
2623 2575 2676 2630 in
2707 2577 2840 2630 Adae
2885 2578 3119 2646 posteris
3165 2577 3396 2632 liberum
3428 2579 3572 2634 arbi-

1987 2665 2170 2730 trium,
2203 2681 2364 2735 quam
2395 2667 2449 2721 in
2491 2666 2662 2722 Adam
2697 2666 2796 2721 fuit
2837 2675 2966 2724 ante
3012 2677 3292 2736 peccatum
3324 2686 3336 2724 :
3371 2677 3396 2705 ο
3423 2669 3570 2740 quod

1986 2757 2120 2812 satis
2146 2757 2378 2812 alienum
2408 2773 2439 2812 a
2487 2757 2752 2814 catholica
2785 2759 2889 2815 [ide
2930 2759 3197 2815 ducimus.
3237 2761 3380 2829 Quid
3423 2761 3568 2817 enim

1988 2856 2209 2917 peccato
2235 2849 2424 2904 laesum
2456 2857 2559 2917 est,
2593 2849 2636 2902 si
2669 2850 2719 2903 id
2748 2849 2936 2905 laesum
2969 2865 3075 2904 non
3106 2859 3191 2906 est
3215 2851 3357 2906 unde
3382 2866 3571 2919 pecca-
3658 2845 3669 2859 ‘

1987 2948 2098 2993 tum
2125 2939 2253 2994 est?
2279 2938 2392 2994 Nisi
2425 2938 2566 2993 forte
2596 2939 2808 2994 dicatur
2845 2939 2898 2994 in
2924 2940 3056 2994 Adae
3084 2951 3330 3010 pOSteros
3354 2955 3568 3010 ptenatn

1989 3030 2283 3097 transisse,
2320 3045 2427 3085 non
2467 3031 2681 3100 culpam
2732 3048 2747 3085 :
2795 3031 2939 3101 quod
2989 3041 3018 3081 ιι
3069 3033 3384 3086 omnimodo
3435 3033 3573 3087 falso

281 3139 404 3184 sent
441 3129 686 3184 tenebrzn
722 3125 941 3196 (Ephes.
970 3143 1032 3190 v,
1058 3127 1145 3194 8).
1180 3143 1279 3182 nec
1307 3127 1407 3182 sub
1436 3137 1703 3195 potestate
1733 3137 1885 3184 tene-
1912 3127 1956 3189 C
1989 3122 2209 3187 dicitur,
2237 3131 2293 3177 et
2317 3123 2388 3178 ob
2418 3122 2522 3176 huc
2556 3121 2696 3177 forte
2719 3138 2826 3177 non
2849 3122 3066 3177 dicitur.
3094 3122 3265 3177 Nimis
3297 3127 3438 3178 enim
3471 3124 3572 3178 im-

283 3222 508 3274 brarum
533 3217 758 3288 (Coloss.
786 3217 954 3287 1,13),
988 3219 1285 3272 Salvatoris
1315 3219 1549 3288 denique
1574 3220 1746 3288 gratia
1775 3235 1880 3274 non

282 3318 540 3379 egerent;
573 3309 695 3377 quia
737 3324 843 3362 non
883 3311 1082 3362 frustra
1124 3309 1251 3363 boni
1290 3319 1504 3375 essent,
1540 3325 1638 3365 nec
1657 3311 1883 3379 justitiam.-

280 3402 514 3470 praemio
568 3398 977 3465 fraudarentur;
1029 3401 1287 3455 habentes
1338 3416 1400 3455 ea
1463 3401 1602 3456 bona
1650 3417 1879 3472 quorum

281 3490 587 3545 amissione
615 3488 774 3558 primi
801 3499 980 3557 patres
1008 3489 1077 3545 de
1100 3490 1352 3561 paradiso
1376 3491 1628 3546 exsulare
1667 3507 1882 3548 merue-

279 3594 433 3638 runt.
462 3582 618 3637 Nunc
647 3593 826 3636 autem
847 3623 863 3647 ,
895 3597 1017 3636 cum
1058 3583 1175 3638 sine
1199 3591 1547 3638 sacramento
1585 3598 1879 3654 regenera-

282 3676 452 3732 tionis
481 3684 740 3731 aeternam
767 3682 992 3728 mortem
1026 3658 1185 3728 nemo
1211 3673 1382 3743 possit
1409 3675 1666 3740 evadere,
1701 3689 1881 3730 nonne

278 3785 352 3825 ex
393 3770 568 3838 ipsius
606 3767 833 3822 remedii
873 3767 1250 3837 singularitate
1273 3769 1617 3837 apertissime
1651 3779 1794 3836 patet
1824 3770 1876 3824 in

277 3877 447 3932 quam
489 3859 818 3929 profundum
858 3861 1062 3914 malum
1095 3861 1260 3915 totius
1286 3860 1504 3915 humani
1536 3864 1750 3932 generis
1779 3878 1876 3917 na-

276 3961 404 4005 tura
426 3950 682 4006 demersa
711 3951 802 4018 sit,
827 3951 975 4005 illius
1005 3953 1450 4019 praevaricatione
1474 3952 1526 4006 in
1556 3967 1663 4022 quo
1691 3968 1878 4009 omnes

277 4049 653 4112 peccaverunt
675 4041 857 4110 (Rom.
884 4059 937 4108 v,
971 4043 1093 4111 12),
1126 4050 1182 4097 et
1216 4042 1476 4112 quidquid
1515 4044 1608 4100 ille
1644 4045 1878 4115 perdidit

274 4134 675 4204 perdiderunt?
705 4134 943 4190 Perdidit
973 4143 1150 4191 autem
1181 4137 1428 4205 primitus
1466 4138 1659 4205 ﬁdem,
1694 4142 1874 4209 perdi-

273 4229 364 4283 dit
389 4229 781 4282 continentiam
801 4269 816 4292 ,
853 4227 1087 4298 perdidit
1113 4229 1434 4284 cbaritatem
1457 4271 1472 4297 ,
1506 4232 1771 4300 spoliatus
1795 4244 1879 4289 est

273 4320 553 4388 sapientia
584 4326 640 4372 et
668 4317 972 4382 intellectu,
1005 4319 1180 4372 caruit
1209 4320 1439 4374 coasilio
1461 4331 1514 4375 et
1536 4322 1873 4392 fortitudine;

274 4419 344 4465 et
366 4410 533 4480 impie
557 4408 749 4465 altiora
771 4409 1054 4478 sectanda,
1077 4425 1106 4464 a
1133 4412 1374 4467 veritatis
1395 4413 1642 4482 scientia,
1667 4426 1721 4470 et
1741 4417 1874 4474 obe—

354 4604 378 4632 ι
409 4594 532 4649 Edit
557 4593 793 4662 Mogunt.
814 4600 868 4646 et
897 4592 1056 4657 γεω,
1089 4593 1364 4648 Dominum
1401 4611 1507 4649 non
1545 4596 1869 4653 deseruisset.
1905 4604 1951 4663 D

273 4666 406 4731 Alii,
447 4665 725 4718 Dominum
754 4681 853 4717 non
878 4664 1147 4718 desereret.

351 4739 378 4775 δ
413 4737 559 4790 Edit.
592 4735 862 4798 Lugdnn.,
896 4744 1100 4801 possent
1128 4736 1179 4787 in
1206 4735 1370 4788 nobis.

350 4820 374 4846 ο
414 4808 512 4863 bis.
541 4804 647 4879 Jul.
675 4821 801 4879 cum
828 4805 960 4879 edit.
983 4805 1116 4879 Ven.
1143 4815 1191 4858 et
1215 4806 1408 4879 Lugd.,
1444 4807 1756 4879 pct’vcm'ret;
1778 4811 1866 4879 qui

275 4896 377 4949 pro
409 4894 525 4949 eam
541 4876 918 4949 beatitudinem
949 4875 1110 4929 habet
1134 4877 1365 4930 eamdem
1388 4878 1776 4933 beatitudinem.

347 4952 375 4986 ά
402 4948 503 5002 Ms.
529 4947 803 5008 Julii-usis,
835 4946 896 4999 ab
919 4948 1175 5013 apposita.

353 5031 378 5057 ο
411 5021 509 5072 διε.
538 5017 811 5080 Ιοιίριιείε,
848 5019 1113 5069 salvatori.

353 5090 373 5128 ⁷
406 5089 507 5143 Ms.
539 5088 789 5152 Jnliens.,
833 5086 979 5140 Venit
1011 5089 1163 5142 enim.

350 5174 376 5209 κ
407 5162 552 5214 Edit.
584 5157 775 5226 [λυθείη
809 5169 1060 5227 praerepta
1085 5166 1180 5210 est.

346 5232 376 5269 ὶι
413 5231 607 5284 Plures
638 5229 876 5293 codices,
908 5231 1238 5297 aninurqne;
1282 5238 1337 5282 et
1379 5239 1496 5298 post
1538 5245 1704 5300 pauca
1759 5248 1859 5287 ms.

278 5303 494 5366 Remig.
526 5310 581 5353 et
607 5300 737 5352 edit.
775 5301 1036 5366 Mugunt.,
1067 5311 1111 5351 et
1137 5316 1305 5369 paena.

356 5375 371 5412 ί
414 5374 511 5426 Ms.
545 5371 819 5430 Jnliensis,
850 5385 939 5421 nec
967 5382 1130 5422 essent
1155 5371 1395 5423 tenebrm.

354 5447 368 5495 i
416 5445 540 5496 Mss.
570 5441 778 5509 Remig.
809 5449 863 5492 et
891 5438 1164 5503 Juliensus,
1196 5441 1290 5493 sibi
1318 5442 1514 5494 relicto.

352 5515 374 5551 ιι
418 5513 556 5566 lidit.
589 5511 785 5581 Lugd..
817 5510 1048 5583 Levant,
1086 5511 1248 5565 Duac.
1280 5523 1328 5565 et
1365 5513 1580 5578 Cuiam,
1631 5515 1718 5583 qui
1745 5516 1861 5569 abs-

284 5585 478 5636 tinebal
524 5601 696 5635 amore.
741 5581 984 5651 justitim,
1038 5583 1240 5650 absque
1296 5592 1525 5651 negante
1579 5581 1861 5650 particula.

286 5659 414 5710 Mss.
442 5653 633 5726 Cori...
655 5650 859 5717 lietnlg.
886 5663 938 5706 et
957 5650 1087 5718 10].,
1117 5666 1235 5707 cuin
1257 5650 1493 5724 Mogunt.
1521 5665 1573 5708 et
1602 5655 1759 5723 Ven,
1783 5659 1868 5726 qui

291 5743 394 5779 non
432 5723 726 5784 abstinetet,
758 5732 862 5776 etc,

1988 3215 2134 3282 pium
2159 3222 2245 3270 est
2275 3214 2377 3270 hoc
2401 3215 2470 3270 de
2500 3214 2595 3270 Dei
2642 3214 2846 3270 sentire
2868 3214 3099 3283 iustitia,
3127 3215 3272 3284 quod
3301 3231 3330 3269 a
3363 3230 3571 3284 praeva-

1987 3307 2246 3362 ricatione
2274 3307 2474 3362 liberos
2517 3321 2640 3362 cum
2671 3307 2779 3361 reis
2802 3305 3038 3360 voluerit
3067 3321 3188 3362 esse
3217 3316 3244 3356 tt
3265 3305 3568 3363 damnatos.

1984 3399 2138 3455 Patet
2161 3414 2290 3470 ergo
2316 3399 2473 3468 culpa
2501 3399 2594 3455 ubi
2619 3414 2726 3454 non
2749 3399 2884 3454 latet
2913 3414 3091 3468 paena.
3115 3409 3169 3455 et
3193 3401 3426 3456 societas
3450 3416 3571 3470 pec-

1982 3492 2086 3546 cati
2105 3492 2442 3548 convincitur
2463 3491 2531 3546 de
2547 3490 2926 3546 communione
2947 3491 3228 3560 supplicii;
3251 3499 3306 3545 ut
3326 3492 3468 3562 quod
3486 3506 3569 3548 est

1983 3582 2233 3638 humanm
2259 3582 2516 3648 miseriae,
2561 3597 2665 3637 non
2696 3582 2765 3638 de
2789 3580 3126 3639 institutione
3152 3579 3448 3649 Creatoris,
3473 3585 3569 3640 sed

1983 3674 2050 3731 de
2081 3675 2436 3730 retributione
2465 3675 2536 3730 sit
2552 3674 2769 3744 judicis.

2053 3764 2221 3837 [Alias
2241 3765 2370 3820 Cn.
2389 3763 2559 3835 XXI]
2581 3765 2636 3820 5.
2666 3763 2804 3818 lllud
2834 3765 2978 3821 enim
3007 3763 3188 3832 inepte
3208 3765 3438 3832 positum
3461 3773 3563 3836 est,

1981 3871 2036 3914 et
2066 3869 2088 3896 ι’
2119 3868 2305 3912 contra
2357 3871 2576 3914 sensum
2623 3858 2865 3912 omnium
2915 3865 3292 3921 tractatorum,
3323 3860 3466 3925 quod
3500 3861 3568 3914 ad

1982 3953 2315 4022 probandam
2358 3951 2516 4008 liberi
2548 3951 2756 4006 arbitrii
2790 3951 3218 4006 incolumitatem
3253 3955 3568 4018 connexuit,

1979 4046 2166 4100 dicens
2194 4061 2208 4100 :
2244 4043 2311 4098 Et
2336 4044 2592 4114 quomodo
2617 4045 2769 4098 stabit
2808 4045 2900 4097 illa
2930 4043 3138 4096 Domini
3169 4055 3282 4111 post
3331 4047 3571 4112 prim-ari-

1980 4142 2231 4194 cationem
2258 4137 2410 4207 primi
2434 4137 2652 4190 hominis
2680 4136 2788 4189 lata
2812 4137 3084 4198 sententia,
3107 4133 3238 4188 Ecce
3260 4136 3427 4189 Adam
3458 4139 3570 4208 foc-

1979 4243 2061 4286 ωε
2089 4240 2165 4285 est
2192 4230 2324 4284 sicut
2355 4245 2485 4282 unus
2518 4243 2582 4281 ex
2626 4227 2791 4293 nobis,
2835 4227 3000 4280 sciens
3045 4225 3234 4280 bonum
3281 4238 3328 4281 et
3376 4231 3570 4282 malum

1980 4325 2187 4398 (Cenes.
2224 4341 2301 4388 ιιι,
2329 4321 2461 4394 22)ἳ
2489 4323 2652 4390 Quasi
2690 4322 2938 4377 diabolus
2967 4322 3098 4376 Adae
3146 4337 3272 4376 vera
3307 4323 3570 4390 promise-

1981 4421 2072 4487 rit,
2095 4428 2151 4497 et
2170 4418 2345 4474 Adam
2397 4417 2842 4487 transgrediendo
2891 4417 3204 4472 mandatum
3235 4417 3355 4481 Dei,
3389 4418 3570 4486 profe-

1981 4670 2016 4722 ά
2050 4597 2075 4722 ἔ
2109 4599 2383 4682 Editiones
2406 4598 2643 4668 Mogunt.
2669 4607 2725 4653 et
2747 4597 2905 4660 Ven.,
2921 4596 3317 4666 intemperantia
3339 4614 3434 4652 sua
3457 4617 3568 4653 nia-

2020 4688 2043 4722 e
2070 4680 2182 4722 ραι.

2020 4672 2182 4722 efecit.

2048 4671 2290 4811 Ecgiigd.
2322 4749 2378 4793 et
2408 4739 2513 4792 hoc
2543 4738 2902 4811 recentiores,
2929 4736 3138 4790 labitur.
3168 4738 3294 4811 Mss.
3317 4739 3486 4796 Corb.
3513 4751 3566 4797 et

1980 4807 2225 4877 Rentig.,
2249 4811 2484 4878 Mognnt.
2513 4824 2566 4864 et
2597 4809 2759 4873 Ven.,
2793 4807 2931 4860 labat
2965 4810 3231 4863 memoria.

2049 4889 2075 4916 υ
2109 4883 2235 4936 Mss.
2274 4883 2482 4946 lieniig.
2516 4890 2570 4932 et
2598 4879 2731 4938 Μ..
2775 4880 2992 4948 Mognnt
3036 4892 3087 4934 et
3120 4880 3291 4943 Ven.,
3342 4892 3399 4934 ut
3442 4884 3564 4937 libe-

1975 4969 2090 5004 rnm
2131 4951 2400 5004 arbitrium
2450 4951 2522 5004 sic
2553 4963 2802 5004 cwcatum
2830 4966 2943 5004 esse
2985 4953 3210 5015 dicatur,
3252 4960 3308 5004 ut
3340 4952 3563 5008 vbcwca-

1975 5035 2046 5076 "0
2069 5039 2199 5076 ipsa.

2217 5090 2348 5152 Jo|.,
2383 5091 2520 5160 quod
2549 5109 2580 5143 a
2618 5092 2871 5145 catholica
2910 5091 3010 5158 fide
3050 5091 3268 5145 dicimus
3312 5095 3556 5150 oliemun.

1975 5163 2115 5217 Edit.
2151 5164 2388 5228 Mogunt.
2418 5172 2472 5215 et
2500 5163 2657 5227 Ven.,
2691 5166 2826 5226 quod
2848 5162 3142 5216 omnimodo
3187 5165 3311 5217 satis
3338 5167 3561 5219 alienum

1971 5251 2002 5286 α
2032 5233 2285 5285 catholica
2315 5235 2414 5297 ﬁde
2442 5235 2680 5286 dicimus.

2046 5316 2071 5353 Ρ
2097 5305 2190 5359 Ms.
2219 5305 2412 5367 Corb.,
2442 5308 2577 5367 quod
2605 5307 2810 5357 erimina
2840 5306 3046 5369 falsum.
3076 5305 3293 5370 Mugttut
3315 5314 3362 5356 o-t
3396 5305 3557 5374 Ven,

1973 5377 2110 5442 quod
2141 5375 2436 5427 omnimodo
2465 5378 2651 5442 falsum
2693 5377 2900 5427 dicitur.
2945 5375 3041 5427 Ms.
3096 5389 3223 5426 vero
3274 5374 3557 5442 Joltensis,

1972 5450 2108 5516 quod
2137 5447 2342 5499 omnino
2369 5447 2556 5513 falsum
2580 5455 2672 5497 est.

2046 5527 2071 5565 τι
2099 5519 2194 5568 Ms.
2228 5515 2507 5580 Jo'liensis,
2533 5514 2873 5567 damnandos.

2049 5597 2068 5624 τ
2105 5588 2247 5640 Edit.
2287 5588 2522 5654 Mugunt.
2567 5598 2617 5638 et
2647 5585 2807 5644 \'en.,
2856 5596 3033 5638 contra
3082 5589 3310 5640 omnium
3347 5605 3554 5642 sensum

1971 5669 2219 5710 tractatur
2245 5675 2260 5720 ;
2288 5669 2418 5715 tum,
2445 5658 2512 5706 ad
2533 5656 2851 5724 probandum
2878 5672 2895 5717 ,'
2925 5660 2974 5713 in
3017 5659 3118 5714 hoc
3164 5660 3350 5716 ultimo
3375 5659 3557 5716 conci-

1976 5738 2108 5782 nunt
2134 5743 2263 5783 mss.
2294 5725 2550 5782 Joliensis
2573 5737 2624 5779 et
2649 5725 2857 5796 Remig.
