4026 6176
519 164 624 218 959

1752 158 1811 214 S.
1853 155 2188 212 PROSPERI
2229 157 2557 225 AQUITANI

3686 161 3800 216 110

516 280 653 333 cetit
697 279 747 333 in
784 275 1179 332 similitudinem
1209 276 1326 342 Dei,
1368 283 1424 330 et
1449 283 1474 312 ⁸
1507 274 1609 328 hoc
1638 275 1688 327 ei
1722 271 1887 326 inisse
1930 269 2094 326 colla.
2122 275 2176 329 Α
2273 273 2394 353 dita:
2417 272 2687 359 reliquiis:
2711 269 2891 359 nullus
2929 289 3047 329 vero
3077 273 3220 330 bona:
3263 273 3542 331 voluntatis
3597 290 3788 359 motus.

517 381 627 423 tum
663 370 1085 440 pronuntiaverit
1113 369 1256 422 Deus
1287 383 1300 421 :
1335 383 1455 421 cum
1479 366 1533 420 in
1565 365 1647 419 his
1676 361 1904 418 verbisb
1931 362 2099 433 signi-

517 463 736 515 ﬁcatum
771 461 842 514 sit
867 461 1041 528 potius
1062 459 1188 526 quid
1225 473 1332 512 non
1365 456 1526 512 fuerit
1554 463 1859 520 assecutus,
1891 455 1977 524 qui
2006 469 2097 508 su-

516 552 718 619 perbiae
767 555 1040 620 ingressus
1074 551 1244 618 viam,
1276 549 1420 618 quod
1455 547 1685 602 habebat
1713 545 1913 609 amisit,
1968 545 2094 600 dum

513 645 655 712 quod
689 657 793 697 non
826 651 1111 710 acceperat
1159 641 1488 709 concupivit.
1539 638 1654 692 Non
1689 640 1866 692 minus
1912 645 2093 692 autem

511 735 563 787 in
593 736 704 802 ipsa
739 734 899 801 hujus
921 747 1115 787 sensus
1140 731 1490 787 conclusione
1518 739 1800 800 peccatum
1828 739 1932 793 est,
1966 728 2092 782 dum

508 825 706 880 dicitur
737 841 750 881 :
780 824 1024 896 Concepit
1064 840 1188 894 ergo
1227 823 1392 878 Adam
1440 831 1555 894 post
1598 821 2091 892 prtevaricationem,

507 936 662 988 quam
691 935 793 972 non
816 917 1081 981 habuerat,
1105 917 1376 970 scientiam
1397 917 1521 970 mali
1535 931 1554 980 ,°
1584 915 1701 968 boni
1727 930 1865 981 vero,
1888 923 1911 953 ο
1939 929 2094 984 quam

510 1018 814 1078 acceperat,
863 1008 1132 1062 scientiam
1191 1023 1295 1061 non
1351 1007 1545 1060 amisit.
1605 1005 1900 1061 Scienliam
1966 1003 2093 1059 boni

491 1099 677 1154 ‘Adam
735 1109 861 1154 tunc
917 1099 1172 1163 habebat,
1223 1099 1440 1168 quando
1484 1099 1685 1152 bonum
1738 1106 2093 1165 sanctumque

504 1191 816 1244 mandatum
853 1190 943 1244 Dei
994 1189 1139 1244 ﬁdeli
1179 1188 1344 1242 corde
1391 1188 1551 1260 331
1579 1187 1848 1253 servabat,
1880 1195 1935 1240 et
1976 1194 2093 1241 erat

463 1285 678 1352 'justus
724 1296 948 1335 manens
997 1282 1048 1334 in
1098 1279 1332 1350 imagine
1369 1279 1640 1334 Creatoris
1690 1278 1797 1343 sui,
1851 1276 2092 1347 legisque

504 1373 623 1440 ejus
676 1388 779 1426 non
826 1370 1174 1426 obliviscens.
1210 1370 1499 1438 Postquam
1521 1377 1701 1422 autem
1732 1382 1813 1433 se,
1849 1367 1952 1421 hoc
1981 1378 2085 1434 est,

503 1463 789 1532 imaginem
818 1473 870 1517 et
899 1462 1156 1530 templum
1192 1462 1284 1515 Dei
1313 1458 1597 1530 deceptori
1627 1473 1726 1514 suo
1756 1457 1785 1496 ιι
1824 1458 2086 1528 vendidit,

501 1555 738 1624 perdidit
778 1555 903 1609 boni
956 1553 1259 1618 scientiam,
1306 1553 1429 1624 quia
1460 1552 1695 1621 perdidit
1737 1552 1934 1607 bonam
1960 1566 2089 1606 con-

2272 343 2371 395 nisi
2398 358 2460 396 ex
2491 344 2690 409 Spiritu
2719 351 2916 397 sancto.

2271 453 2441 525 [Alias
2469 455 2599 509 CAP.
2632 456 2823 527 XXII.]
2859 459 2908 512 1.
2946 459 3051 514 Sed
3092 473 3161 514 ne
3191 459 3308 516 haec
3354 461 3515 530 primi
3558 459 3792 519 hominis

2197 546 2474 599 calamitas
2524 547 2580 600 in
2638 550 2951 618 progeniem
3005 551 3123 620 ejus
3195 555 3456 608 transisse
3506 555 3783 621 videatur,

2197 632 2225 672 ¹ί
2248 651 2406 704 quam
2439 637 2646 707 integro
2672 641 2743 693 sit
2771 641 3012 694 omnium
3043 641 3320 697 hominum
3343 652 3531 697 natura
3557 644 3785 714 judicio,

2197 730 2448 798 exemplo
2482 732 2720 800 gentium
2755 734 3078 801 probaturus
3119 735 3207 789 hic
3243 735 3434 790 doctor
3468 734 3486 774 ι
3544 737 3695 792 addit
3734 748 3787 792 et

2196 820 2320 874 dicit
2353 819 2568 889 (Collat.
2601 823 2669 878 15
2694 840 2811 893 cap.
2846 824 2938 896 12)
2972 841 2988 880 :
3018 823 3252 895 Denique
3293 843 3393 880 non
3429 827 3664 880 amisisse
3711 845 3787 898 ge-

2197 927 2293 964 nus
2345 912 2631 966 humanum
2670 923 2784 985 post
2824 917 3300 986 praevaricationem
3339 917 3466 971 Adte
3519 919 3788 973 scientiam

2196 1002 2333 1068 boni,
2372 1006 2524 1058 etiam
2540 1005 2775 1076 Apostoli
2795 1008 3049 1061 sententia
3069 1009 3444 1063 euidentissime
3467 1011 3784 1076 declaratur,

2192 1094 2283 1162 qui
2307 1095 2432 1147 dicit
2455 1094 2633 1165 (Rom.
2667 1113 2725 1160 ιι,
2755 1095 2870 1167 14),
2895 1104 2932 1133 ω
2956 1096 3086 1151 Cum
3115 1100 3247 1152 enim
3269 1099 3429 1170 332
3456 1111 3630 1170 gentes
3673 1118 3786 1170 qua:

2192 1183 2356 1257 legem
2384 1203 2485 1240 non
2506 1187 2709 1253 habent,
2753 1190 3058 1243 naturaliter
3089 1205 3202 1260 qua:
3249 1191 3374 1260 legis
3403 1202 3524 1244 sunt
3554 1193 3785 1260 faciunt;

2193 1275 2248 1328 hi
2276 1276 2436 1346 legem
2464 1293 2566 1330 non
2588 1278 2851 1344 habentes,
2881 1280 2983 1349 ipsi
3007 1279 3103 1334 sibi
3133 1289 3255 1333 sunt
3304 1281 3415 1346 lex,
3471 1283 3560 1348 qui
3611 1291 3786 1336 osten-

2192 1369 2320 1423 dunt
2348 1387 2478 1440 opus
2508 1370 2635 1444 legis
2655 1373 2901 1442 scriptum
2921 1373 2976 1426 in
3004 1371 3241 1426 cordibus
3270 1374 3402 1434 suis,
3434 1374 3784 1427 testimonium

2189 1459 2435 1514 reddente
2458 1462 2533 1515 eis
2560 1463 2876 1516 conscientia
2901 1471 2930 1499 ιι
2955 1465 3202 1534 ipsorum,
3229 1472 3276 1516 et
3307 1463 3441 1516 inter
3473 1479 3527 1518 se
3568 1464 3783 1517 invicem

2191 1551 2584 1620 cogitationibus
2604 1553 2979 1620 accusantibus,
3033 1562 3123 1606 aut
3167 1554 3319 1607 etiam
3367 1553 3783 1623 defendentibus,

498 1647 796 1701 scientiam.
821 1645 1092 1700 Justitiam
1125 1644 1270 1700 enim
1311 1645 1567 1714 iniquitas
1603 1643 1829 1712 depulit,
1861 1643 2083 1699 humili-
2115 1639 2163 1700 B
2190 1642 2245 1695 in
2273 1642 2358 1695 die
2385 1659 2482 1712 quo
2500 1643 2761 1712 judicabit
2793 1641 2933 1697 Deus
2957 1644 3157 1697 occulta
3181 1643 3467 1698 hominum.

500 1748 664 1792 tatem
711 1736 967 1807 superbia
1013 1736 1302 1801 destruxit,
1353 1735 1744 1791 continentiam
1794 1734 2084 1806 concupis-

495 1811 673 1885 cenlia
713 1831 876 1892 elisit,
904 1827 1196 1882 inﬁdelitas
1241 1827 1419 1897 rapuit
1449 1826 1632 1894 ﬁdem,
1658 1826 1940 1896 captivitas
1962 1828 2086 1882 abs-

498 1924 618 1976 tulit
647 1922 950 1976 libertatem
983 1937 997 1977 :
1030 1935 1129 1975 nec
1160 1921 1335 1989 potuit
1359 1920 1466 1974 ulla
1499 1920 1609 1974 illic
1637 1920 1812 1990 portio
1841 1920 2084 1976 residere

497 2015 902 2081 virtutuin,quo
929 2019 1073 2065 tanta
1102 2010 1373 2080 irruperat
1401 2019 1580 2065 turma
1606 2011 1882 2066 vitiorum.
1913 2011 2083 2067 Nemo

453 2125 456 2128 ~
494 2105 637 2156 enim
657 2113 818 2173 potest
841 2101 1044 2154 duobus
1064 2101 1285 2154 dominis
1311 2101 1498 2156 servire
1521 2099 1676 2173 (Luc.
1704 2117 1814 2167 svr,
1839 2102 1961 2170 15-);
1993 2111 2080 2158 et:

497 2193 601 2257 Qui
631 2195 755 2264 facit
784 2201 1067 2263 peccatum,
1095 2207 1270 2245 servus
1300 2202 1375 2246 est
1404 2193 1599 2262 peccati
1625 2192 1807 2260 (Joan.
1827 2193 2079 2263 vm,54):

448 2304 454 2312 ·
493 2295 568 2349 et,
595 2285 638 2338 Α
666 2301 766 2355 quo
787 2284 898 2354 quis
926 2291 1194 2351 superatus
1220 2293 1317 2350 est,
1352 2293 1376 2321 ο
1401 2285 1448 2337 ei
1469 2291 1516 2338 et
1541 2300 1714 2339 servus
1739 2285 1978 2340 addictus
2005 2294 2082 2340 est

446 2392 455 2398 ·
492 2378 561 2448 (ll
582 2377 722 2432 Petr.
755 2393 816 2444 ιι,
850 2375 963 2448 19).
998 2377 1166 2431 Nemo
1189 2385 1367 2431 autem
1413 2377 1599 2440 servit,
1629 2376 1730 2432 nisi
1760 2393 1885 2432 cum
1905 2376 2079 2448 aliqua

490 2472 774 2535 libertate;
808 2477 864 2525 et
893 2483 1053 2525 nemo
1089 2469 1108 2507 ί
1149 2469 1285 2524 liber
1317 2478 1422 2535 est,
1464 2469 1567 2524 nisi
1595 2485 1715 2524 curn
1745 2469 1924 2540 aliqua
1966 2485 2083 2524 ser-

489 2562 680 2627 vitute,
733 2561 947 2617 dicente
984 2561 1249 2630 Apostolo
1291 2561 1468 2630 (Rom.
1514 2577 1584 2627 vi,
1615 2561 1734 2631 20),
1781 2560 1911 2616 Cum
1945 2563 2080 2617 enim

487 2652 618 2705 servi
635 2653 810 2706 essetis
840 2651 1054 2719 peccati,
1090 2659 1115 2697 ε
1143 2650 1294 2704 liberi
1319 2651 1489 2719 fuistis
1501 2652 1742 2723 justitiaz.
1771 2651 1933 2718 Quem
1959 2669 2081 2722 ergo

441 2763 444 2766 η
487 2745 714 2813 fructum
747 2742 996 2796 habuistis
1027 2753 1180 2805 tunc,
1215 2737 1242 2776 ιι
1273 2741 1326 2793 in
1353 2742 1461 2795 illis
1482 2743 1534 2794 in
1563 2743 1744 2811 quibus
1778 2759 1916 2796 nunc
1961 2759 2082 2797 eru-

488 2834 728 2887 bescitis?
758 2832 899 2885 Nam
929 2833 1049 2903 ﬁnis
1088 2831 1302 2884 illorum
1328 2847 1470 2886 mors
1500 2843 1595 2886 est.
1629 2834 1787 2886 Nunc
1807 2850 1924 2888 vero
1954 2834 2081 2890 libe-

485 2927 588 2980 rati
611 2943 642 2979 a
672 2934 907 2996 peccato,
946 2924 1080 2979 servi
1107 2933 1279 2976 autem
1319 2925 1443 2992 [acti
1473 2922 1593 2990 Dei,
1624 2925 1822 2980 habetis
1851 2927 2079 2994 fructum

2257 1731 2312 1785 2.
2347 1731 2405 1789 Si
2432 1733 2500 1788 de
2541 1733 2626 1788 his
2656 1741 2680 1769 ο
2711 1733 3007 1803 Apostolus
3034 1734 3269 1804 loquitur
3297 1735 3386 1803 qui
3417 1750 3481 1788 ex
3513 1734 3780 1805 praeputio

2186 1831 2316 1879 sunt
2341 1824 2537 1891 vocati,
2569 1832 2624 1879 et
2652 1840 2774 1879 cum
2805 1835 2989 1879 essent
3014 1825 3196 1894 longe,
3230 1834 3258 1874 P
3301 1823 3425 1879 facti
3455 1836 3579 1879 sunt
3610 1841 3779 1894 prope

2187 1915 2409 1986 (Ep/tes.
2439 1931 2500 1983 ιι,
2527 1916 2641 1987 15),
2686 1915 2975 1971 credentes
3011 1915 3062 1969 in
3093 1931 3216 1970 eum
3260 1917 3373 1986 qui,
3401 1931 3630 1985 quorum
3675 1916 3776 1969 ali-

2186 2007 2401 2078 quando
2443 2023 2551 2063 non
2607 2008 2861 2062 misertus
2908 2015 3009 2074 est,
3062 2020 3206 2062 nunc
3256 2015 3434 2062 autem
3484 2007 3775 2062 miseretur

2186 2100 2230 2171 (l
2261 2099 2403 2155 Petr.
2429 2116 2490 2165 ιι,
2522 2101 2701 2170 10),θι
2716 2100 3026 2170 justiﬁeans
3051 2101 3523 2156 circumcisionem
3547 2116 3614 2156 ex
3643 2101 3769 2169 ﬁde,

2186 2201 2242 2248 et
2268 2196 2590 2263 prasputium
2619 2210 2715 2263 per
2740 2194 2901 2250 ﬁdem
2933 2194 3113 2266 (Rom.
3143 2209 3223 2260 ιιι,
3254 2193 3366 2264 '50),
3416 2193 3554 2248 duos
3583 2195 3773 2250 condi-

2185 2285 2265 2340 dit
2321 2286 2375 2340 in
2422 2289 2740 2356 semetipso,
2794 2288 3178 2356 destructoque
3226 2289 3432 2357 pariete
3476 2289 3775 2343 inimicitia:

2188 2375 2410 2446 (Ephes.
2441 2392 2499 2444 ιι,
2536 2376 2960 2451 M)Jud:eorum
3005 2386 3061 2433 et
3087 2379 3353 2448 gentium,
3396 2378 3449 2432 in
3483 2393 3590 2432 uno
3635 2394 3774 2432 novo

2185 2467 2406 2524 homine
2435 2469 2565 2525 fecit
2593 2483 2778 2540 pacem
2805 2487 2820 2537 ;
2847 2469 3180 2525 concludens
3216 2470 3394 2524 omnia
3426 2469 3476 2524 in
3508 2470 3761 2525 incredu~

2184 2558 2357 2626 litate,
2387 2567 2445 2614 ut
2469 2560 2765 2629 promissio
2788 2576 2858 2617 ex
2885 2559 2988 2615 ﬁde
3010 2559 3142 2615 Jesu
3169 2559 3367 2616 Christi
3401 2560 3624 2616 daretur
3645 2577 3770 2618 cre-

2183 2652 2436 2709 dentibus
2467 2652 2665 2724 (Galat.
2695 2669 2776 2718 ιιι,
2798 2653 2890 2724 22)
2915 2672 2930 2708 :
2960 2654 3025 2719 si,
3055 2653 3296 2722 inquam,
3329 2653 3397 2709 de
3425 2653 3508 2708 bis
3538 2653 3774 2724 Aposto-

2182 2751 2264 2806 lus
2291 2749 2531 2818 loquitur
2562 2749 2616 2802 in
2642 2761 2868 2816 quorum
2910 2745 3165 2801 cordibus
3199 2746 3340 2800 Deus
3368 2746 3536 2815 digito
3565 2761 3690 2812 suo,
3720 2747 3771 2801 id

2181 2852 2288 2904 est,
2317 2839 2524 2909 Spiritu
2553 2848 2738 2894 sancto
2779 2838 2967 2893 scribit
3010 2852 3206 2893 novum
3255 2846 3662 2903 testamentum,
3716 2849 3772 2893 ut

2182 2931 2320 3000 legis
2345 2930 2738 3000 plenitudinem
2765 2939 2820 2983 et
2843 2943 3007 2998 opera
3036 2929 3316 2983 charitatis
3335 2929 3660 2984 naturaliter
3680 2947 3772 2985 ex-

483 3019 536 3070 in
557 3017 990 3086 sanctiﬁcatione,
1024 3015 1179 3085 ﬁnem
1211 3030 1328 3068 vero
1360 3016 1516 3068 vitam
1546 3026 1807 3072 ceter-nam.
1835 3018 1941 3086 Qui
1971 3019 2076 3074 ita-
2100 3011 2146 3075 C
2178 3032 2496 3093 sequantur,
2547 3020 2839 3076 reformata
2870 3021 3080 3075 scilicet
3111 3033 3479 3092 renovataque
3534 3035 3766 3088 natura;

482 3121 588 3174 que
616 3109 784 3161 servit
814 3105 1054 3172 diabolo,
1089 3106 1223 3159 liber
1258 3115 1341 3161 est
1369 3121 1398 3159 a
1431 3107 1572 3172 Deo;
1619 3108 1712 3178 qui
1742 3121 1921 3166 autem
1959 3111 1975 3149 ί
2009 3113 2074 3168 li-

482 3200 706 3252 heratus
735 3199 902 3252 servit
933 3198 1066 3265 Deo,
1102 3197 1242 3252 liber
1265 3208 1349 3253 est
1379 3213 1407 3250 a
1438 3198 1654 3254 diabolo
1681 3217 1696 3256 :
1723 3210 1781 3255 ut
1809 3213 2073 3272 appareat

483 3289 679 3343 malam
714 3288 1019 3344 libertatem
1053 3290 1292 3358 potuisse
1321 3288 1503 3344 haberi
1523 3305 1592 3344 ex
1615 3290 1862 3347 humana:
1881 3294 2072 3348 volun-

481 3380 608 3433 tatis
636 3375 931 3443 delectu;i
985 3379 1180 3431 bonam
1229 3388 1412 3433 autem
1461 3379 1768 3436 libertatem
1810 3397 1918 3438 non
1970 3398 2070 3452 po-

479 3474 645 3528 tuisse
678 3471 850 3543 recipi
874 3472 992 3527 sine
1021 3471 1328 3526 liberatoris
1361 3472 1585 3527 auxilio.

1033 3644 1035 3646 ’
1120 3644 1349 3702 CAPUT
1389 3645 1458 3701 X.

476 3807 771 3878 Exponitur
800 3802 1169 3878 ctrindicatur
1189 3801 1590 3878 locusgApostoli
1618 3800 1775 3878 Boni.
1796 3818 1856 3869 ιι,
1883 3804 2069 3878 M,_de

547 3874 779 3949 gentibus
829 3876 939 3949 sine
984 3874 1423 3949 legefa‘cientibus
1475 3889 1590 3940 qua:
1621 3874 1747 3942 legis
1787 3885 1927 3949 sunt.
1958 3876 2065 3929 Sa-

546 3943 737 4017 pientia
753 3947 985 4013 quaedam
1011 3945 1064 3997 in
1093 3943 1392 4011 inﬁdelibus
1421 3959 1486 3996 ea:
1515 3951 1714 3998 natura:
1741 3961 1773 3997 a
1804 3944 1914 3998 Deo
1934 3962 2064 4000 con-

548 4141 572 4169 α
600 4131 699 4187 Ms.
729 4125 1009 4191 Joliensis,
1034 4123 1277 4196 Mogunt.
1310 4122 1549 4196 e_t_Ven.,
1576 4126 1671 4179 hoc
1690 4127 1736 4179 ei
1759 4127 1937 4196 fuisset
1959 4128 2068 4183 col-

420 4229 429 4234 -
476 4205 639 4256 latum
679 4198 816 4273 quod
847 4191 1200 4269 pronuntiavit
1241 4191 1396 4266 (editi
1436 4195 1574 4262 duo,
1629 4191 2061 4271 pron'untiaverit)

474 4273 740 4397 Deﬁédit.
768 4342 1007 4410 Mogtint.
1036 4343 1092 4390 et
1113 4333 1280 4410 γεω,
1305 4336 1691 4410 signiﬁcaverit,
1715 4351 1793 4392 sc.
1825 4337 1989 4393 Deus.

550 4425 572 4452 ο
603 4416 730 4469 Mss.
754 4407 945 4468 Jolfet
971 4407 1209 4476 Remig.,
1236 4407 1474 4478 Mogunt.
1499 4415 1554 4462 et
1587 4407 1750 4473 Ven.,
1781 4425 1937 4479 quam
1965 4410 2059 4464 ha-

416 4509 423 4511 ·
475 4487 675 4538 buerat.

2182 3125 2211 3165 οι
2243 3115 2371 3183 quid
2404 3115 2530 3169 hinc
2560 3112 2933 3182 superbissimi
2961 3126 3154 3168 sensus
3196 3113 3408 3168 novitas
3455 3113 3768 3184 adjuvatur.

2176 3220 2297 3260 cum
2322 3203 2691 3260 reconciliatio
2720 3202 3060 3258 inimicorum
3093 3220 3200 3258 non
3229 3205 3399 3274 possit
3446 3206 3551 3261 nisi
3577 3209 3769 3277 gratiae

2177 3296 2492 3354 Mediatoris
2523 3295 2759 3350 ascribi?
2794 3293 2983 3348 Omnes
3010 3297 3142 3348 enim
3172 3306 3529 3366 peccaverunt,
3550 3307 3597 3350 et
3618 3308 3768 3370 egent

2176 3389 2343 3462 gloria
2369 3388 2484 3452 Dei,
2499 3387 2782 3459 justi/icati
2805 3387 2964 3456 gratis
3002 3401 3091 3456 per
3117 3388 3337 3458 gratiam
3371 3389 3535 3456 ipsius
3584 3387 3766 3460 (Rom.

2177 3495 2256 3544 ιιι,
2283 3478 2398 3548 25).
2432 3479 2572 3547 Ergo
2604 3478 2774 3546 gratia
2803 3476 2978 3545 gloria
3017 3485 3101 3531 est
3124 3478 3242 3542 Dei,
3267 3493 3372 3532 non
3411 3479 3668 3533 meritum
3699 3480 3765 3533 li-

2175 3573 2369 3628 berati.
2399 3570 2533 3637 Quis
2562 3570 2706 3624 enim
2731 3569 2879 3639 prior
2907 3568 3057 3625 dedit
3084 3569 3159 3630 ei,
3207 3579 3229 3606 τ
3275 3579 3331 3623 ιιι
3370 3571 3766 3626 retribueretur

2173 3665 2296 3720 illi?
2321 3663 2464 3718 Nihil
2493 3661 2621 3716 boni
2649 3660 2829 3731 operis
2857 3675 2924 3715 ex
2954 3662 3203 3727 mortuis,
3233 3661 3366 3716 nihil
3387 3661 3614 3730 iustitia:
3640 3679 3767 3732 pro-

2173 3756 2402 3813 cedites
2433 3753 2650 3824 impiis:
2678 3759 2700 3786 ³
2732 3751 2908 3805 omnis
2939 3751 3180 3821 ipSoI'um
3209 3752 3360 3808 salus
3383 3755 3614 3822 gratuita
3648 3763 3760 3818 est;

2174 3860 2229 3906 et
2251 3849 2373 3904 ideo
2401 3846 2575 3916 gloria
2607 3843 2702 3898 Dei
2728 3853 2833 3908 est,
2859 3854 2917 3897 ut
2945 3845 3036 3913 qui
3065 3843 3358 3914 gloriatur,
3387 3845 3443 3900 in
3472 3845 3568 3900 illo
3605 3845 3763 3915 cujus

2174 3942 2344 4015 gloria
2375 3940 2522 4011 eguit
2549 3937 2809 4008 glorietur
2840 3935 3016 4009 (Rom.
3049 3952 3124 4006 XI,
3156 3936 3270 4008 55).

2175 4128 2315 4182 nium
2343 4125 2607 4180 hominum
2633 4133 2819 4177 natura
2855 4122 3081 4194 judicio.

2217 4197 2281 4283 ,ι’
2325 4197 2464 4252 Edit.
2515 4195 2763 4266 Lugdun.
2813 4191 2869 4248 et
2923 4193 3016 4247 illa
3074 4191 3423 4262 posteriores,
3457 4192 3661 4246 addidit
3709 4207 3759 4251 et

2173 4269 2558 4406 diﬁ‘lilogunt"
2581 4335 2716 4392 Ven.
2731 4332 3043 4404 etLugdun.
3059 4331 3186 4388 edit.
3201 4374 3216 4400 ,
3235 4331 3490 4399 Quoniam
3505 4344 3702 4401 gentes.
3714 4377 3754 4402 ..

2167 4426 2228 4465 ea
2253 4427 2357 4480 qua
2386 4411 2507 4478 legis
2538 4417 2678 4460 sunt.

2239 4472 2275 4517 η’
2299 4481 2410 4536 Hoc
2433 4472 2764 4548 pronomen,
2794 4476 3180 4548 ipsoruni,_non
3212 4472 3404 4542 legitur
3425 4472 3478 4526 in
3512 4487 3614 4528 ms.
3646 4475 3757 4532 Re-

542 4554 567 4591 d
598 4555 674 4607 lta
703 4567 835 4606 mss.
856 4549 1047 4618 Corb.,
1078 4549 1290 4620 Remig.
1313 4557 1369 4605 et
1395 4547 1526 4615 101.;
1547 4549 1877 4619 posteriores
1897 4550 2052 4620 editi,
2084 4547 2135 4605 D
2161 4552 2290 4619 mig.
2323 4565 2420 4604 nec
2442 4545 2496 4620 in
2526 4548 2657 4620 edit.
2683 4545 3003 4620 magunum
3030 4545 3162 4598 Ven.

470 4625 718 4682 subdidit.

544 4707 566 4734 ε
591 4696 688 4750 Ms.
720 4689 996 4755 Joliensis,
1028 4691 1137 4757 ejus
1168 4699 1216 4743 et
1252 4707 1426 4746 servus
1456 4700 1550 4748 est.

545 4766 562 4805 ί
595 4762 918 4840 Mss.__Cogb.
948 4771 1004 4814 et
1027 4761 1157 4840 ilo!”
1191 4761 1441 4840 MOE-"lli:
1463 4773 1516 4815 et
1545 4759 1688 4840 _Ven.
1721 4762 1878 4840 e_di_t.,
1903 4779 2052 4840 nemo

469 4839 700 4893 libertate
724 4831 850 4889 liber
870 4841 962 4897 est,
987 4831 1105 4904 nisi,
1135 4840 1241 4886 etc.
1274 4831 1379 4904 bis.
1405 4833 1612 4900 Remig.
1655 4834 1854 4888 omittit
1911 4832 2048 4904 haec,

468 4922 514 4964 et
545 4925 689 4962 nemo
723 4906 851 4960 liber
875 4913 946 4957 est
969 4901 1206 4972 nisigcum
1229 4903 1401 4972 aliqua
1426 4905 1682 4958 servitute.

542 4991 567 5027 ε
599 4979 726 5032 Mss.
760 4975 969 5043 Remig.
990 4983 1044 5027 et
1071 4970 1345 5043 loliensis,
1376 4974 1520 5027 liberi
1552 4975 1729 5027 eratis.

538 5048 567 5087 ιι
620 5048 896 5104 Editiones
923 5042 1154 5112 ’Lugd”
1203 5042 1405 5113 Lovan.
1434 5085 1448 5108 ,
1490 5044 1660 5098 Duae.
1717 5053 1772 5098 et
1815 5043 2046 5113 Colon.,

467 5124 720 5176 omittunt
744 5120 798 5172 in
818 5115 942 5169 illis.
973 5114 1109 5181 Mog.
1142 5121 1195 5165 et
1230 5112 1361 5167 Ven.
1395 5114 1670 5166 exhibent.
1700 5113 1893 5168 Postea
1918 5112 2050 5170 vero

468 5205 696 5262 quatuor
717 5183 1296 5262 praedictteeditionnes,
1329 5182 1673 5262 thtncatttem
1705 5186 1850 5262 liberi
1879 5202 1912 5239 a
1938 5203 2051 5251 pec-

465 5253 597 5324 cato,
631 5253 758 5317 serbi
786 5269 956 5314 autem
984 5255 1108 5328 facti
1151 5253 1284 5320 Deo,
1325 5253 1522 5308 habetis
1557 5254 1782 5323 fructum
1832 5257 1888 5309 in
1930 5273 2052 5311 san-

465 5334 849 5402 ctiﬁcatienem.

543 5392 559 5440 ὶ
592 5405 785 5472 Lugd.,
813 5401 1041 5472 libertus.
1072 5395 1238 5472 Duae.
1261 5403 1332 5472 _et_
1348 5393 1573 5472 Colon.,
1584 5392 1855 5472 liberatur.

538 5475 554 5523 i
585 5465 709 5526 Mss.
733 5465 920 5536 Corb.,
942 5469 1153 5536 Remig.
1177 5477 1230 5521 et
1249 5465 1384 5532 λοι..
1407 5480 1529 5520 cum
1552 5465 1794 5536 Mogunt.
1814 5476 1868 5522 et
1887 5466 2047 5537 Ven.,

464 5544 649 5597 bonam
672 5551 851 5596 autem
881 5543 1212 5592 voluntatem.

529 5624 554 5652 ι
600 5616 692 5669 iis.
719 5610 975 5668 Joliensis
1005 5608 1172 5674 solus,
1204 5624 1360 5677 quam
1391 5624 1487 5665 suo
1513 5607 1649 5664 intra
1675 5623 1729 5663 se
1749 5610 1904 5665 sensit
1936 5625 2046 5664 om-

2232 4612 2266 4657 δ
2290 4623 2389 4676 Ms.
2443 4619 2697 4674 Joliensis
2745 4617 2829 4670 hic
2876 4616 3045 4679 addit,
3076 4612 3356 4668 secundum
3415 4612 3752 4684 Evangelitmt

2161 4707 2354 4756 meum,
2388 4706 2478 4760 per
2504 4687 2680 4742 Iesum
2707 4686 2967 4760 Christum
3003 4685 3285 4739 Dominum
3327 4693 3577 4738 nostrum.
3630 4689 3750 4742 Ca:-

2159 4765 2264 4816 teri
2297 4758 2512 4816 codices
2544 4763 2656 4812 haec
2687 4773 2792 4812 non
2843 4758 3064 4810 addunt.

2229 4844 2256 4882 ρ
2291 4833 2540 4904 Lugdun.
2574 4830 2731 4904 edit‘.,
2764 4830 2891 4898 facti
2911 4837 3028 4904 sunt
3059 4841 3217 4893 prope
3242 4823 3500 4904 credentes
3529 4825 3582 4877 in
3608 4842 3748 4904 eum.

2160 4894 2403 4968 Quoruni
2439 4899 2724 4969 aliquando
2764 4894 2876 4952 non
2917 4899 3172 4969 misertus,
3223 4906 3266 4949 et
3301 4894 3598 4969 justiﬁcans
3649 4900 3752 4951 circ

2159 4965 2604 5027 c'umcisianem'ea:
2644 4972 2764 5037 ﬁde,
2802 4978 2849 5022 et
2884 4968 3199 5038 praeputium
3249 4981 3339 5037 per
3383 4965 3561 5038 ﬁdem,
3598 4970 3751 5038 (duos

2158 5047 2385 5096 condidit
2413 5049 2464 5096 in
2492 5036 2783 5107 semetipso.
2804 5038 2870 5092 Et
2885 5036 3164 5106 utrumque
3192 5036 3436 5107 parietem
3464 5036 3751 5092 inimicitiis

2156 5113 2461 5169 Iudaeorum
2487 5123 2534 5166 et
2562 5105 2810 5178 gentium,
2842 5111 2894 5164 in
2936 5125 3040 5162 uno
3095 5105 3223 5162 novo
3262 5105 3467 5158 homine
3521 5109 3748 5173 soluens,

2160 5185 2279 5256 fecit
2309 5201 2508 5256 pacem,
2538 5191 2644 5256 etc.

2231 5266 2256 5305 «ι
2294 5246 2436 5308 Edit.
2489 5253 2758 5320 Lugdun.,
2815 5250 2938 5321 quid
2963 5249 3122 5321 hujus
3169 5246 3519 5318 superbissimi
3565 5264 3748 5301 sensus

2159 5328 2359 5379 novitas
2385 5324 2707 5394 adjuvatur?

2234 5406 2254 5432 τ
2289 5397 2383 5448 Ms.
2413 5388 2693 5459 Joliensis,
2722 5402 2769 5447 et
2797 5390 3106 5446 retribuetur
3143 5390 3221 5444 illi
3247 5388 3272 5444 .’

2232 5474 2252 5500 ⁸
2296 5467 2386 5521 Sic
2413 5482 2542 5520 mss.
2576 5457 2766 5526 Corb.,
2797 5464 3005 5530 Rcmig.
3030 5472 3085 5515 et
3114 5460 3244 5527 Jol.,
3272 5474 3394 5514 cum
3427 5457 3647 5527 Mogunt
3689 5467 3748 5513 et

2160 5537 2294 5591 Ven.
2328 5536 2457 5592 edit.
2490 5539 2559 5590 At
2586 5535 2781 5604 Lugd.,
2813 5535 3043 5602 Lovan.,
3073 5532 3239 5588 Duae.
3279 5540 3334 5588 et
3370 5531 3596 5600 Colon.,
3639 5540 3746 5584 tota

2156 5609 2389 5680 ipsorum
2415 5606 2555 5662 salus
2584 5606 2752 5678 gratia
2774 5614 2870 5657 est.
