4030 6178
251 286 352 345 211

1357 278 1563 337 LIBER
1600 276 1873 335 CONTRA
1915 270 2404 330 COLLATOREM.

3417 268 3533 326 262

314 404 370 459 5.
399 402 494 457 Sin
524 408 703 456 autem
730 397 900 471 (quod
929 397 1100 469 magis
1132 397 1251 451 vult
1279 395 1371 449 hic
1398 394 1702 463 diSputator
1746 391 1831 445 in-
1859 395 1905 451 Α
1934 402 2091 453 neque
2116 383 2438 438 circumcisio
2459 381 2662 453 aliquid
2686 380 2842 447 valet,
2871 397 3035 450 neque
3061 380 3408 453 prteputium;
3437 382 3537 436 .ιά

248 493 446 567 telligi)
462 492 532 548 de
562 492 788 547 illisista
819 490 1070 544 dicuntur
1093 488 1205 557 qui,
1237 485 1403 542 alieni
1426 501 1456 538 a
1482 484 1654 554 gratia
1681 482 1838 538 Chri-

247 585 448 650 stiana,
499 583 746 653 quaedam
777 582 843 636 ad
874 579 1289 635 similitudinem
1320 577 1571 648 legalium
1604 574 1838 630 manda-

247 688 425 731 torum
484 676 711 747 proprio
755 673 962 744 judicio
1004 682 1032 710 η
1079 670 1419 733 saneiebant,
1474 668 1837 736 intelligentes

245 782 428 823 mores
497 766 778 821 civitatum
856 764 1309 833 concordiamque
1356 761 1678 831 populorum
1728 772 1836 812 non

246 873 409 928 posse
437 859 601 913 aliter
628 856 924 920 contineri,
954 854 983 893 δ
1009 854 1113 909 nisi
1142 864 1197 909 et
1225 862 1376 909 recte
1407 853 1563 907 factis
1596 851 1834 921 praemia,

246 963 298 1007 et
323 952 568 1020 peccatis
590 965 769 1021 pinnae
796 949 1244 1011 decernerentur,
1303 957 1325 985 ο
1360 947 1501 1002 sicut
1527 944 1728 999 dictum
1756 952 1840 997 est

247 1045 310 1100 ab
334 1045 458 1115 ipsa
489 1042 774 1112 Sapientia
791 1042 908 1106 Dei,
937 1038 1046 1111 Ego
1074 1055 1137 1093 ea:
1161 1055 1247 1093 ore
1272 1037 1525 1092 Altissimi
1544 1036 1769 1108 prodivi,
1792 1044 1842 1109 et

246 1134 466 1190 inomni
490 1142 642 1206 gente
690 1133 969 1203 primatum
1022 1130 1210 1194 tenui;
1257 1128 1484 1199 requiem
1531 1127 1742 1198 qucesitti
1786 1126 1840 1179 in

242 1229 400 1286 Iacob
431 1239 485 1285 et
510 1230 687 1284 inveni
716 1227 1061 1299 (Eccli.xxtv,
1107 1225 1188 1294 5).
1218 1224 1363 1294 Ergo
1395 1222 1522 1294 quis
1562 1221 1825 1292 ambigat,

245 1320 379 1373 hanc
400 1316 734 1387 sapientiam
767 1316 1010 1369 humano
1031 1313 1191 1384 333
1213 1311 1400 1383 generi
1423 1310 1489 1365 ad
1511 1310 1830 1379 temporalis

246 1410 362 1463 vitae
392 1408 693 1462 utilitatem
725 1402 779 1471 ἀ,
811 1421 880 1460 ex
911 1412 1123 1458 naturas
1158 1418 1190 1457 a
1234 1402 1347 1457 Deo
1379 1402 1613 1457 condita:
1637 1416 1832 1472 super-

247 1515 357 1556 esse
382 1498 674 1569 reliquiis?
700 1496 755 1552 Si
777 1497 925 1551 enim
943 1510 1045 1550 nec
1065 1494 1133 1549 ad
1154 1493 1255 1548 ista
1279 1501 1498 1548 terrena
1529 1491 1833 1546 ordinanda

250 1589 535 1645 rationalis
558 1587 731 1642 animi
755 1586 970 1656 vigeret
994 1582 1299 1655 ingenium,
1325 1598 1436 1637 non
1453 1581 1644 1636 vitiata
1664 1590 1830 1647 esset,

251 1680 337 1735 sed
358 1679 641 1735 exstincta
656 1684 875 1731 natura.
895 1674 1027 1742 Quae
1049 1683 1231 1728 tamen
1250 1672 1463 1727 etiamsi
1484 1671 1835 1726 excellentis-

1941 479 2067 549 ﬁdes
2096 493 2211 548 quae
2256 491 2347 547 per
2371 473 2693 528 dilectionem
2718 481 2963 542 aperatur
2993 471 3192 545 (ἔδαισε.
3222 488 3272 541 v,
3306 471 3387 542 6).

2558 584 2787 641 CAPUT
2830 585 2919 640 XI.

1941 680 2180 736 Liberum
2204 677 2473 732 arbitrium
2500 692 2590 730 nec
2618 674 3104 747 uoluntatem_boni,
3140 691 3243 747 nec,
3266 674 3526 747 possibili-

2013 760 2169 804 tatem
2188 749 2392 813 habere,
2423 749 2523 800 nisi
2549 762 2639 816 per
2660 747 2898 817 gratiam.
2929 745 3031 799 Cur
3051 746 3246 799 homini
3268 745 3531 812 imperen-

2012 830 2096 873 tur
2116 836 2175 872 ea
2201 835 2421 889 quorum
2448 817 2748 889 facultatem
2784 832 2887 889 non
2907 817 3095 889 invenit
3120 817 3176 869 in
3198 831 3293 869 sua
3320 825 3525 889 natura.

2015 884 2258 955 Deﬁnitio
2300 884 2479 943 octava
2505 886 2778 942 Cassiani:
2803 884 3023 939 Natura
3063 886 3301 955 humana:
3347 903 3447 938 non
3476 886 3530 939 id

2014 954 2181 1014 solum
2224 959 2584 1012 ascribendum
2608 957 2748 1026 quod
2801 957 2993 1010 malum
3014 967 3109 1009 est.
3143 954 3337 1009 Merita
3360 955 3550 1009 homi-'

2016 1048 2137 1084 nam
2154 1030 2302 1083 nulla
2334 1028 2435 1081 nisi
2462 1044 2526 1081 ea:
2554 1029 2742 1099 gratia.

2016 1142 2192 1216 [Alias
2238 1140 2370 1196 Car.
2405 1137 2635 1209 XXlll.]
2668 1138 2719 1191 1.
2754 1137 2885 1191 Post
2917 1136 3056 1202 hiec,
3100 1136 3154 1190 in
3181 1135 3533 1191 conclusione

1946 1234 2385 1290 testimoniorum
2440 1228 2640 1300 quibus
2683 1228 2917 1298 probare
2946 1227 3145 1294 voluit,
3174 1225 3317 1296 quod
3356 1225 3412 1279 hi
3440 1225 3534 1294 qui

1944 1338 2042 1393 per
2079 1321 2503 1389 increpationem
2566 1316 2939 1386 propheticam
2987 1315 3135 1370 surdi
3193 1315 3535 1384 appellantur

1945 1414 2108 1487 33h.
2133 1422 2188 1469 et
2215 1413 2365 1477 eieci,
2397 1410 2610 1481 possint
2635 1423 2704 1464 ex
2746 1407 3001 1463 facultate
3040 1415 3247 1461 natura:
3277 1416 3332 1461 et
3373 1421 3534 1461 aures

1945 1522 2074 1563 suas
2098 1505 2310 1576 aperire
2337 1504 2404 1559 ad
2435 1501 2785 1563 audiendum,
2810 1508 2865 1555 et
2903 1500 3089 1554 oculos
3119 1509 3162 1536 ιιι
3188 1514 3315 1553 suos
3344 1499 3412 1553 ad
3449 1500 3533 1554 vi-

1945 1596 2177 1655 dendum
2212 1595 2385 1667 (quasi
2426 1610 2533 1648 non
2555 1594 2625 1648 de
2647 1592 2839 1647 iisdem
2862 1591 3005 1645 dicat
3030 1590 3383 1657 Dominus,Et
3403 1591 3537 1644 dabo

1946 1691 2018 1743 eis
2052 1703 2141 1742 cor
2184 1684 2353 1750 aliud,
2380 1694 2428 1738 et
2461 1684 2700 1752 spiritum
2731 1698 2915 1735 novum
2948 1680 3081 1734 dabo
3106 1681 3176 1735 eis
3195 1697 3213 1745 ,°
3240 1689 3287 1733 et
3327 1680 3536 1733 evellam

251 1770 401 1825 simis
429 1770 653 1824 artibus
681 1779 728 1833 ο,
756 1775 814 1822 et
854 1766 1071 1822 eunetis
1101 1764 1418 1819 mortalium
1457 1763 1834 1819 eruditionum

1970 1797 2037 1834 tor
2062 1763 2324 1847 lapideum
2349 1777 2410 1829 de
2435 1790 2590 1828 carne
2615 1789 2810 1838 eorum,
2836 1784 2883 1826 et
2907 1772 3037 1825 dabo
3067 1772 3138 1825 eis
3163 1788 3252 1825 cor
3277 1787 3539 1835 corneum;

254 1861 449 1932 polleat
478 1859 813 1930 disciplinis,
837 1856 1128 1929 justiﬁcari
1151 1872 1220 1911 ex
1250 1871 1308 1912 se
1331 1870 1440 1910 non
1461 1863 1642 1927 potest
1666 1873 1679 1909 :
1707 1854 1836 1925 quia

254 1960 399 2013 bonis
429 1957 551 2011 suis
581 1956 727 2010 male
749 1955 941 2019 utitur,
977 1955 1031 2008 in
1053 1954 1248 2025 quibus
1278 1952 1400 2007 sine
1427 1951 1578 2006 cultu
1604 1949 1717 2003 veri
1747 1947 1843 2002 Dei

254 2046 546 2115 impietatis
574 2043 594 2084 ι
624 2042 1090 2113 immuiiditizeque
1123 2042 1488 2107 convincitur,
1531 2050 1587 2096 et
1618 2038 1759 2093 unde
1784 2052 1845 2093 se

253 2138 458 2193 delendi
491 2136 755 2199 aestimat,
785 2144 1098 2191 accusatur.
1129 2133 1266 2190 Cum
1297 2147 1429 2203 ergo
1455 2131 1656 2186 Paulus
1705 2129 1845 2184 deli-

255 2232 375 2291 niat,
407 2227 562 2296 quod
590 2241 699 2281 non
725 2240 792 2281 ex
816 2226 1073 2296 Oper-ibus
1102 2226 1237 2296 legis
1269 2224 1643 2295 sjustilicatur
1671 2220 1847 2275 omnis

253 2336 371 2376 aro
401 2321 589 2392 (Rom.
626 2335 709 2387 ιιι,
736 2318 874 2389 20);
928 2327 983 2372 et
1026 2318 1282 2384 quoniam
1318 2318 1371 2370 in
1418 2316 1634 2370 Christo
1676 2329 1848 2384 neque

255 2411 623 2477 circumcisio,
683 2425 860 2480 neque
906 2409 1231 2478 praiputium
1262 2408 1442 2461 valeat
1483 2406 1707 2476 aliquid,
1751 2404 1846 2460 sed

254 2520 385 2560 nova
410 2511 665 2560 creatura
697 2501 900 2575 (Colat.
933 2518 987 2567 v,
1010 2500 1101 2570 6);
1134 2500 1160 2536 ιι
1190 2499 1317 2568 quid
1349 2501 1450 2554 iste
1481 2499 1700 2568 impiam
1730 2500 1850 2554 inli-

254 2596 446 2649 delium
472 2595 789 2648 libertatem
813 2591 1154 2646 naturalibus
1179 2590 1397 2644 instruit
1426 2591 1606 2656 bonis,
1641 2599 1695 2646 et
1726 2606 1852 2661 pro-

256 2688 379 2756 priis
418 2687 545 2741 vult
569 2684 869 2757 justilicare
905 2682 1232 2753 principiis?
1270 2683 1409 2750 Quid
1443 2684 1511 2737 ad
1542 2684 1852 2739 renovatio-

254 2796 370 2835 nem
402 2779 423 2820 ί
458 2779 733 2837 lacessita:
754 2777 1061 2841 vetustatis,
1093 2776 1342 2830 idoneam
1366 2774 1552 2830 deﬁnit
1589 2776 1851 2845 praevari-

251 2875 470 2931 catricis
491 2874 737 2929 scientiae
762 2869 1115 2927 nuditatem?
1141 2868 1303 2937 Quasi
1346 2869 1449 2923 ista
1499 2868 1724 2924 scientia
1765 2869 1853 2923 vel

253 2984 316 3022 ex
338 2977 555 3022 natura:
578 2965 774 3035 opibus
799 2962 1018 3019 residua
1048 2959 1063 3013 i
1101 2970 1421 3027 consecuta,
1454 2960 1542 3015 vel
1570 2976 1635 3014 ex
1668 2960 1853 3030 legalis

254 3060 515 3114 doctrinae
543 3056 857 3113 eruditione
886 3053 1138 3124 quiesita,
1192 3051 1364 3121 possit
1391 3051 1475 3106 sui
1505 3051 1853 3120 perceptione

1946 1879 2003 1925 ut
2029 1870 2083 1923 in
2113 1865 2377 1938 preceptis
2411 1866 2537 1920 meis
2566 1862 2848 1928 ambulent,
2880 1872 2929 1915 et
2966 1862 3358 1929 iustiﬁcationes
3398 1880 3539 1915 meas

1944 1962 2228 2027 observent,
2252 1968 2299 2013 et
2323 1957 2515 2028 faciant
2536 1972 2621 2011 eas
2650 1952 2869 2023 (Ezech.
2895 1969 2967 2020 λι,
3005 1954 3093 2021 19,
3122 1963 3169 2006 et
3191 1969 3381 2018 xxxvi,
3408 1952 3537 2023 26);

1944 2062 1973 2090 ιι
2005 2051 2153 2107 addit
2203 2060 2258 2105 et
2298 2049 2432 2104 dicit
2470 2046 2689 2121 (Collat.
2751 2046 2841 2107 13,
2883 2061 2999 2112 cap.
3042 2043 3180 2112 12):
3213 2043 3445 2113 Denique
3483 2052 3541 2096 ut

1946 2141 2335 2215 possibilitatem
2361 2140 2481 2192 boni
2508 2139 2586 2191 eis
2621 2137 2789 2191 inesve
2831 2143 2856 2171 ο
2894 2134 3232 2207 signiﬁcaret,
3264 2135 3542 2202 increpans

1946 2249 2053 2297 eos,
2083 2232 2222 2298 Quid
2264 2242 2460 2293 autem,
2509 2228 2695 2297 inquit,
2726 2227 2881 2281 etiam
2924 2242 2988 2280 ea:
3030 2225 3403 2294 nobismetipsis
3441 2242 3544 2279 non

1940 2325 2200 2398 judicatis
2224 2324 2363 2391 quod
2386 2325 2594 2394 justum
2619 2329 2693 2373 est
2715 2318 2870 2392 (Luc.
2898 2335 2994 2381 xu,
3027 2319 3118 2389 57)
3140 2318 3165 2370 l
3193 2317 3345 2384 Quod
3374 2321 3545 2389 utique

1950 2434 2052 2471 non
2077 2417 2150 2470 eis
2175 2415 2405 2478 dixisset,
2440 2413 2542 2466 nisi
2570 2427 2655 2465 eos
2673 2412 2880 2484 judicio
2908 2410 3135 2463 naturali
3163 2410 3300 2480 quod
3336 2426 3544 2476 (equum

1950 2517 2028 2562 est
2054 2507 2230 2560 scisset
2272 2522 2419 2573 posse
2450 2504 2755 2557 discernere.
2786 2502 2903 2556 .Iatu
2945 2518 3049 2556 non
3079 2503 3253 2555 solum
3298 2501 3565 2555 volunta-‘

1952 2607 2058 2653 tem
2091 2598 2244 2663 boni,
2296 2599 2392 2651 sed
2431 2597 2593 2649 etiam
2620 2593 3057 2664 possibilitatem
3102 2593 3273 2648 libero
3322 2593 3546 2647 ascribit

1951 2691 2174 2745 arbitrio
2200 2707 2213 2742 :
2249 2698 2520 2755 tamquam
2545 2688 2665 2740 ideo
2687 2696 2713 2734 ι’
2741 2686 2810 2738 ab
2834 2686 2914 2740 eis
2940 2684 3198 2754 exigatur
3234 2683 3543 2753 intelligen-

1953 2784 2048 2849 tia,
2076 2780 2200 2836 ideo
2223 2780 2437 2850 jnstitia
2478 2786 2816 2848 reposcatur,
2847 2776 2973 2847 quia
3025 2778 3235 2844 possint
3264 2778 3381 2830 hac
3426 2776 3544 2830 sine

1954 2872 2049 2926 Dei
2075 2871 2237 2925 donis
2260 2870 2329 2924 de
2361 2878 2570 2923 natura:
2604 2868 2849 2937 proferre
2876 2866 3054 2921 bonis.
3088 2866 3428 2935 lmperantur
3447 2883 3544 2922 au-

1954 2972 2061 3019 tem
2098 2964 2199 3018 ista
2232 2961 2462 3026 homini,
2508 2969 2566 3015 ut
2593 2975 2662 3016 ex
2698 2961 2817 3028 ipso
2847 2967 3139 3030 praecepto,
3173 2968 3202 3008 ιι
3231 2974 3337 3029 quo
3358 2963 3405 3014 ei
3441 2956 3573 3015 hoc‘

1952 3057 2097 3125 quod
2120 3057 2327 3123 accepit
2356 3052 2635 3119 indicitur,
2659 3062 2681 3090 ι’
2711 3061 2969 3122 agnoscat
2993 3052 3043 3105 id
3068 3066 3127 3105 se
3153 3066 3250 3105 suo
3271 3053 3402 3106 vitio
3429 3068 3547 3121 per-

255 3159 517 3216 prtestare
560 3156 619 3202 ut
659 3145 800 3217 quod
832 3143 1139 3200 iaciendum
1188 3143 1520 3209 noverimus,
1574 3143 1735 3198 etiam
1767 3141 1842 3196 la-

1970 3149 2190 3213 .lidisse;
2221 3157 2277 3202 et
2299 3163 2404 3202 non
2435 3147 2558 3201 ideo
2595 3146 2834 3214 iniquam
2871 3159 2994 3199 esse
3022 3144 3388 3208 exactionem,
3420 3146 3547 3215 quia

255 3256 372 3297 cere
398 3242 701 3312 diligamus
734 3256 748 3291 :
801 3246 896 3292 aut
923 3236 1070 3292 ullus
1101 3235 1171 3291 sit
1199 3235 1356 3290 bona:
1392 3235 1689 3290 voluntatis
1737 3250 1851 3289 mo-

260 3344 360 3399 tus,
392 3332 506 3388 nisi
550 3345 710 3401 quem
747 3329 1020 3385 creaverit
1050 3327 1260 3382 diffusa:
1308 3344 1404 3397 per
1435 3327 1689 3396 Spiritum
1729 3342 1855 3382 sau-

258 3431 396 3476 etum
428 3420 721 3475 cbaritatis
742 3417 771 3457 ι
800 3418 1035 3474 amatus.
1074 3418 1203 3472 Sine
1228 3417 1332 3487 [ide
1365 3417 1509 3471 enim
1540 3418 1854 3487 impossibile

259 3525 325 3567 est
349 3513 367 3552 ι
390 3514 607 3585 placere
637 3510 827 3583 (Hebr.
862 3526 942 3579 xl,
975 3509 1031 3578 6)
1058 3526 1070 3563 :
1095 3518 1171 3575 et,
1207 3509 1371 3563 Omne
1399 3510 1540 3580 quod
1562 3527 1663 3564 non
1691 3519 1763 3564 est
1791 3527 1855 3565 ea:

258 3606 377 3674 ﬁde,
395 3615 674 3677 peccaturo
695 3611 770 3658 est
795 3603 974 3675 (Rom.
1010 3617 1123 3670 11v,
1149 3603 1247 3671 23)
1275 3610 1384 3671 :et,
1418 3602 1472 3655 in
1503 3599 1705 3655 Christo
1726 3602 1853 3657 Jesu

323 3770 348 3799 ⁸
378 3761 533 3816 Edit.
566 3760 804 3829 Mivngunt.
834 3768 893 3813 et
924 3757 1087 3823 Ven.,
1121 3759 1428 3829 sentiebant.

320 3831 347 3869 δ
377 3832 588 3901 Lugd.,
614 3828 844 3901 Lovan.,
879 3829 1045 3901 Duae.
1066 3841 1133 3901 et
1156 3828 1497 3901 Colon.,inisi
1521 3839 1608 3895 ut;
1640 3830 1854 3899 melius,

256 3904 348 3956 nisi
373 3912 446 3966 et,
476 3900 548 3957 ex
583 3916 718 3955 mss.
743 3900 912 3954 tribus
941 3915 1002 3952 ac
1025 3900 1261 3967 Moguut.
1294 3911 1347 3953 et
1378 3900 1510 3954 Vi-n.

324 3984 346 4012 ε
380 3974 539 4027 Hane
567 3972 948 4025 auctoritatem
980 3985 1046 4025 ex
1073 3970 1440 4024 Ecclesiastiei
1473 3971 1609 4025 libro
1632 3972 1853 4026 allatam

261 4052 603 4107 prmtereunt
629 4042 901 4112 Lugdun,
933 4041 1160 4107 Lovan.,
1185 4042 1359 4112 Duae.
1389 4052 1444 4094 et
1466 4042 1661 4095 Colon.
1694 4060 1709 4105 ;
1768 4043 1859 4097 ha-

260 4114 385 4169 bent
410 4130 553 4168 mss.
583 4111 774 4177 Corb.,
812 4111 1025 4180 Reinig.
1068 4122 1123 4165 et
1166 4111 1295 4176 Jol.,
1350 4127 1473 4166 cum
1508 4113 1751 4182 Mogunt.
1802 4125 1856 4167 et

261 4185 391 4239 Ven.
425 4186 486 4238 ln
518 4184 763 4253 Mogunt.
794 4190 970 4236 tamen
1000 4191 1054 4236 et
1085 4182 1217 4237 Ven.
1268 4184 1480 4251 legitur,
1510 4186 1574 4236 ab
1618 4187 1729 4253 ipsa
1770 4201 1856 4237 sa-

258 4258 450 4322 pientia
484 4252 629 4307 Deo.
669 4255 727 4309 in
771 4268 875 4306 ms.
928 4268 1059 4306 vero
1109 4252 1349 4324 Remig.,
1388 4252 1689 4324 inomnem
1729 4271 1855 4324 gen-

260 4338 357 4377 tem
385 4329 679 4397 primatum
706 4324 845 4397 tenui
876 4340 887 4375 :
922 4332 977 4377 et
1005 4324 1055 4375 in
1101 4338 1207 4376 ms.
1249 4322 1477 4397 .l-oliensi
1513 4324 1710 4397 desunt
1734 4322 1856 4397 ἠρυ-

261 4391 481 4519 διε-(ξιιιὲ
507 4400 627 4449 haec
657 4395 842 4459 verba,
872 4397 1098 4462 requiem
1121 4394 1334 4463 qua’sivi
1360 4394 1416 4447 in
1442 4391 1627 4461 Iacob,
1677 4402 1727 4448 et
1763 4391 1861 4447 fin-

262 4482 394 4519 rem.
483 4482 607 4519 τσο.

262 4482 394 4521 rem.
428 4482 607 4521 13Γοοο

326 4486 332 4511 ν
377 4506 394 4521 ο
591 4504 607 4520 ο

326 4485 841 4606 έιεὲιῖᾳοιυεὰυιιη
870 4549 935 4588 ea:
956 4544 1143 4588 natura
1167 4552 1199 4587 a
1228 4532 1337 4587 Deo
1365 4534 1576 4588 condita
1605 4551 1865 4606 superesse

260 4607 539 4677 reliquum.

334 4687 358 4713 ⁸
389 4678 495 4730 Ms.

265 4762 363 4801 ms.
387 4747 637 4815 Remig.,
664 4747 942 4799 moralibus
967 4745 1333 4799 eruditionum.

337 4816 356 4855 ί
390 4818 642 4886 Lttgdun.
682 4818 839 4875 edit..
866 4817 1147 4868 immutata!
1179 4832 1321 4885 (eque
1356 4817 1710 4886 convincitur:
1746 4825 1858 4871 tum

268 4903 360 4954 pro
395 4884 646 4952 waiinwt,
680 4887 863 4956 habet,
901 4888 1177 4940 existimat.
1229 4884 1699 4956 Conformiterque
1744 4891 1859 4956 ipsa

268 4962 609 5013 recentiores
631 4967 687 5010 et
713 4955 851 5009 Ven.
878 4956 1067 5010 editio.

333 5028 488 5097 ἕως.
522 5026 804 5093 Joliensis,
828 5042 930 5097 non
948 5026 1340 5097 justi/imbitur.

333 5096 361 5135 δ
390 5099 573 5168 Lugd.
598 5097 755 5168 edit.,
775 5096 901 5168 quid
924 5096 995 5149 est
1014 5098 1150 5168 quod
1170 5098 1383 5165 impiam
1402 5098 1688 5164 inﬁdelium
1714 5099 1864 5151 liber-

265 5178 425 5224 tatem
452 5166 785 5242 naturalibus
808 5166 1107 5220 instructam
1133 5166 1297 5235 bonis,
1326 5170 1551 5238 praprits
1580 5168 1685 5223 vult
1706 5170 1866 5242 justi-

267 5244 426 5306 ﬁcare
459 5238 731 5307 principiis
752 5238 778 5290 ?

342 5310 358 5346 ί
394 5305 477 5365 ns
509 5305 641 5362 mss.
681 5308 873 5373 (ἔοι-δη
907 5305 1115 5376 Remig.
1151 5308 1358 5372 etJol.,
1399 5324 1520 5364 cum
1546 5309 1783 5378 Mogunl.
1812 5321 1865 5363 et

269 5379 409 5434 Ven.
452 5381 531 5434 At
555 5380 884 5447 pusteriores
926 5378 1217 5443 editiones,
1267 5380 1466 5433 miseria
1491 5383 1865 5436 uetustatiszet

267 5461 391 5517 post
418 5465 593 5518 pauca
622 5464 725 5502 ms.
756 5449 1027 5510 Joliensis,
1058 5451 1285 5503 scientia:
1311 5449 1614 5504 libertatem.

341 5521 357 5569 l
401 5519 670 5581 Verbum,
707 5527 975 5573 consecuta
1005 5518 1093 5572 hic
1131 5521 1384 5588 adjicitur
1413 5536 1479 5575 ex
1507 5536 1637 5575 mss.
1674 5521 1860 5589 Corb.,

270 5588 494 5659 Remig.
520 5600 574 5659 et
598 5590 705 5644 Jol.
730 5599 786 5643 et
810 5590 941 5659 edit.
974 5590 1213 5657 Mogunt.
1245 5601 1299 5646 et
1331 5592 1464 5646 Ven.

344 5656 370 5697 ⁸
403 5656 588 5727 L'ugd.
611 5659 801 5724 editio,
833 5658 1062 5726 a/fectus.

350 5727 568 5799 1Lugd.
586 5739 640 5786 et
657 5730 983 5800 posteriores
994 5731 1279 5803 editiones,
1308 5732 1506 5802 placere
1525 5733 1650 5789 Deo.
1676 5733 1864 5799 Abest,

546 4676 823 4738 Joliensis,
870 4674 1152 4746 moralibus
1181 4673 1547 4728 eruditionum.
1568 4638 1765 4746 ‘Lugd.
1803 4686 1860 4730 et
1892 4662 1932 4718 Π

1952 3240 2020 3294 ad
2042 3240 2375 3295 reddendum
2404 3239 2546 3309 quod
2587 3238 2752 3295 debet
2792 3237 3017 3291 idoneus
3049 3252 3154 3290 nou
3180 3245 3292 3302 est;
3339 3245 3361 3273 '
3396 3238 3489 3292 sed
3516 3253 3547 3293 a

1956 3333 2132 3387 littera
2154 3331 2438 3387 occidente
2463 3330 2740 3399 confugiat
2770 3329 2837 3384 ad
2871 3329 3124 3399 spiritum
3150 3330 3543 3392 viviﬁcantem,

1955 3432 2012 3479 et
2049 3423 2361 3480 facultatem
2392 3438 2553 3493 quam
2581 3422 2600 3458 ί
2636 3437 2744 3476 non
2771 3421 2978 3476 invenit
3012 3421 3065 3475 in
3094 3432 3310 3486 natura,
3340 3430 3548 3491 qumrat

1954 3531 2022 3570 ex
2065 3516 2258 3587 gratia.
2309 3513 2465 3582 Quod
2508 3513 2555 3569 si
2598 3514 2761 3579 facit,
2813 3528 3004 3583 magna
3045 3523 3131 3567 est
3171 3512 3547 3567 misericordia

1957 3616 1984 3644 ιι
2016 3608 2112 3664 Dei
2140 3625 2153 3661 :
2180 3609 2225 3663 si
2254 3623 2361 3663 non
2390 3606 2540 3673 facit,
2560 3606 2707 3676 justa
2731 3616 2816 3660 est
2843 3594 2999 3675 pains
3031 3605 3255 3675 peccati.

1968 3764 2098 3830 Deo,
2118 3779 2147 3818 a
2173 3764 2513 3829 mss.Corb.,
2536 3764 2745 3833 Reinig.
2773 3773 2827 3818 et
2848 3763 2978 3827 Jol.,
3002 3772 3057 3817 et
3079 3763 3209 3817 edit.
3235 3764 3470 3831 Mogunt.
3494 3774 3548 3819 et

1972 3836 2108 3889 Ven.
2130 3851 2145 3899 ;
2176 3836 2420 3901 soletque
2443 3835 2708 3887 iuteidum
2729 3833 2798 3887 ab
2820 3834 3118 3903 Augustino
3135 3836 3421 3902 prieteriri,
3448 3851 3548 3888 nec

1963 3918 2044 3959 est
2076 3907 2278 3959 Graeca:
2308 3904 2560 3957 dictionis
2584 3904 2850 3972 Apostoli.

2033 3984 2072 4048 "_'
2091 3976 2203 4048 l_loe
2225 3988 2544 4048 pronomen,
2561 3989 2703 4048 suos,
2727 3989 2834 4027 non
2858 3973 3091 4048 habetur
3106 3974 3158 4028 in
3178 3988 3307 4028 mss.
3335 3975 3544 4048 Remig.

1961 4055 2015 4099 et
2038 4045 2170 4105 101..
2197 4060 2294 4099 nec
2324 4044 2377 4098 in
2400 4044 2531 4097 edit.
2566 4046 2801 4110 Mugunt.
2832 4054 2890 4098 et
2923 4043 3054 4097 Ven.

2031 4124 2059 4152 υ
2077 4117 2219 4170 Eilit.
2237 4116 2430 4185 Lugd.,
2450 4115 2604 4178 Lov.,
2623 4115 2787 4168 Duae.
2804 4115 3085 4180 etColon.,
3107 4115 3310 4169 addidit
3335 4125 3379 4170 et
3403 4117 3543 4171 dicit.

2036 4195 2061 4222 ο
2088 4186 2513 4256 Εὐίλιιυμόιιιι.
2547 4195 2602 4239 et
2628 4201 2689 4239 ea
2737 4187 3092 4247 recentiores,
3122 4187 3432 4256 designaret,
3470 4190 3551 4240 in-

1962 4273 2178 4331 crepans
2228 4255 2719 4331 Pharismosdixit:
2748 4256 2883 4322 Quid
2920 4267 3093 4331 autern
3113 4274 3192 4331 Aea:
3224 4255 3362 4331 nobis
3399 4259 3549 4331 ipsis,

1965 4328 2151 4393 inquit,
2184 4345 2287 4380 non
2313 4328 2565 4394 judtcutis
2592 4333 2729 4394 quod
2762 4335 2948 4379 bonum
2981 4324 3430 4384 est?Lectioneni
3454 4346 3552 4383 no-

1965 4409 2134 4451 stram
2185 4395 2402 4464 pratlcrt
2438 4412 2541 4450 ms.
2589 4395 2840 4449 Joliensis
2900 4412 3021 4449 eum
3062 4398 3298 4466 Mogunt.
3328 4409 3383 4454 et
3415 4399 3551 4454 Ven.

1964 4467 2073 4522 Nec
2100 4469 2170 4521 ab
2207 4483 2268 4523 ea
2311 4468 2639 4540 dissentiunt
2664 4480 2792 4519 mss.
2834 4466 3183 4540 _Corbeiet_t_s_is
3227 4479 3282 4523 et
3307 4470 3552 4540 Retnig.,

1969 4550 2194 4606 excepto
2224 4538 2364 4606 quod
2403 4554 2497 4606 pro
2531 4551 2664 4591 vnce
2694 4552 2798 4601 eos,
2834 4536 3031 4590 habent
3068 4535 3361 4593 Pharisazos
3386 4556 3404 4593 :
3429 4535 3553 4595 cum

1973 4617 2147 4661 tatnen
2183 4610 2367 4662 turbas
2389 4609 2757 4675 alloqueretur
2780 4608 3027 4660 Christus
3052 4609 3168 4661 haec
3202 4608 3411 4669 dicens.
3445 4627 3552 4666 non

1966 4678 2242 4745 speciatim
2275 4679 2598 4751 Pharisaeos.
2643 4676 2851 4732 Habent
2870 4679 3101 4751 insuper
3130 4694 3248 4747 pro,
3277 4682 3413 4751 quod
3462 4686 3551 4751 ju-

1962 4743 2097 4802 stum
2126 4758 2226 4813 est,
2254 4750 2391 4821 quod
2438 4748 2624 4821 bonum
2656 4757 2769 4800 est:
2802 4749 2950 4817 prius
2979 4743 3157 4803 tamen
3201 4743 3370 4805 texiui
3410 4743 3555 4821 Apo-

1965 4820 2088 4874 stoli
2121 4829 2206 4874 est
2234 4818 2587 4872 conformius.

2038 4901 2064 4939 ι)
2093 4891 2218 4943 Mss.
2239 4889 2446 4957 Remig.
2476 4900 2530 4943 et
2556 4887 2661 4941 Jol.
2691 4901 2811 4960 cum
2840 4887 2966 4960 edit.
2994 4888 3131 4960 Mog.
3157 4900 3209 4945 et
3237 4890 3395 4957 Vcn.,
3415 4890 3478 4945 ab
3497 4908 3556 4945 eo

1966 4962 2270 5028 exigatur...
2302 4960 2366 5012 de
2388 4968 2585 5011 natura:
2605 4958 2827 5027 proferri
2851 4959 3013 5013 bonis.

2039 5041 2067 5080 (ι
2094 5031 2235 5084 Edit.
2258 5030 2448 5097 Lugd.,
2467 5029 2692 5094 Lovan.,
2714 5030 2879 5084 Duae.
2906 5040 2961 5085 et
2978 5030 3168 5085 Colon.
3193 5031 3418 5098 addunt,
3438 5032 3554 5087 Dei.

1968 5100 2137 5168 Lugd.
2174 5109 2351 5171 tamen
2394 5108 2579 5167 postea
2622 5114 2651 5151 a
2697 5101 2910 5154 caeteris
2950 5100 3250 5170 dissimilis,
3279 5106 3375 5157 lioc
3421 5108 3556 5171 quod

1967 5171 2161 5242 accepit
2178 5169 2462 5242 judicetur,
2491 5171 2627 5242 forte
2654 5185 2751 5242 pro
2785 5171 3063 5224 indicetur.

2043 5251 2065 5278 ι’
2094 5240 2217 5295 Mss.
2268 5241 2429 5295 Corb.
2464 5251 2518 5294 et
2565 5240 2776 5305 lleniig.
2827 5256 2948 5293 eum
3005 5242 3243 5309 Mogunt.
3295 5249 3350 5295 et
3388 5242 3550 5305 Ven..

1967 5313 2192 5433 tie-ipsum
2220 5312 2274 5365 id
2286 5328 2380 5365 suo
2400 5311 2540 5364 vitio.
2560 5310 2755 5381 Lugd.,
2778 5309 2991 5381 Ignorat
3020 5313 3072 5363 id
3095 5329 3147 5365 se
3169 5329 3263 5365 suo
3292 5314 3410 5367 uitio
3440 5331 3557 5384 per-

2009 5398 2025 5433 t
2066 5399 2187 5433 isse.

2009 5383 2187 5437 idisse.

1965 5448 1971 5453 ’
2040 5460 2062 5487 ³
2093 5452 2190 5505 Ms.
2214 5451 2487 5517 Joliensis,
2513 5451 2615 5504 nisi
2636 5467 2669 5503 a
2696 5450 2891 5503 littera.

2043 5522 2062 5558 ι
2090 5523 2201 5576 lloc
2224 5523 2343 5576 loco
2366 5521 2607 5589 Lugduu.
2635 5530 2687 5573 et
2711 5520 3037 5586 posteriores
3058 5519 3322 5578 editiones
3360 5525 3559 5581 addunt

1966 5606 2119 5668 ante:
2150 5594 2243 5647 sed
2276 5592 2376 5648 hac
2399 5591 2658 5668 particula
2687 5602 2872 5668 carent
2903 5590 3248 5668 inss.Cot‘b.,
3270 5596 3477 5668 lietnig.
3510 5608 3564 5654 et

1969 5664 2100 5729 .loL,
2131 5678 2232 5717 nec
2257 5678 2362 5717 non
2396 5663 2639 5729 Mogunt.
2672 5668 2726 5714 ct
2758 5660 2894 5714 Ven.
2927 5662 3076 5718 editi.

2045 5742 2069 5771 υ
2104 5734 2272 5805 Lugd.
2305 5743 2360 5789 ct
2390 5732 2746 5800 recentiores,
2774 5729 3007 5788 Domini.
