4026 6176
431 269 537 318 143

1665 249 1724 306 S.
1763 244 2096 303 PROSPERI
2139 241 2461 312 AQUITANI

3587 246 3708 302 ιιι

503 377 522 450 [
545 375 684 428 Au“;
718 372 847 428 (ιη,
891 366 1126 440 XXII]
1162 366 1218 421 2.
1266 363 1470 422 Deinde
1512 362 1580 418 ad
1624 361 2010 432 plenitudinem
2039 362 2087 416 Λ
2125 353 2242 407 Non
2267 354 2432 408 solum
2469 360 2698 450 actuum,
2737 367 2910 450 verum
2939 351 3094 450 etiam
3137 353 3508 450 cogitationum
3546 355 3711 410 bona-

434 468 728 538 prazmissa:
750 459 1155 533 disputationis,
1180 467 1206 497 ι
1227 456 1462 528 regulari
1483 453 1752 511 sententia
1776 465 2015 523 pronun-

433 565 552 625 tiat,
596 561 781 615 dicens
831 555 1045 628 (Collat.
1090 555 1180 616 l5,
1217 569 1335 621 cap.
1385 548 1509 616 12):
1555 546 1706 604 Unde
1733 546 2015 600 cavendum

433 653 576 706 nobis
598 659 690 714 est,
736 663 799 702 ne
842 647 917 700 ita
942 644 969 683 δ
995 645 1063 697 ad
1101 640 1270 698 Deum
1307 643 1480 696 omnia
1508 646 1801 693 sanctorum
1836 635 2015 689 merita

431 743 717 811 referamus
735 780 749 805 ,
775 746 831 792 ut
859 735 992 790 nihil
1025 735 1127 788 nisi
1167 734 1220 786 id
1249 733 1387 803 quod
1415 730 1606 784 malum
1633 738 1784 799 atque
1813 743 2016 799 perver-

433 859 548 895 sum
581 851 657 894 est
713 843 950 891 humanae
985 832 1296 888 ascribamus
1342 836 1558 883 naturae.
1605 826 1744 894 Quid
1790 822 2013 880 eviden-

435 933 562 998 tius,
589 929 718 999 quid
759 926 1065 995 expressius
1107 919 1400 976 secundum
1443 918 1639 987 Pelagii
1670 917 2014 984 leestiique

434 1032 800 1079 eointnentum
833 1020 900 1073 ab
945 1017 1054 1071 ullo
1082 1026 1104 1053 ο
1144 1030 1332 1070 eorum
1374 1012 1641 1080 discipulo
1672 1009 1847 1079 potuit
1883 1007 2017 1064 deli-

433 1116 540 1170 niri
563 1117 584 1168 ?
609 1115 685 1168 llli
713 1113 921 1177 dicunt,
955 1106 1187 1162 Gratiam
1209 1105 1306 1158 Dei
1328 1103 1608 1157 secundum
1633 1102 1811 1154 merita
1839 1109 2015 1152 nostra

435 1205 631 1266 dari."1
658 1215 713 1260 et
740 1204 899 1257 iidem
923 1200 1132 1266 dicunt,
1165 1194 1399 1252 Gratiam
1432 1192 1525 1248 Dei
1555 1210 1659 1247 non
1687 1194 1754 1246 ad
1781 1192 2017 1263 singulos

435 1311 578 1353 actus
609 1298 758 1348 dari:
795 1294 882 1348 hic
903 1292 1040 1346 intra
1083 1305 1244 1344 unam
1272 1287 1594 1342 sententiam
1627 1284 2014 1353 blasphemiam

437 1403 722 1457 utramque
771 1382 1042 1440 conclusit
1083 1382 1309 1445 dicens,
1350 1378 1646 1434 Cavendum
1684 1379 1829 1432 nobis
1883 1394 2011 1443 esse,

437 1499 501 1536 ne
534 1483 608 1534 ita
641 1481 708 1532 ad
743 1478 906 1530 Deum
951 1474 1123 1528 omnia
1164 1480 1462 1526 sanctorum
1501 1471 1680 1523 merita
1710 1471 2014 1539 referamus,

438 1586 491 1629 ut
520 1572 648 1628 nihil
693 1571 792 1624 nisi
819 1569 956 1640 quod
981 1566 1175 1620 malum
1202 1575 1356 1635 atque
1395 1579 1684 1633 perversum
1720 1573 1792 1615 est
1831 1562 2016 1614 huma-

441 1682 520 1721 na:
548 1663 860 1717 ascribamus
900 1667 1124 1712 naturae.
1162 1655 1288 1710 Vult
1313 1671 1442 1725 ergo
1464 1669 1586 1709 esse
1613 1655 1778 1708 multa
1805 1653 2016 1722 proiiria

2117 463 2233 501 rum
2259 462 2324 500 ex
2354 446 2458 520 Deo
2483 461 2591 498 esse
2615 446 2957 515 principium;
2982 446 3069 514 qui
3097 447 3242 500 nobis
3264 456 3312 500 et
3341 449 3492 502 initia
3513 461 3713 503 sancta

2115 540 2390 592 voluntatis
2439 539 2679 608 inspirat,
2711 549 2761 592 et
2801 538 3041 592 virtutem
3077 549 3228 610 atque
3265 544 3711 611 Opportunitatem

2116 646 2291 683 eorum
2330 645 2444 700 qua:
2481 639 2617 683 recte
2661 630 2929 698 cupimus,
2975 630 3150 685 tribuit
3196 634 3518 704 peragendi:
3557 649 3714 689 nunc

2117 721 2302 776 volens
2332 721 2584 789 probare,
2614 721 2760 790 quod
2799 721 3069 792 religiosa:
3097 724 3451 792 cogitationes
3483 733 3539 779 et
3575 739 3714 780 san-

2118 821 2203 867 cta
2235 811 2482 876 consilia,
2508 812 2650 865 nulla
2677 813 2769 866 Dei
2801 812 3157 881 inspiratione
3184 826 3468 880 concepta,
3497 816 3568 871 de
3599 832 3710 870 na-

2120 905 2275 958 turali
2301 905 2512 973 possint
2539 906 2756 974 prodire
2777 906 3067 974 sapientia,
3097 908 3243 975 ponit
3273 909 3432 968 verba
3457 910 3714 965 Salomo-

2118 995 2221 1053 nis.
2253 994 2518 1048 dicentis:
2565 993 2841 1066 Volnitqu-e
2871 995 3042 1050 David
3074 1008 3223 1067 pater
3257 1015 3400 1052 meus
3442 1001 3716 1068 aediﬁcare

2119 1085 2327 1139 domum
2352 1086 2548 1138 nomini
2585 1085 2793 1139 Domini
2820 1086 2913 1141 Dei
2936 1087 3103 1142 Israel
3127 1105 3140 1141 :
3169 1099 3218 1142 et
3251 1092 3327 1144 ait
3357 1091 3606 1149 Dominus
3633 1097 3713 1148 ad

2119 1174 2287 1229 David
2317 1185 2513 1245 patrem
2547 1193 2749 1230 meum:
2782 1176 2935 1243 Quod
2955 1181 3191 1250 cogitasti
3211 1183 3266 1234 in
3290 1182 3443 1236 corde
3465 1195 3556 1238 tuo
3576 1187 3714 1240 ordi-

2120 1269 2276 1337 ﬁcare
2321 1270 2528 1322 domum
2573 1271 2767 1324 nomini
2814 1287 2945 1338 meo,
2989 1273 3112 1326 bene
3160 1275 3342 1342 fecisti,
3389 1275 3486 1330 hoc
3534 1279 3711 1344 ipsum

2119 1371 2285 1414 mente
2311 1370 2662 1432 pertractans;
2691 1373 3036 1418 verumtamen
3065 1365 3229 1437 336
3257 1384 3358 1421 non
3382 1377 3438 1420 tu
3476 1371 3710 1440 aedi/ica-

2119 1453 2195 1506 bis
2219 1453 2426 1505 domum
2457 1455 2649 1506 nomini
2680 1469 2790 1507 meo
2818 1455 2906 1525 (ΙΙΙ
2941 1455 3071 1526 Reg.
3103 1473 3216 1524 vin,
3250 1459 3366 1527 l7).
3397 1460 3619 1527 Deinde,
3651 1475 3712 1518 ut

2120 1543 2370 1600 ostendat
2395 1544 2667 1613 quomodo
2693 1545 2794 1601 hoc
2816 1545 3218 1616 intelligendum
3245 1550 3335 1615 sit,
3354 1549 3517 1606 infert
3546 1550 3564 1590 ί
3595 1555 3712 1622 ipse

2122 1644 2378 1690 tractator
2408 1634 2620 1704 (Cotlat.
2657 1635 2746 1702 15,
2790 1653 2907 1706 cap.
2945 1637 3071 1707 1'2):
3115 1638 3244 1693 Haec
3285 1656 3410 1713 ergo
3439 1645 3710 1713 cogitatio,

443 1756 710 1812 nominum
737 1752 949 1818 merita,
976 1766 1095 1820 qua:
1124 1764 1231 1802 non
1256 1749 1362 1802 sint
1385 1746 1544 1818 335
1567 1747 1754 1816 gratiae
1777 1745 2020 1816 largitate

2136 1736 2276 1798 atque
2306 1727 2399 1780 iste
2434 1736 2685 1780 tractatus
2714 1729 2847 1799 regis
2876 1725 3072 1792 David,
3105 1739 3341 1785 utrumne
3369 1737 3534 1788 bonus
3567 1746 3616 1788 et
3647 1752 3715 1790 ea:

438 1850 655 1911 collata,
683 1846 877 1914 quibus
909 1842 977 1896 ad
1013 1840 1290 1910 augendas
1321 1849 1596 1894 naturales
1629 1838 1847 1892 divitias
1876 1853 2023 1906 qum-

437 1941 558 1993 dam
591 1938 872 1991 desursum
917 1947 1139 1988 munera
1180 1931 1501 1986 debeantur.
1526 1930 1648 1984 Vult
1669 1944 1766 1984 nos
1793 1931 2021 2000 gratiam

437 2032 538 2086 Dei
569 2047 674 2086 nun
724 2030 789 2083 ad
832 2026 1074 2095 singulos
1140 2036 1292 2080 actus
1327 2025 1596 2094 accipere,
1646 2039 1708 2078 ac
1733 2033 1756 2062 ο
1798 2022 2025 2092 proinde

437 2140 548 2178 non
589 2137 691 2192 pro
729 2121 878 2176 omni
919 2132 1089 2193 opere
1137 2116 1282 2172 bono
1322 2131 1540 2186 semper
1579 2115 1806 2172 orare.‘
1849 2117 2026 2186 Atque

437 2216 511 2271 ita
547 2226 889 2282 censeqnens
933 2210 1040 2265 erit
1085 2216 1146 2263 ut
1193 2207 1248 2262 in
1302 2207 1400 2262 Dei
1458 2209 1772 2263 muneribus
1817 2209 2024 2263 nullum

438 2305 695 2361 meritum
733 2317 858 2358 esse
894 2299 1224 2356 credendum
1253 2300 1355 2368 sit,
1396 2299 1612 2368 quando
1650 2299 1869 2368 quidem
1909 2300 2027 2354 sine

438 2397 635 2452 merito
662 2395 734 2450 sit
771 2407 930 2462 quem
958 2392 1100 2446 Deus
1129 2404 1347 2459 semper
1372 2389 1425 2443 in
1445 2389 1698 2444 omnibus
1720 2391 1986 2459 adjuverit
2011 2406 2025 2445 :

439 2499 532 2542 aut
559 2487 604 2542 si
625 2486 790 2541 etiam
820 2486 871 2539 in
913 2483 1001 2538 bis
1034 2498 1153 2553 quae
1182 2481 1327 2536 Deus
1359 2482 1564 2548 tribuit,
1610 2482 1787 2552 aliqua
1837 2484 2028 2537 merita

439 2581 797 2643 collocantur,
831 2583 1044 2632 constet
1071 2576 1236 2630 etiam
1272 2575 1384 2642 ipsa
1414 2574 1632 2644 prOpria
1663 2575 1870 2644 acquiri
1895 2583 1919 2623 ι
1947 2575 2027 2628 la-

441 2672 643 2726 cnltate
672 2670 946 2739 potuisse;
979 2675 1033 2722 et
1063 2666 1184 2722 ideo
1212 2667 1266 2721 in
1296 2666 1567 2736 aliquibus
1590 2663 1618 2702 ¹ι
1653 2676 1902 2736 oporteat
1930 2681 2029 2722 nos

439 2761 706 2830 adjuvari,
752 2767 810 2814 ut
850 2757 1160 2828 possibilius
1196 2756 1286 2811 ﬁat
1314 2772 1410 2827 per
1437 2760 1687 2826 gratiam,
1731 2758 1873 2827 quod
1919 2772 2028 2812 non

441 2863 559 2908 erat
591 2850 926 2918 impossibile
953 2865 1052 2919 per
1084 2857 1355 2904 naturam.
1386 2849 1529 2904 Ecce
1553 2850 1662 2919 jam
1691 2851 1742 2904 in
1769 2850 1868 2904 ista
1901 2865 2034 2921 pau-

442 2960 628 3000 corum
657 2943 921 2998 brevitate
943 2942 1255 3008 verborum,
1289 2955 1396 2995 non
1419 2942 1646 2995 duarum
1678 2949 1908 3008 tantum,
1932 2942 2030 2997 sed

443 3039 732 3093 multarum
762 3037 1098 3105 impietatum
1141 3049 1428 3089 numerosa
1450 3035 1720 3090 connexio
1746 3045 1828 3090 est
1861 3053 1873 3089 :
1908 3050 2029 3105 quas

2128 1818 2255 1882 Deo,
2296 1834 2363 1870 an
2393 1817 2559 1870 malus
2599 1828 2647 1870 et
2690 1819 2751 1870 ab
2785 1817 2994 1872 homine
3029 1820 3191 1890 fuisse
3229 1823 3476 1878 dicendus
3517 1826 3713 1882 est.’Si

2125 1911 2256 1964 enim
2286 1909 2416 1962 bona
2440 1918 2486 1963 et
2511 1925 2575 1963 ea:
2609 1908 2714 1963 Deo
2740 1909 2839 1978 {uit
2859 1911 2951 1963 illa
2973 1912 3237 1981 cogitatio,
3269 1930 3361 1967 cur
3380 1916 3442 1968 ab
3465 1932 3526 1968 eo
3554 1934 3587 1970 a
3613 1934 3715 1987 quo

2123 2002 2386 2072 inspirata
2417 2010 2511 2067 est,
2542 2002 2704 2056 eidem
2732 2013 2953 2072 negatur
2979 2003 3231 2070 eﬂ‘ectus?
3257 2004 3320 2061 Si
3348 2017 3518 2061 autem
3548 2011 3712 2076 mala,

2126 2101 2176 2147 et
2209 2109 2272 2148 ea:
2305 2092 2510 2146 homine
2556 2093 2672 2160 fuit,
2717 2109 2808 2146 cur
2847 2094 3092 2148 laudatur
3132 2096 3197 2149 ab
3231 2095 3499 2154 Domino?
3535 2100 3718 2155 Restat

2129 2200 2247 2256 ergo
2275 2193 2327 2237 ut
2355 2193 2401 2238 et
2429 2183 2581 2250 bona,
2607 2193 2654 2237 et
2679 2201 2742 2238 ea:
2764 2184 2972 2240 homine
2999 2187 3158 2256 fuisse
3185 2189 3445 2244 credatur.
3473 2191 3546 2244 In
3564 2209 3719 2262 quem

2128 2276 2339 2328 modum
2380 2276 2532 2329 etiam
2571 2283 2770 2329 nostras
2802 2277 3034 2346 quotidie
3068 2279 3404 2351 cogitationes
3439 2299 3720 2353 possumus

2123 2366 2381 2435 judicare.
2412 2365 2592 2434 Neque
2619 2367 2754 2419 enim
2783 2375 2873 2420 aut
2903 2369 3002 2421 soli
3030 2368 3197 2422 David
3229 2372 3415 2425 bonum
3444 2389 3510 2427 ea:
3534 2385 3722 2429 semet-

2129 2459 2244 2528 ipso
2269 2459 2494 2528 cogitare
2520 2473 2815 2511 concessum
2852 2468 2942 2524 est,
2977 2468 3066 2514 aut
3096 2462 3264 2526 nobis,
3300 2463 3316 2514 l
3355 2480 3418 2518 ne
3438 2466 3565 2534 quid
3595 2467 3720 2521 boni

2131 2565 2375 2615 umquam
2399 2563 2579 2618 sapere
2605 2556 2696 2602 aut
2722 2551 2949 2621 cogitare
2987 2553 3241 2622 possimus
3269 2556 3599 2625 naturaliter,
3630 2560 3723 2615 de-

2131 2649 2371 2713 negatur.

2201 2735 2257 2787 2.
2297 2734 2458 2790 Nullo
2510 2736 2670 2792 modo
2701 2736 2805 2792 hoc
2837 2737 3144 2793 testimonio
3189 2748 3350 2810 atque
3393 2753 3721 2812 argumento

2133 2824 2163 2865 ιι
2179 2826 2392 2895 probari
2417 2837 2618 2897 potest,
2643 2829 2786 2898 quod
2810 2831 2912 2899 piae
2935 2830 3290 2900 cogitationes
3305 2846 3370 2887 es
3398 2834 3518 2888 solo
3548 2834 3724 2888 libero

2133 2918 2379 2985 arbitrio,
2412 2927 2468 2974 et
2495 2934 2604 2974 non
2632 2935 2700 2973 ex
2736 2920 2828 2974 Dei
2863 2920 3215 2992 inspiratione
3257 2935 3569 2981 nascantur.
3605 2927 3724 2982 Non

2135 3009 2281 3065 enim
2318 3010 2440 3066 ideo
2469 3011 2718 3066 voluntas
2766 3011 2958 3076 David,
2998 3028 3120 3082 qua:
3161 3014 3346 3084 utique
3398 3017 3539 3070 bona
3579 3027 3722 3084 erat,

444 3131 489 3183 si
521 3099 947 3197 scrupulosioris
976 3125 1269 3196 diligentiae
1299 3124 1632 3181 discretione
1661 3099 1942 3196 tractetur,
1975 3128 2026 3182 in
2057 3099 2102 3161 Ο
2136 3115 2244 3197 Ἰθη
2272 3116 2338 3197 ἐκ
2378 3103 2490 3157 Deo
2525 3102 2693 3197 fuisse
2730 3102 3002 3197 crfd‘end?
3034 3114 3138 3169 es"
3170 3107 3296 3197 q‘iia
3328 3107 3589 3175 ‘eml’h'm
3621 3111 3724 3164 Sibi

447 3222 598 3275 nullo
638 3236 670 3275 a
709 3219 947 3274 damnati
990 3219 1194 3276 erroris
1236 3227 1427 3274 catena
1472 3220 1718 3276 absoluta
1764 3232 2033 3278 monstra-

447 3312 613 3368 bitur.

1052 3404 1282 3463 CAPUT
1319 3405 1434 3462 XII.

450 3537 845 3613 Demonstrat‘ur
869 3537 1075 3590 uberius
1096 3538 1398 3613 sententiam
1425 3537 1662 3613 Cassiani
1683 3555 1810 3603 esse,
1844 3550 2034 3613 cogita-

520 3610 681 3682 tiones
735 3607 847 3675 pias
890 3618 939 3662 et
981 3619 1163 3682 saneta
1200 3608 1417 3682 consilia
1466 3610 1652 3673 absque
1697 3607 2035 3682 inspiratione

518 3678 616 3732 Dei
651 3688 916 3749 concepta,
976 3679 1040 3750 de
1078 3680 1308 3731 naturali
1338 3695 1484 3746 posse
1520 3682 1726 3750 prodire
1765 3678 2032 3747 sapientia.

517 3750 771 3803 Adversus
812 3765 980 3817 quem,
1021 3749 1119 3802 loci
1157 3766 1260 3818 quo
1295 3749 1600 3804 abutebatur
1639 3754 1956 3818 expositione
1991 3764 2036 3806 et

519 3821 741 3893 aliorum
776 3821 1079 3893 adjecu'one
1118 3821 1427 3893 ostenditur,
1461 3823 1793 3893 cegitationes
1830 3826 1940 3892 pias
1974 3841 2038 3877 ea;

519 3891 678 3943 libero
708 3889 941 3952 arbitrio,
967 3893 1080 3943 sine
1111 3889 1204 3943 Dei
1232 3889 1568 3961 inspiratione
1587 3910 1689 3946 non
1719 3889 1863 3947 oriri.
1893 3895 2038 3948 Bona

520 3963 753 4032 voluntas
773 3961 996 4014 hominis
1016 3961 1090 4014 sic
1111 3963 1224 4029 ejus
1249 3964 1458 4032 prapria
1482 3973 1578 4029 est,
1604 3975 1659 4017 ut
1681 3980 1782 4018 non
1805 3967 1908 4032 nisi
1924 3967 2038 4032 _l)eo

518 4031 1193 4104 inspiranteconcipiatur.
1237 4029 1511 4086 Con'versio
1564 4051 1766 4104 quoque
1795 4029 2039 4092 hominis,

522 4101 637 4154 licet
665 4119 766 4154 non
787 4101 898 4153 sine
924 4102 1055 4169 ipso,
1085 4116 1186 4152 non
1210 4110 1378 4155 tamen
1404 4106 1468 4154 ab
1492 4101 1602 4174 ipso
1626 4101 1824 4172 incipit.

521 4193 689 4265 [Alias
711 4192 842 4246 Car.
876 4189 1076 4261 ΠΨ]
1109 4192 1159 4246 ι.
1197 4191 1303 4246 Sed
1345 4208 1414 4248 ne
1439 4193 1840 4263 suspicionibus
1881 4210 2040 4265 agere

451 4285 752 4347 videamur,
782 4293 838 4336 et
878 4281 1114 4335 latebras
1159 4297 1413 4338 sensuum
1458 4288 1592 4338 ultra
1637 4288 1796 4341 verba
1830 4289 2037 4354 rimari,

451 4375 575 4445 quid
633 4373 914 4427 adcrescat
955 4371 1206 4443 cognitis,
1267 4373 1497 4429 doceant
1538 4393 1659 4446 quae
1713 4390 2032 4449 sequuntur.

2143 3191 2407 3246 Dominus
2429 3207 2533 3246 non
2561 3193 2628 3248 ab
2650 3208 2716 3247 eo
2735 3192 3012 3260 aediﬁcari,
3040 3197 3132 3248 sed
3156 3210 3184 3248 a
3209 3196 3318 3250 lilio
3341 3197 3506 3265 ipsius
3531 3199 3724 3253 voluit.

2136 3283 2495 3349 Qnmreudnm
2530 3299 2658 3353 ergo
2693 3293 2797 3351 est,
2831 3284 2899 3339 de
2920 3300 3029 3354 quo
3057 3285 3250 3355 spiritu
3278 3289 3611 3356 processerit
3646 3290 3722 3342 at.

2137 3373 2310 3427 lectus
2337 3370 2529 3427 1istius
2554 3374 2872 3438 voluntatis,
2899 3390 3094 3443 nempe
3117 3377 3186 3430 de
3211 3377 3302 3432 illo
3319 3386 3360 3413 ω
3389 3379 3508 3444 Dei,
3534 3379 3587 3434 in
3615 3395 3724 3449 quo

2137 3463 2371 3528 dicebat,
2406 3464 2466 3520 Si
2494 3465 2746 3520 introiere
2769 3468 2825 3519 in
2864 3466 3251 3522 tabernaculum
3287 3470 3466 3523 domus
3499 3487 3647 3540 mete,
3682 3490 3728 3527 ι·

2137 3556 2417 3610 ascendere
2454 3557 2507 3609 in
2549 3557 2736 3610 lectum
2757 3565 2782 3593 ι’
2811 3567 3003 3613 stratus
3026 3561 3159 3627 mei,
3194 3561 3240 3614 si
3267 3561 3461 3616 dedero
3489 3579 3726 3618 somnum

2138 3648 2303 3702 oculis
2360 3650 2505 3714 meis,
2555 3657 2644 3701 aut
2683 3649 2943 3720 palpebris
2992 3653 3114 3705 meis
3168 3653 3598 3718 dormitationem,
3637 3667 3728 3708 aut

2139 3740 2364 3808 requiem
2391 3740 2703 3808 temporibus
2743 3741 2888 3806 meis,
2927 3742 3084 3795 donec
3110 3743 3363 3798 inveniam
3405 3745 3576 3797 locum
3613 3745 3726 3799 Do-

2141 3834 2299 3896 mino,
2333 3831 2718 3885 tabernaculum
2747 3831 2856 3885 Deo
2876 3829 3038 3886 Jacob
3059 3832 3230 3904 (Psal.
3256 3851 3437 3899 cum,
3468 3838 3547 3907 5).
3573 3838 3727 3903 Quod

2142 3939 2263 3978 cum
2297 3924 2566 3991 PrOpheta
2598 3925 3031 3991 concupisceret,
3069 3942 3176 3980 non
3224 3926 3508 3997 ignorabat
3536 3945 3728 3985 verum

2143 4016 2273 4071 illud
2306 4017 2704 4085 perfectumque
2729 4019 2982 4086 templum
3005 4019 3073 4072 a‘b
3102 4020 3194 4075 illo
3216 4035 3336 4077 esse
3359 4022 3726 4091 condendam,

2142 4111 2232 4178 qui
2266 4124 2386 4162 cum
2410 4118 2554 4162 esset
2592 4109 2761 4164 Filius
2791 4110 2903 4176 Dei,
2941 4112 3112 4167 lactus
3141 4123 3223 4168 est
3254 4115 3415 4169 etiam
3451 4117 3599 4172 illius
3627 4118 3732 4171 Da-

2146 4203 2275 4268 vid;
2309 4211 2334 4237 ο
2383 4201 2584 4272 quique
2631 4218 2752 4257 cum
2799 4204 3006 4260 videret
3057 4207 3317 4276 templum
3358 4225 3387 4263 a
3435 4209 3732 4266 Salomone

2145 4305 2537 4358 constructum,
2573 4293 2806 4360 dicebat,
2839 4295 3035 4351 Solvite
3063 4301 3310 4369 templum
3339 4301 3454 4367 hoc,
3481 4311 3528 4354 et
3553 4303 3611 4355 in
3637 4304 3732 4356 tri-

2148 4387 2251 4440 duo
2281 4387 2535 4440 suscitabo
2557 4386 2709 4440 illud.
2742 4386 2953 4440 Dicebat
2989 4399 3158 4443 autem
3185 4391 3249 4444 de
3287 4392 3473 4462 templo
3500 4395 3730 4464 corporis

452 4467 554 4534 Qui
580 4479 708 4536 ergo
747 4466 887 4520 inter
921 4462 1185 4535 principia
1222 4464 1604 4536 disputationis
1644 4485 1757 4527 suae
1803 4473 2035 4542 dixerat,
2070 4471 2118 4528 D
2143 4479 2224 4531 sui
2251 4477 2425 4547 (Joan.
2455 4492 2512 4543 ιι,
2551 4477 2618 4532 l9
2644 4488 2691 4532 et
2719 4478 2834 4549 Eli).
2865 4477 2937 4534 Ut
2972 4494 3101 4550 ergo
3130 4480 3232 4536 hoc
3263 4483 3522 4552 templum
3557 4462 3733 4554 praeli-

524 4725 550 4753 ι
587 4715 865 4796 Editiones
912 4714 1153 4783 Mogunt,
1207 4725 1262 4770 et
1313 4713 1474 4782 Ven.,
1513 4717 1744 4788 regulam
1791 4721 2040 4774 sententia

453 4794 770 4861 pronuntiat.

526 4857 553 4897 δ
585 4857 726 4911 Edit.
767 4854 1016 4923 Lugdnn.
1049 4864 1103 4909 et
1132 4870 1193 4909 ea
1226 4856 1581 4922 recentiores,
1627 4859 1699 4911 ad
1738 4857 2036 4914 Dominum.

531 4939 552 4966 ο
578 4929 634 4982 ln
684 4928 877 4996 ωειλ..
909 4925 1138 4993 Lovan.,
1175 4927 1336 4980 Duae.
1363 4934 1418 4981 et
1451 4929 1668 4996 Colon.,
1699 4933 2041 4986 desideratur

457 5014 779 5070 pronomen,
810 5013 1007 5070 eorum.

532 5067 558 5105 ά
588 5068 867 5121 Ειιῑιὶοηθε.
897 5064 1142 5135 Lugdun.
1176 5077 1229 5120 et
1253 5070 1604 5135 posteriores,
1630 5082 1676 5126 et
1698 5073 1812 5126 ideo
1835 5073 2033 5126 dicunt.

535 5151 559 5178 ε
587 5138 1084 5212 Μεεηαυώθίθιιεὶδ
1125 5146 1181 5191 et
1221 5139 1432 5209 Retnig.
1476 5157 1540 5193 ac
1581 5141 1815 5212 Mugunt.
1849 5145 2035 5212 editio,

457 5230 517 5265 ac
549 5209 774 5265 verinde.

660 5231 672 5258 1
761 5249 774 5261 ι

535 5228 1030 5348 ίρίὲἔιίῖριιιιειᾶηηη
1076 5278 1236 5348 Atque
1275 5281 1346 5332 ita
1375 5281 1547 5347 sentit,
1584 5282 1712 5334 utin
1747 5281 1842 5336 Dei
1865 5300 2041 5336 mune-

457 5353 596 5404 ribus
627 5351 826 5403 nullum
853 5351 1090 5403 meritum
1121 5366 1227 5404 esse
1257 5351 1567 5405 credendum
1615 5353 1700 5421 sit,
1734 5370 1880 5421 quem
1909 5355 2043 5407 Deus

459 5437 655 5492 semper
686 5423 755 5473 ad
750 5424 965 5492 juverit.

535 5503 557 5537 ιε
584 5491 996 5564 Μεηῶιὶειιερε,
1039 5501 1304 5564 potestate.
1352 5491 1528 5546 Editio
1573 5491 1817 5564 Lugduni.
1870 5501 2037 5548 totum

461 5561 636 5614 locum
664 5561 827 5635 aliter
857 5563 1012 5635 habet
1034 5561 1051 5614 ὲ
1077 5575 1164 5617 aut
1191 5565 1235 5616 si
1266 5566 1419 5617 etiam
1446 5565 1496 5616 in
1531 5564 1606 5617 Itis
1635 5579 1750 5635 qua:
1781 5563 1917 5618 Dens
1947 5568 2040 5618 tri-

463 5635 593 5689 buit.
620 5633 790 5702 aliqua
812 5633 989 5683 merita
1016 5650 1122 5686 esse
1143 5635 1434 5702 loquantur,
1459 5633 1654 5689 cottslet
1671 5636 1838 5696 etiam,
1863 5647 1964 5689 etc.

530 5701 558 5738 λ
592 5702 729 5756 Edtt.
771 5701 962 5762 ιλιαδ..
997 5715 1192 5763 oportet
1229 5722 1321 5760 nos
1353 5708 1593 5767 iuvari...
1628 5708 1764 5768 quod
1804 5724 1904 5761 non
1934 5719 2042 5762 erat

2149 4721 2407 4793 possibile.
2435 4720 2540 4795 Sed
2567 4729 2753 4774 contra
2776 4735 2992 4795 sensum
3016 4729 3254 4784 auctoris
3277 4731 3470 4795 nostri,
3493 4743 3546 4787 et
3568 4745 3734 4789 caete-

2149 4809 2331 4847 rorum
2361 4792 2602 4844 codicum
2631 4793 3026 4848 auctoritatem.

2225 4860 2240 4935 ξ
2276 4864 2373 4935 Ms.
2402 4862 2653 4935 Joliensis
2676 4877 2781 4914 non
2808 4863 2987 4929 habet,
3019 4867 3126 4935 ipse
3155 4877 3419 4924 tractator.

2222 4931 2235 5014 ξ
2281 4932 2552 5014 [ξιξίιὶοειιιε
2587 4933 2824 5014 :‘logunl.
2856 4945 2909 4987 et
2964 4931 3116 5014 γρῦ..
3155 4955 3217 4991 ne
3249 4940 3435 5014 bonum
3466 4958 3730 5014 umquam.

2220 5003 2244 5080 ξ
2280 5004 2421 5080 Eun.
2453 5003 2623 5080 Lugd.
2651 5014 2705 5080 et
2725 5017 2790 5080 eo
2821 5008 3165 5080 posteriores,
3190 5013 3405 5080 probare
3438 5003 3622 5072 potest.

2167 5083 2187 5152 °_
2224 5072 2242 5111 ι
2275 5075 2363 5152 Sic
2389 5089 2517 5152 mss.
2549 5073 2734 5152 Cori»,
2759 5074 2965 5152 liemig.
3007 5089 3058 5130 et
3097 5072 3229 5152 loli,
3259 5097 3380 5134 cum
3414 5085 3652 5152 Mogunt.
3679 5095 3734 5139 et

2143 5145 2608 5269 (Ven.(_Lugdun.,
2655 5143 2882 5211 Lovan.,
2917 5147 3085 5202 Duac.
3115 5161 3167 5204 et
3192 5151 3411 5222 Colon.,
3454 5143 3617 5222 ipsius
3649 5173 3738 5210 vo-

2168 5227 2285 5268 (ηιΐο
2315 5232 2377 5267 ts.

2168 5224 2377 5268 auratis.

2216 5295 2253 5322 ω
2287 5286 2402 5368 Ἒζρχ
2433 5287 2570 5352 haec,
2604 5287 2717 5368 Dei,
2743 5287 2977 5368 habetur
3005 5288 3065 5368 in.
3089 5304 3217 5344 mss.
3248 5292 3408 5350 Corb.
3434 5304 3488 5349 et
3520 5296 3733 5368 Retnig.

2144 5366 2199 5411 et
2224 5372 2289 5411 ex
2318 5357 2551 5427 Mogirnt.
2579 5368 2632 5413 et
2664 5360 2790 5414 Ven.
2825 5360 3174 5416 editiouibus.

2217 5435 2242 5463 η
2272 5427 2400 5482 Sola
2435 5428 2568 5482 Ven.
2600 5431 2788 5494 editio,
2821 5432 2968 5484 strati
2993 5435 3111 5484 mei.

2222 5506 2246 5533 ο
2277 5499 2330 5554 1η
2357 5515 2458 5573 ms.
2486 5500 2711 5556 .lol-iensi
2739 5501 2853 5556 solo
2881 5504 3155 5568 posthaec,
3185 5503 3327 5573 ﬁlius
3351 5505 3536 5573 David,
3571 5508 3738 5564 omis-

2148 5571 2222 5622 sis
2251 5587 2319 5637 qu
2340 5587 2369 5622 e
2410 5572 2750 5636 interiacent,
2783 5574 2962 5626 statim
2993 5571 3228 5636 additur,
3263 5575 3409 5629 Unde
3447 5571 3531 5633 ait
3560 5579 3736 5636 Ειιαη.

2149 5640 2350 5711 gelista,
2387 5641 2593 5695 Dicebat
2617 5652 2785 5695 autem
2810 5641 2872 5695 de
2897 5643 3084 5713 templo
3115 5649 3346 5716 corporis
3377 5650 3478 5701 sui.
