4030 6178
341 206 441 260 285

1447 210 1649 267 LIBER
1686 209 1963 267 CONTRA
2001 210 2482 268 COLLATORESI.

3478 220 3581 276 288

332 329 629 385 pararetur,
650 322 794 391 quod
820 321 873 376 in
899 320 1116 378 Christo
1141 331 1196 376 et
1222 322 1273 377 irt
1302 323 1550 379 Ecclesia
1579 325 1900 396 disponeba-
1930 331 1976 387 Α
2005 334 2088 381 est
2111 326 2341 383 hominis
2387 342 2509 383 esse
2535 332 2831 398 prepriarn,
2859 341 2915 388 ct
2941 334 3307 392 conﬁtendum
3346 350 3431 394 est
3469 340 3581 396 Deo

332 421 436 473 tur,
468 412 661 467 merito
686 412 755 467 ad
784 423 810 450 ι
846 414 1260 469 instructionem
1296 415 1416 481 ejus
1453 430 1560 470 non
1602 416 1769 470 Dat-id
1801 418 1903 472 eli-

326 505 493 569 gitur,
518 503 612 558 sed
642 504 784 558 ﬁlius
816 505 1013 561 David:
1038 515 1095 560 ut
1120 522 1215 574 per
1245 507 1413 562 ﬁlium
1445 507 1723 563 hominisb
1745 509 1904 579 signi-

328 593 575 648 ﬁcaretur
603 594 770 649 Filius
794 597 882 650 Dei
914 607 968 649 et
1002 596 1259 659 hominis.
1291 610 1343 654 et
1378 615 1472 667 per
1504 602 1763 669 templum
1793 601 1903 655 dis-

321 682 553 737 solubile
576 684 903 740 indicaretur
926 685 1331 743 tabernaculum
1362 690 1802 759 incorruptibile;
1830 692 1897 746 ad

322 775 476 841 cujus
501 776 837 833 condendam
876 780 1161 850 imaginem
1203 792 1257 836 et
1288 782 1539 837 voluntas
1581 784 1746 838 David
1779 800 1899 852 pro-

319 864 441 919 bata
471 875 574 931 est,
604 876 662 921 et
688 882 822 937 opus
860 869 911 923 in
941 885 1061 924 eum
1100 872 1418 927 translatum
1459 884 1544 927 est
1581 873 1735 941 cujus
1769 889 1893 942 per-

317 971 450 1011 sons
479 958 646 1027 magis
667 960 842 1015 eidem
869 960 1084 1029 imagini
1111 963 1460 1031 congruebat.
1488 974 1511 1003 ο
1537 965 1712 1033 Atque
1740 965 1809 1019 ita
1839 972 1895 1019 et

316 1062 377 1101 es
434 1049 547 1102 Deo
571 1060 688 1104 erat
734 1049 838 1106 hoc
878 1052 1013 1107 velle
1060 1051 1253 1121 David,
1300 1062 1356 1109 et
1390 1070 1457 1109 ex
1494 1054 1606 1110 Deo
1637 1063 1753 1110 erat
1791 1058 1892 1111 hoc

316 1140 499 1194 tacere
524 1140 894 1199 Salomonem.

375 1231 436 1285 5.
481 1233 629 1301 Quod
677 1244 735 1289 ut
777 1238 1039 1307 exemplis
1085 1240 1257 1310 magis
1302 1241 1595 1307 elucescal,
1653 1241 1888 1313 requira-

311 1339 429 1379 mus
468 1325 623 1397 337
674 1326 763 1382 ubi
804 1329 915 1384 ﬁeri
944 1329 1134 1386 Detts‘l
1165 1334 1423 1399 noluerit,
1460 1335 1603 1403 quod
1641 1334 1887 1391 homines

312 1414 490 1471 facere
538 1418 650 1474 Deo
686 1421 903 1477 volente
940 1423 1248 1479 voluerunt.
1282 1425 1541 1480 Dominus
1576 1436 1600 1464 ο
1631 1430 1885 1496 ρτπεερὶι

307 1509 599 1572 apostolis,
626 1509 833 1578 dicens,
880 1510 899 1551 ί
934 1513 1127 1568 Euntes
1150 1516 1235 1579 ite,
1266 1526 1314 1569 et
1346 1518 1520 1571 docete
1549 1534 1724 1573 onmes
1759 1536 1881 1589 gen-

305 1608 392 1659 tes,
423 1598 736 1665 baptisantes
760 1619 847 1657 eos
868 1604 922 1657 in
943 1606 1147 1659 nomine
1176 1605 1369 1673 Patris,
1391 1618 1437 1661 et
1463 1606 1613 1675 Filii,
1642 1618 1688 1661 et
1711 1609 1880 1679 Spiri-

2008 416 2298 484 inspirante
2344 429 2679 486 conceptam.
2722 420 2852 475 Nam
2892 439 3013 477 cum
3056 440 3217 480 nemo
3259 427 3325 481 sit
3382 428 3577 496 bonus,
3624 467 3641 475 ο

2006 507 2107 559 nisi
2138 506 2285 560 solus
2336 508 2470 562 Deus
2502 508 2658 579 (Luc.
2709 527 2856 576 xvnt,
2893 514 3002 578 19),
3037 516 3195 584 quale
3235 517 3337 572 erit
3374 518 3574 574 bonum

2002 598 2143 664 quod
2174 609 2449 653 auctorem
2500 616 2604 655 non
2653 602 2814 657 habet
2845 605 3087 660 bonum?
3134 607 3348 664 Nature
3376 610 3576 681 quippe

2004 688 2275 756 humanm,
2303 692 2457 762 cujus
2484 707 2696 747 creator
2725 706 2807 748 est
2839 697 3000 763 Deus,
3030 702 3189 754 etiam
3220 711 3342 771 post
3367 718 3574 773 praeva-

2000 779 2311 833 ricationem
2362 792 2543 837 manet
2582 784 2902 853 substantia,
2936 799 3116 843 manet
3163 789 3360 860 forma,
3392 803 3571 850 manet

1998 872 2125 934 vita,
2154 882 2207 926 et
2235 888 2445 940 sensus,
2496 882 2550 929 et
2598 878 2758 944 ratio,
2810 890 3113 950 ceteraque
3142 884 3382 951 corporis
3409 893 3570 955 atque

1994 961 2155 1017 animi
2187 963 2347 1030 bona,
2378 978 2496 1033 qum
2514 965 2676 1020 etiam
2697 967 2849 1022 malis
2876 969 3188 1042 viliosisque
3211 988 3314 1027 non
3337 974 3564 1029 desunt:

1993 1058 2019 1086 η
2050 1051 2143 1106 sed
2173 1054 2352 1107 nonin
2388 1054 2472 1109 his
2499 1054 2662 1111 habet
2690 1060 2803 1112 veri
2837 1058 2961 1113 boni
2987 1064 3409 1131 perceptionem,
3445 1083 3565 1132 qua

1992 1144 2271 1198 mortalem
2298 1145 2459 1199 vitam
2493 1146 2785 1205 honestare
2811 1162 3056 1219 possunt,
3086 1162 3341 1209 teternam
3384 1167 3562 1213 autem

1990 1235 2239 1289 conferre
2276 1252 2381 1290 non
2432 1248 2674 1307 possunt.
2724 1240 2905 1310 Neque
2956 1244 3099 1297 enim
3143 1244 3387 1313 ignotum
3444 1256 3558 1314 est,

1991 1334 2016 1361 °
2046 1337 2301 1395 quantum
2353 1330 2556 1385 Graacte
2586 1332 2817 1399 schola},
2874 1334 3108 1390 Romana
3146 1336 3475 1407 eloquentia,
3506 1350 3562 1397 et

1988 1421 2151 1473 totius
2178 1421 2361 1474 mundi
2387 1420 2683 1490 inquisitio,
2706 1424 2846 1480 circa
2877 1425 3259 1483 inveniendum
3287 1444 3554 1488 summum

1986 1509 2203 1574 bonum,
2234 1512 2514 1567 acerrimis
2557 1514 2771 1579 studiis,
2816 1525 2872 1571 et
2902 1518 3372 1575 excellentissimis
3408 1524 3556 1592 inge.

1985 1602 2090 1655 niis
2131 1602 2423 1659 laborando
2452 1605 2582 1661 nihil
2612 1606 2848 1676 egerint,
2885 1607 2989 1663 nisi
3012 1618 3067 1663 ut
3093 1622 3479 1667 evanescerent
3500 1613 3554 1668 in

304 1698 380 1740 tus
411 1693 596 1756 sancti,
642 1702 691 1747 ει
727 1696 963 1748 docentes
990 1711 1076 1749 eo;
1102 1712 1303 1751 εετυαη
1333 1699 1510 1752 omnia
1547 1716 1880 1771 (fumumque
1910 1706 1954 1765 Β
1971 1690 2400 1761 cogitationibus
2420 1694 2556 1759 suis,
2577 1704 2633 1750 et
2650 1696 3044 1752 obscuraretur
3063 1714 3161 1754 cor
3186 1698 3453 1770 insipiens
3476 1715 3564 1755 eo-

304 1780 542 1834 mondaoi
561 1781 700 1837 vobis
727 1782 941 1855 (Matth.
967 1800 1158 1851 xxvnt,
1184 1787 1293 1855 l9).
1320 1786 1474 1854 Quod
1496 1804 1617 1843 cum
1647 1793 1874 1859 apostoli

301 1880 327 1918 s
344 1872 618 1939 audirent,
640 1876 758 1930 sine
774 1875 939 1931 dubio
966 1891 1073 1932 non
1099 1878 1259 1933 verba
1284 1880 1422 1934 nuda
1447 1895 1542 1949 per
1566 1883 1873 1949 corporales

300 1977 473 2018 sonos
520 1964 886 2021 exterioribus
917 1976 1120 2022 tantum
1151 1970 1368 2025 auribus
1398 1982 1744 2040 acceperunt,
1775 1973 1871 2028 sed

300 2055 498 2109 virtute
542 2052 570 2092 ιι
616 2056 846 2113 viventis
896 2059 1043 2113 verbi
1097 2073 1325 2115 accensa
1386 2073 1471 2118 est
1519 2064 1573 2116 in
1619 2064 1871 2121 cordibus

298 2160 484 2201 eorum
504 2146 953 2217 inexstinguibilis
979 2148 1191 2206 ﬂamma
1220 2151 1521 2218 charitatis,
1541 2168 1646 2223 qua
1676 2153 1867 2209 arden-

299 2237 508 2291 tissime
537 2237 744 2293 vellent
771 2239 1122 2309 Evangelium
1166 2241 1366 2297 Christi
1407 2244 1659 2299 omnibus
1694 2245 1871 2314 genti.

297 2328 396 2383 bus
438 2328 791 2397 praedicare.‘
821 2330 928 2387 Sed
966 2346 1087 2388 cum
1118 2332 1265 2387 vetiti
1296 2341 1419 2387 sttnt
1456 2332 1601 2403 loqui
1641 2334 1866 2389 verbum

297 2423 347 2476 in
377 2424 527 2490 Asia,
556 2434 753 2478 etcum
786 2432 1055 2479 tentarent
1075 2425 1152 2479 ire
1174 2424 1226 2479 in
1252 2425 1577 2496 Bithyniam,
1609 2425 1867 2495 prohibiti

292 2525 412 2567 sint
434 2514 503 2567 ab
531 2514 734 2583 Spiritu
766 2513 892 2569 Jesu
914 2516 1053 2581 (Act.
1081 2530 1197 2581 svt,
1228 2516 1259 2571 6
1281 2526 1327 2570 et
1347 2516 1402 2585 7)
1432 2533 1445 2571 :
1479 2517 1734 2587 numquid
1756 2533 1863 2571 non

292 2620 353 2659 es
383 2606 496 2661 Deo
524 2606 662 2661 hanc
686 2607 1009 2662 voluntatem
1041 2607 1331 2677 habebant,
1359 2608 1502 2677 quod
1533 2608 1695 2663 etiam
1733 2609 1863 2664 isto-

292 2712 407 2750 rum
434 2697 698 2766 optahant
729 2700 797 2754 ad
845 2698 1008 2754 ﬁdem
1046 2699 1209 2755 corda
1238 2710 1574 2763 convertere,
1614 2715 1750 2771 quos
1779 2716 1866 2757 oc-

288 2790 434 2844 culto
460 2788 663 2858 judicio
694 2791 834 2846 Deus
858 2790 1210 2860 Evangelium
1241 2802 1367 2849 tunc
1403 2792 1619 2849 nolebat
1642 2794 1863 2850 audire?

285 2882 387 2933 Aut
433 2879 580 2950 quod
620 2880 865 2936 Ecclesia
911 2882 1152 2951 quotidie
1182 2898 1280 2953 pro
1317 2884 1551 2939 inimicis
1576 2887 1689 2940 suis
1719 2893 1863 2950 orat,

286 2973 333 3023 id
353 2981 463 3035 est,
495 2986 594 3040 pro
622 2972 704 3026 his
731 2973 825 3042 qui
850 2972 866 3024 l
904 2973 1134 3029 necdum
1177 2973 1286 3029 Deo
1312 2975 1681 3042 crediderunt,
1707 2992 1863 3032 nunt-

1976 1796 2099 1835 rum
2132 1781 2306 1851 (Rom.
2336 1800 2374 1847 ι,
2395 1783 2510 1853 21),
2535 1785 2628 1854 qui
2653 1794 2680 1834 Ρ
2707 1784 2775 1839 ad
2805 1790 3244 1855 cognoscendam
3273 1790 3560 1844 veritatem

1974 1877 2139 1948 338
2168 1877 2473 1947 semetipsis
2502 1878 2727 1933 ducibus
2754 1880 3060 1935 utebantur.
3100 1881 3158 1937 Si
3180 1898 3309 1952 ergo
3331 1883 3450 1954 quis
3478 1883 3548 1938 de

1974 1967 2298 2023 mrumnosis
2322 1969 2642 2023 vanitatibus
2682 1979 2739 2025 et
2786 1971 3010 2026 insaniis
3038 1972 3313 2027 fallacibus
3350 1974 3544 2029 erube-

1971 2072 2149 2123 scens,
2178 2058 2424 2115 tenebras
2452 2074 2573 2115 esse
2598 2069 2654 2116 et
2682 2072 2909 2116 mortem
2931 2062 3185 2131 quidquid
3218 2078 3314 2132 pro
3343 2065 3539 2122 lumine

1971 2161 2026 2205 et
2054 2150 2162 2205 vita
2188 2151 2611 2221 amplectebatur
2642 2151 2912 2221 intelligit,
2940 2164 2993 2207 et
3024 2153 3093 2207 ab
3121 2154 3204 2207 his
3231 2168 3291 2209 se
3318 2163 3544 2209 conatur

1970 2239 2325 2305 abstrahere;
2356 2255 2460 2295 non
2490 2250 2571 2295 est
2607 2240 2677 2296 ab
2704 2241 2840 2310 ipso,
2868 2241 3112 2310 quamvis
3137 2256 3244 2296 non
3284 2245 3401 2297 sine
3427 2244 3543 2311 ipso

1972 2329 2063 2395 sit,
2095 2328 2197 2384 ista
2220 2331 2537 2396 conversio;
2569 2345 2668 2385 nec
2704 2331 2922 2400 propria
2954 2332 3149 2386 virtute
3186 2333 3252 2386 ad
3283 2333 3573 2402 principia-

1968 2419 2156 2475 salutis
2186 2420 2439 2477 enititur:
2467 2421 2565 2477 sed
2595 2422 2704 2491 agit
2732 2421 2848 2477 haec
2875 2422 3084 2477 occulta
3114 2429 3170 2477 et
3204 2432 3395 2491 potens
3414 2439 3539 2492 gra-

1970 2512 2038 2564 tia
2067 2510 2187 2577 Dei,
2235 2528 2377 2582 quae,
2422 2522 2451 2563 ιι
2477 2513 2698 2568 remotis
2748 2524 3085 2568 terrenarum
3133 2513 3447 2582 opinionum
3485 2525 3541 2568 et

1966 2618 2188 2670 Operum
2236 2614 2578 2659 mortuorum
2626 2604 2844 2670 favillis,
2880 2614 3079 2659 torrem
3134 2605 3313 2659 obruti
3359 2605 3540 2659 cordis

1964 2696 2215 2764 exagitat,
2240 2704 2296 2750 et
2323 2695 2593 2751 desiderio
2614 2697 2856 2751 veritatis
2883 2697 3211 2751 inﬂammat:
3240 2710 3344 2750 non
3376 2706 3433 2750 ut
3458 2696 3539 2751 in-

1964 2786 2129 2841 vitum
2158 2787 2432 2844 hominem
2458 2789 2689 2857 subigat,
2733 2788 2829 2843 sed
2870 2796 2928 2843 ut
2977 2787 3325 2856 subjectionis
3388 2788 3537 2856 cupi-

1963 2878 2089 2933 dum
2123 2879 2314 2945 faciat;
2357 2894 2454 2935 nec
2478 2890 2537 2935 ut
2561 2880 2895 2950 ignorantem
2926 2880 3121 2946 trahat,
3166 2880 3261 2935 sed
3284 2890 3337 2934 ut
3376 2880 3538 2935 intel-
3574 2912 3577 2915 -

1964 2972 2217 3041 ligentem
2286 2982 2707 3042 sequentemque
2760 2973 3046 3041 praecedat.
3103 2972 3324 3027 Moriens
3392 2972 3535 3027 enim

281 3060 408 3129 quid
435 3075 549 3115 non
571 3076 638 3115 ex
664 3062 866 3131 Spiritu
906 3062 1003 3118 Dei
1028 3064 1189 3119 facit?
1211 3064 1341 3132 Quis
1369 3066 1473 3121 hoc
1500 3066 1720 3133 dixerit,
1750 3067 1855 3121 nisi
1884 3074 1925 3131 (ζ
1962 3064 2188 3120 liberum
2240 3062 2545 3128 arbitrium,
2575 3072 2597 3101 τ
2625 3062 2769 3131 quod
2817 3063 3001 3129 utique
3026 3078 3147 3117 cum
3179 3063 3297 3128 ipso
3322 3063 3536 3118 homine

281 3153 368 3220 qui
396 3152 505 3206 hoc
532 3167 640 3207 non
667 3152 814 3219 facit,
846 3162 939 3209 aut
962 3155 1053 3223 qui
1088 3165 1237 3224 putat
1261 3155 1418 3210 tidem
1464 3170 1571 3211 non
1600 3170 1723 3212 esse
1759 3156 1857 3212 Dei

280 3242 505 3297 donum?
524 3238 549 3278 ³
578 3242 645 3297 Et
664 3244 995 3312 tamenquod
1012 3259 1109 3313 pro
1128 3245 1379 3300 omnibus
1402 3248 1620 3314 petitur,
1635 3261 1741 3300 non
1764 3262 1863 3316 pro

277 3332 530 3389 omnibus
549 3335 845 3389 ohtinetur.
868 3333 977 3390 Nec
999 3345 1083 3390 est
1107 3337 1364 3407 iniquitas
1385 3339 1526 3407 apud
1549 3338 1741 3401 Deum,
1767 3342 1861 3408 ι]ιή

276 3442 421 3493 scene
454 3428 725 3497 postulata
758 3443 863 3483 non
891 3430 1095 3493 tribuit,
1120 3428 1283 3499 qua:1
1318 3432 1591 3500 postulare
1614 3432 1855 3488 donavit.

342 3519 516 3589 [Alias
539 3518 906 3591 CAP.XX\'I.]
942 3521 999 3575 ι.
1045 3522 1244 3577 Bonam
1290 3522 1451 3592 igitur
1500 3524 1858 3590 voluntatem,

275 3626 391 3665 eam
434 3610 649 3668 scilicet
674 3621 715 3649 ω
739 3627 844 3683 qua
873 3612 1182 3671 adhaeretur
1213 3614 1349 3683 Deo,
1402 3630 1503 3670 nec
1551 3616 1856 3687 negandum

342 3779 367 3806 ⁸
399 3768 682 3824 Editiones
721 3768 914 3838 Lugd.,
965 3767 1148 3823 Lovan
1180 3808 1193 3832 ,
1234 3768 1399 3823 Duae.
1438 3778 1493 3823 et
1537 3769 1755 3835 Colon.,
1783 3769 1852 3823 ad

274 3841 700 3893 erstrucrionem.
728 3840 1069 3892 Coi-beiensis
1108 3848 1164 3893 et
1195 3838 1536 3905 Remigianns
1566 3855 1696 3894 mss.
1729 3856 1849 3894 cum

274 3912 407 3965 edit.
433 3910 668 3977 Mogunt.
684 3919 738 3964 et
761 3909 920 3973 Veu.,
943 3911 1010 3962 ad
1034 3911 1439 3963 instructionem.
1466 3910 1706 3966 Jolianus
1722 3925 1853 3965 vero

274 3982 447 4035 Codex
473 3992 633 4033 manu
662 3990 929 4042 exaratos,
962 3979 1031 4031 ad
1067 3982 1515 4034 constructionem.

344 4050 372 4090 δ
406 4049 536 4103 llaec
563 4050 748 4117 verba,
781 4051 1159 4119 signiﬁcaretur
1192 4049 1364 4105 Filius
1403 4051 1499 4105 Dei
1528 4062 1576 4105 et
1611 4050 1851 4112 hominis.

274 4120 477 4173 ahsnnt
506 4134 533 4170 a
569 4120 906 4188 Lugdunensi
935 4121 1139 4173 codice.

345 4202 370 4229 ε
409 4190 587 4243 Editio
630 4187 823 4259 Lngd.,
874 4189 1037 4259 Atque
1073 4191 1145 4242 ita
1197 4187 1295 4243 hoc
1337 4206 1403 4245 ex
1446 4189 1553 4243 Deo
1589 4197 1701 4243 erat
1733 4190 1860 4243 velle

278 4260 471 4323 David,
516 4271 564 4313 et
596 4277 659 4314 ea:
704 4259 809 4314 Deo
862 4270 970 4313 erat
1010 4261 1105 4313 hoc
1148 4259 1272 4326 ferri
1300 4277 1333 4313 a
1388 4259 1684 4316 Solomone.
1726 4259 1858 4326 Quae

274 4332 468 4394 editio,
497 4339 554 4383 ut
580 4341 790 4386 veteres
816 4332 1033 4399 passim,
1065 4328 1395 4385 Solomonem
1442 4332 1590 4401 legit,
1627 4344 1723 4401 pro
1752 4330 1853 4384 Sa-

274 4402 502 4453 lomone.

1962 3156 2102 3211 Deus
2122 3155 2379 3218 condidit,
2408 3171 2436 3207 a
2463 3154 2787 3210 vanitatibus
2813 3163 2869 3209 et
2897 3155 3276 3224 cupiditatibus
3320 3155 3450 3220 suis,
3481 3155 3535 3210 in

1960 3264 2092 3318 quas
2121 3248 2365 3316 neglecta
2408 3247 2503 3300 Dei
2534 3246 2650 3316 lege
2682 3254 2703 3281 ⁸
2733 3246 2986 3311 deﬂuxit,
3020 3262 3126 3301 non
3152 3261 3182 3300 a
3209 3246 3410 3314 seipso,
3442 3246 3536 3301 sed

1960 3355 1987 3391 a
2017 3338 2273 3393 Creatore
2298 3346 2537 3393 mutatur
2566 3353 2582 3402 ;
2614 3347 2670 3391 ιιι
2696 3336 2952 3407 quidquid
2998 3338 3051 3391 in
3096 3351 3164 3391 eo
3192 3340 3211 3375 ί
3248 3338 3301 3391 in
3346 3337 3537 3391 melius

1959 3430 2221 3494 reﬁcitur,
2254 3444 2355 3484 nec
2380 3430 2498 3485 sine
2539 3428 2633 3485 illo
2660 3428 2731 3482 sit
2767 3428 2860 3498 qui
2889 3436 3131 3492 sanatur,
3163 3442 3264 3482 nec
3307 3427 3412 3481 nisi
3467 3428 3534 3481 ab

1959 3522 2053 3576 illo
2080 3522 2149 3574 sit
2174 3521 2266 3588 qui
2296 3520 2581 3583 medetur;
2611 3519 2765 3586 cujus
2792 3531 2979 3573 sumus
3003 3532 3139 3573 nova
3166 3526 3409 3573 creatura
3438 3533 3534 3571 no-

1959 3627 2190 3683 vumque
2218 3612 2551 3680 ﬁgmentum,
2582 3610 2753 3665 creati
2791 3610 2843 3664 in
2871 3607 3086 3664 Christo
3105 3608 3233 3664 Jesu
3261 3609 3315 3663 in
3356 3610 3555 3677 operis

1956 3769 2030 3822 ire
2053 3768 2105 3820 in
2136 3766 2455 3836 Bithyniam,
2490 3756 2729 3836 prohibiti
2761 3776 2877 3836 sunt
2907 3781 2938 3815 α
2985 3762 3187 3836 Spiritu
3213 3760 3357 3836 Jes_u.
3383 3763 3533 3836 _Edit.

1958 3839 2192 3906 Mogunt.
2236 3830 2289 3890 et
2323 3830 2454 3891 Ven.
2491 3830 2757 3906 accedunt
2801 3833 2969 3885 ferme
3021 3830 3085 3885 ad
3142 3847 3239 3885 ms.
3277 3830 3437 3906 Corb.
3482 3845 3536 3906 et

1960 3901 2161 3962 textum
2196 3916 2460 3972 nostrum,
2489 3904 2689 3957 omisso
2722 3919 2837 3955 cum
2868 3910 2991 3955 ante.
3036 3909 3301 3955 tentarent.
3361 3901 3530 3969 Lugd.

1960 3994 2111 4039 vero,
2138 3976 2245 4031 Sed
2268 3993 2357 4030 cur
2381 3975 2520 4029 vetiti
2560 3984 2677 4026 sunt
2707 3974 2847 4039 loqui
2891 3972 3095 4026 verbum
3132 3974 3184 4024 in
3208 3972 3356 4034 Asia,
3389 3983 3435 4025 et
3463 3976 3536 4026 ire

1958 4050 2013 4101 in
2044 4047 2377 4117 Bithyniam?
2402 4044 2653 4117 Prohibiti
2680 4053 2797 4097 sunt
2816 4059 2847 4094 a
2878 4042 3081 4117 Spiritu
3101 4040 3248 4094 Jesu.

2036 4117 2049 4167 i
2094 4113 2333 4185 Lugduni.
2361 4126 2413 4170 et
2440 4115 2787 4183 pOSIeriores,
2814 4114 2901 4181 qui
2932 4118 3155 4166 nondum
3182 4113 3527 4168 crediderunt.

2030 4186 2057 4225 ¹ι
2083 4184 2205 4242 Sola
2235 4188 2478 4257 Lugdurt.
2510 4184 2699 4249 editio,
2752 4193 2800 4237 et
2844 4192 2963 4236 tunc
3007 4200 3120 4236 cum
3166 4200 3259 4251 pro
3301 4184 3531 4237 omnibus

1994 4259 2163 4312 etitur.

2023 4276 2058 4310 ιι
2151 4299 2163 4312 .

1958 4276 2178 4382 pellitis.
2201 4326 2473 4389 Joliensis,
2496 4324 2747 4395 postulari
2769 4323 2997 4395 donavit.

2029 4408 2068 4436 ω
2099 4399 2245 4452 Edit.
2277 4397 2470 4463 Lugd.,
2494 4393 2592 4466 qua
2610 4394 2837 4448 adhaeret
2860 4393 2987 4466 _Deo.

345 4470 376 4507 ἀ
415 4469 555 4543 lﬂditi
584 4470 818 4543 pingunt.
848 4477 904 4523 et
934 4463 1361 4543 Ven.,4voluerit,
1403 4470 1497 4543 sed
1532 4470 1687 4543 male.
1718 4469 1851 4543 llem
1887 4484 1934 4543 ι)
1964 4539 2001 4543 Α
2027 4477 2055 4505 ἰ
2081 4469 2155 4522 lta
2189 4484 2294 4543 ms.
2319 4468 2477 4543 Gorb.
2506 4462 2721 4543 'liemig.
2767 4474 2820 4516 et
2856 4464 2961 4543 Jol.
3190 4463 3427 4543 Mogttnt.
3468 4475 3530 4543 et

274 4554 381 4593 ms.
415 4540 543 4607 Jo|.,
574 4541 676 4594 Deo
699 4542 903 4594 nolente
919 4556 939 4594 :
962 4555 1063 4595 nec
1084 4539 1219 4594 forte
1241 4542 1452 4597 melius.
1478 4540 1644 4609 Lugd.
1666 4541 1852 4605 editio,

275 4611 360 4663 ubi
396 4612 566 4677 facere
592 4609 729 4664 Deus
753 4612 985 4682 uoluerit,
1016 4612 1163 4682 quod
1208 4629 1379 4665 omnes
1418 4612 1586 4682 facere
1626 4609 1736 4664 Deo
1770 4627 1856 4663 vo-

276 4682 415 4733 lente
453 4681 721 4734 roluerunt
748 4696 767 4734 :
806 4680 896 4736 ubi
943 4681 1155 4735 voluerit
1202 4696 1301 4751 pro
1330 4680 1549 4736 noluerit
1580 4683 1747 4751 potuit
1788 4682 1858 4734 ir-

278 4764 548 4901 rcgfi-stft:
578 4819 751 4891 Lugd.
792 4829 848 4876 et
896 4823 1246 4890 posteriores,
1287 4821 1535 4889 apostolis
1579 4821 1690 4875 suis
1726 4836 1861 4891 prte-

276 4900 511 5013 “quis.
544 4959 813 5023 Joliensis,
840 4961 1074 5026 Mogunt.
1112 4970 1165 5015 et
1190 4960 1327 5016 Ven.
1359 4960 1514 5025 edit.,
1548 4960 1739 5015 Euntes
1765 4961 1855 5013 do-

274 5042 402 5084 cete.
434 5032 577 5085 ldem
608 5046 732 5096 ms.,
764 5032 1072 5099 baptisantes
1097 5049 1203 5086 eas.

348 5111 377 5171 ε
407 5101 499 5153 Hs.
533 5101 804 5163 Juliensis,
835 5103 1183 5156 audissent....
1217 5108 1563 5171 perceperunt.

349 5170 502 5243 ESe
530 5187 660 5243 mss.
692 5172 873 5233 Corb..
904 5171 1111 5243 Rcmig.
1136 5183 1189 5227 et
1215 5171 1319 5227 Jol.
1364 5170 1461 5225 nec
1486 5188 1589 5224 non
1616 5171 1851 5243 lingunt.

275 5252 333 5295 et
367 5242 499 5296 Ven.
541 5246 609 5296 At
642 5242 881 5312 Lugdun.
912 5255 962 5297 et
1002 5242 1121 5312 quae
1168 5255 1366 5300 secuta:
1411 5251 1538 5296 sunt
1566 5242 1849 5308 editiones,

267 5313 503 5382 jubentis
531 5313 685 5366 verbi.

356 5382 375 5421 ί
404 5384 492 5437 Sic
520 5397 623 5436 me.
667 5381 829 5434 Corh.
859 5390 913 5434 et
954 5396 1020 5435 ex
1049 5396 1115 5435 eo
1139 5383 1275 5437 edit.
1304 5382 1465 5451 hujus
1497 5382 1613 5437 libri
1657 5382 1709 5435 in
1756 5396 1853 5451 ap-

274 5454 439 5521 pend.
477 5454 604 5507 torni
646 5451 714 5505 Χ.
762 5451 1040 5516 Augustini
1077 5467 1348 5518 Operum.,
1380 5468 1502 5507 cum
1545 5453 1744 5507 Lovan.
1796 5462 1850 5506 et

276 5523 687 5578 recentioribus.
723 5521 822 5577 his.
852 5521 1087 5589 Remig.,
1123 5522 1227 5577 Sed
1255 5539 1367 5574 cum
1396 5524 1534 5576 vetiti
1576 5534 1692 5574 sunt
1740 5537 1849 5574 vcr-

276 5594 399 5645 ωιτη
423 5597 474 5646 in
503 5594 625 5647 Asia
651 5592 813 5658 loqui,
841 5601 887 5646 et
914 5592 987 5644 ire
1013 5593 1065 5644 in
1094 5591 1391 5659 Bithyniam
1439 5593 1679 5659 prohibiti
1702 5600 1841 5646 sunt.

274 5662 382 5718 Hs.
410 5664 540 5729 λοι..
568 5663 658 5718 sed
680 5678 793 5716 cum
820 5662 1089 5717 voluissent
1121 5660 1257 5733 loqui
1294 5666 1496 5717 verbum
1544 5663 1598 5716 in
1626 5662 1766 5727 Asia,
1799 5672 1844 5715 et

1964 4539 2119 4602 Ven.,
2146 4540 2235 4592 sed
2276 4540 2331 4591 in
2377 4540 2456 4591 his
2482 4553 2583 4590 non
2613 4535 2758 4589 habet
2785 4536 2889 4587 veri
2923 4534 3303 4601 perfectionem.
3337 4537 3526 4603 Lngd.,

1957 4610 2046 4663 sed
2073 4627 2173 4663 non
2194 4610 2249 4661 in
2273 4610 2409 4662 aliis.
2449 4608 2673 4665 Lovan..
2708 4606 2869 4658 Duac.
2896 4614 2952 4659 et
2971 4604 3185 4673 Colum,
3214 4604 3301 4658 sed
3325 4621 3427 4658 non
3476 4610 3529 4659 in

1956 4681 2059 4734 illis
2082 4682 2182 4732 veri
2211 4680 2324 4732 boni
2347 4676 2601 4747 perceptio
2624 4684 2716 4730 est.

2034 4759 2060 4785 ο
2090 4751 2325 4817 Moguut.
2347 4742 2410 4801 et
2440 4742 2567 4817 veni.
2599 4746 2748 4817 editi,
2770 4744 2906 4817 quod
2937 4742 3132 4817 Gnaeo:
3155 4744 3364 4817 scholttg.
3389 4745 3525 4817 Mss.

1963 4820 2125 4875 Corb.
2175 4814 2229 4872 et
2260 4818 2493 4884 Bemig.,
2540 4816 2732 4883 Lugd.,
2769 4816 2992 4874 Lovan.,
3024 4815 3186 4867 Duae.
3220 4826 3274 4866 et
3308 4814 3525 4875 Colon.,

1964 4898 2209 4959 quantum
2223 4887 2435 4959 Crescite
2453 4887 2659 4950 scholae,
2686 4895 2933 4959 quantum
2963 4884 3192 4959 Bomana
3210 4884 3494 4953 eloquentia
3506 4925 3518 4945 ,

1954 4956 2057 5017 etc.
2085 4961 2183 5013 Ms.
2209 4959 2337 5021 Jol.,
2371 4957 2701 5024 Romanaque
2723 4956 3027 5025 eloquentia.

2028 5041 2053 5079 ρ
2084 5030 2275 5096 Lugd.,
2305 5029 2366 5081 ob
2391 5027 2730 5091 noscendum;
2761 5026 2959 5080 Lovan.
2984 5031 3039 5078 et
3064 5025 3393 5080 recentiores
3413 5024 3524 5087 illa,

1950 5102 2019 5154 ad
2039 5100 2361 5153 noscendum.

2025 5181 2051 5218 τι
2080 5170 2220 5222 Edit.
2252 5168 2418 5237 Lugd.
2452 5174 2506 5220 et
2534 5165 2886 5228 recentiores,
2915 5164 3141 5217 dimotis.
3180 5164 3319 5237 Idem
3351 5163 3521 5229 Lugd.

1952 5240 2146 5301 codex,
2172 5234 2431 5301 terrorem,
2456 5238 2542 5290 ubi
2565 5238 2674 5299 alii,
2703 5246 2911 5289 torrem.
2940 5243 3138 5301 praeter
3154 5249 3252 5288 ms.
3284 5234 3518 5299 Rerwg.,

1952 5312 2040 5380 qui
2072 5310 2232 5363 habet
2257 5309 2567 5380 scintillant;
2600 5321 2699 5359 ms.
2742 5306 2880 5380 .lol.,_
2899 5313 3087 5380 torr_c_m
3116 5307 3300 5356 mortui
3329 5304 3515 5380 cordis.

2031 5389 2053 5416 ι’
2087 5381 2211 5434 Mss.
2245 5379 2433 5440 ϐίη-1)..
2482 5378 2687 5445 Remig.
2720 5385 2774 5429 et
2800 5374 2941 5436 Jol.;
2994 5374 3232 5443 Mogunt.
3277 5382 3331 5426 et
3382 5371 3515 5424 Ven.

1955 5451 2081 5507 edit.
2096 5490 2109 5511 ,
2136 5450 2271 5513 quod
2309 5448 2599 5511 unicuique.

2028 5530 2049 5557 ι
2082 5519 2324 5590 Lugduni.
2355 5518 2540 5590 editio,
2573 5517 2815 5590 βυοτίξνατ·
2866 5583 2877 5590 ,
3021 5582 3049 5590 ..

2029 5592 2045 5625 ί
2073 5582 2448 5645 Μεῖιιυιὶθιιείδ
2476 5588 2675 5640 omittit
2694 5584 2829 5647 haec,
2859 5583 2911 5635 in
2934 5582 3133 5635 melius.
