4030 6178
365 229 465 282 247

1596 215 1654 270 S.
1695 206 2031 267 PROSPERI
2070 201 2394 274 AQUITANI

3521 196 3629 254 248

369 338 466 390 bus
495 334 672 400 bonis,
709 348 830 404 quae
857 330 1178 403 praeparavit
1203 329 1342 384 Deus
1387 335 1446 382 ut
1482 326 1535 380 in
1559 324 1667 380 illis
1695 321 1934 377 ambule-
1965 322 2015 379 A
2040 318 2327 387 sapientia,
2378 315 2506 386 quid
2554 312 2788 368 resideat
2835 312 2938 366 nisi
2971 311 3318 382 insipientia?
3375 327 3482 368 non
3542 327 3628 367 re-

371 441 487 481 mus
514 424 732 495 (Ephes.
759 439 816 490 ιι,
848 422 961 492 10).

949 532 1180 589 CAPUT
1227 528 1348 586 XIII

375 649 623 718 Deﬁnitio
648 663 782 702 nona
809 645 1073 718 Cassiani:
1110 643 1264 718 0_mni
1292 643 1478 718 animo!
1501 635 1952 718 inesse_m_ttu_rali-

450 707 523 774 ler
549 721 791 773 uirtutum
833 717 1048 780 semina,
1080 731 1111 766 a
1137 713 1372 767 Creatore
1414 715 1624 764 inserta.
1653 707 1950 780 Refellitur,

445 791 566 860 quia
595 796 857 859 peccatum
892 775 1377 860 originaleevertit.
1415 782 1643 836 Virtutes
1672 775 1743 860 .in
1782 775 1954 860 impiis

449 847 715 913 ὕει-ιιδήοη
741 874 868 917 esse,
911 847 1000 908 sed
1027 854 1197 908 omnia
1246 869 1401 921 opera
1446 847 1949 921 eorumdimmunda.

461 929 719 982 Virtutum
760 915 866 982 sive
911 925 1209 978 meritorum
1263 915 1513 988 principia
1551 919 1696 970 nulla
1726 917 1779 988 in
1811 915 1954 988 nobis

449 1011 568 1051 ante
588 999 824 1067 gratiam.
860 993 924 1048 In
945 995 1161 1061 ingeniis
1190 986 1483 1067 impiorum,
1517 990 1628 1067 licet
1651 987 1812 1067 multa
1839 986 1954 1067 tau-2

451 1053 668 1128 dabil‘ia,
693 1083 794 1119 non
824 1053 1141 1118 tamen'iiertc
1169 1064 1395 1115 virtutes.
1442 1060 1685 1127 Confutat
1731 1056 1784 1108 id
1796 1053 1955 1128 “quod

451 1156 514 1193 ea;
535 1124 763 1190 Pastoris
793 1136 922 1189 libro
947 1133 1242 1204 apocrypho
1271 1133 1486 1200 probare
1520 1124 1746 1204 voluerat
1783 1124 1958 1204 (Jollas

451 1221 552 1272 tor,
586 1207 884 1269 Hominem,
936 1197 1088 1257 etiam
1106 1197 1247 1255 'ante
1271 1197 1278 1200 ἡ
1303 1204 1542 1272 gratiam,
1595 1197 1663 1250 ad
1690 1197 1877 1249 bonum
1910 1203 1959 1248 et

451 1280 645 1332 malum
664 1276 928 1345 aequaliter
947 1292 1000 1328 se
1029 1273 1232 1326 habere.

457 1412 622 1484 [Alias
639 1408 768 1465 CAP.
798 1407 1108 1479 XXVII.]1.
1133 1406 1284 1461 Nunc
1300 1405 1409 1474 jam
1426 1403 1702 1458 videamus
1723 1417 1830 1472 quo
1851 1400 1963 1455 dis-

388 1505 622 1573 putantis
659 1503 1028 1572 progrediatur
1054 1501 1303 1554 intentio.
1336 1498 1573 1552 Dubitari
1617 1511 1758 1568 ergo,
1789 1495 1964 1564 inquit

391 1595 600 1666 (Collat.
636 1593 722 1659 13,
755 1592 946 1663 c.1'2),
997 1608 1098 1645 non
1149 1600 1333 1662 potest.
1378 1591 1544 1644 inesse
1571 1590 1777 1660 quidem
1827 1588 1963 1642 omni

2048 418 2244 477 gnante
2265 407 2490 475 justitia,
2522 403 2648 473 quid
2672 404 2979 458 dominetur
3006 404 3111 458 nisi
3131 403 3416 472 iniquitas?

2121 500 2175 553 2.
2209 499 2473 552 Virtutum
2505 497 2682 565 itaque
2707 495 2938 560 semina,
2967 509 3086 563 quae
3117 494 3380 549 beneﬁcio
3408 492 3636 548 Creato-

2051 593 2129 646 ris
2151 591 2350 646 inserta
2369 601 2512 650 sunt,
2535 587 2980 657 pragvaricatione
3004 585 3160 654 primi
3185 587 3422 655 parentis
3440 601 3630 642 eversa

2052 691 2209 746 sunt;
2235 696 2335 735 nec
2365 679 2550 733 haberi
2572 685 2796 747 queunt,
2830 677 2930 730 nisi
2967 691 3033 731 eo
3081 677 3396 732 restituente
3425 678 3512 746 qui
3540 677 3639 731 de-

2054 775 2228 832 derat.
2278 771 2656 828 Bel’ormabtlis
2684 768 2828 824 enim
2873 777 2957 822 est
2993 777 3183 823 natura
3217 770 3444 822 humana
3470 778 3493 806 θ
3525 769 3637 824 for-

2057 866 2246 920 matari
2275 879 2393 933 suo,
2427 871 2482 916 et
2520 875 2709 915 eorum
2762 860 3026 913 bonorum
3055 875 3178 928 quae
3211 859 3419 921 habuit,
3467 874 3638 928 capax

2055 962 2170 1008 est:
2204 963 2258 1007 ut
2305 967 2400 1020 per
2430 952 2776 1005 mediatorem
2805 948 2899 1004 Dei
2939 957 2995 1003 et
3039 949 3312 1003 hominum
3363 948 3638 1003 hominem

2056 1047 2327 1103 Christum
2353 1045 2558 1107 Jesum,
2605 1044 2657 1096 in
2681 1058 2748 1096 eo
2790 1042 2906 1107 ipso
2933 1040 3075 1111 quod
3123 1041 3172 1095 ei
3205 1042 3482 1107 remansit,
3514 1055 3640 1108 pos-

2058 1143 2126 1194 sit
2157 1152 2480 1206 recuperare
2502 1135 2647 1206 quod
2684 1135 2932 1203 perdidit.
2969 1134 3248 1188 Itemansit
3270 1142 3447 1187 autem
3473 1134 3520 1186 ei
3553 1146 3642 1186 ra-

2061 1229 2278 1285 tionalis
2304 1228 2540 1292 animus,
2572 1225 2662 1295 qui
2703 1239 2809 1278 non
2841 1225 3032 1285 virtus.
3063 1224 3158 1280 sed
3188 1224 3397 1278 virtutis
3439 1222 3615 1278 habita

2062 1322 2238 1376 culum
2268 1329 2370 1375 est.
2405 1317 2425 1357 ί
2458 1319 2533 1372 Ex
2583 1317 2993 1386 participatione
3035 1317 3177 1370 enim
3236 1315 3534 1384 sapientiae,
3589 1323 3642 1368 et

2061 1414 2304 1482 iustitiae,
2347 1421 2402 1465 et
2433 1408 2838 1470 misericordiae,
2890 1422 2994 1461 non
3041 1405 3323 1472 sapientia,
3354 1420 3531 1474 neque
3557 1405 3644 1472 ju-

2065 1505 2230 1569 stitia,
2261 1517 2436 1572 neque
2462 1499 2861 1564 misericordia;
2885 1499 2978 1554 sed
3007 1500 3304 1568 sapientes,
3335 1507 3389 1552 et
3415 1497 3561 1566 justi,
3594 1504 3649 1550 et

2067 1595 2446 1649 misericordes
2471 1607 2678 1647 sumus.
2726 1591 2856 1657 Quae
2887 1591 3046 1655 bona,
3097 1590 3340 1659 quamvis
3387 1586 3650 1642 rationale

390 1688 575 1740 animle
599 1685 900 1739 naturaliter
927 1685 1171 1737 virtutum
1197 1684 1408 1745 semina,
1441 1682 1685 1751 beneﬁcio
1707 1681 1963 1735 Creatoris
1994 1681 2040 1741 B
2069 1692 2310 1741 nostrum
2368 1684 2512 1738 vitiis
2559 1691 2879 1749 occupatum
2933 1682 3039 1746 sit,
3067 1688 3123 1734 et
3171 1678 3651 1748 pravaricantibus

392 1779 600 1831 inserta.
633 1776 738 1831 Sed
768 1777 864 1828 nisi
889 1776 996 1829 htec
1011 1775 1348 1844 opitulatione
1373 1771 1464 1825 Dei
1487 1773 1676 1841 fuerint
1717 1773 1953 1837 excitata,

393 1870 462 1922 ad
488 1870 852 1922 incrementum
883 1867 1209 1937 perfectionis
1253 1883 1352 1920 non
1401 1876 1637 1935 poterunt
1675 1865 1967 1936 pervenire:

394 1961 514 2028 quia
543 1958 821 2013 secundum
841 1960 1040 2012 beatum
1053 1958 1375 2026 Apostolum,
1398 1959 1653 2028 nequequi
1670 1957 1867 2027 plantat
1898 1964 1971 2009 est

396 2050 559 2120 339
585 2049 805 2114 aliquid,
839 2065 995 2119 neque
1016 2050 1101 2116 qui
1130 2051 1285 2119 rigat,
1316 2057 1343 2085 ι
1365 2048 1452 2102 sed
1490 2050 1578 2119 qui
1604 2049 1973 2101 incrementum

398 2145 485 2193 dat
515 2140 674 2193 Deus.
699 2141 948 2210 Adjacere
972 2148 1136 2193 autem
1180 2140 1374 2193 homini
1397 2143 1450 2193 in
1477 2141 1754 2211 quamlibet
1778 2147 1976 2210 partem

401 2229 602 2282 arbitrii
625 2229 926 2293 libertatem,
956 2231 1108 2283 etiam
1138 2231 1262 2284 liber
1281 2231 1371 2284 ille
1392 2232 1478 2302 qui
1507 2231 1695 2285 dicitur
1722 2230 1974 2296 Pastoris,

403 2319 716 2390 apertissime
742 2320 920 2374 docet:
947 2321 1000 2374 in
1020 2337 1119 2389 quo
1146 2323 1248 2376 duo
1270 2321 1442 2392 angeli
1458 2323 1724 2392 unicuique
1751 2331 1981 2376 nostrum

405 2411 668 2466 adhaerere
695 2413 957 2477 dicuntur,
989 2413 1044 2465 id
1062 2421 1158 2478 est,
1188 2414 1347 2467 bonus
1376 2431 1437 2466 ac
1462 2417 1658 2479 malus;
1679 2415 1731 2467 in
1764 2414 1982 2468 hominis

407 2519 521 2557 vero
550 2503 755 2573 optione
782 2505 1074 2566 consistere,
1094 2512 1149 2556 ut
1174 2503 1327 2576 eligat
1346 2520 1495 2573 quem
1523 2515 1785 2572 sequatur.
1813 2504 1875 2557 Et
1898 2505 1979 2557 id-

409 2597 545 2649 circo
561 2607 727 2649 manet
749 2597 800 2649 in
819 2593 1023 2648 homine
1048 2595 1264 2648 liberum
1284 2612 1480 2663 semper
1504 2596 1788 2660 arbitrium,
1806 2595 1832 2634 δ
1849 2596 1986 2666 quod

410 2687 631 2756 gratiam
661 2685 757 2739 Dei
784 2687 939 2755 possit
967 2687 1046 2740 vel
1073 2687 1330 2757 negligere
1356 2687 1434 2740 vel
1463 2705 1655 2742 amare.
1679 2689 1735 2744 Si
1755 2689 1988 2742 dubitari

415 2793 519 2833 non
536 2787 730 2848 potest,
749 2779 912 2832 inesse
924 2781 1058 2832 omni
1073 2781 1258 2834 anima:
1272 2781 1573 2833 naturaliter
1589 2782 1830 2835 virtutum
1842 2782 1992 2834 semi-

413 2888 482 2924 na
511 2871 750 2938 beneﬁcio
780 2869 1037 2925 Creatoris
1072 2872 1295 2926 inserta:
1321 2873 1472 2926 solus
1484 2873 1652 2927 Adam
1678 2873 1994 2942 praevaricav

417 2975 502 3017 tus
521 2973 687 3028 e5t,et
713 2965 766 3018 in
785 2974 1003 3032 peccato
1016 2964 1129 3033 ejus
1158 2966 1612 3034 nemopeccavit;
1637 2966 1689 3019 in
1713 2965 1876 3020 nullis
1896 2967 1996 3019 ini-

2070 1777 2224 1832 nobis
2246 1775 2340 1830 Dei
2372 1773 2626 1842 templum
2648 1769 3189 1839 spiritusimmundus
3212 1768 3500 1833 invaserit,
3530 1782 3655 1837 pos-

2070 1878 2196 1923 sunt
2213 1877 2389 1921 tamen
2407 1879 2595 1919 rursus
2617 1863 2669 1917 in
2697 1863 2872 1932 ipsum
2897 1862 3160 1916 rationale
3171 1859 3337 1932 3&0
3359 1859 3653 1924 conﬂuere,

2077 1974 2178 2028 per
2203 1973 2327 2012 eum
2357 1957 2448 2025 qui
2498 1953 2686 2010 mundi
2720 1953 3020 2022 principem
3065 1953 3207 2006 foras
3251 1952 3410 2006 mittit
3439 1949 3655 2020 (Joann.

2075 2067 2167 2112 xu,
2192 2049 2305 2118 51),
2331 2057 2386 2103 et
2409 2047 2580 2116 ligans
2609 2044 2826 2109 fortem,
2847 2058 2977 2098 vasa
3024 2043 3142 2112 ejus
3183 2044 3323 2111 rapit
3358 2041 3551 2112 (Marc.
3578 2056 3658 2106 ιιι,

2077 2141 2191 2213 27),
2221 2141 2507 2210 fugatoque
2533 2136 2719 2193 mundi
2762 2135 2922 2206 hujus
2967 2137 3158 2204 spiritu
3179 2179 3192 2204 ,
3227 2145 3252 2182 ε
3285 2134 3373 2187 dat
3402 2133 3661 2204 Spiritum

2079 2232 2262 2300 quies
2293 2231 2404 2284 Deo
2427 2237 2532 2294 est,
2563 2236 2620 2281 ut
2645 2227 2876 2282 sciamus
2901 2242 3020 2295 quae
3070 2241 3098 2279 a
3153 2227 3260 2280 Deo
3301 2225 3497 2279 donata
3541 2234 3668 2277 sunt

2083 2321 2238 2376 nobis
2267 2320 2310 2392 (l
2335 2319 2457 2375 Cor.
2487 2335 2546 2382 ll,
2578 2317 2686 2388 12).
2718 2318 2820 2386 Qui
2841 2328 3018 2372 autem
3065 2317 3316 2387 Spiritum
3337 2317 3526 2372 Christi
3563 2332 3670 2370 non

2084 2413 2257 2478 habet,
2279 2413 2361 2466 hic
2383 2427 2485 2466 non
2513 2422 2584 2466 est
2606 2415 2718 2483 ejus
2747 2410 2925 2482 (Rom.
2955 2425 3076 2478 vui,
3107 2409 3183 2481 9).

2159 2506 2325 2581 [Alias
2363 2504 2494 2559 Car.
2542 2501 2804 2572 XXVIII.)
2844 2503 2896 2557 5.
2952 2501 3088 2556 Ριιιο
3135 2508 3312 2555 autem
3344 2500 3501 2554 istum
3556 2499 3675 2552 veri

2089 2598 2444 2653 similitudine
2463 2596 2659 2665 decipi,
2693 2605 2748 2651 et
2772 2597 2824 2649 in
2858 2596 3036 2664 specie
3070 2594 3324 2649 falsarum
3355 2608 3537 2648 errare
3565 2594 3673 2646 vir-

2091 2701 2285 2756 tutum,
2319 2690 2446 2744 dum
2494 2703 2555 2744 ea
2598 2689 2738 2743 bona
2767 2703 2889 2756 qua:
2933 2702 3039 2742 non
3070 2685 3420 2755 possuntnisi
3467 2699 3535 2739 ex
3581 2684 3677 2738 Dei

2093 2799 2317 2840 munere
2344 2782 2565 2850 haberi,
2597 2781 2758 2834 etiam
2784 2782 2836 2834 in
2855 2781 3141 2849 impiorum
3171 2779 3358 2832 animis
3386 2774 3416 2814 ιι
3443 2778 3682 2831 mstimat

2093 2876 2355 2947 reperiri;
2391 2873 2516 2928 ideo
2543 2873 2770 2939 scilicet,
2801 2871 2924 2940 quia
2951 2871 3106 2925 multi
3141 2885 3326 2924 eorum
3363 2870 3474 2922 sint
3525 2869 3684 2938 justi-

2097 2972 2208 3034 tize,
2240 2967 2631 3036 temperantiae,
2664 2963 3034 3028 continentiae,
3077 2971 3132 3018 et
3162 2961 3549 3016 benevolentiae
3597 2976 3687 3015 se-

419 3055 711 3125 quitatibus
735 3057 978 3124 concepti
1005 3071 1224 3122 sumus,
1257 3065 1314 3110 et
1358 3058 1408 3110 in
1440 3057 1600 3111 nullis
1645 3072 1743 3112 nos
1795 3068 1994 3114 matres
2021 3043 2066 3104 (ἶ
2099 3072 2373 3118 ctatores:
2423 3075 2544 3129 quae
2593 3057 2772 3112 omnia
2827 3070 2934 3110 non
2981 3054 3178 3108 frustra
3229 3053 3466 3121 quidem,
3504 3066 3684 3120 neque

424 3155 621 3200 nostra:
652 3161 912 3214 peperere
947 3146 1157 3200 delictis
1185 3147 1203 3212 (
1231 3146 1375 3202 Psal.
1410 3165 1462 3215 1.,
1512 3149 1574 3217 7)
1602 3165 1617 3214 ;
1669 3165 1773 3204 non
1802 3150 1999 3205 luimus

424 3246 612 3291 natura
634 3236 731 3291 lilii
763 3238 878 3303 irae,
899 3253 998 3295 nec
1024 3237 1224 3293 luimus
1252 3241 1353 3293 sub
1375 3249 1640 3309 potestate
1659 3241 2002 3296 tenebrarum

424 3324 641 3391 (Ep/tes.
664 3340 723 3388 ιι,
745 3325 807 3389 ’5;
831 3326 1076 3391 Colossu,
1104 3330 1219 3398 15);
1244 3331 1360 3398 qui,
1390 3333 1740 3387 manentibus
1767 3334 1821 3386 in
1843 3332 2004 3385 nobis

422 3416 750 3470 naturaliter
770 3417 1095 3484 virtutibus,
1131 3420 1225 3474 ﬁlii
1265 3422 1450 3491 potius
1484 3424 1595 3476 nati
1641 3439 1831 3478 sumus
1856 3422 2005 3493 pacis

420 3516 474 3561 et
505 3508 665 3562 lucis.
711 3508 869 3564 Absit
901 3511 970 3566 ab
1011 3512 1212 3568 animis
1241 3514 1459 3584 piorum
1489 3514 1700 3570 fallacis
1743 3515 2007 3570 doctrina:

430 3597 686 3652 insidiosa
717 3600 988 3669 deceptio.
1016 3600 1251 3655 Virtutes
1279 3615 1400 3655 cum
1441 3603 1582 3655 vitiis
1610 3603 1852 3657 habitare
1904 3619 2009 3657 non

435 3697 678 3757 possunt.
712 3689 840 3755 Qui:
865 3692 998 3744 enim
1050 3692 1400 3760 participatio,
1463 3693 1635 3763 inquit
1690 3693 2011 3763 Apostolus,

434 3781 644 3854 iustitia:
665 3798 782 3836 cum
806 3783 1113 3853 iniquitate?
1140 3795 1230 3839 aut
1252 3802 1364 3856 qute
1403 3789 1618 3842 societas
1645 3788 1748 3842 luci
1778 3790 1854 3846 ad»
1875 3799 2016 3843 tene-

436 3880 553 3930 bras
583 3875 649 3945 (Il
678 3874 799 3931 Cor.
852 3876 1089 3946 V1.14)?
1132 3876 1316 3933 Virtus
1371 3894 1600 3949 namque
1648 3881 2018 3950 principaliter

438 3965 580 4022 Deus
602 3976 720 4022 est:
752 3967 838 4022 cui
861 3983 969 4022 non
1010 3969 1151 4022 aliud
1200 3978 1283 4024 est
1323 3970 1520 4024 habere
1548 3972 1822 4031 virtutem.
1855 3988 2016 4041 quam

440 4070 560 4110 esse
587 4057 1048 4126 virtutem.IIujus
1074 4073 1193 4112 cum
1219 4060 1512 4128 participes
1540 4076 1747 4123 smnus,
1769 4072 1789 4099 ε
1818 4061 2023 4116 habitat

442 4146 686 4202 Christus
714 4148 765 4202 in
795 4148 971 4216 nobis,
1016 4151 1106 4218 qui
1132 4159 1212 4203 est
1239 4150 1336 4204 Dei
1364 4151 1533 4206 virtus
1555 4161 1609 4206 et
1642 4154 1730 4209 Dei
1759 4154 2020 4223 sapientia

450 4237 490 4304 (l
523 4238 641 4290 (.‘or.
668 4253 707 4304 ι,
737 4236 863 4307 24);
897 4238 1103 4293 habitat
1129 4238 1718 4309 fides,spes,charitas,
1747 4245 2025 4299 continen-

448 4330 540 4398 tia,
571 4330 892 4397 intellectus,
913 4333 1217 4399 consilium,
1246 4325 1501 4388 fortitudo
1522 4346 1836 4405 caeterzeque
1859 4338 2028 4393 virtu-

448 4432 548 4475 tes.
575 4421 706 4476 Cum
731 4437 858 4477 vero
875 4421 901 4459 ά
927 4423 995 4478 ab
1015 4422 1117 4478 hoc
1140 4425 1282 4480 bono
1312 4427 1634 4495 recedimus,
1659 4432 1836 4484 omnia
1869 4432 2026 4486 nobis

448 4532 479 4568 e
505 4517 778 4571 contrario
799 4518 1048 4572 oriuntur
1074 4534 1141 4574 ex
1171 4521 1346 4577 nobis.
1385 4521 1707 4579 Discedente
1735 4525 1878 4580 enim
1910 4527 2028 4595 pul-

447 4608 774 4676 chritudine,
811 4610 938 4678 quid
964 4611 1219 4668 succedat
1265 4613 1368 4668 nisi
1411 4613 1760 4671 deformitas?
1790 4619 2027 4675 abeunte

524 4797 551 4825 ⁸
582 4788 706 4863 Hrec
735 4789 914 4863 verba,
945 4793 1067 4862 quia
1099 4795 1492 4849 secundum.....
1519 4798 1609 4851 sed
1631 4799 1717 4863 qui
1741 4799 2024 4852 incremen-

457 4869 567 4937 tum
591 4861 678 4937 dat
723 4859 885 4937 Deus,
910 4859 1105 4937 omissa
1150 4863 1360 4918 fuerant
1403 4868 1455 4919 in
1496 4884 1600 4921 ms.
1631 4859 1946 4937 Remigium)
1975 4877 2031 4923 et

456 4930 720 5007 .luliensi:
754 4933 805 4984 in
859 4932 1184 5007 editiouibus
1227 4950 1442 5003 quoque
1490 4939 1757 5007 Mogunt.,
1788 4930 1925 4993 Ven.
1979 4949 2033 4992 et

461 5000 642 5082 Lugd:
661 5005 826 5082 supra
844 5018 990 5082 _vero
1012 5019 1112 5082 vos
1137 5000 1259 5068 Dei,
1282 5000 1404 5073 poSt
1430 5000 1786 5082 opitulatione,
1821 5026 1925 5082 non
1956 5009 2033 5062 Ie-

456 5072 599 5193 gétqr
629 5071 680 5125 in
705 5068 914 5142 Remig.
945 5084 999 5127 et
1026 5074 1132 5129 Jol.
1159 5068 1316 5142 ιιιεεξ,
1347 5093 1444 5131 nec
1467 5068 1522 5131 in
1551 5068 1784 5148 Mogunt.
1815 5089 1870 5132 et
1901 5080 2034 5133 Ven.

529 5158 540 5193 ι
573 5180 586 5193 .

456 5153 586 5195 θαιι.

532 5211 556 5249 δ
583 5211 683 5287 bis.
710 5215 981 5287 Joliensis.
1014 5217 1357 5287 quogratiam
1389 5215 1480 5268 Dei
1508 5219 1666 5286 possit
1692 5217 1963 5287 negligere.

535 5293 556 5319 ε
591 5284 733 5339 Edit.
781 5285 1013 5353 Mogttut.
1045 5293 1099 5337 et
1129 5283 1288 5351 Ven.,
1336 5283 1526 5339 habitat
1553 5290 1605 5339 in
1659 5283 1802 5340 nobis
1827 5283 1913 5355 qui
1939 5296 2035 5355 est,

461 5357 662 5421 absque
689 5370 840 5418 voce,
874 5356 1128 5409 Christus.

532 5425 557 5463 ⁸
586 5425 724 5477 ﬁdit.
750 5427 987 5494 Mogunt.
1014 5433 1067 5480 et
1097 5424 1258 5491 \’en.,
1288 5429 1350 5479 ab
1377 5426 1471 5478 hoc
1497 5429 1686 5481 honore
1713 5426 1960 5481 cedimus.

534 5506 557 5568 ς
586 5494 737 5568 *βάξει
759 5497 992 5568 bioguut.
1024 5507 1078 5549 et
1109 5495 1263 5568 Ver...
1295 5514 1328 5550 a
1365 5502 1645 5568 formatore
1669 5515 1784 5552 suo.

535 5563 554 5602 ί
582 5563 683 5636 Ms.
713 5563 962 5619 Juliensis
993 5565 1189 5619 omittit
1217 5563 1644 5636 prmpositioncm
1675 5587 1756 5624 ex.

537 5634 654 5686 Ilia
688 5651 815 5690 mss.
847 5636 1031 5700 Corb.,
1069 5639 1273 5702 Remig.
1323 5634 1374 5695 et
1403 5643 1532 5704 Jol.,
1567 5657 1685 5696 cum
1719 5642 1948 5703 Magum.
1983 5649 2035 5694 et

2101 3154 2364 3210 inutiliter
2389 3151 2608 3217 habent,
2644 3149 2980 3216 multumque
3009 3161 3077 3201 ex
3107 3145 3189 3200 eis
3217 3145 3270 3198 in
3305 3144 3405 3198 hac
3434 3143 3539 3196 vita
3585 3141 3687 3194 ho--

2103 3248 2256 3305 noris
2284 3257 2337 3302 et
2363 3245 2549 3315 gloriae
2577 3248 2983 3311 consequuntur
3007 3257 3020 3294 :
3055 3239 3148 3294 sed
3169 3240 3292 3305 quia
3317 3238 3370 3291 in
3405 3238 3472 3292 iis
3498 3235 3691 3290 studiis

2106 3351 2213 3396 ιιοιι
2246 3342 2380 3406 Deo,
2404 3339 2498 3392 sed
2525 3335 2744 3391 diabolo
2773 3333 3040 3397 serviunt,
3071 3333 3198 3386 licet
3224 3331 3454 3384 habeant
3483 3338 3694 3398 tempo-

2106 3432 2275 3487 ralem
2319 3430 2386 3483 de
2417 3444 2556 3482 vana
2598 3427 2758 3482 laude
2804 3424 3132 3489 mercedem,
3161 3423 3232 3478 ad
3281 3423 3428 3477 illam
3467 3421 3694 3476 itamen

2110 3525 2384 3578 beatarum
2418 3523 2676 3576 virtutum
2709 3535 2814 3575 non
2842 3519 3114 3587 pertinent
3134 3517 3437 3571 veritatem.
3475 3527 3488 3564 ι
3530 3515 3595 3569 Ει
3623 3515 3696 3568 ita

2113 3615 2551 3671 manifestissime
2607 3620 2769 3680 patet,
2824 3611 2878 3664 in
2912 3610 3200 3678 impiorum
3249 3609 3442 3661 animis
3495 3606 3701 3660 nullam

2115 3707 2358 3762 habitare
2382 3706 2656 3766 virtutem,
2689 3702 2784 3757 sed
2815 3701 2994 3755 omnia
3023 3714 3186 3767 Opera
3207 3714 3390 3753 eorum
3424 3697 3704 3751 immunda

2117 3814 2239 3854 esse
2267 3807 2427 3866 atque
2459 3796 2679 3866 polluta,
2711 3791 3020 3847 habentium
3060 3791 3376 3858 sapientiam
3411 3805 3516 3842 non
3548 3788 3707 3857 spiri—

2120 3893 2303 3954 talem,
2336 3890 2430 3943 sed
2461 3888 2779 3949 animalem;
2817 3900 2924 3938 non
2947 3884 3248 3946 caelestem,
3278 3881 3372 3935 sed
3405 3891 3705 3944 terrenam;

2122 3997 2230 4036 non
2258 3980 2639 4038 Christianam,
2672 3977 2765 4030 sed
2793 3975 3141 4040 diabolicam;
3174 3988 3278 4027 non
3311 3988 3342 4026 a
3369 3973 3528 4027 Patre
3553 3973 3710 4025 Iumi-

2125 4089 2272 4136 num,
2305 4069 2398 4124 sed
2423 4085 2451 4123 a
2485 4066 2727 4136 principe
2756 4065 3097 4120 tenebrarum
3121 4082 3134 4127 ;
3161 4062 3187 4101 κ
3217 4065 3342 4118 dum
3363 4075 3416 4119 et
3442 4065 3557 4134 ipsa
3587 4078 3711 4132 quae

2126 4181 2231 4219 non
2262 4165 2522 4218 haberent
2543 4160 2647 4216 nisi
2677 4160 2839 4214 dante
2881 4159 3012 4224 Deo,
3040 4157 3279 4214 subdunt
3306 4157 3356 4212 ei
3383 4157 3472 4227 qui
3504 4155 3710 4225 primus

2126 4257 2352 4311 recessit
2379 4271 2407 4308 a
2435 4257 2569 4310 Deo.

2176 4347 2258 4403 4.
2291 4347 2391 4413 Qui
2422 4362 2552 4416 ergo
2580 4346 2731 4412 dicit,
2762 4347 2880 4402 sine
2910 4345 3018 4399 ullo
3048 4357 3214 4410 opere
3259 4341 3470 4411 gratiae,
3502 4352 3716 4393 natura-

2057 4405 2104 4462 D
2139 4441 2256 4494 liter
2279 4441 2418 4493 omni
2447 4441 2634 4493 anima:
2662 4454 2857 4493 semina
2886 4437 3048 4490 inesse
3077 4436 3345 4498 virtutum,
3393 4432 3521 4502 quid
3567 4432 3718 4485 labo-

2136 4540 2222 4586 rat
2237 4531 2540 4593 ostendere.
2561 4532 2662 4585 nisi
2694 4530 2758 4584 de
2782 4530 2898 4582 istis
2925 4528 3222 4582 seminibus
3266 4523 3283 4563 ι
3314 4528 3559 4596 quaedam
3589 4540 3712 4592 ger-

2134 4623 2274 4677 mina
2300 4621 2720 4692 praecedentium
2735 4620 2831 4675 Dei
2853 4618 3077 4690 gratiatu
3094 4618 3354 4688 pullulare
3378 4614 3719 4672 meritorum?

2127 4798 2281 4924 \S’em
2327 4799 2396 4854 At
2435 4797 2603 4868 Lugd.
2655 4805 2709 4852 et
2756 4796 2850 4852 illo
2896 4794 3252 4860 recentiores,
3305 4794 3524 4866 largitur
3568 4795 3712 4848 nobis

2181 4880 2407 4924 mritum.

2181 4880 2415 5020 Ῠιῖτῗῗαῗῗί
2467 4936 2736 5008 Lugdun.,
2780 4933 3007 5004 Lovan.,
3045 4935 3210 4990 Duae.
3243 4943 3297 4990 et
3349 4933 3540 4989 Colon.
3563 4975 3578 5000 ,
3610 4936 3720 4989 exi-

2135 5017 2549 5132 m’inaléditiones
2598 5078 2833 5146 Moguut.
2879 5084 2938 5132 et
2970 5076 3160 5131 Venet.
3211 5085 3398 5130 carent
3431 5075 3530 5129 hac
3560 5076 3728 5143 parti-

2139 5149 2281 5209 eula.
2307 5159 2494 5202 tamen.

2217 5219 2231 5268 i
2277 5219 2552 5272 Editiones
2578 5217 2813 5286 Mogunt.
2841 5224 2897 5271 et
2927 5216 3085 5280 Ven.,
3124 5217 3300 5270 etiam.

2214 5286 2237 5324 ι
2263 5288 2489 5342 Sicmss.
2508 5285 2694 5346 Corb.,
2721 5288 2906 5354 ltemig
2953 5286 3149 5349 ctJol.,
3175 5301 3294 5339 cum
3310 5285 3469 5339 editis
3485 5285 3724 5352 Mogunt.

2140 5366 2196 5412 et
2218 5359 2351 5411 Ven.
2389 5364 2455 5412 At
2495 5357 2739 5427 Lugdun.
2769 5366 2822 5410 et
2850 5357 3173 5425 posteriores
3199 5355 3357 5427 edit,
3390 5357 3511 5409 dum
3541 5372 3631 5421 per
3661 5372 3723 5408 ea

2140 5429 2251 5509 ipsa
2298 5445 2412 5498 qua:
2464 5425 2852 5481 uon'haberent
2899 5428 2996 5480 nisi
3045 5428 3198 5479 dante
3255 5425 3383 5489 Deo,
3429 5427 3724 5480 subdantur

2139 5515 2205 5564 et,
2231 5509 2337 5551 etc.

2215 5567 2228 5606 ι
2265 5570 2392 5622 Mss.
2447 5568 2633 5634 Corb.,
2657 5567 2760 5624 Jol.
2796 5576 2853 5624 et
2881 5566 3009 5623 edit.
3045 5567 3282 5637 Mogunt.
3317 5574 3368 5622 et
3398 5565 3555 5632 Ven.,
3580 5580 3726 5634 qua:-

2139 5639 2257 5692 dum
2287 5639 2499 5694 semina.
