4026 6176
322 299 364 354 ἒ
378 301 436 356 i9
1445 306 1647 362 LIBER
1687 304 1961 361 CONTRA
1999 307 2480 368 COLLATOREM.

319 407 573 482 Denique
609 420 669 468 nt
715 413 987 472 videretur
1023 416 1219 487 aliquid
1272 419 1456 487 gratim
1489 420 1767 474 tribuisse:
1819 419 1899 473 Ad
1927 421 1975 479 Α
2005 423 2194 478 beatus
2217 425 2413 480 Paulus
2445 443 2458 477 :
2495 425 2633 491 Quid
2671 425 2805 479 enim
2857 426 3032 491 habes,
3092 425 3287 495 inquit,
3310 428 3447 495 quod
3485 443 3588 481 non

317 505 681 574 perfectionis,
709 509 806 576 ait,
843 510 1208 563 incrementum
1248 511 1447 564 sentina
1491 511 1597 564 hac
1646 513 1905 580 pervenire
2005 517 2286 587 accepisti?
2314 518 2376 572 Si
2396 528 2564 572 autem
2589 519 2847 586 accepisti,
2877 519 3000 587 quid
3027 519 3264 588 gloriaris
3299 519 3446 588 quasi
3485 534 3587 572 non

3480 313 3586 367 250

317 609 428 646 non
457 604 724 664 poterunt,
753 599 852 651 nisi
893 601 1233 666 apitulatione
1284 601 1380 654 Dei
1410 603 1602 669 fuerint
1649 603 1904 655 excitata:

313 693 380 738 ut
406 685 619 740 scilicet
639 689 917 757 Opitulatio
936 689 1030 744 Dei
1050 692 1120 745 sit
1140 692 1442 746 cohortatio
1463 702 1619 761 atque
1637 692 1904 758 doctrina,

313 791 481 830 mens
507 788 710 844 autem,
737 795 856 848 quae
885 782 1142 836 virtutum
1171 793 1254 837 est
1295 785 1547 852 epulenta
1586 783 1902 851 seminibus,

315 879 506 924 utatur
531 870 782 928 facultate
812 890 969 942 quam
1001 876 1273 944 possidet;
1324 877 1390 931 ad
1442 875 1544 930 hoc
1593 885 1797 930 tantum
1821 877 1908 945 ju-

314 959 521 1025 vanda,
582 971 638 1014 ut
691 977 875 1016 earum
928 965 1180 1019 virtutum
1235 966 1604 1036 apprehendat
1648 967 1904 1031 culmina,

311 1062 555 1115 quarum
587 1050 688 1104 sibi
703 1053 807 1105 scit
832 1052 1010 1108 inesse
1040 1056 1322 1124 principia.
1349 1055 1512 1128 [Alias
1533 1058 1657 1112 Cn.
1681 1055 1903 1126 XXIX.)

314 1136 488 1207 Igitur
529 1149 554 1175 ⁸
589 1141 886 1196 secundum
917 1145 1077 1199 istum
1133 1147 1360 1202 humana
1401 1149 1574 1202 anima
1609 1150 1687 1204 sic
1733 1149 1904 1202 aditi-

311 1228 536 1284 cabitur
573 1231 623 1284 in
671 1233 763 1286 Dei
795 1236 1073 1303 templum,
1109 1248 1164 1291 ιιι
1194 1252 1300 1292 non
1330 1238 1560 1307 accipiat
1589 1238 1904 1294 fundamen-

313 1329 432 1375 tum
471 1331 671 1390 preter
703 1327 845 1393 quod
888 1328 1031 1382 aliud
1064 1345 1226 1384 nemo
1270 1340 1445 1399 potest
1492 1345 1714 1399 ponere,
1761 1331 1905 1399 quod

310 1421 400 1466 est
428 1413 681 1469 ChriStus
705 1414 918 1486 Jesus(l
951 1415 1069 1472 Cor.
1100 1433 1180 1484 ιιι,
1209 1419 1322 1490 Η).
1351 1419 1575 1487 Quando
1599 1431 1776 1476 autem
1807 1421 1907 1475 hoc

309 1502 731 1561 fundamentum
755 1506 783 1546 δ
807 1508 1076 1577 incipitur,
1093 1511 1192 1565 nisi
1216 1511 1430 1580 quando
1447 1512 1580 1566 lides
1610 1513 1660 1566 in
1683 1513 1906 1567 audien-

311 1597 383 1650 tis
413 1597 584 1652 corde
611 1601 945 1667 generatur?
971 1601 1100 1668 Quae
1128 1602 1173 1656 si
1221 1603 1540 1657 naturaliter
1570 1604 1766 1667 inerat,
1797 1621 1903 1659 non

308 1695 554 1756 emptum
585 1688 660 1744 ibi
690 1699 772 1746 est
795 1691 1021 1762 aliquid,
1052 1692 1148 1747 sed
1183 1702 1204 1731 ο
1229 1703 1678 1762 superstructum.
1707 1696 1907 1762 Super-

2003 611 2255 678 acceperis
2282 608 2323 680 (l
2348 609 2469 664 Cor.
2496 626 2570 676 tv,
2595 611 2650 680 7)
2674 611 2698 664 τ

2077 698 2131 753 5.
2160 699 2300 768 Ergo
2322 699 2502 754 omnia
2526 715 2645 769 qum
2667 699 2732 754 ad
2756 700 2918 754 vitam
2949 708 3002 754 et
3024 699 3277 769 pietatem
3291 701 3584 768 pertinent,

2009 804 2114 843 non
2143 803 2240 858 per
2266 799 2671 860 naturam,qu.'e
2695 791 2876 844 vitiata
2903 790 3308 855 est,habemus;
3341 790 3354 840 ι
3381 791 3474 845 sed
3493 807 3591 860 per

2005 881 2258 949 gratiam,
2284 897 2388 950 qua
2420 893 2612 937 natura
2648 892 2947 952 reparatur,
2977 883 3305 952 accepimus.
3333 882 3440 937 Nec
3467 885 3592 939 ideo

2007 969 2036 1009 ¹ι
2061 972 2331 1027 aestimare
2357 973 2623 1028 debemus
2651 974 2701 1027 in
2735 974 3065 1028 naturalibus
3087 974 3355 1028 thesauris
3387 977 3590 1042 princi-

2009 1059 2091 1129 pia
2117 1076 2239 1116 esse
2264 1061 2554 1126 virtutum,
2577 1065 2701 1130 quia
2729 1062 2897 1116 multa
2933 1060 2952 1100 ι
2999 1062 3281 1116 laudabilia
3312 1064 3592 1132 reperiun-

2008 1162 2096 1207 tur
2125 1154 2287 1207 etiam
2319 1153 2369 1207 in
2402 1153 2632 1222 ingeniis
2662 1154 2972 1220 impiorum.
2999 1154 3126 1219 Qum
3153 1169 3221 1208 ex
3252 1163 3441 1208 natura
3467 1156 3590 1225 qui-

2007 1243 2130 1298 dem
2163 1243 2461 1312 prodeunt;
2487 1244 2581 1298 sed
2611 1244 2866 1311 quoniam
2891 1244 2956 1298 ab
2981 1259 3046 1298 eo
3070 1245 3160 1312 qui
3194 1252 3436 1298 naturam
3461 1261 3593 1301 con-

2008 1333 2144 1388 didit
2173 1344 2534 1400 recesserunt,
2569 1334 2793 1388 virtutes
2845 1347 2967 1388 esse
3018 1349 3122 1388 non
3161 1345 3404 1404 possunt.
3435 1336 3589 1402 Quod

2007 1425 2285 1482 enimvero
2341 1424 2700 1478 illuminatum
2748 1433 2831 1478 est
2861 1424 3097 1487 lumine,
3155 1425 3334 1478 lumen
3377 1434 3490 1490 est;
3535 1435 3590 1481 et

2008 1517 2151 1585 quod
2182 1517 2370 1570 eodem
2404 1515 2606 1569 lumine
2635 1525 2806 1580 caret,
2832 1531 2937 1570 nos
2967 1525 3068 1570 est.
3094 1525 3135 1552 ω
3163 1515 3298 1580 Quia
3337 1517 3592 1586 sapientia

2009 1607 2166 1676 huius
2193 1606 2374 1658 mundi
2397 1606 2619 1659 stultitia
2647 1615 2718 1657 est
2753 1605 2894 1674 apud
2929 1605 3088 1658 Deum
3120 1605 3169 1676 (Ι
3193 1606 3314 1660 Cor.
3344 1622 3421 1672 ιιι,
3458 1609 3525 1662 19
3549 1610 3587 1675 ).

2010 1699 2087 1751 Ac
2115 1698 2194 1752 sic
2218 1698 2405 1751 vitium
2439 1695 2687 1765 estquod
2732 1705 2949 1765 putatur
2972 1711 3092 1752 esse
3132 1699 3321 1762 virtus,
3353 1699 3593 1768 quando-

308 1779 417 1833 ﬂue
435 1795 574 1850 ergo
597 1780 832 1837 inﬁdelis
853 1783 1158 1851 videbatur,
1184 1785 1275 1854 qui
1305 1784 1468 1840 ﬁdem
1497 1785 1726 1841 habebat
1747 1795 1897 1841 ante-
1930 1777 1976 1838 Β
2004 1788 2224 1857 quidem
2282 1788 2508 1842 stultitia
2556 1797 2638 1841 est
2693 1787 2836 1856 quod
2883 1798 3098 1856 putatur
3149 1803 3270 1843 esse
3303 1790 3588 1858 sapientia.

312 1885 479 1939 quam
513 1873 783 1929 crederet.
820 1874 929 1929 Hoc
975 1884 1149 1931 autem
1190 1887 1245 1931 et
1297 1877 1364 1931 de
1392 1877 1615 1932 aliarum
1647 1879 1899 1932 virtutum

311 1963 601 2031 principiis
631 1973 808 2033 potest
830 1965 957 2032 dici,
991 1981 1123 2036 quas
1142 1967 1312 2036 gratia
1334 1982 1532 2038 augere
1553 1967 1746 2023 debeat
1775 1969 1900 2038 quia

306 2062 458 2118 sunt,
491 2070 605 2108 non
633 2056 841 2111 donare
869 2057 1027 2128 351
1054 2059 1177 2127 quia
1207 2058 1427 2114 desunt.
1475 2059 1579 2115 Sed
1632 2060 1778 2114 aliud
1805 2075 1902 2114 nos

303 2147 488 2198 omnia
520 2157 833 2202 sanctarum
864 2150 1263 2219 Scripturarum
1294 2152 1506 2221 eloquia
1551 2151 1768 2207 docent.
1796 2151 1900 2207 Le-

303 2235 482 2301 gimus
533 2239 862 2307 principium
908 2255 1028 2295 esse
1059 2241 1339 2309 sapientiae
1389 2243 1638 2297 timorem
1691 2243 1899 2298 Domini

304 2325 491 2396 (Prov.
527 2345 569 2394 ι,
604 2330 682 2399 7),
715 2341 770 2386 et
796 2332 1021 2402 legimus
1048 2333 1248 2388 donum
1281 2333 1376 2388 Dei
1409 2332 1547 2388 hanc
1572 2349 1692 2390 esse
1730 2337 1902 2390 virtu-

305 2431 411 2475 tem
445 2420 614 2493 (Ibid.
645 2439 721 2488 ιιι,
757 2426 865 2494 10).
898 2425 1098 2492 Timor,
1129 2426 1156 2462 ά
1198 2426 1392 2494 inquit,
1423 2426 1520 2480 Dei
1545 2444 1696 2498 super
1727 2429 1899 2482 omnia

303 2527 358 2564 se
378 2515 749 2582 superposuit:
777 2524 802 2553 ⁸
830 2515 1002 2569 beatus
1028 2516 1180 2571 homo
1214 2518 1298 2570 cui
1324 2519 1577 2572 donatum
1606 2529 1682 2573 est
1714 2519 1900 2576 habere

303 2604 542 2659 timorem
577 2604 678 2659 Dei
705 2606 896 2675 (Ereti.
930 2623 1052 2674 xxv,
1083 2610 1149 2664 14
1177 2619 1224 2663 et
1254 2609 1323 2666 15
1351 2610 1390 2679 ).
1423 2610 1558 2665 Cum
1586 2626 1714 2681 ergo
1741 2612 1901 2668 timor

299 2694 398 2749 Dei
425 2699 752 2767 principium
779 2700 848 2754 sit
872 2701 1184 2770 sapientiae,
1215 2716 1333 2770 qua:
1362 2702 1534 2757 virtus
1570 2703 1755 2758 haberi
1802 2719 1899 2774 po-

299 2795 410 2840 test
439 2787 560 2844 sine
583 2791 870 2859 sapientia,
904 2790 923 2830 ί
965 2793 1050 2846 cui
1081 2808 1148 2847 ex
1189 2795 1383 2850 timore
1415 2796 1742 2864 principium
1770 2798 1898 2853 est?

300 2877 504 2933 Beatus
535 2884 816 2950 apostolus
849 2883 1056 2950 Petrus,
1094 2885 1277 2940 Gratia
1306 2887 1466 2954 vobis,
1501 2889 1692 2957 inquit,
1722 2897 1771 2944 et
1793 2906 1898 2960 pax

295 2969 658 3038 adimpleatur
681 2982 706 3020 ε
746 2974 798 3027 in
814 2976 1160 3046 recognitione
1185 2977 1394 3032 Domini
1415 2981 1575 3034 nostri
1596 2979 1720 3035 Jesu
1749 2984 1898 3037 Chri-

295 3062 390 3126 sti,
422 3063 516 3132 qui
554 3081 689 3117 nunc
735 3067 904 3118 omnia
935 3068 1076 3121 nobis
1120 3069 1294 3122 divina
1331 3071 1520 3125 virtute
1549 3089 1658 3140 sua,
1687 3091 1806 3144 qua:
1825 3077 1895 3128 ad

2003 1890 2030 1918 υ
2061 1880 2285 1948 Quando
2314 1890 2493 1934 autem
2535 1879 2652 1933 ﬁeri
2695 1889 2900 1948 potest,
2947 1890 3002 1932 ut
3039 1879 3130 1948 qui
3176 1881 3227 1934 in
3269 1882 3590 1936 naturalium

2003 1973 2260 2026 virtutum
2290 1969 2612 2035 seminibus,
2635 1985 2755 2037 quat
2784 1969 2882 2022 iste
2915 1969 3240 2039 tnagniticat,
3269 1969 3590 2038 gloriantur,

2003 2061 2148 2132 ipsas
2172 2064 2403 2115 virtutes
2429 2074 2554 2114 suas
2597 2059 2646 2114 ei
2675 2060 2937 2114 doctrina:
2964 2059 3260 2129 subjiciaut
3286 2060 3599 2128 provehen-

2002 2154 2120 2219 das,
2156 2169 2275 2223 qua:
2307 2153 2459 2217 dicit,
2495 2152 2556 2206 Si
2584 2153 2698 2222 quis
2727 2153 2924 2204 videtur
2951 2152 3084 2204 inter
3111 2167 3198 2205 ros
3225 2153 3430 2222 sapiens
3461 2170 3590 2218 esse,

2001 2245 2190 2298 stultus
2234 2245 2349 2314 fiat,
2379 2241 2540 2314 342
2571 2254 2624 2296 ut
2655 2245 2722 2296 sit
2766 2243 2969 2313 sapiens
3000 2243 3056 2314 (l
3083 2243 3203 2297 Cor.
3239 2259 3321 2310 tit,
3350 2243 3479 2314 18);
3516 2257 3584 2309 et,

2007 2340 2140 2405 Quia
2159 2340 2213 2392 in
2241 2339 2494 2406 sapientia
2530 2335 2627 2390 Dei
2655 2353 2756 2389 non
2791 2337 3024 2406 cognovit
3052 2337 3134 2388 hic
3159 2337 3379 2389 mundus
3398 2353 3488 2404 per
3509 2352 3591 2391 sa.

2005 2433 2253 2504 pientiam
2283 2430 2468 2496 Deum,
2490 2430 2684 2500 placuit
2716 2429 2823 2482 Deo
2852 2445 2940 2498 per
2970 2429 3241 2482 stultitiam
3266 2429 3590 2499 prwdicatio~

1999 2526 2078 2577 nis
2125 2525 2292 2578 salvos
2346 2527 2514 2592 facere
2543 2523 2804 2575 credentes
2853 2521 2903 2589 (l
2943 2519 3060 2575 Cor.
3095 2536 3134 2586 ι,
3167 2520 3233 2574 21
3257 2512 3470 2588 )?Quid
3499 2520 3590 2574 illa

2002 2623 2028 2650 °
2051 2615 2292 2669 scientia:
2321 2613 2710 2681 sapientizeqne
2750 2611 3101 2680 praesumptio
3139 2611 3309 2680 magis
3348 2611 3588 2679 ineptum

1999 2722 2120 2762 esse
2158 2717 2376 2761 censeat
2417 2705 2694 2773 magisque
2716 2704 3006 2758 .ridendum
3029 2745 3043 2769 ,
3078 2705 3179 2757 nisi
3215 2704 3447 2772 Spiritus
3491 2704 3590 2761 Dei

1999 2798 2434 2869 aspernationem
2486 2796 2760 2863 subegerit
2801 2795 3190 2863 superborum,
3242 2798 3589 2863 rationesque

1999 2894 2121 2949 illas
2134 2907 2252 2962 qua:
2271 2891 2465 2960 ignota:
2488 2887 2698 2942 veritati
2715 2887 2904 2941 canina
2930 2885 3174 2939 facundia
3195 2884 3588 2954 repugnabant,

1998 2987 2183 3054 gratia:
2206 2997 2317 3037 sua:
2338 2981 2539 3034 virtute
2560 2977 2892 3032 destruxerit
2919 2993 2931 3028 :
2968 2983 3027 3029 ut
3048 2991 3231 3030 semen
3263 2976 3410 3030 verbi
3442 2990 3586 3044 prae-

1999 3075 2204 3131 sulcata
2227 3073 2407 3127 cordis
2437 3081 2578 3125 terra
2604 3069 2894 3137 concipiat,
2921 3075 2978 3121 et
3004 3069 3194 3137 dignos
3219 3069 3439 3122 aeternis
3465 3067 3588 3121 hor-

298 3165 467 3207 ritam
513 3167 562 3209 et
614 3167 852 3225 pietatem
878 3162 1153 3229 pertinent,
1195 3163 1404 3217 donavit
1443 3163 1508 3236 (ll
1540 3135 1757 3232 Petiz't,
1806 3167 1884 3237 2).
1917 3135 1963 3198 C
1997 3166 2104 3221 reis
2149 3164 2353 3219 fructus
2385 3163 2480 3216 Dei
2526 3135 2852 3228 agricultura
2882 3135 3186 3228 producat?

295 3245 577 3315 Numquid
605 3249 716 3317 ait,
748 3249 849 3318 Qui
872 3253 1129 3306 virtutum
1159 3255 1387 3322 semina,
1420 3271 1539 3325 qua:
1570 3258 1887 3313 naturaliter

296 3339 636 3394 habebamus
660 3342 885 3408 inserta,
915 3344 1271 3413 Opitulatione
1298 3361 1392 3400 sua
1423 3348 1680 3402 excitavit
1707 3350 1763 3403 in
1790 3365 1886 3404 no-

294 3428 425 3484 bis?
453 3427 484 3467 ¹ι
513 3432 616 3487 Sed
662 3435 756 3499 ait,
795 3434 897 3501 Qui
925 3453 1062 3489 nunc
1098 3439 1270 3492 omnia
1298 3437 1444 3493 nobis
1471 3455 1584 3506 quia
1621 3441 1687 3493 ad
1732 3442 1886 3495 vitam

294 3533 352 3577 et
377 3526 616 3595 pietatem
647 3530 918 3595 pertinent,
961 3531 1192 3584 donavit.
1223 3528 1240 3567 ί
1272 3529 1422 3597 Quod
1451 3531 1702 3600 dicendo,
1731 3535 1886 3603 cujus

292 3615 518 3671 virtutis
558 3618 767 3672 initium
821 3619 874 3672 in
924 3629 1114 3673 natura
1148 3621 1348 3690 posuit,
1397 3621 1541 3690 quod
1574 3637 1680 3677 non
1709 3625 1778 3678 ab
1819 3641 1886 3680 eo

293 3706 557 3763 collatum
598 3710 671 3764 sit
708 3710 800 3779 qui
845 3721 1039 3765 cuncta
1089 3709 1348 3767 donavit?
1395 3711 1622 3782 Propter
1657 3716 1799 3783 quod
1832 3728 1886 3773 et

371 3914 401 3978 ξ
432 3906 571 3960 Edit.
599 3907 769 3978 Lugd.
806 3916 862 3963 et
891 3910 1240 3978 posteriores,
1267 3912 1548 3966 secundum
1575 3913 1732 3967 istud.

374 3973 403 4012 ι’
427 3973 704 4053 tiditiones
730 3973 961 4049 Mogunt.
988 3989 1044 4036 et
1077 3973 1236 4047 V’en.,
1261 3985 1532 4053 accipitur.

377 4056 400 4121 ξ
431 4047 674 4121 Lugdun.
703 4060 758 4103 et
781 4047 847 4104 eo
877 4053 1224 4117 recentiores,
1253 4047 1738 4121 supérinstructum.

370 4113 398 4151 ά
429 4113 534 4194 bis:
558 4119 808 4194 Jol_ien_sis
828 4162 866 4194 ,_
891 4121 1183 4194 Timorem,
1213 4113 1407 4190 inquit,
1441 4122 1555 4194 iDei
1591 4139 1744 4194 super
1773 4123 1882 4178 Ιιωσ

291 4189 474 4240 omnia
501 4191 689 4262 posuit.
721 4191 889 4262 Lugd.
920 4193 1100 4258 editio,
1132 4189 1384 4246 Timorem
1425 4189 1664 4256 Domini,
1689 4194 1878 4262 inquit,

288 4273 454 4338 prtper
477 4261 647 4311 omnia
659 4264 840 4344 posui,
853 4261 1012 4326 Lov.,
1037 4264 1202 4318 Duac.
1225 4264 1434 4344 etCol.,
1455 4263 1627 4317 Timor
1649 4261 1881 4329 Domini,

291 4337 497 4393 inquit,
529 4346 683 4453 super
704 4337 874 4383 omnia
903 4349 958 4384 se
977 4337 1323 4404 superposuit.

303 4470 316 4472 _
373 4407 396 4433 ο
425 4398 549 4452 Mss.
606 4401 738 4454 ‘orb.
765 4410 820 4454 et
850 4402 1080 4472 Rernig.,
1115 4405 1286 4456 beatus
1315 4401 1484 4456 homo.
1517 4402 1668 4457 Hanc
1686 4419 1880 4472 vocem

291 4470 452 4522 homo
481 4472 790 4538 parenthesi
815 4470 1139 4527 incluserunt
1158 4474 1381 4536 Lovan.,
1403 4473 1563 4526 Duae.
1583 4483 1640 4526 et
1666 4471 1879 4538 Colon.,

292 4539 572 4612 istdubim
605 4544 981 4612 auctoritatis:
1029 4546 1280 4596 omittunt
1327 4543 1603 4612 Mogunt.,
1654 4544 1786 4598 Ven.
1830 4555 1884 4598 et

292 4609 469 4678 Lugd.
522 4610 624 4664 Ms.
663 4610 790 4677 Jol.,
845 4613 1019 4666 beatus
1063 4616 1157 4667 vir.
1192 4614 1294 4667 Pro
1321 4609 1550 4666 timorem
1593 4613 1717 4676 Dei,
1747 4630 1881 4668 mss.

292 4681 434 4762 Jul...
477 4679 648 4751 Lugd.
676 4694 731 4736 et
777 4698 842 4737 eo
892 4693 1221 4754 posteriores
1250 4683 1470 4750 habent,
1502 4685 1733 4738 timorem
1777 4684 1881 4738 Do-

290 4768 446 4803 nunt.

374 4819 393 4857 ί
428 4820 676 4894 bugd._et
706 4825 1055 4890 posteriores,
1084 4826 1253 4894 cujus.

298 4961 312 4972 .
370 4898 396 4937 ε
427 4891 566 5012 bidui
595 4892 832 4962 Mogunt.
860 4905 916 4951 et
955 4896 1116 4963 νεα..
1139 4891 1215 4948 ἶη
1265 4893 1670 4965 cognitione.....
1707 4894 1882 4949 omnia

298 4977 350 5012 ιη
373 4976 440 5012 no
475 4978 538 5012 υ.

289 4977 350 5013 sn
373 4976 538 5015 "0018.

365 5027 396 5066 δ
420 5031 661 5100 Lugdun.
692 5033 878 5102 editio,
910 5051 978 5088 an
1009 5051 1124 5105 quia
1153 5035 1219 5089 ad
1244 5035 1397 5089 vitam
1419 5042 1467 5088 et
1505 5034 1744 5105 pietatem
1774 5052 1883 5104 per-

300 5101 469 5153 tinent
497 5105 724 5169 donavit,
757 5107 969 5160 caeteris
1002 5101 1237 5160 omissis.

371 5170 388 5207 ί
422 5171 549 5246 Πειξο
577 5175 785 5246 phrasis
810 5185 917 5230 tota
945 5179 1208 5230 omittitur
1233 5177 1284 5231 in
1314 5178 1552 5246 Mogunt,
1575 5183 1628 5230 et
1660 5174 1789 5229 Ven.
1824 5175 1881 5228 In

292 5255 400 5318 (tua
431 5242 563 5296 edit.
591 5241 805 5311 Colon.,
835 5261 932 5316 pro
959 5247 1204 5300 collatum
1228 5249 1314 5313 sit,
1368 5241 1551 5312 habet,
1576 5245 1882 5300 collocatum

289 5319 380 5364 ιιι.

372 5381 388 5430 i
424 5382 574 5459 _Edit.
611 5384 845 5453 Mogunt.
895 5395 952 5442 et
995 5388 1151 5453 νειμ,
1202 5387 1291 5442 sed
1343 5403 1432 5459 per
1479 5396 1736 5451 naturam,
1766 5401 1880 5459 quae

289 5454 468 5530 gratia
493 5463 783 5530 reparatur,
832 5461 1117 5530 accepimus
1144 5475 1164 5514 :
1191 5454 1353 5529 quani
1393 5471 1598 5528 partem
1642 5457 1880 5526 praeterit

292 5524 520 5597 omnino
545 5525 710 5597 editio
735 5524 977 5597 Lugdun'.

363 5591 391 5664 if
427 5594 594 5660 Lugd.
624 5604 678 5650 et
708 5591 1053 5664 posteriores,
1085 5599 1394 5652 existimare.

369 5661 387 5702 ι
427 5665 594 5732 Lugd.
626 5679 680 5721 et
708 5661 1054 5734 recentiores,
1085 5670 1365 5722 laudanda.

367 5741 408 5769 "
437 5740 533 5796 Ms.
559 5739 827 5806 Joliensis,
860 5741 998 5806 Quid
1027 5741 1274 5805 sapientia
1299 5736 1451 5804 hujus
1480 5736 1691 5790 mundi?
1720 5734 1864 5790 Stul-

2065 3258 2256 3331 [Alias
2279 3256 2408 3311 Cn.
2450 3251 2644 3323 XXX]
2697 3255 2749 3306 6.
2783 3262 2810 3301 P
2838 3252 2966 3306 P0st
3004 3251 3133 3306 illud
3173 3259 3352 3305 autem
3382 3251 3584 3307 nullius

1989 3349 2334 3407 auctoritatis
2382 3347 2745 3402 testiinonium
2797 3344 2940 3416 quod
2978 3344 3328 3412 disputationi
3370 3359 3484 3399 suae
3515 3345 3582 3399 de

1990 3443 2174 3500 libello
2201 3441 2439 3495 Pastoris
2465 3439 2716 3505 inseruit,
2737 3455 2802 3493 ex
2834 3454 2943 3508 quo
2966 3437 3256 3492 ostendere
3285 3437 3474 3501 voluit,
3498 3437 3582 3490 in-

1991 3543 2074 3591 ter
2085 3534 2214 3589 boni
2232 3531 2424 3588 etmali
2438 3531 2612 3601 angeli
2629 3530 2929 3585 contrarias
2949 3529 3248 3594 suasiones,
3271 3530 3340 3582 ita
3363 3543 3580 3583 omnem

1991 3625 2266 3679 hominem
2295 3622 2526 3677 naturali
2546 3621 2752 3690 judicio
2792 3631 2840 3675 et
2864 3619 3097 3690 propriae
3125 3620 3433 3673 discretioni
3457 3633 3582 3672 esse

1990 3716 2360 3783 commissum,
2376 3713 2496 3768 utei
2519 3728 2624 3767 non
2651 3712 2771 3782 plus
2790 3727 2818 3766 a
2839 3712 2951 3766 Deo
2965 3709 3220 3780 praesidii,
3239 3724 3397 3779 quam
3420 3710 3579 3762 adia-

1985 3915 2099 3966 titia
2126 3921 2222 3966 est.
2270 3909 2550 3965 Editiones
2588 3909 2825 3975 Mogunt.
2875 3915 2930 3961 et
2955 3906 3117 3970 Ven.,
3170 3907 3243 3960 Ac
3281 3907 3356 3959 sic
3399 3907 3574 3960 ritium

1983 3995 2056 4037 est
2104 3983 2242 4051 quod
2288 3991 2493 4051 putatur
2536 3997 2644 4033 esse
2685 3980 2964 4049 sapientia,
3007 3978 3212 4046 quando
3247 3976 3464 4030 stultitia
3491 3989 3572 4031 est

1983 4054 2118 4123 quod
2147 4062 2358 4121 putatur
2383 4067 2489 4105 esse
2525 4052 2702 4104 virtus.

2056 4133 2082 4160 ιι
2115 4116 2188 4176 lia
2239 4123 2420 4188 legunt
2473 4121 2845 4188 uniformiter.
2879 4118 3006 4172 Mss.
3041 4116 3239 4188 Coro,
3282 4116 3490 4186 Retnig.
3515 4125 3572 4172 et

1984 4192 2116 4257 10L,
2139 4209 2258 4248 cum
2281 4187 2519 4261 Mogunt.
2543 4201 2596 4244 et
2621 4191 2754 4244 Ven.
2787 4187 2918 4261 edit.
2945 4191 3008 4242 At
3041 4187 3308 4261 Lugdun.,
3335 4188 3566 4250 Lovan.,

1989 4266 2154 4318 Duae.
2185 4273 2242 4318 et
2289 4258 2479 4317 Colon.
2503 4304 2518 4327 ,
2570 4259 2836 4326 Quomodo
2863 4270 3032 4311 autent
3071 4258 3184 4327 ﬁeri
3233 4268 3412 4327 potest,
3444 4267 3497 4310 stt
3526 4262 3568 4311 is

1986 4337 2076 4404 qui
2103 4336 2154 4386 in
2186 4334 2499 4387 naturalium
2519 4334 2762 4404 uirtutum
2787 4330 3065 4404 seminibus
3090 4327 3366 4404 exuberare
3389 4345 3442 4404 se
3471 4345 3568 4391 pu-

1988 4397 2080 4466 tat,
2116 4422 2246 4474 quas
2283 4406 2388 4473 ipse
2416 4403 2717 4471 magniﬁcas
2747 4417 2854 4474 esse
2891 4399 3138 4474 gloriatur
3170 4397 3362 4474 (L_ov_.,
3397 4397 3563 4474 Duae.

1987 4485 2042 4529 et
2066 4468 2255 4528 (Solon.
2285 4468 2336 4527 in
2369 4468 2628 4542 margine,
2656 4486 2770 4541 qua:
2793 4468 3176 4539 iste’ntagniﬁca
3198 4468 3565 4538 gloriatur)...,

1985 4545 2263 4598 subiiciat?

2059 4566 2348 4668 Zjiiiaiiimc
2380 4613 2553 4667 locum
2583 4610 2839 4666 exhibent
2868 4622 2997 4662 mss.
3043 4607 3206 4662 Corb.
3244 4617 3296 4660 et
3327 4607 3562 4677 Remig.,

1987 4699 2087 4738 nec
2117 4699 2221 4738 non
2273 4685 2405 4738 edit.
2446 4683 2680 4750 Mogunt.
2707 4691 2760 4732 et
2793 4679 2964 4742 Ven.;
3013 4693 3134 4750 quae
3162 4679 3426 4750 editiones
3468 4695 3567 4748 pro

1910 4728 1961 4787 D
1985 4728 3188 4826 ;;;.;Iga.a‘,'i;;.b;g.tf;;a..;i.4.m_;dr.t“m'
3204 4728 3564 4826 τιυέδῖειτέεέ

1987 4820 2339 4886 recentiores,
2363 4823 2501 4888 Quid
2524 4823 2616 4874 illa
2632 4823 2864 4882 scientia,
2880 4821 3201 4884 scientiaeque
3215 4820 3564 4888 prasumptio,

1987 4898 2152 4966 magis
2180 4896 2724 4966 ineptumrcernat...”
2756 4905 2871 4966 qua:
2895 4894 3082 4966 ignota:
3106 4889 3444 4966 virtutiiubls.
3473 4888 3566 4941 Jo—

1984 4958 2192 5027 lietisis,
2229 4958 2369 5028 Quid
2415 4961 2506 5015 illa
2537 4961 2828 5014 inscientius
2856 4961 3107 5027 sapientia
3125 4998 3138 5022 ,
3167 4958 3289 5026 quid
3315 4958 3404 5010 illa
3430 4973 3565 5024 prta-

1983 5037 2274 5099 sumptione
2286 5034 2446 5104 magis
2461 5034 2706 5104 ineptum,
2725 5031 2989 5104 magisque
2996 5029 3285 5093 ridendum,
3302 5029 3531 5093 nisi,etc.
3543 5067 3558 5094 ,

1983 5107 2159 5178 ignita:
2178 5100 2440 5178 veritati...
2472 5100 2757 5178 prwsulca‘t‘i
2783 5100 2952 5178 cordis
2965 5100 3029 5178 ?_
3129 5169 3142 5178 .
3499 5166 3512 5178 ⁸

2060 5185 2086 5223 ιτ
2115 5176 2186 5229 Ita
2222 5175 2442 5242 legimus
2471 5175 2521 5227 in
2555 5187 2685 5242 mss.
2705 5169 2952 5242 Corbaet
2993 5169 3204 5242 Remig.
3234 5181 3332 5242 nec
3358 5182 3462 5242 non
3498 5169 3554 5220 in

1987 5245 2115 5318 edit.
2149 5237 2388 5318 blogunt.
2414 5253 2468 5296 et
2506 5240 2770 5318 Ven.___Ms.
2802 5237 3167 5318 Joliensissie
3193 5237 3354 5318 habet
3379 5239 3552 5318 locum

1985 5315 2170 5380 istum,
2199 5309 2347 5368 Iliad
2369 5325 2536 5366 autem
2561 5313 2752 5386 nullius
2780 5320 2852 5386 est
2879 5309 3557 5386 auctoritatistestimonium

1982 5376 2234 5452 quod...”
2255 5402 2320 5438 ex
2344 5402 2441 5453 quo
2468 5383 2728 5453 ostendere
2753 5380 3067 5453 noluitAinter
3095 5377 3211 5453 boni
3236 5384 3282 5427 et
3311 5376 3556 5453 malilan-

1980 5446 2200 5524 peti”...
2237 5446 2422 5508 Postea
2464 5470 2579 5506 vero
2601 5451 2800 5524 a_ddidit
2829 5447 3141 5524 deﬁnitionis
3169 5461 3275 5498 sua:
3299 5446 3550 5524 regulam.

1981 5515 2123 5579 Edit.
2148 5525 2342 5595 Lugd.,
2367 5525 2591 5585 Lovan.,
2619 5521 2781 5595 Duae.
2808 5517 3091 5595 ethlon.,
3111 5526 3156 5595 et
3178 5532 3277 5582 quo
3294 5515 3558 5595 ostenders

1977 5595 2160 5659 voluit,
2185 5585 2314 5648 in'ter
2330 5585 2455 5647 'boni
2482 5603 2527 5645 et
2555 5590 2676 5643 mali
2692 5585 3277 5659 contrarias‘suasiones,
3301 5593 3436 5653 etc...
3460 5585 3556 5638 ad-

1977 5667 2131 5735 didit,
2151 5655 2272 5721 vctc.
2307 5664 2437 5720 Vide
2465 5675 2624 5729 supra
2651 5657 2809 5713 initio
2837 5655 3024 5727 capitis
3053 5657 3234 5727 hujus.
