4026 6176
432 277 541 333 εει

1684 263 1742 321 S.
1782 254 2117 317 i’RUSPERI
2158 251 2479 322 AQUITANI

3608 237 3723 293 αἰὸῖ

444 394 568 448 bolo
594 389 665 446 sit
695 384 942 458 periculi,
974 380 1181 439 addidit
1210 388 1234 419 ³
1259 376 1594 434 deﬁnitionis
1615 390 1731 430 sua:
1771 371 2030 442 regulam,
2059 370 2110 430 Α
2136 365 2326 429 stolus,
2359 362 2447 432 qui
2476 358 2774 430 proﬁtetur,
2808 356 2927 411 sine
2956 352 3223 411 charitate
3247 364 3353 406 non
3379 348 3725 419 operatione:

441 482 633 537 dicens
661 496 674 533 :
705 475 774 531 Et
814 476 1010 531 idcirco
1042 479 1212 525 manet
1262 471 1316 523 in
1346 468 1553 522 neruine
1579 465 1795 520 liberum
1833 477 2033 533 semper

443 572 734 633 arbitrium,
757 566 783 606 δ
804 567 940 637 quod
961 565 1184 636 gratiam
1216 560 1312 614 Dei
1341 559 1501 629 possit
1541 557 1618 612 vel
1656 555 1931 627 negligere,
1955 553 2033 607 vel

444 680 641 719 amare.
668 662 726 716 In
758 674 860 729 qua
889 655 1159 714 sententia
1189 654 1349 711 etiam
1389 652 1491 706 hoc
1518 649 1661 720 quod
1684 648 1782 714 ait,
1808 658 1829 684 ί·
1860 647 1912 701 in
1938 645 2034 700 lto-

445 758 591 811 mine
620 768 905 810 remanere
934 763 1150 818 semper
1175 747 1403 802 liberum
1425 742 1741 808 arbitrium,
1766 754 1831 796 ex
1854 739 2031 808 aliqua

446 857 598 918 parte
620 863 725 901 non
754 851 964 901 constat
993 858 1007 895 :
1038 842 1082 895 si
1113 838 1330 908 quidem
1357 837 1522 892 multa
1548 835 1715 889 millia
1747 831 2031 887 infantium

445 941 498 992 in
532 951 754 1007 regnum
787 934 881 988 Dei
910 938 1335 999 assumptorum,
1366 936 1458 980 aut
1485 941 1513 979 a
1542 938 1707 994 regno
1725 922 1819 977 Dei
1849 931 2029 976 extra-

447 1045 692 1093 neorum,
724 1030 842 1083 sine
888 1025 1054 1079 ullius
1094 1037 1206 1077 sua:
1237 1021 1529 1075 voluntatis
1558 1015 1785 1071 arbitrio
1803 1013 2029 1083 gratiam

447 1122 542 1177 Dei
571 1132 662 1175 aut
696 1117 989 1187 accipiant,
1034 1124 1129 1169 attt
1171 1113 1450 1174 amittant;
1482 1110 1742 1176 multique
1770 1103 2033 1160 excordes

449 1214 515 1266 ad
546 1210 728 1267 omnia
758 1222 983 1278 prorsus
1002 1214 1059 1261 et
1085 1205 1239 1272 fatui,
1266 1217 1361 1271 per
1379 1210 1775 1256 sacramentum
1806 1208 2031 1264 regene-

447 1304 674 1357 rationis
702 1301 771 1354 ab
799 1307 1016 1353 aeterna:
1064 1295 1255 1349 mortis
1293 1292 1519 1346 vinculis
1558 1295 1838 1343 eruantur.
1870 1282 2031 1339 Acci-

450 1396 657 1462 piamus
680 1401 861 1445 tamen
891 1390 962 1442 ita
989 1387 1093 1443 hoc
1119 1387 1343 1449 dictum,
1368 1394 1427 1440 ut
1450 1383 1518 1437 ad
1543 1397 1639 1437 eos
1665 1377 1881 1450 proprie
1907 1390 2030 1447 per-

454 1492 621 1541 tineat
644 1485 759 1538 haec
782 1480 1046 1545 deﬁnitio,
1074 1479 1166 1547 qui
1190 1481 1262 1532 uti
1294 1484 1520 1547 possunt
1541 1473 1709 1528 libera
1738 1470 2029 1525 voluntate.

456 1579 603 1631 Itane
638 1575 805 1628 libera
836 1582 917 1625 est
940 1573 1040 1625 ista
1064 1570 1303 1631 libertas,
1334 1562 1363 1602 ἀ
1385 1575 1441 1620 ut
1461 1572 1719 1635 quantum
1745 1576 1812 1616 ex
1851 1574 1912 1614 se
1939 1558 2034 1612 ha-

454 1670 577 1724 beat
604 1665 803 1720 fastidii
852 1673 912 1718 ut
951 1661 1184 1731 negligat
1235 1657 1459 1728 gratiam
1491 1655 1606 1719 Dei,
1641 1662 1844 1708 tantum
1869 1666 1937 1707 ex
1974 1664 2035 1705 se

2138 454 2546 517 miraculorum,
2583 464 2691 505 non
2728 447 3036 511 scientiam,
3088 456 3195 498 non
3225 440 3407 505 ﬁdem,
3461 454 3566 492 non
3598 451 3724 507 pro-

2138 547 2398 618 phetiam,
2431 559 2537 599 non
2559 541 2901 612 erogationes
2920 535 3254 599 divitiarum,
3286 546 3393 586 non
3419 529 3587 599 ipsam
3619 543 3727 583 sae-

2138 640 2478 696 vissimorum
2530 633 2920 704 suppliciorum
2971 628 3234 699 prodesse
3286 619 3723 691 tolerantiam(l

2135 730 2257 786 Cor.
2285 744 2407 796 XHI,
2430 727 2467 781 2
2487 738 2534 782 et
2561 726 2617 797 ὅ)
2639 766 2655 791 ,
2681 724 2821 778 unde
2841 724 3102 777 habeatur
3123 720 3237 787 ipsa
3260 713 3494 770 Charitas
3512 728 3617 765 nou
3651 721 3727 765 ta-

2134 832 2251 878 cet:
2277 822 2534 889 Quouiam
2561 818 2805 884 Charitas,
2827 815 3022 884 inquit,
3039 813 3134 865 Dei
3161 808 3356 875 diffusa
3376 816 3447 861 est
3468 807 3522 859 in
3548 803 3727 857 cordi—-

2135 913 2227 966 bus
2268 912 2455 966 nostris
2487 925 2576 980 per
2602 908 2857 980 Spiritum
2884 914 3142 967 sanctum,
3186 900 3273 970 qui
3296 900 3445 951 datus
3475 904 3547 949 est
3574 895 3724 948 nocis

2136 1002 2314 1072 (Rom.
2348 1016 2398 1064 v,
2431 1000 2490 1071 5)
2525 1018 2537 1052 :
2576 1007 2651 1064 et,
2687 995 2707 1036 ι
2740 996 2881 1061 Pax,
2908 994 3103 1064 inquit,
3128 990 3371 1064 fratribus
3400 1002 3518 1042 cum
3550 985 3726 1039 chari-

2136 1105 2237 1147 tate
2259 1103 2305 1146 et
2326 1092 2448 1160 ﬁde,
2463 1108 2495 1145 a
2515 1089 2623 1145 Deo
2646 1087 2805 1143 Patre
2822 1097 2871 1142 et
2887 1087 3106 1139 Domino
3123 1082 3155 1136 ,Ι
3162 1100 3250 1137 esu
3266 1079 3471 1136 Christo
3494 1075 3719 1151 (Ephes.

2136 1200 2206 1247 νδ,
2229 1183 2346 1253 25).
2370 1182 2606 1237 Sanctus
2621 1181 2783 1235 etiam
2799 1179 3036 1233 Joannes
3057 1173 3330 1245 apostolus
3351 1172 3583 1227 instruat
3596 1182 3720 1232 nos,

2136 1274 2279 1330 unde
2303 1273 2460 1343 hujus
2475 1273 2599 1329 boui
2612 1272 2934 1340 coeperimus
2948 1266 3384 1337 esseparticipes.
3399 1259 3722 1325 Charissimi,

2136 1369 2337 1449 inquit,
2364 1367 2636 1438 diligamus
2663 1380 2754 1418 nos
2782 1364 3023 1427 invicem,
3053 1360 3176 1430 quia
3200 1356 3407 1411 dilectio
3430 1370 3496 1409 ea:
3523 1352 3629 1407 Deo
3650 1360 3726 1406 est

2136 1446 2227 1531 (1]
2230 1456 2666 1527 oan.iv,7).Etne
2681 1464 2722 1492 ω
2735 1468 3015 1525 possemus
3026 1452 3233 1521 Opinari
3249 1446 3726 1503 ideodilcctionem

2135 1553 2335 1608 dictam
2363 1566 2429 1606 ex
2462 1549 2593 1615 Deo,
2620 1549 2744 1618 quia
2775 1548 2829 1602 in
2882 1554 3074 1600 natura
3109 1540 3343 1596 hominis
3385 1540 3473 1592 hic
3501 1546 3533 1573 ιι
3573 1546 3727 1591 satus

2137 1651 2284 1699 esset
2321 1641 2567 1703 allectus,
2608 1639 2765 1707 paulo
2799 1648 2919 1707 post
2945 1636 3054 1704 ait,
3086 1634 3208 1687 Non
3231 1631 3366 1702 quod
3406 1644 3500 1682 nos
3527 1626 3725 1680 dilexe-

455 1717 1055 1813 ignavaignaua;
1081 1717 1141 1807 Et
1160 1717 1377 1821 diligat?
1405 1748 1556 1804 Itane
1581 1717 1730 1802 illum
1763 1754 1787 1783 ο
1814 1752 2039 1800 vetustae
2068 1757 2115 1818 Β
2141 1734 2303 1788 rimus
2329 1731 2515 1799 Deum.
2545 1729 2634 1784 sed
2663 1727 2906 1799 quoniam
2935 1730 3041 1796 ipse
3066 1724 3247 1778 dilexit
3266 1738 3356 1775 nos
3377 1717 3572 1793 (Ιὺὶάο,
3604 1717 3726 1787 10)ε

454 1849 786 1905 inﬁdelitatis
806 1846 1087 1916 glacialem
1118 1844 1354 1913 rigorem
1381 1841 1565 1896 nullus
1586 1836 1871 1895 meridiani
1891 1836 2038 1891 calo-

454 1941 530 1996 ris
554 1940 777 2008 spiritus
799 1935 1082 2001 relaxavit,
1113 1944 1170 1989 et
1210 1945 1397 2002 torpor
1426 1930 1621 1985 mentis
1649 1929 1923 1983 obstricta:
1968 1925 2038 1980 de

453 2048 553 2087 suo
581 2033 766 2100 algore
807 2027 1107 2090 concaluit;
1140 2023 1159 2063 ί
1204 2033 1260 2079 et
1305 2023 1523 2078 dicente
1573 2020 1828 2083 Domino,
1857 2017 2038 2087 Ignem

454 2123 569 2177 veni
613 2122 810 2174 mittere
848 2120 902 2172 in
946 2128 1137 2171 terram
1176 2113 1347 2184 (Luc.
1384 2128 1481 2179 xu,
1522 2109 1652 2181 49),
1684 2108 1846 2181 343
1894 2106 2039 2162 nulla

455 2213 522 2267 ad
561 2226 654 2266 cor
705 2210 955 2279 frigidum
981 2206 1214 2263 scintilla
1248 2205 1510 2275 pervenit,
1543 2210 1600 2257 et
1626 2202 1761 2256 cinis
1796 2207 2041 2253 mortuus

457 2319 486 2356 a
512 2302 809 2369 semetipso
836 2300 888 2353 in
910 2296 1181 2352 ﬂammam
1209 2294 1489 2350 charitatis
1509 2290 1742 2347 exarsit‘l
1763 2288 1907 2344 Nihil
1936 2288 2044 2343 tale

456 2402 485 2441 s
515 2394 568 2446 in
611 2392 728 2447 istis
763 2391 951 2460 gratia:
1002 2386 1335 2443 amatoribus
1379 2385 1580 2441 factum
1609 2394 1717 2450 est,
1761 2381 1920 2452 quale
1966 2379 2043 2435 illi

456 2485 666 2553 experti
696 2492 845 2548 sunt,
876 2481 966 2551 qui
1021 2479 1293 2545 dicebant,
1324 2476 1513 2532 Nonne
1559 2492 1650 2530 cor
1676 2484 1910 2530 nostrum
1934 2480 2045 2527 erat

454 2578 643 2633 ardens
672 2573 721 2639 ιι,
753 2591 868 2628 cum
883 2589 1103 2628 essemus
1123 2587 1243 2625 cum
1264 2570 1355 2624 illo
1380 2571 1435 2624 in
1462 2572 1563 2635 via,
1589 2576 1635 2623 et
1656 2567 1875 2638 aperiret
1903 2564 2047 2621 nobis

459 2668 759 2735 Scripturas
781 2665 935 2737 (Luc.
964 2680 1112 2719 XXIV.
1136 2661 1275 2733 '52)?
1304 2662 1411 2717 Sed
1442 2675 1545 2716 nec
1575 2660 1705 2714 illud
1738 2660 1792 2713 in
1841 2657 2045 2713 eisdem

456 2769 633 2812 actum
684 2768 768 2812 est
821 2755 1017 2826 quodi
1072 2756 1127 2810 iu
1155 2754 1355 2824 Lydia,
1399 2752 1635 2809 civitatis
1663 2750 2045 2820 Thyatirorutn

460 2851 802 2920 purpuraria,
833 2865 954 2917 quae
983 2852 1124 2904 inter
1153 2847 1434 2911 mulieres,
1464 2846 1660 2914 quibus
1690 2844 1801 2897 illic
1818 2842 2049 2911 Aposto-

458 2944 548 2995 lus
578 2940 926 3009 pra'dicabat,
951 2940 1066 2994 sola
1096 2947 1223 2993 tunc
1252 2937 1560 2992 ostenditur
1588 2935 1913 3001 credidisse,
1948 2933 2051 2987 Cu-

459 3038 566 3097 ius,
597 3034 789 3103 inquit,
818 3048 905 3086 cor
929 3032 1130 3104 aperuit
1173 3030 1334 3096 Deus,
1366 3037 1422 3083 ut
1462 3029 1742 3083 intenderet
1781 3026 1862 3082 Itis
1887 3041 2051 3096 quam

460 3120 636 3176 Paulo
679 3123 985 3176 dicebantur
1018 3117 1151 3188 (Act.
1173 3115 1421 3188 “1.14).
1457 3120 1522 3175 Ει
1552 3126 1698 3174 tanta
1726 3127 1809 3173 est
1849 3132 2044 3173 secun-
2070 3121 2116 3184 C

456 3217 586 3268 tium
632 3215 795 3269 l'stum
828 3214 985 3270 liberi
1032 3213 1242 3269 arbitrii
1282 3213 1297 3264 ι
1339 3211 1678 3267 incolumitas
1708 3219 1763 3266 et
1791 3210 2035 3276 facultas,

458 3317 521 3361 ut
542 3306 883 3371 charitatem,
906 3307 1093 3376 quaein
1116 3306 1357 3361 omnium
1387 3320 1511 3361 arce
1528 3306 1785 3359 virtutum
1815 3314 1917 3370 est,
1945 3319 2050 3359 non

459 3411 530 3451 es
557 3397 651 3452 Dei
678 3412 925 3464 munere,
963 3398 1059 3453 sed
1088 3414 1155 3452 ex
1179 3399 1297 3453 sola
1326 3398 1562 3453 habeant
1588 3397 1884 3452 voluntate.
1911 3395 2050 3466 Quid

460 3503 591 3558 ergo
621 3487 674 3543 in
699 3489 877 3543 anima
906 3504 934 3541 a
962 3504 1063 3544 suo
1083 3488 1414 3543 aediﬁcatore
1440 3485 1467 3524 ¹ί
1494 3488 1810 3557 reparatur?
1829 3495 1924 3543 aut
1946 3501 2051 3557 qua

462 3582 710 3651 largitate
734 3580 925 3650 gratia:
955 3578 1048 3635 ﬁet
1075 3580 1341 3644 ornatior,
1369 3580 1415 3633 sl
1459 3578 1549 3633 illa
1580 3588 1707 3632 sunt
1732 3576 1783 3634 ei
1811 3577 2049 3647 prOpria,

458 3678 580 3728 sine
607 3673 802 3742 quibus
829 3689 938 3729 non
965 3682 1191 3743 possunt
1220 3670 1481 3741 prodesse
1510 3669 1742 3727 donata?
1765 3671 1871 3728 Sed
1906 3670 2053 3740 Apo-

507 3820 562 3893 ,ξ
592 3812 722 3893 Mss.
753 3809 945 3893 Co_r_b.,
973 3810 1143 3893 Lugd:
1173 3820 1226 3867 et
1250 3812 1575 3893 posteriores
1600 3811 1886 3893 editiones.
1920 3814 2047 3883 deli.

465 3883 648 3963 uitiaui
674 3883 950 3963 εκᾳχΜεβ.
992 3882 1202 3963 licinig.
1228 3894 1285 3938 et
1310 3882 1441 3952 Jol.,
1475 3894 1534 3938 ut
1556 3884 1689 3939 edit.
1722 3885 1963 3955 Mogunt.
1986 3882 2049 3941 et

468 3953 693 4060 Vegtet,
715 3953 1031 4076 deﬁnitionis
1057 3969 1185 4008 suae.

602 4023 744 4076 Edtt.
818 4024 1018 4076 uaduu.
1053 4033 1109 4076 et
1156 4041 1185 4076 n

538 4022 744 4143 fisi-dit.
770 4022 1018 4094 Lugdun.
1053 4033 1109 4078 et
1156 4025 1507 4095 posteriores,
1536 4041 1639 4097 quo
1683 4026 1906 4097 gratiam
1954 4022 2051 4079 Dei

503 4108 647 4146 οηιι.

467 4111 685 4217 pozuslic
711 4174 841 4233 mss.
872 4161 1033 4217 Corb.
1056 4171 1112 4216 et
1140 4164 1347 4233 Remig.
1378 4173 1431 4219 et
1460 4163 1729 4219 Joliensis.
1757 4162 1902 4218 Edit.
1942 4163 2054 4217 Mo-

466 4240 619 4301 gunt.
665 4244 719 4287 et
749 4230 905 4295 Ἴδη..
938 4248 1202 4288 remanere
1239 4230 1542 4289 invitomine
1570 4235 1786 4287 liberum
1830 4250 2047 4300 semper.

467 4300 639 4370 Lugd.
671 4312 727 4384 et
753 4304 1105 4373 recentiores,
1145 4321 1351 4360 manere
1371 4306 1425 4358 in
1449 4305 1653 4359 homine
1680 4303 1895 4357 liberum
1919 4320 2052 4359 sem-

471 4387 560 4426 per
583 4373 872 4426 arbitrium.

469 4387 564 4443 per
583 4386 872 4443 arbitrium.

534 4439 567 4482 1‘
590 4442 715 4499 Mss.
740 4444 924 4508 Corb.,
945 4444 1157 4514 Remig.
1174 4453 1226 4501 et
1245 4444 1376 4511 101.,
1407 4460 1528 4500 cum
1553 4445 1788 4516 Mogunt.
1810 4456 1865 4501 et
1893 4448 2048 4514 Ven.,

470 4522 527 4585 ut
558 4522 759 4567 tantum
783 4531 847 4570 ea:
871 4532 924 4569 se
950 4516 1154 4584 habent,
1183 4528 1291 4573 etc.
1323 4516 1600 4571 Editiones
1622 4518 1814 4585 Lugd..
1845 4517 2047 4571 Lovan.

469 4582 639 4669 Duae.
748 4585 963 4669 colon.,
991 4582 1148 4669 utin
1179 4596 1342 4669 textu.
1376 4586 1547 4669 Lugd.
1578 4602 1676 4657 pro
1702 4582 2052 4669 delectationis

470 4652 632 4728 liabet
652 4654 940 4728 dilectionis
968 4672 989 4710 :
1018 4658 1269 4728 idemque
1291 4660 1342 4714 in
1376 4652 1672 4728 marginem
1703 4659 2051 4728 eonjecerunt

470 4722 639 4777 Duae.
664 4733 718 4777 et
741 4723 932 4777 Colon.

510 4800 569 4876 .-ο
597 4794 653 4847 In
674 4809 801 4876 hms.
826 4794 1047 4849 Joliensi
1089 4797 1263 4876 abest,
1285 4808 1515 4854 vetustte.
1544 4797 1602 4853 In
1628 4798 1946 4869 Remigiano
1974 4799 2051 4854 leo

468 4867 643 4947 gitur,
666 4867 807 4918 itane
834 4875 1042 4947 vetustte
1066 4867 1252 4947 ullum.

429 5016 434 5022 D
471 4931 579 5022 ἑνί
591 4936 698 5022 Sic
727 4950 862 5022 mss.
892 4936 1081 5022 garb.“
1108 4938 1315 5022 liemig.
1341 4950 1396 5022 et
1424 4941 1533 4997 Jol.
1562 4955 1700 5022 cnm_
1727 4942 1964 5022 Μοευρι,
1998 4949 2054 5022 et

471 5001 609 5059 Ven.
636 5011 705 5061 At
732 5001 1075 5088 vero-Lugd.
1092 5021 1147 5064 et
1174 5001 1523 5088 posteriores,
1568 5022 1624 5065 ut
1649 5001 1845 5067 dicente
1877 5012 2055 5065 Domi-

469 5077 933 5201 “scintilla
969 5082 1342 5150 pervenerit....
1376 5086 1431 5136 in
1476 5084 1739 5152 ﬂammam
1786 5085 2055 5137 charitatis

682 5164 740 5200 τι.

500 5284 513 5297 .
541 5224 570 5263 8
602 5217 1126 5301 EditionesLovan”
1160 5222 1326 5301 Duae.
1358 5230 1415 5275 et
1440 5222 1659 5301 Colon”
1688 5223 1915 5301 inistitts
1934 5238 2057 5293 gra-

469 5289 559 5370 tia:
597 5289 980 5370 damnatoribus
1011 5306 1030 5345 :
1061 5291 1133 5370 in_
1154 5292 1416 5358 margine,
1439 5294 1502 5370 _i_n
1545 5294 1677 5348 istis.
1709 5293 1834 5347 Mss.
1865 5289 2052 5357 ϐοὶ-δη

472 5357 681 5441 ιξεηιίε.
710 5369 767 5441 e_t
788 5361 919 5441 ιυι..
941 5376 1061 5441 cum
1088 5357 1331 5441 Μοειιιιιἶ
1359 5372 1415 5417 et
1439 5363 1572 5417 Ven.
1599 5374 1653 5418 et
1678 5366 1891 5441 antiqua
1917 5364 2055 5441 Lug:

470 5424 702 5493 dun.,'in
732 5431 842 5484 istis
861 5434 1055 5553 {gratiae
1090 5424 1443 5498 amatoribus;
1485 5448 1605 5504 qum
1633 5433 1698 5487 ad
1732 5424 1881 5488 oram
1930 5424 2054 5489 libri

472 5506 715 5551 notatum
748 5515 856 5553 ora:
879 5512 1008 5553 ert..
1054 5502 1217 5553 Forte
1245 5507 1516 5553 tenendum
1536 5513 1632 5553 est.
1655 5505 1707 5553 in
1732 5504 1843 5553 istis
1872 5505 2054 5553 gratim

472 5506 715 5579 notatum
748 5502 1008 5579 praefert"
1054 5502 1217 5559 Forte
1245 5502 1516 5579 legendum
1536 5513 1632 5567 est,
1655 5505 1707 5557 in
1732 5504 1843 5579 istis
1872 5505 2054 5579 gratiae

471 5565 877 5654 damnatoribus:
933 5565 1058 5654 Mss.
1104 5584 1161 5654 et
1205 5565 1566 5654 antiquiorum
1599 5565 1668 5629 ex
1701 5565 2054 5654 editis'lectio

474 5635 806 5714 prmlerenda
828 5642 942 5694 visa
967 5653 1049 5698 est
1081 5662 1095 5697 :
1122 5645 1173 5698 in
1204 5661 1306 5715 qua
1336 5635 1474 5701 hanc
1502 5647 1825 5701 sententiam
1856 5656 1913 5700 et
1934 5660 2056 5714 pro-

475 5719 617 5762 xume
641 5719 949 5778 sequentes.
1000 5729 1108 5769 non
1150 5717 1491 5786 simpliciter,
1537 5715 1631 5772 sed
1659 5716 1883 5785 ﬁgurate
1914 5715 2051 5771 acci-

2140 1834 2195 1879 et
2240 1825 2459 1889 iterum,
2494 1821 2607 1876 Nos
2631 1820 2907 1892 diligamus
2937 1817 3123 1880 Deum,
3157 1822 3180 1851 ο
3214 1814 3335 1884 quia
3364 1811 3508 1883 prior
3546 1809 3732 1863 dilexit

2140 1933 2231 1972 nos
2258 1913 2454 1987 (Ibid.,
2490 1910 2609 1983 t9).
2640 1913 2908 1981 Agnoscat
2947 1922 3076 1978 ergo
3108 1906 3336 1960 humana
3362 1910 3597 1971 egestas,
3625 1899 3733 1953 hoc

2141 2008 2284 2077 quod
2308 2006 2377 2063 de
2399 2004 2727 2076 quibuslibet
2747 2002 2905 2057 bonis
2924 2010 3072 2056 recte
3090 1997 3307 2060 dicitur,
3331 1993 3503 2048 multo
3527 1990 3733 2046 rectius

2142 2103 2242 2158 sibi
2275 2101 2381 2157 dici
2408 2100 2475 2155 de
2511 2113 2577 2154 eo
2606 2098 2723 2153 sine
2757 2111 2870 2167 quo
2900 2095 3041 2149 bona
3082 2097 3273 2147 cuncta
3315 2102 3422 2141 non
3461 2091 3731 2155 prosunt;

2142 2208 2172 2248 ιι
2205 2195 2344 2265 Quid
2391 2194 2528 2249 enim
2557 2192 2712 2246 habes
2743 2190 2878 2259 quod
2915 2203 3018 2240 non
3046 2182 3323 2255 accepisti?
3354 2180 3415 2235 Si
3445 2186 3619 2231 autem
3642 2192 3735 2228 ac-

2144 2291 2361 2356 cepisti,
2406 2285 2529 2357 quid
2574 2283 2816 2357 gloriaris
2859 2280 3003 2353 quasi
3053 2294 3157 2332 non
3203 2273 3457 2343 acceperis
3504 2271 3569 2341 (ι
3612 2266 3737 2324 Cor.

2145 2381 2367 2452 tv,7)‘l

2642 2466 2808 2540 34.1.
2835 2462 3062 2521 CAPUT
3102 2459 3243 2516 xw.

2144 2585 2423 2642 Cassianus
2444 2582 2588 2637 liberi
2608 2580 2808 2635 arbitrii
2832 2573 3419 2645 vigoremdemonstrare
3427 2579 3735 2645 aggressus.

2224 2635 2699 2725 dicima
2738 2635 2969 2725 Cassiani
2996 2642 3143 2725 {Job
3185 2642 3290 2722 suis
3322 2635 3511 2725 viribus
3555 2635 3745 2725 vicisse

2218 2705 2641 2783 dia'bolumsnon
2681 2720 2879 2773 auxilio
2910 2716 3089 2788 gratia
3121 2729 3140 2767 :
3181 2714 3278 2765 nisi
3305 2718 3552 2777 quatenus
3598 2705 3744 2788 Deus

2346 2776 2622 2865 imajorem
2650 2789 2884 2865 tentatori
2910 2776 3069 2865 dedit.
3098 2776 3392 2865 potestatem
3415 2818 3430 2844 ,
3473 2793 3632 2865 quam
3661 2776 3743 2827 illi

2220 2846 2426 2921 noverat
2449 2846 2619 2917 inesse
2645 2863 2895 2913 virtutem.
2924 2846 3160 2911 Cassiani
3200 2854 3344 2923 fraus
3374 2865 3395 2923 ς
3422 2846 3740 2923 catholicam

2221 2919 2524 2991 sententiam
2550 2937 2613 2986 de
2638 2928 2807 3003 gralia
2845 2931 2898 2981 in
2927 2919 3287 3003 disputationis
3312 2919 3567 3003 principio
3599 2932 3743 2998 pra;-

2221 2987 2476 3072 dical,qet
2505 2987 2734 3058 eamd‘em
2779 3011 2957 3072 postea
3002 2987 3288 3072 impugnat.
3312 2987 3410 3045 ’Λα
3452 2987 3744 3058 prwcipitia

2222 3068 2507 3148 Pelagiana
2532 3068 2789 3147 gradatim
2817 3068 3061 3123 decurrit.

2220 3214 2389 3289 [Alias
2405 3212 2536 3268 (ἶΑρ.
2558 3206 2779 3278 XXXM
2796 3207 2845 3261 l.
2862 3207 2987 3261 Post
3000 3204 3371 3266 hacc‘lautem,
3385 3212 3509 3253 cum
3534 3203 3742 3249 tantum

2157 3304 2367 3361 homini
2395 3303 2677 3359 tribuisset
2704 3310 2829 3354 ante
2855 3297 3103 3368 gratiam,
3132 3300 3387 3363 quantum
3420 3291 3469 3344 ei
3500 3290 3745 3341 fructuo-

2155 3398 2430 3452 sissimum
2478 3403 2562 3450 est
2589 3392 2791 3447 habere
2818 3404 2913 3459 per
2941 3388 3171 3458 gratiam
3194 3426 3209 3451 ,
3257 3381 3464 3438 addidit
3492 3380 3743 3450 quaedam

2157 3487 2415 3559 perplexa
2462 3495 2623 3555 atque
2664 3483 2918 3548 confusa,
2955 3481 3024 3535 ad
3055 3482 3295 3548 vigorem
3345 3476 3501 3531 liberi
3529 3473 3747 3528 arbitrii

2154 3577 2666 3643 demonstrandum;
2708 3585 2783 3631 et~
2807 3575 2875 3629 de
2916 3574 2999 3629 his
3043 3586 3162 3640 qua:
3209 3570 3322 3640 jam
3365 3566 3580 3622 donatis
3637 3563 3747 3623 sibi

2158 3682 2180 3712 τ
2211 3671 2417 3728 viribus
2462 3671 2629 3739 facit,
2668 3668 2783 3723 vult
2808 3666 2896 3723 illa
2940 3664 3150 3719 munire
3175 3676 3296 3732 qua:
3329 3660 3381 3715 ei
3428 3658 3749 3714 naturaliter

2152 3817 2365 3885 piamus
2395 3830 2491 3883 per
2521 3808 2993 3885 interrogationem
3025 3820 3091 3885 ex
3121 3797 3747 3885 j‘udicioeruditissimo.

2154 3869 2269 3940 i‘uttt
2319 3869 2559 3939 virorum
2609 3881 2703 3949 qui
2728 3869 2983 3949 “operum
3032 3875 3091 3930 S.
3122 3869 3409 3943 Augustini
3441 3869 3741 3924 editionem

2153 3957 2395 4011 ultimam
2426 3960 2803 4023 procurarunt.

2223 4008 2554 4079 liEditiones
2577 4023 2814 4093 Mogunt.
2848 4024 2905 4074 et
2932 4016 3070 4073 Ven.
3112 4013 3338 4079 addunt,
3367 4012 3420 4065 in
3442 4010 3607 4065 nobis.
3634 4008 3748 4066 Alii

2153 4096 2367 4152 codices
2394 4094 2561 4148 nostri
2604 4095 2844 4147 minime.

2225 4165 2242 4203 ί
2278 4166 2376 4219 Ms.
2409 4164 2595 4229 Corb.,
2636 4162 2809 4231 Lugd.
2853 4170 2908 4217 et
2957 4158 3284 4231 posteriores
3334 4151 3643 4231 editiones,
3679 4150 3751 4231 de

2155 4232 2343 4305 Lydia.
2372 4236 2517 4291 Idem
2550 4222 2648 4287 uis.
2682 4222 2802 4305 cum
2830 4222 3042 4305 Remig.
3070 4238 3125 4284 et
3148 4224 3394 4290 Joliensi,
3425 4238 3516 4276 cor
3539 4222 3751 4292 aperuit

2154 4303 2315 4360 Deus.
2351 4307 2471 4371 Alii,
2495 4320 2581 4358 cor
2605 4304 2805 4375 aperuit
2836 4303 3110 4375 Dominus.

2229 4376 2244 4428 ἰ
2288 4377 2426 4432 Editi
2461 4360 2655 4445 Lugd...
2685 4373 2913 4439 anan.,
2944 4373 3110 4445 Duae.
3138 4377 3191 4424 et
3220 4365 3438 4445 C_olon_.,
3470 4360 3570 4445 Yel
3596 4362 3749 4445 inco-

2155 4449 2360 4503 lumitas
2390 4447 2467 4501 vel
2493 4432 2737 4515 facultas,
2781 4432 2954 4500 ut...'..
2998 4443 3203 4515 habeat.
3252 4436 3425 4515 Lugd.
3474 4432 3700 4515 habeant
3727 4448 3749 4486 :

2153 4534 2274 4571 cutn
2304 4532 2434 4572 tuss.
2462 4502 2653 4582 Corb.,
2695 4502 2905 4579 Remig,
2937 4524 2992 4569 et
3018 4512 3149 4574 Jo|.,
3178 4518 3233 4563 et
3258 4502 3497 4582 Mttgltttl.
3523 4514 3580 4557 et
3603 4502 3747 4558 Ven.

2228 4587 2253 4626 ¹¹
2285 4589 2525 4656 Lugduni.
2555 4598 2610 4641 et
2640 4576 2731 4640 illo
2763 4576 3111 4656 recentiores,
3159 4576 3450 4656 parabitur,

2082 4629 2129 4688 ο
2230 4657 2249 4697 ι
2293 4629 2586 4713 εαῗῦὂὶἰὲξ
2593 4629 3121 4727 'iisg..'.;1:“;;."‘i;:.‘.
3159 4629 3527 4727 couiortuiter
3576 4646 3750 4727 tefrui

2152 4730 2486 4798 Apostolic0,
2515 4726 2648 4791 Pax,
2673 4714 2855 4798 inquit,
2872 4725 3139 4795 fratribus,
3162 4729 3208 4776 et
3229 4722 3459 4798 citat-itas
3479 4731 3596 4767 cum

2225 4801 2391 4881 l“nilis.
2417 4786 2769 4869 Retnigscnm
2794 4786 3039 4867 Lugdnn.
3063 4806 3118 4850 et
3147 4789 3536 4863 posterioribus
3557 4786 3748 4849 editis,

2153 4886 2432 4944 Possim“;
2538 4939 2550 4944 _
2673 4938 2717 4944 __
2834 4939 2920 4944 __
3169 4933 3271 4944 η,
3383 4928 3453 4944 ,,γ
3514 4926 3589 4944 ,ί,
3678 4896 3699 4944 ,ἡ

2225 4949 2253 4977 ιι
2281 4941 2377 4995 Ms.
2401 4939 2637 5010 Remig,
2663 4938 2749 5010 Itic
2764 4939 3096 5010 salutisesset
3116 4933 3356 5010 affectus.
3383 4928 3481 5010 Ms.
3504 4926 3643 5010 «ιαμ,

2153 5023 2282 5067 esset
2331 4999 2695 5078 alfectusst.
2726 5008 2915 5074 Corb.,
2938 5008 3023 5062 hic
3047 4999 3230 5061 saltus.
3261 5007 3404 5057 bdit.
3434 4999 3609 5065 Lugd.
3672 4999 3756 5049 hic

2163 5082 2331 5137 salvus
2360 5090 2487 5137 esset
2509 5080 2740 5147 effectus.

2231 5163 2256 5189 ο
2290 5154 2388 5208 Ms.
2436 5139 2709 5215 .loliénsis,
2750 5149 2995 5214 quoniam
3037 5148 3126 5202 ille
3150 5146 3316 5218 prior.
3350 5140 3632 5218 PoSIerior
3666 5139 3757 5194 hic

2158 5223 2448 5293 Scriptura:
2471 5224 2619 5277 locus
2641 5209 2828 5293 aberat
2848 5220 2916 5275 ab
2944 5209 3185 5293 editione
3215 5209 3582 5293 Lugdunensi.

2231 5305 2259 5343 ι)
2284 5283 2384 5348 ilic
2404 5296 2552 5348 locus
2574 5292 2915 5345 desideratur
2944 5291 2995 5343 in
3027 5304 3129 5342 ms.
3158 5283 3403 5341 Juliensi.

2230 5375 2258 5414 ιι
2290 5364 2344 5418 In
2374 5379 2477 5418 ms.
2508 5361 2732 5417 Joliensi
2761 5377 2823 5415 ac
2846 5361 3084 5429 Mogunt.
3120 5371 3177 5411 et
3202 5357 3339 5429 Ve_n._
3364 5353 3522 5408 deest
3548 5359 3751 5404 autem.

2158 5434 2287 5489 Post
2308 5449 2475 5502 pauca
2508 5433 2702 5503 l.ugd.,
2734 5424 2962 5495 Lovanf,
2986 5430 3226 5503 Duac,et
3250 5424 3467 5503 Colon.,
3497 5432 3760 5503 Quantum

2160 5507 2207 5558 ei
2253 5490 2422 5575 fuerat
2471 5490 3478 5576 fructuosissimum,addidit_quietiam
3510 5490 3762 5576 perplean

2160 5563 2311 5644 atque
2356 5563 2586 5646 confuse.
2634 5574 2774 5644 Mog.
2825 5580 2883 5627 et
2930 5570 3090 5639 Ven.,
3145 5563 3335 5623 addit:
3380 5572 3581 5620 cmtera
3609 5563 3759 5615 utin

2165 5656 2336 5701 textu.

2238 5727 2259 5754 τ
2291 5715 2433 5771 Edit.
2455 5714 2695 5781 Mogunt.
2729 5721 2785 5768 ct
2817 5711 2979 5778 Ven.,
3010 5708 3303 5766 virtutibus.
3347 5706 3491 5765 idem
3521 5702 3760 5773 margini
