4030 6178
303 284 409 339 253

1435 283 1640 340 LIBER
1678 283 1954 342 CONTRA
1993 285 2477 350 COLLATOREM.

3472 310 3578 368 254

302 406 483 459 inesse
512 402 732 470 deﬁnit;
761 412 820 459 ut
846 403 988 474 quod
1014 411 1100 459 est
1137 418 1231 474 per
1277 404 1612 496 adiutorium
1642 404 1738 459 Dei
1767 419 1888 474 per-
1916 411 1966 468 Α
1992 408 2098 464 cia?
2120 409 2206 466 Vir
2223 415 2426 482 gravis,
2445 415 2636 472 doctor
2661 418 2901 490 sapiens,
2916 437 3084 480 verax
3099 425 3382 496 magister,
3407 431 3580 486 redde

301 495 520 558 fecisse.
563 497 667 550 hoc
692 495 765 550 sit
803 510 871 551 ex
911 495 1065 551 liberi
1093 495 1302 550 arbitrii
1354 495 1602 550 libertate
1645 496 1892 564 coepisse.

304 590 504 644 Verum
538 590 657 645 haec
687 598 746 645 ut
790 590 1090 645 tolerabilia
1140 599 1519 646 transeamus:
1552 591 1676 660 quia
1715 603 1770 646 et
1799 605 1898 645 nos

303 679 539 734 liberum
582 681 866 735 arbitrium
923 680 1047 736 ideo
1093 681 1342 747 dicimus,
1401 683 1560 736 bona:
1610 683 1896 738 voluntatis

301 771 558 826 allectum
593 773 828 842 ﬁdeique
873 772 1227 844 principium,
1267 784 1527 842 operante
1555 776 1724 843 gratia
1768 791 1898 830 con-

302 866 539 934 cepisse,
564 876 622 920 ut
654 881 749 934 per
780 866 894 920 haec
920 881 1043 935 qua:
1085 866 1159 920 illi
1205 868 1356 922 nullo
1394 869 1592 922 merito
1625 878 1897 934 praeeunte

307 955 509 1010 donata
540 966 689 1021 sunt,
722 971 787 1011 ea
816 971 937 1026 qua:
970 966 995 993 α
1026 967 1318 1026 operaturo
1350 967 1473 1011 sunt
1504 958 1764 1026 promissa
1794 974 1900 1013 me-

305 1061 525 1113 reatur;
555 1048 625 1103 ah
655 1049 749 1102 illo
791 1063 1005 1118 semper
1027 1061 1217 1116 petens
1259 1064 1416 1117 posse
1439 1049 1636 1119 aliquid
1667 1049 1790 1104 boni
1820 1050 1899 1104 fa-

305 1152 454 1202 cere,
476 1139 571 1208 qui
608 1139 705 1204 ait,
734 1137 862 1194 Sine
891 1155 970 1192 me
999 1140 1130 1192 nihil
1161 1141 1369 1209 potestis
1391 1143 1558 1210 facere
1584 1139 1772 1210 (Joan.
1802 1157 1892 1207 xv,

306 1228 392 1300 5).
428 1227 618 1302 [Alias
637 1231 770 1284 Car.
796 1229 1054 1301 XXXll.]
1079 1231 1170 1284 llis
1196 1232 1376 1300 itaque
1418 1234 1817 1301 praetermissis,
1843 1234 1895 1287 id

305 1321 443 1390 quod
475 1320 546 1374 de
572 1321 746 1374 sancti
771 1319 874 1375 Job
903 1320 1240 1389 passionibus
1266 1323 1480 1390 posuit,
1514 1332 1892 1388 retractemus.

306 1415 391 1466 Ait
412 1412 562 1466 enim
589 1411 816 1482 (Collat.
847 1429 887 1479 ι,
931 1429 978 1468 c.
1012 1411 1100 1482 ﬂ)
1135 1431 1148 1465 :
1185 1413 1338 1479 Quod
1366 1415 1520 1468 etiam
1547 1417 1603 1469 in
1633 1415 1734 1470 Job
1765 1433 1893 1488 pro-

309 1504 570 1557 batissimo
599 1503 792 1558 athleta
821 1520 936 1569 suo,
963 1522 1081 1558 cum
1113 1521 1230 1560 eum
1259 1507 1495 1561 diabolus
1526 1509 1798 1578 expetisset
1825 1510 1893 1563 ad

305 1593 569 1664 singulare
597 1605 876 1660 certamen,
906 1597 1133 1651 divinam
1178 1597 1395 1669 legimus
1435 1599 1718 1667 providisse
1735 1602 1895 1672 justi-

306 1687 445 1743 tiam.
473 1686 538 1742 Si
580 1687 715 1740 enim
751 1699 935 1743 contra
971 1690 1270 1756 inimicum,
1289 1707 1390 1745 non
1431 1709 1529 1745 sua
1568 1693 1778 1758 virtute,
1803 1694 1892 1747 sed

2003 500 2159 554 nobis
2179 503 2497 560 catholicam
2519 506 2909 581 deﬁnitionem,
2930 529 3034 584 qua
3059 515 3200 571 inter
3229 518 3378 572 initia
3400 519 3582 589 dispu-

2002 590 2219 644 tationis
2235 601 2334 646 tum
2355 609 2512 650 aures
2528 610 2744 654 nostras
2761 613 3078 674 mentesque
3099 608 3309 676 cepisti.
3339 610 3583 665 Pronun-

2001 682 2234 738 tiaveras
2264 683 2279 721 ί
2314 685 2470 742 ﬁdem
2490 688 2789 746 Christiana
2808 709 2942 750 voce
2970 697 3393 754 ecclesiasticam
3415 743 3430 766 ,
3463 702 3583 756 Non

1999 774 2169 830 solum
2195 791 2424 849 actuum,
2453 798 2625 837 verum
2660 786 2816 838 etiam
2839 790 3204 858 cogitationum
3241 792 3488 846 bonarum
3524 812 3586 848 ex

2002 864 2114 920 Deo
2151 886 2259 924 esse
2288 874 2594 943 principium
2619 876 2838 946 (Supra,
2867 895 2910 933 c.
2944 881 3000 944 2,
3031 897 3084 933 n.
3122 882 3179 952 2)
3214 899 3228 935 :
3257 888 3343 950 qui
3366 891 3508 939 nobis
3538 899 3585 940 et

2001 958 2147 1012 initia
2167 973 2357 1016 sant-tte
2374 967 2646 1020 voluntatis
2664 969 2899 1035 inspirat,
2915 982 2961 1024 et
2975 973 3206 1025 virtutem
3223 985 3371 1044 atque
3397 993 3587 1046 oppor-

2002 1051 2268 1104 tunitatem
2291 1070 2464 1107 eorum
2494 1073 2610 1125 quae
2633 1069 2762 1113 recte
2791 1061 3043 1131 cupimus,
3080 1063 3254 1116 tribuit
3283 1069 3581 1136 peragendi.

2005 1140 2166 1194 Omne
2187 1144 2320 1196 enim
2347 1147 2524 1199 datum
2555 1151 2825 1216 Optimum,
2859 1162 2904 1204 et
2923 1169 3067 1206 omne
3089 1153 3279 1208 donum
3305 1159 3587 1226 perfectum

2003 1233 2278 1288 desursunt
2307 1245 2405 1300 est,
2433 1239 2745 1294 descendens
2775 1260 2805 1294 a
2837 1242 3000 1295 Patre
3031 1243 3289 1298 luminum
3316 1246 3499 1313 (Jacob
3549 1264 3586 1313 l,

2005 1327 2131 1396 i7);
2167 1329 2259 1398 qui
2289 1337 2338 1382 et
2370 1331 2598 1400 inspirat
2624 1349 2739 1402 quw
2763 1335 2898 1387 bona
2927 1345 3072 1398 sunt,
3115 1347 3160 1389 et
3190 1341 3509 1406 exsequitur,
3539 1350 3586 1392 et

2003 1430 2333 1474 consummat
2365 1424 2419 1475 in
2449 1424 2592 1476 nobis
2627 1423 2639 1473 i
2677 1446 2688 1478 :
2715 1436 2770 1479 et
2801 1427 2962 1496 hujus
2991 1430 3281 1482 sententia:
3313 1431 3588 1486 soliditate

2001 1507 2184 1561 omnia
2213 1506 2490 1564 hostilium
2515 1513 2866 1584 reliquiarum
2897 1517 3333 1573 machinamenta
3364 1522 3584 1576 confre-

1998 1613 2180 1668 geras.
2231 1599 2340 1656 Cur
2395 1604 2733 1672 professione
2775 1617 3016 1679 mutata,
3071 1611 3212 1680 quod
3263 1611 3582 1668 destruxisti

2000 1692 2260 1757 mdiﬁcas,
2289 1696 2431 1763 quod
2456 1698 2693 1753 tuebaris
2731 1699 3051 1770 impugnas?
3073 1701 3182 1756 Cur
3214 1703 3583 1758 invictissitum

303 1775 399 1831 Dei
427 1779 592 1832 solius
609 1779 788 1849 fuisset
809 1781 975 1849 gratia
994 1791 1284 1852 protegente
1300 1794 1684 1854 congressus,et
1705 1787 1894 1855 absque
1925 1785 2240 1846 Bveritalis
2287 1784 2314 1824 ι
2367 1801 2494 1842 arce
2542 1789 2756 1844 deserta
2783 1831 2800 1856 ,
2859 1791 3124 1860 gradatim
3181 1793 3244 1845 ad
3286 1794 3583 1863 precipitia

302 1870 409 1922 ulla
434 1870 623 1924 virtute
639 1869 666 1908 1³
695 1872 954 1940 patientia:
978 1888 1107 1937 sure,
1135 1874 1310 1927 divina
1337 1884 1537 1928 tantum
1560 1875 1897 1947 cpitulatione

301 1960 566 2027 stt/fultus,
598 1964 908 2034 multiplices
939 1962 1061 2018 illas
1088 1981 1149 2020 ac
1196 1975 1301 2019 tota
1350 1967 1546 2020 inimici
1589 1967 1895 2022 crudelitate

300 2055 544 2122 quasitas
569 2056 910 2108 tentationum
934 2057 1092 2110 moles
1135 2065 1185 2111 et
1225 2057 1380 2110 exitia
1408 2057 1728 2128 pertulisset,
1766 2075 1893 2127 quo-

300 2144 454 2196 modo
499 2161 603 2198 non
631 2145 776 2198 illam
822 2146 1198 2201 calumniosam
1241 2149 1480 2203 diabolus
1506 2191 1522 2216 ,
1550 2166 1708 2221 quam
1745 2153 1892 2222 prius

301 2236 540 2288 emiserat
564 2253 757 2301 vocem,
785 2238 1032 2292 adversus
1069 2255 1188 2293 eum
1207 2240 1405 2311 justius
1438 2241 1686 2311 iterasset,
1721 2243 1890 2298 Num-

298 2330 427 2398 quid
446 2328 547 2382 Job
575 2331 737 2401 gratis
766 2340 790 2370 ⁸
821 2333 943 2386 colit
969 2330 1179 2387 Deum?
1204 2331 1396 2388 Nonne
1422 2343 1478 2387 tu
1515 2333 1721 2389 vallasti
1748 2353 1886 2406 eum,

299 2418 326 2457 ἀ
355 2437 419 2474 ac
447 2422 658 2475 domum
701 2425 834 2493 ejus,
866 2431 913 2476 et
940 2424 1232 2478 universam
1275 2424 1611 2480 substantiam
1639 2429 1754 2498 ejus
1801 2444 1890 2497 per

299 2513 574 2566 circuitum
597 2515 621 2567 Ρ
651 2512 756 2569 Sed
781 2515 933 2584 aufer
957 2531 1166 2568 manum
1191 2525 1351 2579 tuam,
1383 2516 1482 2570 hoc
1510 2527 1604 2583 est,
1636 2519 1750 2572 sine
1774 2535 1888 2572 eum

297 2604 405 2658 suis
457 2620 650 2658 mecum
689 2605 879 2659 viribus
927 2607 1208 2671 decertare,
1239 2606 1400 2678 345
1429 2608 1529 2662 nisi
1569 2617 1594 2646 ο
1622 2609 1676 2661 in
1703 2610 1887 2680 [aciem

299 2709 442 2752 tuam
494 2697 804 2752 benedixerit
849 2699 938 2752 tibi
983 2699 1134 2770 (Job.
1166 2715 1206 2766 ι,
1240 2700 1331 2771 9).
1379 2699 1486 2754 Sed
1527 2717 1643 2753 cum
1689 2702 1888 2754 nullam

298 2788 665 2860 hujuscemodi
716 2791 1095 2859 querimoniam
1157 2792 1502 2845 calumniosus
1559 2793 1718 2847 hostis
1773 2803 1887 2862 post

297 2881 593 2949 conﬂictum
619 2879 806 2934 audeat
831 2883 1021 2936 iterare
1037 2923 1052 2950 ,
1082 2899 1184 2935 non
1208 2882 1324 2947 Dei,
1347 2883 1437 2936 sed
1464 2881 1611 2936 illius
1629 2900 1681 2936 se
1702 2885 1886 2937 victum

295 2974 491 3026 viribus
521 2974 816 3040 conﬁtetur.
842 2973 984 3028 Licet
1006 2976 1157 3029 etiam
1194 2977 1360 3045 gratia
1389 2973 1487 3030 Dei
1515 2993 1615 3030 non
1640 2977 1693 3030 in
1722 2986 1886 3030 totum

294 3065 374 3118 illi
417 3065 644 3136 defuisse
672 3066 926 3121 credenda
955 3068 1042 3130 sit,
1068 3083 1182 3137 qua:
1217 3077 1412 3121 tantam
1442 3070 1681 3122 tentatori
1713 3069 1886 3122 tribuit

1999 1874 2283 1944 Pelagiana
2341 1877 2621 1932 decurris?
2669 1880 2771 1946 Qui
2827 1882 2974 1936 enim
3024 1882 3356 1949 deﬁnieras,
3412 1901 3585 1956 neque

1997 1976 2312 2020 Sanctarum
2341 1967 2756 2038 cogitationum,
2786 1987 2960 2041 neque
2989 1973 3196 2041 piarum
3221 1975 3582 2038 voluntatum,

1996 2071 2170 2122 neque
2201 2056 2469 2111 bonorum
2497 2068 2714 2113 actuum
2743 2075 2807 2114 ex
2841 2063 2997 2116 nobis
3025 2078 3146 2118 esse
3171 2065 3460 2132 principia;
3485 2067 3580 2120 sed

1996 2149 2348 2216 inSpiratione
2372 2150 2466 2204 Dei
2495 2152 2791 2221 gratiaeque
2818 2152 2937 2221 ejus
2959 2154 3164 2210 auxilio
3187 2155 3327 2209 bona
3350 2155 3402 2209 in
3427 2158 3581 2211 nobis

1993 2250 2186 2295 cuncta
2219 2244 2499 2312 generari,
2529 2251 2586 2297 et
2627 2243 2695 2297 ad
2742 2244 3040 2313 profectum
3081 2245 3580 2318 perfectionemque

1994 2331 2214 2398 perduci
2248 2349 2262 2385 :
2294 2333 2455 2401 paulo
2488 2343 2610 2403 post
2638 2336 2850 2404 cmpisti
2879 2335 3037 2391 donis
3073 2338 3266 2405 gratia:
3293 2337 3445 2392 liberi
3491 2355 3581 2393 ar-

1991 2421 2139 2477 bitrii
2166 2439 2381 2492 aequare
2404 2433 2661 2490 conatus;
2687 2433 2747 2479 ut
2769 2425 3030 2496 principia
3064 2443 3182 2496 qua:
3207 2429 3316 2483 Deo
3338 2430 3578 2500 assigna-

1991 2531 2190 2582 veras,
2235 2530 2397 2585 posse
2454 2516 2729 2572 hominem
2778 2520 3123 2587 asemetipso
3167 2521 3368 2574 habere
3419 2536 3577 2574 lllOtt-

1991 2619 2222 2674 strares,
2269 2609 2500 2664 dicendo
2523 2609 2744 2680 (Supra,
2775 2627 2823 2664 c.
2857 2612 2917 2674 3,
2968 2627 3114 2668 num.
3149 2612 3225 2678 3).
3262 2612 3395 2676 Quia
3421 2615 3576 2664 etiam

1989 2701 2095 2753 suis
2120 2699 2380 2752 interdum
2408 2699 2626 2752 motibus
2649 2701 2801 2752 homo
2831 2700 2994 2771 346
3021 2703 3090 2751 ad
3109 2702 3350 2754 virtutum
3381 2705 3578 2772 αρρριί-

1992 2800 2074 2843 tus
2110 2792 2130 2832 ι
2169 2791 2328 2860 possit
2362 2791 2604 2854 extendi,
2639 2807 2838 2858 semper
2858 2809 2974 2844 vero
3021 2808 3054 2843 a
3085 2790 3308 2846 Domino
3347 2794 3576 2863 indigeat

1988 2881 2274 2951 adjuvari:
2321 2887 2378 2935 et
2413 2881 2604 2934 iterum
2635 2880 2862 2934 dicendo
2894 2879 3112 2952 (Supra,
3137 2898 3186 2936 c.
3217 2881 3251 2934 4
3272 2925 3286 2950 ,
3322 2901 3465 2937 num.
3492 2885 3574 2952 2),

1989 2971 2166 3024 Etiam
2186 2989 2275 3042 per
2297 2982 2496 3026 natura:
2523 2972 2738 3036 bonum,
2785 2974 2921 3043 quod
2952 2974 3196 3044 beneﬁcio
3217 2973 3468 3030 Creatoris
3495 2978 3578 3030 in-

1989 3065 2194 3117 dultum
2223 3072 2316 3131 est,
2345 3081 2734 3130 nonnumquam
2755 3064 3004 3118 bonarum
3028 3066 3340 3120 voluntatum
3369 3070 3577 3138 prodire

293 3168 619 3226 potestatem,
659 3169 900 3228 quantant
924 3170 973 3213 et
1003 3158 1153 3212 illum
1181 3161 1448 3214 resistendi
1477 3170 1684 3214 noverat
1704 3160 1889 3214 habere
1915 3158 1962 3223 C
1992 3156 2247 3226 principia
2280 3171 2298 3208 :
2328 3172 2443 3225 qua:
2470 3165 2637 3208 tamen
2664 3155 2765 3208 nisi
2790 3172 2822 3208 a
2854 3153 3077 3208 Domino
3101 3157 3414 3230 dirigantur,
3440 3167 3479 3194 ιη
3507 3160 3575 3212 ad

292 3251 535 3304 virtutem
559 3268 577 3305 :
602 3267 704 3305 non
725 3267 840 3304 eum
861 3251 1078 3305 abillius
1099 3251 1482 3322 impugnatione
1502 3253 1576 3306 sic
1592 3259 1881 3322 protegens,

293 3351 349 3394 stt
391 3339 597 3393 nullum
623 3343 794 3393 virtuti
832 3340 1076 3395 humana:
1102 3343 1408 3410 relinqueret
1437 3343 1640 3407 locum;
1670 3343 1761 3396 sed
1791 3343 1885 3397 hoc

293 3443 495 3487 tantum
535 3449 841 3505 procurans,
875 3450 938 3486 ne
969 3435 1364 3488 violentissimus
1391 3435 1630 3488 inimicus
1655 3436 1883 3488 animam

291 3530 402 3595 ejus
425 3537 676 3579 amentem
705 3525 900 3595 faciens
951 3523 968 3562 ί
999 3535 1048 3578 et
1087 3527 1328 3597 impotem
1349 3542 1531 3591 sensu,
1556 3527 1740 3598 impari
1763 3543 1881 3582 eum

291 3630 444 3689 atque
475 3619 652 3688 iniquo
673 3617 962 3670 certaminis
991 3617 1214 3686 pondere
1239 3625 1603 3686 prtegravaret.

361 3709 534 3780 [Alias
557 3708 691 3761 Cn.
724 3706 987 3777 XXXIIM
1018 3707 1074 3761 ‘2.
1103 3708 1234 3773 Quis
1251 3707 1370 3762 haec
1395 3707 1674 3776 praedicari
1695 3718 1720 3757 tt
1739 3723 1768 3762 a
1792 3725 1879 3764 ca-

290 3798 509 3854 tbolicis
535 3800 674 3851 inter
688 3797 990 3851 catholicos
1013 3798 1283 3862 crederet,
1312 3797 1549 3867 nisiqua:
1572 3799 1622 3852 in
1644 3800 1884 3855 collocu-

290 3889 536 3943 tionibus
556 3888 869 3942 domesticis
894 3902 1039 3956 saepe
1062 3888 1281 3942 defensa
1311 3897 1458 3951 sunt,
1488 3889 1650 3944 etiam
1681 3892 1879 3960 scripta

286 3979 790 4050 legerentur‘iltane
812 3979 864 4032 in
888 3978 1144 4032 omnibus
1171 3979 1480 4034 hominibus
1513 3981 1880 4051 intelligentia:

282 4073 482 4143 caligat
510 4073 733 4125 obtutus
758 4112 773 4136 ,
806 4081 859 4126 et
884 4086 915 4124 a
962 4072 1175 4124 cunctis
1214 4071 1473 4126 Ecclesiae
1504 4073 1629 4128 ﬁliis
1657 4075 1879 4143 spiritus

283 4166 531 4220 scientiae
576 4173 635 4219 et
677 4165 896 4232 pietatis
933 4162 1192 4218 abscessit
1219 4201 1236 4227 ,
1269 4173 1327 4217 ut
1357 4179 1465 4218 non
1493 4159 1520 4199 δ
1551 4166 1879 4223 erubescant

282 4259 536 4330 ingerere
557 4274 616 4314 se
636 4257 854 4328 judiciis
881 4258 1170 4327 legentium
1206 4266 1315 4311 tam
1353 4257 1636 4312 inhonesta
1657 4262 1880 4316 menda-

279 4436 588 4491 apposuere
617 4419 842 4491 Lovan_.,
867 4417 1034 4472 Duae.
1061 4426 1130 4491 Aet
1168 4416 1353 4491 Colon.
1389 4418 1579 4491 Postea
1606 4418 1871 4486 Mogunt.,

280 4488 384 4546 vult
411 4493 508 4546 illa
548 4493 714 4543 unire.
767 4488 932 4551 νειμ,
959 4489 1148 4542 venire.
1186 4488 1387 4542 Deinde
1429 4488 1587 4542 iidem
1633 4491 1871 4553 codices,

281 4565 485 4616 arbitrii
527 4563 756 4614 libertate
779 4575 798 4612 :
825 4559 911 4612 ubi
943 4558 1112 4627 Lugd.
1142 4567 1194 4613 et
1226 4559 1572 4624 posteriores,
1620 4577 1710 4628 per
1736 4562 1872 4614 arbi-

283 4635 367 4688 trii
396 4633 704 4686 libertatem.
738 4630 866 4684 Mss.
895 4641 1025 4690 tres,
1055 4645 1119 4681 ex
1147 4629 1347 4682 arbitrii
1376 4628 1633 4683 libertate.

352 4714 379 4741 ⁸
413 4704 592 4756 Editio
625 4702 869 4770 Lugdun.
900 4711 952 4770 et
976 4700 1322 4767 posteriores.
1358 4701 1666 4764 operaturis.

347 4773 378 4812 δ
408 4773 551 4827 Edit.
584 4769 820 4840 Mogunt.
849 4778 904 4825 et
924 4769 1134 4830 Venet.,
1165 4771 1433 4838 sapientia:
1457 4786 1679 4824 sua..."
1708 4778 1754 4823 et
1775 4774 1876 4825 exi-

276 4847 404 4898 tium
440 4845 746 4906 pertulisset.

351 4927 378 4954 α
414 4914 660 4983 Lugdun.
692 4922 746 4966 et
773 4910 1282 4983 rccentiores,_colet
1312 4909 1499 4983 Deum.

346 4985 375 5022 ά
409 4981 540 5038 Haec
562 4984 744 5043 verba,
773 4999 833 5035 ac
858 4983 1064 5034 domum
1091 4981 1222 5050 ejus,
1250 4997 1356 5033 non
1385 4982 1613 5050 legimus
1652 4981 1704 5036 in
1737 4996 1870 5038 mSS.

277 5057 601 5121 Retnigiano
627 5064 680 5107 et
712 5053 961 5115 Joliensi,
994 5066 1092 5105 nec
1117 5053 1167 5105 in
1197 5052 1363 5120 Lugd.

352 5137 377 5164 ο
414 5126 511 5178 Ms.
557 5125 688 5188 Jol.,
733 5126 790 5176 in
818 5124 1036 5190 faciem,
1065 5123 1266 5192 alisque
1310 5121 1630 5192 pronomine
1657 5167 1671 5191 ,
1705 5133 1866 5178 tuam.

277 5197 420 5251 Ven.
447 5197 635 5257 editio,
658 5195 982 5248 maledixerit
1008 5193 1119 5245 tibi.

353 5267 371 5305 ί
412 5266 510 5319 Ms.
544 5266 830 5330 Joliensis,
860 5273 905 5316 et
933 5264 1170 5333 impotem
1199 5279 1398 5316 sensus.

347 5347 373 5384 ε
405 5337 551 5390 Edit.
581 5337 816 5406 Mogunt.
844 5344 898 5387 et
935 5331 1090 5406 Ven,
1139 5335 1426 5406 catholicis.
1459 5331 1576 5406 sine
1604 5336 1865 5401 prmposi-

274 5411 432 5462 tione
455 5425 487 5459 a
522 5425 539 5461 :
565 5416 619 5460 et
647 5403 791 5459 intra
818 5420 914 5474 pro
935 5405 1378 5466 collocutionibus,
1410 5403 1574 5474 Lugd.
1601 5413 1655 5456 et
1676 5419 1862 5458 ret-en-

276 5479 446 5531 tiores
476 5479 567 5531 illo
590 5478 810 5541 habent,
837 5475 1314 5540 colluctationibus;
1357 5490 1457 5529 nec
1476 5475 1724 5529 dissentit
1755 5492 1859 5530 ms.

274 5547 552 5604 Joliensis.

349 5623 376 5655 τ·
406 5618 651 5688 Lugdun.
705 5627 759 5670 et
793 5614 1032 5688 Lovan.,_
1054 5625 1109 5667 ut
1151 5632 1252 5668 non
1301 5614 1600 5688 erubescant
1625 5615 1860 5688 ingerere

272 5684 802 5762 judiciis'legentium
831 5695 934 5738 tant
959 5685 1220 5762 inhonesto
1242 5687 1528 5762 mendacio.
1564 5684 1716 5762 βίΙ-ἰμι.⁸
1745 5685 1854 5762 Mp-

276 5755 412 5829 guu't
459 5770 512 5815 et
544 5755 758 5825 Venet”
795 5765 851 5810 ut
883 5771 984 5809 non
1009 5757 1266 5810 erubescat
1301 5759 1527 5828 ingerere
1546 5755 1749 5826 judicio
1777 5757 1852 5811 lc-

1901 4829 1952 4888 D

1971 5349 2086 5385 υενο
2108 5352 2140 5386 (ι

1991 3247 2481 3301 consummationem
2522 3248 2765 3300 virtutum
2806 3249 3065 3316 pervenire
3095 3265 3195 3302 non
3234 3251 3451 3317 possint.
3509 3251 3576 3305 Et

1989 3348 2115 3408 post
2144 3339 2292 3404 haec,
2335 3347 2392 3392 ut
2423 3337 2683 3405 quosdam
2732 3340 3016 3406 prceveniri
3044 3348 3074 3375 ιι
3104 3355 3132 3392 a
3178 3342 3349 3410 gratia
3392 3354 3575 3396 osten-

1989 3430 2190 3496 deres,
2239 3430 2292 3484 in
2335 3431 2694 3498 quorumdam
2735 3440 2914 3485 autem
2967 3431 3330 3500 prareuntibus
3366 3434 3578 3490 meritis
3662 3497 3666 3500 Α

1987 3536 2208 3578 causam
2290 3519 2652 3590 percipienda:
2720 3522 2906 3589 gratiae
2977 3523 3322 3589 collocares,
3390 3525 3575 3580 dixisti

1990 3615 2214 3683 (Supra,
2242 3631 2290 3668 c.
2315 3616 2369 3681 5,
2403 3631 2546 3668 num.
2570 3617 2648 3681 1),
2685 3615 2820 3682 Quid
2850 3632 2913 3669 ex
2940 3633 3039 3685 quo
3069 3619 3285 3682 pendeat
3314 3619 3574 3675 dubitari:

1983 3706 2040 3759 id
2077 3715 2172 3770 est,
2202 3714 2401 3767 utrum,
2429 3708 2552 3776 quia
2587 3706 2790 3758 initium
2820 3707 2964 3760 bona:
2993 3708 3268 3763 voluntatis
3297 3712 3573 3779 praebueri-

1984 3814 2130 3865 mus,
2165 3798 2466 3851 misereatur
2494 3797 2656 3849 nostri
2691 3797 2858 3859 Deus;
2888 3815 2956 3851 an
3006 3801 3127 3867 quia
3156 3799 3296 3854 Deus
3332 3803 3571 3856 miserea-

1984 3898 2093 3954 tur,
2137 3904 2503 3958 consequamur
2531 3888 2675 3940 bome
2704 3888 2976 3941 toluntatis
3006 3889 3409 3958 initium?Quas
3437 3893 3570 3948 duas

1983 3982 2200 4053 regulas
2251 3997 2319 4037 ne
2373 3983 2425 4035 in
2474 3980 2730 4050 ambiguo
2781 3981 3154 4050 relinqueres,
3213 3993 3238 4019 ο
3286 3994 3570 4056 utramque

1985 4075 2268 4145 exemplis,
2295 4085 2354 4128 ut
2385 4073 2480 4128 tibi
2513 4075 2682 4128 visum
2707 4083 2791 4128 est
2820 4072 3058 4140 idoneis,
3086 4076 3295 4130 muttire
3333 4080 3566 4145 curasti;

1985 4183 2147 4223 unam
2205 4167 2274 4221 de
2325 4165 2473 4220 Pauli
2518 4173 2572 4219 et
2625 4165 2860 4219 Mattlttei
2912 4167 3164 4222 coactitia
3211 4169 3569 4225 conversione

1985 4262 2349 4326 conﬁrmans,
2381 4270 2408 4309 I‘
2438 4258 2598 4313 aliam
2623 4257 2690 4312 de
2721 4258 2967 4314 Zacchaai
3009 4269 3063 4315 et
3104 4259 3332 4316 latronis
3380 4263 3570 4318 volun-

1979 4420 2204 4490 gentium
2235 4431 2335 4472 tam
2375 4419 2552 4490 inanes
2579 4415 2807 4490 fabulas,
2859 4427 2960 4470 tam
2990 4419 3256 4490 inhonesta
3300 4421 3567 4477 mendacia

1979 4488 2054 4542 vir
2097 4491 2286 4559 gravis,
2320 4497 2424 4541 etc.
2458 4489 2548 4542 Ms.
2585 4488 2715 4552 Jol.,
2766 4496 2820 4540 ut
2860 4505 2962 4540 non
3000 4488 3414 4543 erubescant.....
3460 4501 3565 4546 tam

1977 4560 2153 4614 inanes
2174 4559 2381 4627 fabulas,
2411 4570 2515 4630 tam
2530 4559 2796 4610 inhonesta
2819 4559 3113 4630 mendacia?
3131 4560 3223 4612 Vir
3243 4562 3434 4630 gravis,
3453 4573 3560 4618 etc.

1980 4631 2036 4684 lu
2063 4647 2154 4684 ora
2189 4632 2354 4684 Duae.
2387 4639 2440 4682 et
2470 4629 2685 4688 Colon.,
2715 4630 2808 4699 qui
2839 4629 3018 4698 legunt
3046 4639 3102 4684 ut
3141 4629 3283 4699 Mog.
3310 4642 3366 4686 et
3401 4632 3558 4698 Ven.,

1978 4710 2103 4769 post
2130 4709 2233 4754 tam
2276 4701 2544 4753 inhonesta
2584 4697 3161 4770 mendacia,’apposito
3185 4697 3396 4758 comate
3419 4745 3435 4770 ,
3472 4703 3566 4758 Vir

2013 4773 2167 4832 ravis,
2199 4781 2303 4825 etc.

1975 4789 2167 4841 gravis.
2199 4789 2303 4825 etc.

2053 4841 2068 4879 ί
2104 4841 2181 4894 Ita
2211 4856 2342 4895 mss.
2372 4841 2534 4895 Corb.
2567 4851 2620 4895 et
2675 4840 2888 4909 Remig.
2917 4857 3040 4895 cum
3063 4841 3192 4896 edit.
3221 4842 3459 4911 Mogunt.
3505 4855 3561 4898 et

1981 4911 2115 4982 Ven.
2151 4915 2221 4965 At
2247 4911 2490 4980 Lugdun.
2523 4922 2577 4965 et
2602 4912 2695 4966 illo
2725 4913 3058 4965 recentiores
3081 4913 3373 4978 editiones,
3401 4915 3562 4982 ﬁdem

1976 4981 2324 5054 christianum
2349 5023 2364 5046 ,
2423 4999 2542 5035 roce
2569 4983 2930 5036 ecclesiastica.
2970 4983 3072 5036 Ms.
3104 4981 3408 5049 Joliensis,
3454 4985 3560 5054 (ide

1973 5052 2284 5114 Christiana,
2309 5067 2428 5105 voce
2449 5054 2807 5107 ecclesiastica.

2045 5124 2060 5194 ἕ
2094 5123 2189 5177 Ms.
2221 5122 2477 5194 Jgoliens”
2500 5122 2655 5194 hujus
2686 5125 2843 5176 enim.

2043 5191 2069 5230 ¹ι
2101 5194 2198 5247 Ms.
2233 5192 2505 5256 Jolietisis,
2539 5191 2653 5246 arae
2673 5195 2950 5247 destructa.

2043 5261 2061 5300 1
2100 5263 2343 5334 Lugdun.
2391 5274 2444 5317 et
2491 5266 2823 5331 posteriores
2849 5306 2861 5325 ,
2894 5273 3060 5333 posset
3089 5263 3320 5328 extendi,
3355 5279 3555 5334 semper

2219 5336 2392 5406 omina
2413 5337 2607 5406 indiget
2629 5335 2888 5406 adjuvari.

2040 5413 2079 5440 ιη
2113 5406 2211 5459 Ms.
2246 5403 2544 5468 Joliensis,
2582 5409 2651 5466 ad
2700 5403 3194 5458 consummationem
3251 5405 3555 5474 pervenire,

1967 5476 2167 5530 omissa
2194 5477 2292 5531 hac
2319 5493 2469 5541 voce,
2500 5479 2762 5529 virtutum.

2038 5553 2066 5581 ἰ
2099 5547 2197 5601 Ms.
2233 5547 2386 5600 llem.
2421 5559 2470 5599 et
2502 5547 2630 5601 edit.
2664 5545 2935 5611 Lugdun.,
2968 5546 3035 5596 ad
3064 5545 3306 5613 gratiam.

2039 5625 2062 5652 ο
2096 5617 2373 5670 Editiones
2399 5617 2636 5680 Mogunt.
2665 5625 2721 5670 θλ.
2745 5615 2900 5676 Ven.,
2925 5625 3213 5683 utrumque.

2035 5698 2060 5736 ι’
2093 5688 2191 5744 Ms.
2225 5687 2356 5757 Jo|.,
2380 5687 2546 5758 Lugd.
2568 5685 2700 5743 edit.
2742 5695 2798 5743 et
2823 5690 3178 5750 posteriores,
3197 5688 3442 5744 alteram.
