4026 6176
389 213 496 269 955

1623 199 1683 256 s.
1724 192 2060 252 PROSPERI
2102 194 2420 263 AQUITANI

3555 182 3672 240 256

393 330 528 382 inria
562 325 666 381 fide
715 323 1008 384 roborans;
1042 333 1271 390 quorum
1303 314 1631 370 desiderium
1667 322 1692 350 ι
1733 322 1839 367 tam
1866 310 1979 364 vio-
2012 311 2057 371 Α
2087 321 2352 380 nequeat,
2387 310 2556 365 sancti
2585 309 2686 365 Job
2729 308 3013 364 constituis
3041 306 3346 375 exemplum
3374 348 3389 374 ,
3443 306 3534 376 qui
3571 306 3670 360 ad-

394 423 601 476 lentum
625 418 762 472 dicis
789 415 953 467 fuisse
992 413 1210 481 (Supra,
1243 426 1287 462 c.
1321 410 1376 474 7,
1405 424 1542 460 nunt.
1574 407 1652 473 1),
1685 413 1739 458 ut
1794 404 1863 457 ad
1906 405 1988 456 in-

395 513 680 566 vadendum
720 522 931 578 regnum
959 508 1204 558 cwlorum
1235 499 1480 571 specialia
1504 497 1783 551 vocationis
1807 494 1833 532 δ
1871 510 1986 547 mo-

396 604 509 655 nita
540 599 897 670 prwvenirent.
931 593 1138 648 Deinde
1166 604 1457 660 progressu
1482 585 1899 656 disputationis,
1932 593 1990 638 ιιι

397 691 822 747 incolumitatem
868 684 1144 740 interioris
1162 682 1396 737 hominis
1441 679 1737 750 patefacias
1767 677 1986 748 (Supra,

397 801 444 837 c.
476 783 532 850 9,
561 798 704 836 num.
733 779 812 849 2);
853 778 1032 846 ipsum
1061 775 1226 829 Adam
1269 773 1560 841 concepisse
1589 770 1813 840 quidem,
1839 784 1991 836 quam

397 893 500 930 non
553 874 805 936 habebat,
858 880 882 909 ε
927 870 1193 923 scientiam
1219 865 1344 919 mali
1367 881 1386 930 ;
1426 864 1515 918 sed
1543 879 1696 931 quam
1727 868 1993 930 acceperat

401 967 520 1020 boni
552 965 843 1027 scientiam,
875 977 978 1014 non
1006 960 1236 1013 amisisse
1263 956 1580 1011 confirmas.
1607 951 1850 1020 Cumque
1893 950 1995 1005 hoc

399 1060 563 1113 etiam
588 1073 654 1111 ex
678 1057 1081 1123 comparatione
1109 1052 1397 1121 impiorum
1429 1048 1663 1119 probare
1690 1045 1957 1099 voluisses
1976 1085 1992 1109 ,

400 1150 453 1202 in
487 1147 539 1203 id
567 1161 735 1216 usque
767 1145 1050 1215 prolapsus
1078 1157 1168 1209 es,
1197 1150 1254 1195 ut
1288 1140 1658 1209 proclamares
1685 1136 1911 1205 (Supra,
1945 1150 1993 1188 ο.

403 1242 491 1306 11,
519 1257 660 1293 num.
691 1238 773 1307 2),
807 1235 1099 1291 Cavendum
1151 1233 1294 1286 nobis
1322 1249 1458 1297 esse,
1498 1247 1560 1285 ne
1598 1230 1674 1283 ita
1703 1229 1768 1282 ad
1818 1225 1986 1280 Deum

402 1332 578 1385 omnia
608 1339 902 1382 sanctorum
930 1326 1112 1378 merita
1151 1323 1455 1393 referamus,
1489 1331 1545 1374 ut
1573 1321 1702 1373 nihil
1733 1319 1832 1372 nisi
1858 1318 1994 1387 quod

405 1423 597 1475 ntalum
631 1431 702 1474 est
731 1419 970 1472 humana:
1017 1416 1332 1471 ascribamus
1374 1425 1590 1468 natura.
1637 1413 1704 1468 Et
1743 1428 1808 1466 ne
1859 1412 1998 1466 hanc

406 1513 434 1552 ιι
467 1523 713 1568 naturam
753 1512 890 1566 ullas
930 1512 980 1564 in
1013 1508 1463 1577 praevaricatione
1492 1505 1622 1559 Δάαι
1647 1504 1998 1558 crederemus

408 1607 657 1662 amisisse
683 1607 910 1658 virtutes
931 1644 946 1667 ,
989 1600 1226 1656 definisti
1267 1609 1374 1653 tam
1411 1598 1714 1653 incolumes
1737 1611 1858 1652 esse
1883 1610 2000 1650 om-

2089 416 2276 454 versus
2299 401 2444 454 illam
2466 401 2727 469 insignem
2748 400 3030 454 diabolica:
3052 398 3276 452 saevitiae
3289 396 3668 452 crudelitatem

2090 491 2208 545 sine
2239 493 2329 546 Dei
2368 492 2618 560 praesidio
2648 491 2943 546 decertarit
2976 509 2988 542 :
3021 501 3073 544 et
3097 499 3414 557 argumento
3443 490 3673 556 probare

2093 583 2285 637 niteris
2308 621 2322 646 ,
2355 583 2499 652 quod
2533 583 2645 650 ipse
2675 581 3091 636 cruentissimus
3116 579 3367 633 inimicus
3392 578 3674 634 confesSus

2090 672 2181 737 sit,
2234 687 2340 726 non
2371 672 2582 726 Domini
2611 713 2626 737 ,
2664 672 2760 727 sed
2786 671 2888 727 Job
2915 686 2974 725 se
3005 673 3207 724 virtute
3237 681 3547 740 superatum
3571 710 3586 734 ,
3617 671 3672 723 irt

2091 779 2158 819 eo
2183 763 2327 833 quod
2357 763 2459 818 sibi
2489 764 2541 817 in
2571 764 2821 832 graviore
2843 761 3096 817 conflictu
3127 763 3349 830 gratiam
3381 761 3479 815 Dei
3505 761 3679 814 obsti-

2095 855 2226 908 tisse
2251 869 2358 908 non
2384 854 2520 908 dixit
2548 871 2562 908 :
2595 855 2747 923 quasi
2778 853 2863 907 vir
2890 853 2982 908 ille
3010 854 3061 906 in
3089 852 3301 907 damnis
3343 859 3506 921 atque
3528 851 3680 906 orbi-

2094 945 2290 1000 tatibus
2327 945 2578 1000 debuerit
2624 959 2860 1013 superna
2892 944 3228 1013 protectione
3262 942 3598 1011 circnrntegi,
3623 943 3680 996 in

2095 1037 2274 1092 carnis
2306 1045 2486 1090 autem
2535 1051 2646 1090 suae
2676 1037 2978 1103 animaeque
3008 1034 3294 1090 tormentis
3325 1048 3427 1087 non
3468 1032 3683 1101 eguerit

2096 1127 2359 1197 adjuvari.
2412 1129 2468 1182 Si
2508 1142 2640 1197 ergo
2669 1126 2772 1181 hac
2803 1127 3176 1198 magnitudine
3209 1126 3370 1179 animi
3397 1165 3413 1191 ,
3465 1126 3482 1162 ι
3515 1140 3680 1194 quam

2099 1219 2241 1272 illata
2265 1233 2363 1286 per
2383 1217 2624 1286 singulos
2647 1232 2947 1286 omnesque
2971 1224 3119 1269 artus
3137 1223 3219 1268 tot
3245 1216 3500 1268 mortium
3523 1229 3684 1282 poena

2100 1323 2208 1361 non
2236 1316 2488 1376 superat,
2522 1306 2536 1356 i
2572 1307 2703 1361 nihil
2728 1307 2868 1362 inter
2899 1315 3209 1361 sanctorum
3241 1306 3448 1374 palmas
3476 1319 3686 1360 memo-

2099 1399 2344 1462 rabilius,
2379 1396 2514 1452 nihil
2539 1398 2815 1452 invenitur
2851 1397 3156 1461 illustrius,
3183 1395 3209 1432 ¹ί
3232 1412 3460 1464 eamque
3481 1395 3690 1451 asseris

2099 1505 2163 1544 ex
2189 1489 2424 1542 humana
2456 1497 2658 1543 tantum
2686 1489 2883 1543 virtute
2911 1489 3210 1542 subsistere
3241 1505 3253 1539 :
3283 1488 3410 1557 quid
3434 1488 3546 1542 erit
3569 1487 3688 1541 lau-

2100 1582 2183 1634 dis
2211 1596 2273 1635 ac
2322 1581 2522 1649 meriti,
2549 1582 2693 1651 quod
2716 1581 2857 1636 inter
2881 1581 3057 1634 studia
3090 1581 3288 1650 quietis
3315 1588 3372 1634 et
3400 1580 3546 1649 pacis
3580 1594 3684 1635 ne-

409 1700 559 1753 nium
593 1695 874 1750 hominum
902 1693 1112 1747 animas
1142 1690 1487 1753 naturaliter,
1519 1703 1680 1758 quam
1712 1687 1811 1741 fuit
1836 1687 1995 1757 primi

2114 1681 2262 1742 jueat
2293 1672 2505 1726 arbitrii
2553 1672 2801 1727 obtinere
2826 1671 3049 1727 libertas
3071 1712 3086 1735 ,
3123 1685 3282 1740 quam
3315 1671 3369 1724 in
3402 1671 3537 1724 tanti
3580 1671 3692 1725 fine

411 1790 645 1844 hominis
659 1799 782 1842 ante
796 1795 1097 1856 peccatum,
1113 1783 1342 1838 dicendo
1358 1783 1578 1852 (Supra,
1594 1781 1748 1846 c.13,
1763 1797 1904 1833 num.
1923 1779 1999 1850 1),

416 1880 657 1936 Dubitari
686 1895 807 1949 ergo
835 1894 937 1930 non
967 1885 1161 1948 potest,
1191 1880 1353 1928 inesse
1382 1874 1520 1928 omni
1542 1874 1728 1926 animle
1753 1870 2004 1925 naturali-

413 1986 486 2028 ter
506 1974 747 2027 virtutum
776 1969 994 2034 semina,
1015 1968 1258 2038 beneﬁcio
1288 1965 1542 2020 Creatoris
1572 1966 1785 2018 inserta.
1810 1963 2003 2018 Consi-

412 2064 617 2119 deratis
657 2077 785 2131 ergo
823 2061 910 2116 his
939 2059 1348 2114 definitionibus
1380 2056 1486 2110 tuis
1509 2102 1523 2124 ,
1557 2070 1661 2110 non
1692 2064 1777 2110 est
1817 2055 2002 2109 occul-

413 2165 548 2218 tum,
580 2161 840 2224 quantum
867 2152 934 2206 ab
961 2150 1104 2205 illius
1123 2149 1408 2204 sententia:
1434 2150 1664 2200 sanitate
1685 2145 2001 2213 desciveris,

414 2250 466 2300 in
505 2261 609 2315 qua
642 2243 784 2314 quod
823 2241 1169 2297 tribuendum
1201 2251 1318 2294 erat
1348 2240 1537 2308 gratia:
1565 2237 1830 2292 fallaciter
1869 2253 2004 2306 prte-

412 2334 649 2390 dicando
667 2376 681 2398 ,
707 2334 1103 2388 catholicarum
1129 2331 1222 2385 tibi
1249 2331 1456 2385 aurium
1488 2329 1690 2398 judicia
1716 2330 2006 2384 conciliare

413 2427 663 2492 voluisti,
707 2426 903 2494 quibus
951 2424 1022 2479 de
1048 2434 1071 2460 °
1102 2423 1398 2492 praemissae
1435 2420 1787 2490 prolessionis
1828 2419 2006 2475 fronte

414 2518 624 2572 securis
648 2559 663 2583 ,
705 2516 866 2572 facile
895 2515 1184 2585 sequentia
1215 2515 1551 2583 irreperent,
1587 2512 1632 2566 si
1672 2512 1842 2582 prima
1887 2512 2003 2582 pla-

415 2608 679 2663 coissent.

914 2695 1074 2767 31.7
1112 2691 1347 2748 CAPUT
1386 2691 1502 2746 xv.

417 2789 601 2845 Libero
630 2787 843 2840 arbitrio
868 2797 1087 2855 quantas
1113 2785 1242 2838 vires
1283 2783 1472 2837 tribuat
1499 2783 1798 2855 Cassianus.
1826 2780 1924 2835 Job
1954 2781 2007 2834 in

489 2860 728 2927 conflictu
754 2854 1100 2927 cumdiabolo
1123 2871 1217 2927 sua
1240 2855 1400 2922 ipsius
1427 2856 1609 2927 uirtute
1629 2854 1808 2927 vici_ss_e
1836 2862 2006 2927 putat.

488 2923 684 2983 Contra
712 2927 958 2998 probatur
985 2925 1087 2998 Job
1113 2925 1292 2977 vicisse
1321 2924 1518 2998 auxilio
1543 2923 1659 2998 D__ei.
1703 2923 2011 2998 Tolerantite

493 2993 744 3071 fortitudo
783 3013 888 3071 non
944 2997 1041 3071 nisi
1076 3011 1158 3071 Aean:
1205 2995 1374 3071 gratia
1410 2993 1528 3071 _I)ei.
1568 2993 2006 3071 Cassiani‘error,

491 3063 725 3123 virtutem
761 3067 1028 3120 resistendi
1066 3063 1304 3118 habuisse
1333 3063 1434 3117 Job
1474 3080 1536 3118 ex
1573 3063 1732 3118 libero
1754 3063 1965 3117 arbitrio
1991 3105 2006 3131 ,

492 3157 595 3192 non
629 3155 692 3192 ex
720 3140 909 3209 gratia.

492 3229 660 3303 [Alias
688 3228 821 3283 Car.
849 3224 1113 3297 χχχιιι]
1139 3227 1191 3280 1.
1232 3225 1338 3281 Sed
1365 3225 1623 3280 hactenus
1645 3239 1714 3280 ne
1744 3224 1796 3278 in
1837 3232 2008 3279 totum

422 3319 690 3375 videreris
720 3333 748 3371 a
783 3316 999 3387 praefixa
1046 3317 1226 3386 regula
1267 3317 1616 3384 discrepare,
1649 3315 1722 3368 ita
1753 3316 2009 3370 virtutum

425 3411 852 3478 meritorumque
875 3405 1172 3476 principiaf
1198 3422 1225 3458 a
1241 3406 1417 3460 libero
1441 3403 1670 3460 arbitrio
1692 3403 1759 3459 ad
1783 3406 2011 3474 gratiam

424 3503 769 3568 transtulisti,
802 3510 827 3548 ε
851 3510 910 3555 ιιι
933 3501 1081 3570 ipsos
1107 3500 1367 3555 bonorum
1396 3496 1796 3553 desideriorum
1825 3499 2014 3553 volun-

425 3598 594 3652 tarios
642 3603 819 3649 motus
853 3594 972 3647 sine
1002 3592 1205 3646 auxilio
1234 3591 1326 3645 Dei
1366 3605 1468 3646 nec
1511 3591 1737 3660 provehi
1769 3592 2017 3647 fatereris

425 3703 620 3762 posse,
649 3701 750 3741 nec
775 3685 967 3756 perfici
1008 3700 1024 3740 :
1051 3699 1196 3738 nunc
1221 3697 1351 3738 vero
1381 3692 1594 3738 remoto
1634 3682 1846 3752 longius
1872 3683 2014 3751 Deo,

429 3789 484 3835 et
522 3796 550 3833 a
581 3779 984 3832 sustentatione
1027 3775 1259 3829 hominis
1288 3784 1572 3844 separato,
1615 3785 1814 3829 tantam
1848 3776 2018 3832 libero

427 3872 655 3926 arbitrio
685 3867 714 3908 ιι
747 3869 1040 3938 potentiam
1068 3867 1291 3933 tribuis,
1330 3877 1387 3921 ut
1417 3884 1523 3920 non
1556 3868 1732 3922 solum
1771 3869 2020 3923 amissio-

428 3981 550 4019 nem
577 3962 956 4030 multiplicium
987 3960 1322 4024 facultatum,
1353 3968 1403 4012 et
1431 3959 1594 4012 totius
1612 3959 1769 4013 simul
1802 3960 2015 4014 familia:

429 4071 493 4109 ac
535 4051 998 4107 necessitudinum
1045 4047 1455 4102 acerbissimum
1498 4050 1657 4103 finem
1703 4059 2017 4105 constanter

429 4140 913 4213 :equanimiterque
939 4139 1232 4206 suscipiat;
1256 4136 1352 4191 sed
1390 4138 1556 4206 ipsius
1586 4154 1799 4208 quoque
1821 4156 2014 4209 corpo-

432 4237 507 4288 ris
537 4233 742 4304 proprii
770 4230 1070 4287 ineffabiles
1114 4231 1387 4284 cruciatus
1419 4230 1698 4299 proposito
1735 4231 1894 4286 nuda:
1924 4249 2024 4288 vo-

430 4327 654 4382 luntatis
695 4323 928 4379 evincat.
971 4323 1040 4378 Et
1079 4330 1135 4376 ut
1162 4319 1399 4375 dubitari
1437 4321 1568 4376 hinc
1607 4321 1917 4392 disputante
1964 4335 2016 4382 te

507 4517 532 4546 ⁸
554 4506 832 4561 Editiones
858 4506 1095 4576 Mogunt.
1125 4514 1178 4557 et
1206 4503 1365 4570 Ven.,
1399 4511 1501 4557 tam
1529 4504 1719 4558 volens.

505 4577 532 4616 δ
555 4578 652 4632 Ms.
684 4576 959 4643 Joliensis,
989 4576 1188 4628 merita.

509 4660 531 4688 ε
561 4647 739 4703 Editio
765 4645 958 4714 Lugd.,
986 4646 1346 4698 conscientiam
1377 4645 1535 4707 mali;
1565 4645 1653 4698 sed
1693 4646 1832 4715 quod
1872 4663 2020 4702 acce—

437 4731 604 4792 perat,
632 4716 937 4792 etiam_boni_
963 4717 1226 4768 scientiam
1247 4718 1624 4792 non‘atrtisisse.

509 4789 535 4828 ἀ
570 4789 746 4844 Editio
793 4787 1232 4858 Lugd.,no_turas
1280 4786 1438 4838 ullas.
1493 4787 1638 4841 Edit.
1691 4787 1930 4858 Mogunt.
1963 4797 2022 4844 et

439 4863 604 4923 \‘en.,
629 4873 726 4928 pro
750 4859 973 4922 animus,
1011 4856 1207 4928 habent
1231 4858 1449 4928 animos.

516 4942 540 4969 ο
571 4926 698 4986 Mss.
730 4929 894 4982 Corb.
937 4938 993 4980 et
1023 4926 1258 4994 Remig.,
1279 4927 1409 4980 edit.
1435 4926 1577 4997 Mog.
1608 4937 1664 4983 et
1695 4928 1856 4993 Ven.,
1889 4945 2024 4998 pm-

441 5004 609 5058 missa:
635 4997 1002 5072 promissionis.

520 5073 538 5111 ί
577 5065 651 5126 Ita
680 5083 808 5124 mss.
834 5065 1466 5135 Corb.,Rernig.etJol.,
1489 5084 1612 5123 cum
1632 5069 1763 5123 edit.
1784 5069 2024 5137 Mogunt.

445 5155 498 5201 et
532 5144 664 5198 Ven.
698 5140 943 5209 Lugdun.
987 5154 1116 5192 vero
1145 5149 1200 5209 et
1229 5137 1576 5209 posteriores,
1607 5141 1675 5191 ad
1706 5140 1923 5193 liberum
1944 5156 2032 5191 αι·-

448 5216 657 5268 bitrium
686 5229 715 5264 a
743 5207 910 5282 gratia
936 5207 1268 5282 transtulisti,
1301 5217 1356 5282 ut
1380 5207 1541 5276 ipsos,
1577 5220 1684 5262 etc.

523 5294 548 5332 ε
581 5285 677 5336 Ms.
703 5278 950 5345 Joliens.,
973 5291 1029 5332 ut
1052 5280 1282 5345 ipsorum
1311 5278 1557 5330 bonorum
1581 5278 1892 5332 voluntarios
1921 5294 2032 5332 rno-

451 5364 555 5420 tus,
569 5354 764 5406 omissa
791 5365 946 5414 voce,
962 5349 1353 5404 desideriorum.
1372 5349 1711 5404 Posteriores
1735 5349 2028 5420 editiones,

451 5419 624 5489 Lugd.
656 5431 710 5474 et
733 5422 875 5487 alim,
907 5422 1064 5486 paulo
1086 5430 1225 5488 post,
1247 5420 1491 5489 patereris
1521 5420 1752 5484 habent,
1784 5419 1873 5473 ubi
1901 5435 2030 5477 mss.

452 5503 510 5548 et
536 5491 864 5558 antiquiores
895 5491 1132 5558 Mogunt.
1162 5499 1218 5544 et
1248 5490 1404 5552 \'en.,
1440 5492 1690 5560 fatereris.

527 5561 555 5599 ³
585 5561 682 5613 Ms.
707 5560 984 5621 Joliensi‘s,
1009 5562 1286 5628 potentiam
1315 5561 1559 5617 tribuisti.

531 5630 548 5672 ⁸
576 5631 674 5687 Ms.
711 5628 840 5695 .lol.,
869 5645 970 5698 qua
999 5629 1175 5700 illata,
1204 5641 1333 5698 etc.,
1377 5641 1434 5686 ut
1459 5632 1511 5688 in
1542 5640 1712 5688 textu.
1739 5632 1882 5689 Edit.
1912 5633 2022 5688 Mo-

2103 1762 2418 1818 certaminis
2445 1763 2513 1817 de
2541 1762 2653 1817 suis
2681 1761 2884 1817 viribus
2920 1759 3230 1816 coronasti?

2171 1855 2226 1908 2.
2258 1855 2452 1919 Quaero
2483 1854 2646 1923 igitur
2690 1853 2786 1906 abs
2813 1860 2899 1916 te,
2926 1853 3244 1906 videaturne
3296 1851 3389 1905 tibi
3419 1851 3502 1905 vir
3535 1852 3640 1907 iste
3671 1894 3687 1918 ,

2102 1958 2224 1998 cum
2271 1945 2380 1998 illis
2427 1959 2546 2013 qua:
2593 1943 2818 2013 legimus
2864 1943 3142 2012 suppliciis
3187 1943 3538 2011 probaretur,
3591 1941 3694 1996 ba-

2105 2037 2285 2092 buisse
2316 2035 2337 2072 ι
2371 2036 2427 2089 in
2456 2050 2516 2090 se
2536 2035 2797 2104 Spiritum
2825 2035 3110 2088 sanctum?
3140 2034 3198 2088 Si
3229 2033 3483 2088 habuisse
3513 2034 3690 2098 dicis.

2104 2140 2312 2184 certum
2353 2138 2439 2184 est
2484 2127 2610 2197 quia
2643 2127 2782 2182 Deus
2813 2141 2971 2194 quem
3016 2140 3121 2179 non
3151 2125 3422 2190 deseruit,
3461 2125 3692 2193 adjuvit.

2104 2223 2158 2276 Si
2202 2229 2382 2277 autem
2413 2219 2700 2275 recessisse
2727 2219 2796 2273 ab
2833 2234 2901 2274 eo
2929 2218 3189 2288 Spiritum
3219 2217 3386 2289 358
3442 2227 3692 2271 sanctum

2106 2312 2338 2378 dixeris;
2383 2311 2732 2381 propheticus
2775 2321 2828 2366 te
2871 2311 3114 2380 ejusdem
3146 2326 3328 2364 sermo
3379 2310 3694 2371 convincit.

2107 2403 2365 2468 dicentis,
2400 2403 2521 2458 Scio
2553 2403 2684 2455 enim
2710 2402 2847 2470 quod
2878 2401 3205 2470 Redemptor
3226 2416 3367 2454 meus
3388 2409 3426 2436 ω
3455 2401 3614 2463 vivat,
3647 2410 3698 2453 et

2107 2495 2161 2548 in
2190 2493 2461 2547 novissimo
2489 2493 2574 2554 die
2619 2492 2682 2545 de
2717 2503 2851 2545 terra
2888 2501 3213 2545 surrecturus
3248 2493 3346 2544 sim
3367 2530 3385 2555 ,
3431 2502 3477 2544 et
3514 2508 3698 2544 rursus

2109 2586 2465 2640 circumdubor
2492 2585 2624 2652 pelle
2648 2601 2779 2649 mea,
2813 2595 2860 2638 et
2884 2585 2937 2639 in
2956 2601 3110 2638 carne
3131 2600 3243 2638 mea
3263 2585 3440 2637 videbo
3460 2593 3488 2620 ιι
3503 2583 3691 2646 Deum,

2109 2693 2258 2748 quem
2304 2677 2499 2730 visurus
2526 2693 2639 2728 sum
2665 2692 2758 2745 ego
2791 2677 2930 2743 ipse,
2977 2688 3024 2729 et
3060 2675 3197 2729 oculi
3237 2676 3337 2729 mei
3373 2676 3698 2740 conspecturi

2109 2777 2232 2824 sunt
2253 2809 2268 2832 ,
2321 2777 2491 2822 etnon
2520 2767 2654 2820 alius
2685 2783 2701 2820 :
2728 2768 2953 2838 reposita
2981 2776 3054 2821 est
3086 2769 3194 2821 hare
3220 2783 3338 2834 spes
3363 2783 3474 2820 mea
3496 2767 3549 2818 in
3579 2767 3698 2820 sinu

2111 2878 2222 2917 meo
2252 2860 2393 2931 (Job.
2426 2875 2538 2925 ιιι,
2567 2857 2687 2929 25).
2711 2858 2866 2925 Quod
2904 2860 2948 2913 si
2987 2858 3054 2914 de
3083 2858 3460 2913 incarnatione
3485 2858 3698 2912 Domini

2113 2956 2282 3010 nostri
2334 2953 2460 3009 Jesu
2505 2951 2749 3017 Christi,
2791 2968 2855 3006 ac
2893 2953 3294 3007 resurrectione
3324 2951 3443 3020 ejus
3481 2951 3571 3019 qui
3617 2960 3700 3004 est

2037 3043 2084 3108 C
2117 3044 2368 3115 primitias
2397 3043 2807 3106 dormientium,
2837 3049 2893 3096 et
2923 3041 2991 3096 de
3018 3056 3114 3110 spe
3141 3041 3556 3112 redemptionis,
3578 3055 3699 3110 qua:

2117 3138 2172 3192 itt
2197 3139 2313 3206 ipso
2333 3136 2562 3206 reposita
2585 3143 2670 3190 est
2690 3133 2942 3189 omnibus
2966 3135 3190 3202 sanctis,
3213 3145 3363 3190 recte
3385 3135 3702 3204 intelligitur

2120 3227 2531 3296 prophetatum;
2587 3225 2868 3279 manifeste
2910 3235 3132 3294 apparet
3169 3239 3273 3279 non
3306 3225 3625 3280 discessisse
3669 3240 3701 3280 ι

2118 3319 2318 3387 templo
2349 3333 2448 3372 suo
2475 3318 2703 3388 gratiam
2756 3317 2881 3382 Dei,
2913 3329 2967 3373 et
2992 3319 3184 3373 fecisse
3211 3319 3322 3388 jam
3363 3329 3489 3374 tunc
3521 3320 3704 3374 Donni-

2119 3425 2246 3464 num
2275 3417 2301 3444 ο
2332 3410 2386 3463 in
2433 3409 2536 3463 hoc
2580 3419 2770 3463 sancto
2801 3423 2924 3470 suo,
2959 3409 3101 3476 quod
3132 3421 3318 3478 postea
3361 3411 3414 3462 in
3443 3409 3705 3478 apostolis

2118 3500 2519 3572 etmartyribus
2538 3501 2652 3555 suis
2675 3499 2978 3568 spondebat
2995 3513 3116 3555 esse
3141 3501 3471 3565 faciendum,
3493 3501 3702 3568 dicens,

2117 3592 2248 3648 Cum
2280 3601 2452 3647 autem
2480 3593 2680 3646 tradent
2709 3609 2816 3658 vos,
2864 3592 3025 3647 nolite
3060 3594 3285 3662 cogitare
3328 3595 3586 3659 quomodo
3616 3605 3704 3646 aut

2117 3685 2243 3753 quid
2273 3683 2554 3754 loquamini
2583 3700 2601 3739 :
2632 3684 2839 3738 dabitur
2872 3686 3008 3738 enim
3033 3687 3170 3738 vobis
3197 3687 3250 3738 in
3278 3686 3372 3739 illa
3407 3687 3539 3740 hora
3581 3687 3704 3755 quid

2121 3776 2406 3845 loquamini
2452 3792 2470 3830 :
2523 3792 2624 3829 non
2676 3777 2812 3830 enim
2857 3792 2943 3830 vos
2993 3778 3110 3831 estis
3143 3779 3231 3847 qui
3276 3778 3578 3846 loquimini,
3617 3779 3706 3831 sed

2123 3868 2357 3935 Spiritus
2382 3865 2559 3920 Patris
2584 3868 2754 3930 vestri,
2783 3868 2870 3937 qui
2895 3869 3122 3937 loquitur
3147 3871 3200 3922 in
3227 3869 3363 3922 vobis
3385 3868 3604 3938 (Matth.
3637 3887 3669 3924 ι
3689 3914 3704 3937 ,

2119 3958 2232 4027 19).
2261 3955 2400 4024 Quid
2426 3972 2551 4011 cum
2580 3957 2723 4011 idem
2767 3969 2985 4012 sanctus
3033 3960 3232 4029 ineptis
3271 3961 3708 4016 consolatoribus

2119 4047 2500 4118 responderet,
2527 4057 2553 4096 P
2583 4063 2764 4102 nonne
2805 4049 2858 4102 in
2882 4049 2976 4102 Dei
3010 4050 3206 4104 fidebat
3232 4052 3469 4118 auxilio,
3499 4053 3708 4115 dicens,

2123 4140 2226 4207 Qui
2249 4139 2513 4194 deridetur
2538 4138 2601 4191 ab
2628 4140 2796 4194 amico
2833 4156 2950 4206 suo,
2989 4142 3121 4194 sicut
3147 4157 3261 4212 ego,
3305 4143 3560 4196 invocabit
3601 4142 3708 4197 Do-

2119 4235 2340 4297 minum,
2365 4240 2411 4286 et
2442 4232 2681 4285 exaudiet
2709 4250 2821 4286 eum
2836 4233 2982 4303 (Job.
3003 4250 3094 4298 ιιι,
3117 4233 3214 4304 ιγι
3243 4234 3350 4289 Ant
3379 4237 3656 4292 nesciebat
3679 4247 3707 4287 ς

2120 4343 2187 4382 ex
2215 4325 2311 4380 illo
2340 4338 2399 4380 se
2447 4322 2649 4379 habere
2681 4323 2824 4395 quod
2861 4326 3132 4393 habebat,
3163 4327 3232 4382 de
3261 4343 3369 4396 quo
3402 4329 3510 4394 ait,
3553 4330 3708 4399 Apud

2040 4515 2092 4574 ι)
2116 4517 2292 4578 gunt.,
2323 4522 2426 4576 qua
2454 4505 2622 4560 illata.
2654 4505 2818 4575 Ven.,
2847 4524 2948 4577 qua
2977 4508 3296 4565 illatam.....
3326 4509 3570 4561 mortium
3601 4526 3709 4578 pa:-

2125 4595 2243 4632 nam
2265 4586 2490 4645 superat.

2199 4648 2212 4697 i
2254 4647 2382 4700 Mss.
2412 4645 2572 4700 Corb.
2599 4655 2655 4700 et
2694 4646 2931 4722 Rernig.,
2978 4649 3110 4702 nihil
3152 4648 3269 4719 plus
3298 4649 3435 4701 intra
3470 4648 3709 4722 (Remig.

2127 4722 2285 4782 inter)
2313 4726 2609 4768 sanctorum
2640 4719 2855 4783 palmas,
2888 4729 2993 4772 etc.

2199 4787 2225 4858 ιε
2258 4786 2664 4858 Edit._Mugunt.
2693 4799 2748 4842 et
2776 4788 2934 4853 Veu.,
2962 4805 3199 4858 cumque.
3232 4788 3424 4857 Lugd.,
3458 4806 3636 4856 eaque.

2206 4857 2224 4895 ι
2263 4857 2363 4910 Ms.
2395 4855 2648 4912 Jolieusis
2677 4869 2826 4913 caret
2846 4859 2961 4925 his,
2989 4855 3116 4913 inse
3143 4874 3163 4915 .'
3221 4855 3335 4913 tnui
3360 4876 3488 4914 vero
3518 4864 3714 4928 dicens,

2131 4928 2254 4983 Scio
2279 4927 2437 4995 quod.

2201 5008 2242 5035 ω
2270 4998 2413 5052 Edit.
2441 4996 2678 5066 Mogunt.
2714 5009 2768 5054 et
2802 5000 2966 5066 νειμ,
3007 4999 3153 5065 vivit,
3176 5010 3225 5053 et
3261 5000 3314 5054 in
3338 5002 3614 5056 novissimo
3659 5004 3720 5056 de

2129 5079 2265 5123 terra
2287 5077 2606 5120 surrecturus
2632 5086 2768 5122 sum.

2201 5147 2229 5175 ιι
2257 5138 2356 5194 Ms.
2381 5137 2657 5214 Jolieusis,
2690 5139 2855 5193 Deum
2878 5140 3182 5214 salvatorem
3208 5157 3469 5196 meum....
3498 5145 3722 5214 reposita

2130 5217 2204 5263 est
2234 5224 2504 5281 spesmea,
2531 5211 2734 5263 omisso
2762 5211 3079 5281 pronomine
3118 5212 3248 5264 hac.

2207 5287 2230 5313 ο
2261 5278 2403 5332 Edit.
2440 5279 2680 5347 Mogunt.
2707 5278 2952 5346 et'Ven.,
2979 5282 3033 5333 in
3060 5292 3239 5335 sancto
3268 5297 3379 5334 suo.

2207 5359 2234 5397 ρ
2259 5348 2402 5403 Edit.
2456 5349 2679 5420 Colon.,
2734 5369 2839 5405 non
2880 5355 2934 5404 in
2975 5351 3101 5412 Dei,
3145 5360 3352 5420 etpost
3392 5367 3557 5420 pauca
3589 5353 3719 5408 edit.

2139 5419 2375 5495 Mogunt.
2427 5430 2482 5495 et
2521 5419 2682 5489 Ven.,
2732 5423 2982 5476 invocabit
3027 5422 3210 5475 Deum.
3234 5419 3342 5476 Ms.
3389 5419 3625 5495 Remig.,
3669 5434 3720 5478 et

2132 5492 2242 5560 ipse
2272 5491 2529 5543 exaudiet.

2203 5570 2229 5609 ει
2261 5560 2360 5616 Ms.
2394 5561 2683 5629 Joliensis,
2716 5566 2778 5616 ab
2815 5564 2908 5617 illo
2942 5577 2960 5613 :
2985 5563 3190 5631 caueri,
3217 5578 3279 5617 ea:
3305 5561 3419 5617 illo.
