4026 6176
317 165 415 220 257

1434 153 1632 211 LIBER
1669 152 1943 210 CONTRA
1983 149 2467 209 COLLATOBEM.

3471 149 3580 205 τδς

316 282 478 348 ipsum
499 284 522 312 α
554 273 813 341 sapientia
847 281 895 327 et
925 272 1195 345 fortitudo,
1226 271 1335 344 ipse
1360 271 1508 324 habet
1539 272 1810 325 consilium
1839 279 1886 324 et
1915 271 1967 332 Α
1994 269 2267 339 postulavit
2299 264 2316 304 ι
2360 276 2417 318 ut
2445 271 2669 318 cerneret
2716 278 2800 317 vos
2830 265 2962 318 velut
2993 263 3260 328 triticum;
3287 279 3382 332 ego
3411 275 3580 318 autem

319 366 708 438 intelligentiam
735 361 857 433 (Job
878 379 972 426 xu,
998 364 1086 433 l3)
1109 361 1169 416 εδ
1201 362 1338 417 etde
1359 361 1630 431 quodicit,
1648 360 1715 415 In
1743 364 1893 432 cujus

316 474 468 512 manu
490 457 665 509 anima
689 453 857 507 omnis
883 452 1087 506 viventis
1117 460 1170 505 et
1198 452 1415 519 spiritus
1445 453 1693 506 universa
1724 452 1896 505 carnis

317 544 747 615 hominis(lbid.,
777 542 1192 614 10):etiterum,
1211 541 1492 611 Exspecto,
1512 542 1706 612 inquit.
1736 543 1894 594 donec

314 642 481 694 ueniat
501 635 789 690 immutatio
815 650 926 687 mea
956 649 974 688 :
1003 634 1204 687 vocabis
1231 643 1277 687 et
1299 649 1391 704 ego
1412 631 1729 702 respondebo
1757 631 1848 683 tibi
1875 645 1894 682 :

316 732 456 800 operi
485 745 736 782 manuum
771 737 976 780 tuarum
1009 725 1241 795 porriges
1269 725 1531 777 dexteram
1562 740 1580 777 :
1613 733 1668 776 tu
1690 723 1896 794 quidem

312 842 514 898 gressus
543 839 682 876 meos
712 820 1078 885 dinumerasti,
1114 829 1137 857 ε
1161 819 1249 871 sed
1278 817 1448 887 parcis
1487 819 1703 889 peccatis
1727 817 1852 869 meis
1877 832 1896 869 :

311 917 528 990 signasti
552 915 702 985 quasi
729 914 786 966 in
812 911 1018 965 sacculo
1049 910 1237 963 delicta
1267 925 1408 974 mea,
1455 908 1546 962 sed
1574 908 1767 961 curasti
1793 908 1894 959 ini-

311 1011 556 1076 quitatem
602 1021 793 1059 meam.
838 1002 957 1056 Non
1015 1016 1146 1071 ergo
1199 997 1227 1036 (³
1275 999 1592 1055 deseruerat
1640 997 1898 1053 Dominus

315 1115 469 1170 quem
498 1096 764 1152 curabat:
803 1108 977 1162 neque
1005 1106 1161 1158 apem
1195 1104 1346 1144 suam
1391 1090 1688 1144 abstulerat
1724 1088 1792 1141 ab
1831 1103 1897 1142 eo

313 1189 394 1244 cui
428 1185 805 1257 puriticatoria
836 1182 1094 1250 remedia,
1122 1180 1322 1251 quibus
1349 1180 1547 1235 clarius
1574 1180 1895 1246 uilesceret,

313 1278 657 1334 admovebat.

381 1368 552 1439 [Alias
580 1363 712 1419 CAP.
739 1359 985 1431 χχχιι]
1026 1362 1080 1415 5.
1123 1360 1202 1415 Ad
1244 1361 1383 1416 hanc
1417 1369 1440 1397 ο
1471 1358 1780 1429 passionum
1820 1367 1900 1412 to-

315 1458 609 1512 lerantiam
640 1495 656 1520 ,
711 1455 764 1508 in
796 1469 898 1523 qua
941 1453 1028 1505 hic
1070 1463 1290 1507 sanctus
1314 1452 1568 1517 emicuit,
1609 1451 1770 1504 etiam
1809 1449 1901 1504 ille

317 1555 429 1602 erat
461 1552 801 1616 praeparatus
829 1558 859 1596 a
902 1542 1134 1595 Domino
1156 1583 1171 1607 ,
1201 1542 1292 1610 qui
1337 1541 1589 1606 diccbat,
1623 1539 1764 1594 Nam
1807 1539 1902 1593 etsi

1996 359 2172 430 rogavi
2202 373 2294 429 pro
2339 367 2408 421 te,
2442 355 2618 416 Petre.
2651 372 2716 408 ne
2756 355 2961 424 deﬁciat
3002 356 3131 424 ﬁdes
3176 365 3284 408 tua.
3330 354 3585 422 Quisquis

1998 451 2158 519 igitur
2180 459 2218 485 ω
2251 451 2301 503 in
2329 445 2769 502 tribulationibus
2793 463 2898 500 non
2927 446 3131 512 deﬁcit,
3159 447 3228 500 ab
3255 447 3354 501 illo
3391 461 3451 502 se
3478 462 3585 501 non

1997 540 2207 594 dubitet
2255 537 2498 606 adjuvari
2534 536 2602 591 ad
2631 551 2793 606 quem
2829 537 3073 606 quotidie
3098 537 3263 592 corda
3301 538 3588 593 universo-

1999 647 2115 686 rum
2137 630 2372 685 fidelium
2397 629 2656 693 clamant,
2679 636 2706 663 ιι
2735 627 3020 696 Neinferas
3042 644 3134 682 nos
3157 630 3584 693 intentationem,

1996 723 2086 777 sed
2114 721 2277 775 libera
2305 737 2398 774 nos
2427 737 2459 774 a
2483 719 2619 772 malo
2644 717 2864 788 (Matth.
2896 734 2972 784 γι,
3002 721 3120 787 i5):
3152 720 3409 789 quoniam
3431 729 3456 755 ο
3482 720 3588 772 (.‘u-

1997 814 2156 868 stodit
2203 811 2459 866 Dominus
2509 811 2708 864 animas
2738 819 3037 864 sanctorum
3060 828 3302 877 suorum,
3330 813 3395 866 de
3433 829 3590 866 manu

1998 915 2320 975 peccatorum
2353 902 2588 955 liberabit
2615 917 2701 954 eos
2732 899 2906 973 (Psal.
2935 917 3087 969 chI,
3118 902 3230 972 10).

2070 995 2122 1048 4.
2157 994 2309 1062 Quod
2338 1000 2517 1047 autem
2549 991 2682 1046 dicis
2716 1009 2727 1042 :
2761 989 2994 1044 Gratiam
3043 992 3137 1045 Dei
3174 993 3236 1046 ab
3277 993 3377 1046 Job
3418 1010 3483 1048 ea:
3528 1010 3589 1050 co

2003 1100 2029 1139 P
2059 1090 2444 1161 intelligendum
2475 1104 2576 1140 non
2608 1086 2808 1155 penitus
2836 1087 3125 1154 recessisse,
3173 1087 3309 1155 quod
3353 1092 3592 1142 tentatori

2001 1185 2113 1247 ejus
2135 1192 2331 1234 tantam
2362 1178 2504 1232 Deus
2536 1188 2563 1228 ιι
2588 1177 2819 1231 tentandi
2849 1177 3048 1231 dederit
3077 1187 3396 1246 potestatem,
3427 1197 3594 1249 quan-

2004 1285 2107 1327 tam
2127 1283 2174 1327 ct
2195 1272 2343 1327 illum
2368 1270 2641 1324 resistendi
2667 1280 2874 1322 noverat
2901 1268 3087 1322 habere
3113 1271 3380 1324 virtutem:
3409 1285 3590 1324 nonne

2002 1361 2571 1431 rcctiusveraciusque
2590 1362 2912 1428 loquereris,
2931 1361 2973 1412 si
3001 1360 3087 1414 ubi
3106 1361 3310 1427 dixisti,
3339 1361 3597 1426 Quantam

2003 1466 2052 1510 et
2083 1458 2231 1509 illum
2274 1455 2542 1509 resistendi
2587 1463 2794 1508 nouerat
2822 1453 3006 1506 habere
3031 1455 3307 1519 virtutem;
3339 1465 3360 1490 ι’
3387 1456 3600 1508 diceres

2006 1550 2204 1615 potius,
2229 1557 2485 1617 quantam
2517 1554 2571 1598 et
2601 1545 2674 1599 illi
2727 1544 3018 1599 resistendi
3049 1554 3275 1599 noverat
3301 1560 3358 1598 se
3385 1544 3600 1599 dedisse

316 1638 576 1691 ambulem
602 1637 657 1689 in
687 1635 857 1688 medio
882 1634 1076 1688 umbra:
1105 1634 1284 1686 mortis
1304 1674 1318 1698 ,
1349 1649 1451 1686 non
1493 1632 1676 1687 timebo
1725 1632 1900 1699 mala,
1939 1644 1981 1702 Β
2012 1638 2306 1693 virtutem?
2333 1645 2354 1672 ⁸
2398 1637 2453 1692 lu
2487 1636 2605 1705 ejus
2636 1636 2778 1691 enim
2826 1636 2978 1691 verbi
3035 1637 3396 1698 correctione.
3431 1644 3601 1690 totam

315 1731 560 1800 quoniam
581 1737 636 1781 tu
658 1743 857 1782 mecum
884 1744 934 1780 es
961 1726 1135 1792 (Psal.
1169 1741 1302 1787 ml.
1332 1726 1392 1796 4)
1425 1743 1439 1778 :
1478 1735 1531 1780 et
1558 1726 1710 1792 illud,
1741 1725 1760 1764 ί
1806 1726 1908 1781 Sa-

317 1823 394 1874 lus
410 1822 682 1890 justorum
704 1835 736 1871 a
765 1816 1011 1882 Domino,
1045 1826 1092 1869 et
1121 1826 1374 1887 protector
1396 1833 1572 1871 eorum
1599 1828 1672 1871 est
1694 1818 1750 1871 in
1783 1825 1910 1871 tem-

319 1926 436 1978 pore
461 1908 818 1962 tribulationis
849 1906 1022 1977 (Psal.
1051 1922 1246 1971 xxxvr,
1268 1906 1382 1976 59).
1407 1907 1487 1962 Ad
1512 1908 1648 1962 hanc
1669 1909 1909 1962 toleran-

322 2002 445 2056 tiam
477 2000 646 2054 etiam
675 1998 768 2054 ille
795 2007 820 2045 8
857 2007 974 2052 erat
1003 2007 1339 2068 preparatus
1368 2013 1395 2051 a
1430 1997 1688 2062 Domino,
1722 1999 1811 2067 qui
1855 2006 1911 2052 et

319 2093 545 2149 credere
568 2094 622 2147 in
650 2091 952 2157 Christum,
979 2101 1033 2144 et
1059 2105 1158 2160 pro
1187 2088 1403 2144 Christo
1422 2089 1533 2160 pati
1559 2089 1826 2144 referebat
1844 2089 1910 2143 ad

319 2186 622 2254 Christum,
653 2185 873 2239 dicens:
897 2183 1178 2252 Justiﬁcati
1206 2183 1367 2252 igitur
1388 2197 1452 2236 ea:
1474 2182 1597 2252 fide,
1624 2198 1798 2250 pacem
1820 2183 1912 2236 ha-

323 2281 524 2332 beamus
551 2279 620 2331 ad
647 2276 815 2329 Deum
843 2292 931 2344 per
954 2275 1233 2327 Dominum
1263 2271 1428 2344 35.9
1461 2281 1695 2326 nostrum
1730 2271 1913 2325 Jesum

323 2367 616 2434 Christum;
653 2382 742 2438 per
760 2382 914 2436 quem
941 2374 987 2419 et
1013 2380 1274 2417 accessum
1309 2364 1549 2416 habemus
1575 2360 1601 2399 ιι
1633 2380 1727 2434 per
1756 2361 1913 2430 [idem

322 2463 370 2514 in
398 2462 633 2533 gratiam
669 2461 842 2522 istam,
871 2460 924 2512 in
953 2475 1056 2528 qua
1086 2467 1280 2511 stamus
1299 2497 1312 2520 ,
1338 2465 1387 2510 et
1426 2456 1712 2527 gloriamur
1741 2456 1793 2509 in
1827 2473 1915 2526 spe

324 2557 501 2624 glorice
535 2552 766 2621 ﬁliorum
797 2551 932 2604 Dei:
959 2567 1064 2604 nou
1095 2551 1260 2603 solum
1288 2561 1489 2612 autent,
1533 2547 1624 2601 sed
1651 2557 1696 2600 et
1723 2548 1916 2617 gloria-

323 2661 434 2697 mur
463 2646 523 2698 in
555 2640 992 2703 tribulationibus,
1021 2641 1242 2693 scientes
1271 2641 1407 2708 quod
1435 2639 1697 2691 tribulatio
1719 2638 1917 2708 patien-

324 2741 444 2791 tiant
479 2744 751 2803 operatur,
792 2733 1040 2802 patientia
1062 2741 1236 2785 autem
1263 2731 1615 2801 probationem
1639 2771 1654 2796 ,
1681 2728 1916 2797 probatio

323 2845 437 2884 vero
466 2843 616 2897 spem
640 2870 654 2894 ,
686 2841 800 2890 spes
831 2835 999 2877 autem
1030 2840 1130 2875 non
1170 2822 1442 2892 confundit
1475 2837 1493 2875 :
1524 2822 1665 2890 quia-
1689 2819 1918 2873 charitas

327 2919 422 2974 Dei
449 2916 656 2984 ili/fusa
682 2925 754 2969 est
792 2916 846 2968 in
875 2914 1111 2967 cordibus
1135 2914 1322 2966 nostris
1377 2930 1469 2984 per
1506 2912 1768 2981 Spiritum
1797 2929 1912 2965 san-

2011 1732 2167 1785 istam
2197 1730 2421 1800 gloriam
2452 1744 2612 1798 quam
2671 1727 2920 1780 humanis
2966 1727 3172 1781 viribus
3201 1727 3477 1796 assignare
3507 1741 3602 1779 vo—

2013 1821 2182 1885 luisti,
2213 1820 2509 1874 sobrietate
2531 1818 2707 1888 aliqua
2741 1827 3140 1886 temperasses:
3169 1827 3230 1871 ut
3259 1818 3345 1870 illa
3376 1816 3599 1871 mirabi-

2013 1913 2078 1966 lis
2107 1912 2163 1964 in
2195 1917 2342 1964 tanta
2374 1908 2670 1963 alﬂictione
2703 1905 2982 1976 patientia,
3017 1907 3036 1943 τ
3071 1915 3127 1962 et
3184 1906 3282 1961 Dei
3330 1905 3601 1975 adjutorio

2011 2012 2067 2056 et
2097 2003 2266 2058 libi-ro
2295 2002 2526 2056 hominis
2552 2000 2917 2056 ascriberetur
2964 1999 3210 2054 arbitrio.
3256 1998 3360 2054 Sed
3394 1998 3601 2054 veritus

2012 2109 2072 2149 es
2103 2104 2305 2148 natura:
2337 2093 2583 2146 humana:
2622 2093 2868 2147 minuere
2899 2092 3135 2157 laudem,
3167 2091 3211 2145 si
3246 2092 3296 2146 ei
3323 2092 3603 2160 proﬁtere-

2013 2188 2090 2242 ris
2113 2203 2141 2242 a
2173 2187 2475 2242 Deodatam
2493 2201 2618 2242 esse
2646 2185 3113 2243 virtutem.“ldeo
3143 2183 3427 2239 conﬂictus
3458 2182 3604 2237 illius

2011 2289 2173 2349 atque
2223 2278 2462 2333 victoriae
2510 2294 2617 2331 non
2664 2279 2746 2332 vis
2797 2277 2944 2332 credi
2975 2288 3388 2346 cooperatorem
3436 2276 3602 2330 Deum

2017 2370 2204 2436 fuisse,
2237 2371 2332 2425 sed
2365 2370 2736 2425 tantummodo
2766 2378 3128 2438 spectatorem
3162 2387 3175 2422 :
3215 2380 3273 2424 ut
3302 2371 3387 2424 cui
3421 2380 3448 2409 τ
3481 2385 3607 2438 per.

2016 2461 2246 2516 suadere
2278 2460 2483 2530 peteris
2516 2477 2612 2530 per
2642 2462 2939 2515 naturalem
2968 2462 3123 2516 liberi
3167 2461 3376 2514 arbitrii
3434 2461 3605 2514 facul-

2018 2561 2182 2608 tatem
2209 2560 2317 2606 tam
2330 2553 2557 2607 arduum
2578 2561 2853 2607 certamen
2875 2553 3108 2606 evictum
3134 2594 3146 2616 ,
3173 2552 3336 2624 35o
3359 2553 3606 2606 dubitare

2019 2661 2127 2698 non
2156 2644 2356 2698 audeat
2377 2643 2430 2696 in
2464 2642 2758 2698 levioribus
2788 2643 2964 2697 causis
2988 2643 3157 2696 multo
3181 2643 3461 2696 liberiores
3484 2657 3607 2697 esse

2019 2737 2174 2791 bona:
2206 2735 2499 2789 voluntatis
2553 2733 2774 2789 elfectus
2796 2775 2812 2798 ,
2846 2743 3010 2803 atque
3044 2734 3112 2788 ita
3146 2742 3173 2769 ι
3200 2733 3252 2787 in
3286 2733 3429 2788 illius
3463 2737 3610 2788 'lom-

2021 2833 2161 2879 natae
2187 2826 2476 2879 sententiae
2505 2823 2716 2878 foveam
2749 2823 2925 2887 cadat,
2949 2839 3054 2893 qua
3084 2823 3282 2877 dicitur
3305 2824 3424 2877 ideo
3455 2823 3610 2877 nobis

2020 2917 2246 2986 gratiam
2271 2916 2673 2985 justiIiCationis
2704 2915 2844 2974 dari.
2879 2916 3101 2983 utquod
3153 2916 3326 2971 facere
3361 2917 3610 2986 perlibe-

326 3020 484 3077 ctunt,
510 3009 601 3078 qui
626 3007 864 3079 datusiest
893 3007 1036 3060 nobis
1057 3005 1236 3075 (Rom.
1261 3005 1406 3075 v.4).
1439 3006 1501 3059 Et
1526 3003 1914 3073 iterum(Rom.
1947 3013 1994 3075 ρ
2029 3023 2146 3061 rum
2173 3007 2426 3076 jubemnr
2455 3007 2759 3073 arbitrium,
2794 3006 3004 3061 facilius
3054 3008 3323 3075 possimus
3380 3007 3608 3076 implere

327 3119 439 3168 vm,
469 3099 592 3171 '55),
629 3099 755 3164 Quis
778 3115 868 3151 nos
895 3097 1148 3162 separabit
1176 3114 1206 3149 a
1229 3096 1479 3150 cltaritate
1508 3095 1734 3148 Christi?
1757 3096 1919 3148 tribu-

329 3196 496 3249 latio?
519 3209 588 3246 an
620 3192 894 3264 angustia?
914 3208 979 3242 an
1008 3191 1325 3259 persecutio?
1353 3207 1418 3243 an
1443 3190 1640 3259 fames?
1669 3205 1738 3242 an
1769 3189 1920 3242 nudi-

331 3289 444 3341 tas.’
493 3303 564 3340 an
592 3283 918 3356 periculum?
943 3300 1010 3336 an
1057 3283 1305 3352 gladius?
1341 3282 1488 3336 Sicut
1517 3283 1764 3349 scriptum
1809 3292 1916 3347 est,

335 3379 471 3444 Quia
502 3385 713 3446 propter
732 3386 779 3427 te
825 3373 1197 3442 mortiﬁcamur
1225 3382 1329 3425 tota
1351 3373 1456 3434 die,
1504 3371 1520 3409 ί
1555 3373 1794 3426 testimoti
1827 3389 1918 3425 su-

330 3483 443 3520 mus
472 3476 535 3519 ut
555 3481 670 3518 oves
715 3461 978 3516 octisionis
1004 3461 1176 3532 (Psal.
1209 3477 1358 3526 mu,
1386 3461 1480 3529 22)
1511 3479 1525 3515 :
1571 3461 1585 3511 ἱ
1622 3463 1712 3515 sed
1741 3462 1797 3515 iu
1841 3461 1921 3514 his

332 3559 571 3612 omnibus
610 3570 916 3624 superamus
950 3569 1040 3624 per
1081 3569 1195 3605 eum
1239 3554 1326 3622 qui
1364 3551 1548 3606 dilexit
1590 3569 1703 3607 nos.
1754 3552 1925 3621 Hujus

334 3648 643 3703 tolerantia:
694 3644 957 3700 fortitudo
1013 3643 1034 3681 ¹ι
1090 3644 1235 3698 unde
1283 3643 1672 3710 descenderit,
1730 3644 1925 3699 beatus

337 3741 565 3806 Petrus,
598 3749 653 3793 et
704 3737 757 3791 in
797 3738 892 3791 illo
934 3739 1112 3791 omnis
1148 3737 1418 3802 Ecclesia,
1453 3735 1709 3791 Veritatis
1755 3738 1924 3805 ipsius

333 3847 461 3888 voce
486 3830 755 3896 discebat,
779 3830 1008 3886 dicentis
1031 3828 1184 3899 (Luc.
1217 3843 1350 3897 nu,
1379 3830 1469 3899 5i)
1497 3846 1510 3884 :
1536 3827 1672 3884 Ecce
1695 3827 1926 3885 Satanas

401 4065 428 4092 ι
461 4055 569 4110 Ms.
603 4053 838 4122 Remig.,
867 4050 1115 4122 fortitudo
1140 4057 1188 4122 et
1217 4049 1496 4122 sapientia.

401 4126 432 4164 δ
464 4124 642 4193 Lugd.
669 4135 722 4177 et
747 4118 1073 4190 posteriores
1101 4120 1253 4183 editi,
1274 4130 1340 4193 Aet
1365 4121 1504 4189 quod
1530 4118 1677 4193 dicit.

409 4208 432 4234 ε
460 4189 594 4250 Mss.
623 4189 784 4247 Corb.
811 4203 864 4245 et
887 4193 1091 4258 Retttig.
1122 4206 1247 4245 cum
1273 4190 1508 4261 Mogunt.
1537 4199 1593 4244 et
1625 4189 1781 4257 Ven.,
1806 4204 1932 4260 par-

338 4283 475 4320 cens.
519 4266 610 4317 Ms.
645 4263 918 4323 .Ioliensis,
943 4278 1137 4331 parces.

407 4335 435 4373 ἀ
467 4336 573 4389 Ms.
597 4333 874 4395 Joliensis,
905 4329 1201 4386 deseruerat
1234 4329 1390 4384 Deus.

411 4417 436 4444 ο
463 4407 744 4461 Ειιίιίοιιθε
790 4405 1024 4471 Mogunt.
1070 4411 1125 4454 ct
1158 4400 1289 4453 Ven.
1335 4415 1441 4454 non
1477 4399 1697 4471 habent
1741 4417 1928 4457 vocem

340 4457 505 4531 lianc—
528 4457 840 4544 passionum.
874 4457 1128 4543 ‘Lugduu.
1157 4471 1322 4527 editio
1366 4470 1527 4540 paulo
1558 4483 1709 4541 post,
1749 4474 1805 4527 in
1829 4489 1931 4543 qua
1963 4457 2009 4516 υ

343 4544 945 4618 ιιὶείερρνίιᾳε-ᾳιηὶεμὶιᾏ
992 4612 1003 4618 _
1197 4570 1201 4574 ~

420 4617 439 4657 ⁸
471 4612 572 4671 Ms.
601 4614 877 4672 Joliensis.
908 4612 1064 4667 Salus
1087 4613 1569 4682 autemrjnstorum.

415 4691 440 4728 κ
476 4687 674 4753 Lugd,
711 4683 937 4744 Lovan.,
972 4684 1136 4736 Duac.
1160 4691 1215 4736 et
1238 4681 1466 4753 Colum,
1485 4691 1594 4736 erat
1625 4691 1863 4751 paratus.

415 4754 442 4792 ⁸³
474 4752 582 4811 Hie
598 4756 866 4808 editiones
893 4754 1131 4822 Mngttnl.
1161 4762 1220 4807 et
1249 4753 1378 4807 Ven.
1405 4752 1609 4806 addunt
1657 4754 1791 4816 Ittec,
1849 4769 1939 4822 per

347 4830 510 4898 fidem
541 4843 558 4878 :
583 4842 702 4895 quae
736 4824 1150 4898 habentttretiu
1185 4832 1328 4898 testu
1372 4823 1634 4898 Apostoli.
1676 4823 1934 4898 Lugdnn.

347 4892 399 4952 et
433 4892 786 4966 posteriores,
810 4895 863 4947 in
892 4895 1060 4964 gratia
1089 4895 1205 4945 ista.
1230 4892 1446 4957 Colon.,
1472 4896 1526 4947 in
1553 4894 1719 4963 gloria
1743 4896 1862 4948 ista.

427 4970 441 5007 ί
479 4967 651 5022 Lugd.
685 4975 741 5020 et
766 4967 1115 5022 recentiores.
1149 4964 1422 5016 existimati
1458 4981 1653 5017 sumus.

427 4984 441 5007 ¹
479 4984 651 5036 Lnga.
685 4984 741 5020 et
766 4984 1115 5030 recentiores,
1149 4984 1420 5016 extanmatt
1458 4984 1653 5017 sumus.

425 5042 441 5089 t
508 5039 607 5092 Ms.
635 5037 907 5102 Joliensis,
948 5044 994 5088 et
1022 5036 1078 5088 in
1107 5035 1360 5088 omnibus.
1393 5034 1471 5088 Ms
1521 5033 1755 5104 Retnig.,
1809 5044 1857 5088 et
1886 5036 1939 5089 in

351 5111 431 5164 his
471 5109 726 5162 omnibus.

422 5182 450 5218 ι
487 5179 657 5248 Lugd.
686 5188 741 5231 et
773 5177 1121 5248 posteriores,
1151 5175 1299 5248 unde
1314 5175 1651 5229 descenderet.

431 5249 451 5288 1
489 5245 620 5303 Mss.
654 5245 860 5317 l‘ieniig.
893 5257 946 5301 et
970 5245 1101 5308 Jol.,
1124 5256 1176 5298 ut
1205 5246 1447 5317 cribraret
1477 5262 1583 5300 vos.

426 5331 469 5358 ω
505 5319 671 5390 Lugd.
697 5328 750 5372 et
771 5316 1123 5390 recentiores,
1151 5319 1202 5369 in
1233 5316 1578 5390 tribulatione.

429 5400 459 5427 ι’
495 5387 617 5444 Mss.
645 5389 854 5458 Remig.
879 5396 934 5443 et
961 5389 1093 5452 Jol.,
1118 5402 1241 5442 cum
1271 5388 1396 5441 edit.
1434 5388 1672 5456 Mugttnt.
1694 5397 1748 5443 et
1782 5387 1944 5456 Ven.,

363 5461 413 5519 Ν
418 5479 446 5514 e
471 5477 562 5513 nos
587 5460 822 5512 inducas.

437 5540 464 5567 ο
499 5529 637 5583 Edit.
665 5529 838 5598 Lugd.
864 5543 984 5582 cum
1009 5526 1425 5594 posterioribus,
1450 5527 1669 5581 custodit
1713 5527 1876 5580 Deus.

439 5611 470 5650 ν
500 5598 664 5670 Lugd.
697 5611 749 5656 et
773 5601 1119 5669 posteriores.
1148 5613 1268 5654 cum
1291 5612 1423 5654 mss.
1449 5598 1610 5655 Corb.
1639 5610 1690 5657 et
1715 5598 1947 5666 Κρῖνίς..

2022 3114 2119 3169 per
2140 3100 2405 3168 gratiam;
2440 3109 2712 3168 tamquam
2740 3098 2839 3152 etsi
2871 3099 3043 3168 gratia
3083 3112 3188 3152 non
3219 3098 3462 3164 daretur,
3496 3115 3607 3152 non

2023 3190 2241 3260 quidem
2273 3189 2450 3257 facile,
2481 3189 2576 3243 sed
2609 3203 2784 3244 tamen
2819 3203 3125 3256 possemus,
3153 3190 3316 3242 etiam
3351 3189 3466 3242 sine
3496 3189 3608 3254 illa,

2023 3283 2250 3351 implere
2273 3280 2454 3334 divina
2478 3279 2746 3334 mandata.
2774 3280 2927 3348 Quod
2959 3280 3083 3350 quia
3114 3280 3367 3335 catholici
3397 3281 3611 3350 pontifi-

2025 3386 2118 3426 ces
2147 3371 2365 3441 dignum
2395 3370 2737 3425 anathemate
2780 3379 3142 3437 censuerunt;
3173 3372 3431 3425 utendum
3459 3372 3614 3426 nobis

2026 3474 2113 3519 est
2141 3479 2206 3519 eo
2238 3478 2344 3533 quo
2371 3464 2452 3518 usi
2481 3471 2612 3518 sunt
2652 3463 2989 3532 testimonio,
3041 3464 3285 3520 dicentes
3342 3463 3615 3536 (Cartlmg.

2027 3572 2176 3610 conc.
2205 3571 2320 3609 can.
2352 3556 2385 3610 5
2408 3571 2500 3608 seu
2540 3556 2607 3620 6;
2635 3556 2740 3609 vid.
2785 3556 3012 3623 append.
3046 3573 3098 3624 p.
3129 3556 3260 3625 272)
3293 3571 3307 3610 :
3347 3573 3365 3606 ε
3399 3555 3474 3609 De
3506 3555 3618 3609 fru-

2027 3649 2206 3702 ctibus
2235 3647 2379 3701 enim
2425 3647 2802 3701 mandatorum
2830 3647 3091 3700 Dominus
3138 3646 3479 3716 loquebatur,
3528 3647 3615 3699 tibi

2027 3756 2134 3795 non
2166 3739 2263 3804 ait,
2285 3749 2314 3788 γ
2345 3739 2476 3794 Sine
2500 3754 2587 3793 me
2612 3739 2885 3794 difﬁcilius
2909 3738 3134 3806 potestis
3161 3737 3370 3802 facere;
3404 3736 3498 3792 sed
3523 3737 3618 3803 ait,

2028 3830 2157 3887 Sine
2180 3847 2260 3885 me
2280 3830 2408 3884 nihil
2433 3831 2643 3902 potestis
2664 3830 2830 3900 facere
2855 3827 3036 3902 (Joaa.
3066 3844 3161 3897 xv,
3191 3824 3271 3892 5).
3312 3844 3331 3876 s

2033 4051 2435 4122 intelligendam.

2107 4133 2133 4172 τι
2161 4121 2295 4176 Εἶιίι.
2329 4121 2498 4191 Lugd.
2541 4130 2592 4176 et
2623 4123 2978 4190 recentiores,
3011 4133 3208 4178 tantam
3260 4123 3398 4180 Deus
3449 4125 3624 4180 tribuit

2035 4203 2356 4264 potestatem.
2380 4193 2547 4260 Lugd.
2562 4193 2758 4264 omittit
2783 4208 2974 4250 vocem
3000 4197 3158 4263 hanc,
3175 4194 3346 4261 Deus;
3368 4211 3466 4250 ms.
3491 4195 3622 4259 Jol..

2041 4265 2360 4333 particulam
2394 4273 2441 4316 et
2470 4272 2593 4316 ante
2639 4263 2812 4316 illum.

2110 4344 2132 4370 ι’
2163 4334 2262 4388 Ms.
2295 4334 2428 4395 Jol.,
2457 4334 2628 4403 potius
2657 4334 2959 4403 affirmares.

2109 4411 2130 4440 ⁸
2159 4405 2232 4459 lta
2264 4421 2392 4461 mss.
2431 4403 2619 4464 Corb.,
2654 4403 2863 4468 Remig.
2908 4414 2962 4457 et
2982 4404 3112 4466 10L,
3153 4419 3274 4458 cum
3321 4404 3479 4460 editis
3511 4406 3626 4461 Mo-

2036 4483 2186 4542 gunt.
2228 4484 2282 4529 et
2313 4475 2444 4529 Ven.
2482 4473 2653 4543 Lugd.
2680 4483 2735 4527 et
2778 4474 2970 4541 reliqui
3011 4475 3246 4541 codices,
3291 4476 3441 4529 unius
3489 4479 3625 4532 enim

2039 4545 2176 4598 uerbi
2204 4548 2548 4598 correctio....
2579 4552 2930 4608 temperasset.

2039 4615 2138 4739 pf
2185 4615 2283 4670 Ms.
2328 4616 2540 4684 Remig.
2590 4615 2790 4667 omittit
2834 4614 3150 4683 particulam
3178 4624 3228 4671 et
3273 4624 3400 4672 ante
3442 4633 3627 4674 vocem

2093 4702 2155 4739 ei.

2093 4702 2155 4742 ει.

2115 4764 2142 4792 ιι
2172 4755 2267 4809 Ms.
2293 4756 2398 4811 Jol.
2419 4770 2538 4809 cum
2563 4752 2734 4825 Lugd.
2761 4762 2816 4809 et
2836 4754 3251 4824 posterioribus,
3275 4757 3458 4828 Itaque
3474 4759 3628 4812 idem.

2043 4826 2122 4880 Ms
2174 4827 2302 4892 Jol.,
2338 4828 2561 4880 credere.

2118 4906 2144 4934 ν
2177 4897 2324 4968 Edit.
2343 4895 2520 4968 Lugd.
2547 4904 2601 4951 et
2632 4897 2982 4968 posteriores.
3017 4897 3324 4967 persuadere
3353 4898 3629 4968 poterin...

2045 4970 2282 5020 evictum.
2310 4967 2549 5035 Mogunt.
2565 4976 2620 5021 et
2645 4967 2801 5032 \’en.,
2819 4977 2921 5020 tam
2948 4969 3114 5020 arduo
3136 4967 3407 5022 certamine
3423 4969 3630 5020 victum.

2048 5039 2247 5092 Eadem
2278 5039 2445 5106 Lugd.
2475 5047 2529 5092 et
2557 5040 2890 5093 recentiores
2941 5039 3198 5093 omittunt
3248 5053 3433 5093 vocem
3485 5037 3634 5090 liberi

2045 5121 2170 5161 ante
2205 5109 2424 5162 arbitrii.

2119 5187 2142 5214 ²
2188 5180 2425 5242 Magum.
2459 5187 2514 5233 et
2537 5179 2697 5241 Ven.,
2727 5179 2780 5233 in
2808 5178 2950 5232 illius
2993 5178 3292 5231 damnatam
3327 5179 3634 5230 sententiant

2046 5252 2220 5304 cadat.
2255 5249 2350 5304 Ms.
2385 5251 2514 5314 10L,
2542 5251 2594 5302 in
2618 5251 2708 5319 jus
2741 5252 3000 5319 damnata?
3029 5249 3292 5301 sententia:
3321 5249 3491 5319 cadat.

2182 5323 2277 5376 ilic
2304 5322 2569 5376 editiones
2597 5318 2833 5390 Mogunt.
2859 5327 2913 5374 et
2941 5318 3077 5390 Ven.
3120 5319 3249 5390 solm
3272 5318 3454 5390 primo
3497 5319 3638 5390 iuse-

2050 5403 2176 5447 rnnt
2205 5393 2348 5446 hunc
2378 5393 2651 5460 Evangelii
2686 5388 2858 5445 locum
2883 5405 2898 5442 :
2926 5389 3051 5442 Sine
3075 5404 3153 5440 me
3171 5388 3536 5460 uihilrpotestis
3557 5389 3638 5456 fa-

2052 5480 2183 5526 cere,
2212 5479 2369 5531 quem
2402 5459 2709 5533 postpauca
2735 5475 2856 5517 cum
2891 5461 3102 5516 cmteris
3130 5459 3411 5516 codicibus
3444 5460 3636 5516 iterum

2053 5541 2326 5602 repetunt.
