4026 6176
454 250 563 307 259

1051 361 1276 419 CAPUT
1306 361 1445 417 XVI.

460 458 612 525 Quod
637 470 795 527 supra
820 456 1062 527 docuerat
1090 453 1374 509 Cassianus
1417 454 1729 527 centurionis
1768 454 2047 527 evangelici

525 526 762 597 exemple
783 526 1091 597 conﬁrmare
1117 527 1332 590 nititur;
1353 527 1501 591 cujus
1515 526 1746 597 deﬁnitio
1773 526 2044 597 undecima

526 608 603 651 est
635 613 654 651 .'
676 595 898 650 Nullius
926 595 1099 649 laudis
1128 611 1189 647 ac
1219 596 1387 648 meriti
1410 612 1540 658 esse,
1571 596 1614 649 si
1642 596 1699 649 id
1724 597 1776 649 in
1812 613 1873 650 eo
1894 596 2045 650 Chri-

524 678 632 720 stus
660 668 795 735 quod
824 666 931 733 ipse
957 666 1235 719 donaverat
1260 667 1589 733 pratulisset.
1637 664 1831 720 Contra
1862 671 2045 733 probat

527 737 588 791 S.
634 735 884 801 Prosper,
907 734 1043 805 quod
1077 734 1189 789 laus
1228 745 1273 788 et
1320 736 1552 788 meritum
1582 751 1673 806 per
1691 738 1910 806 gratiam
1942 753 2042 790 non

522 807 821 874 auferatur;
852 806 973 871 ﬁdei
999 821 1198 873 quoque
1224 815 1270 859 et
1299 806 1443 858 bonis
1467 807 1706 872 operibus
1748 808 1954 860 laudem
1982 823 2042 860 ac

521 878 757 931 merituut
785 877 939 929 tribui
960 877 1069 929 sine
1098 876 1409 947 prwjudicio
1430 877 1632 946 gratite.

522 1012 690 1085 [Alias
729 1010 862 1066 CAP.
894 1008 1165 1081 XXXVIJ
1197 1012 1251 1069 1.
1282 1009 1377 1066 His
1420 1018 1602 1065 autem
1634 1009 2041 1066 deﬁnitionibus

451 1105 578 1167 tuis,
639 1118 774 1172 quas
832 1102 1113 1157 credidisti
1165 1100 1360 1157 idonea
1412 1101 1736 1159 auctoritate
1784 1103 2041 1169 munitas,

453 1207 729 1265 tamquam
751 1195 819 1250 de
855 1209 1123 1250 consensu
1162 1193 1457 1265 legentium
1488 1208 1739 1262 securus,
1768 1194 2039 1264 adiungis,

447 1287 638 1343 Sulere
668 1287 936 1341 interdum
959 1287 1130 1342 Deum
1158 1284 1226 1340 ad
1254 1285 1413 1340 ﬁdem
1434 1292 1674 1339 nostram
1703 1284 2038 1353 probandam

448 1379 570 1450 plus
608 1378 807 1434 offerre
836 1393 995 1448 quam
1029 1375 1250 1441 sufﬁcit,
1285 1385 1343 1431 ut
1372 1385 1399 1413 κ
1426 1391 1585 1446 quam
1618 1376 1769 1430 ﬁrma
1823 1375 1895 1431 sit
1922 1390 2043 1431 cre-

449 1467 691 1522 dentium
721 1466 855 1521 ﬁdes
886 1465 1056 1536 possit
1080 1464 1322 1535 agnosci.
1370 1465 1437 1520 Et
1475 1465 1581 1521 hoc
1610 1465 1860 1533 exemplo
1892 1466 2041 1520 illius

447 1558 783 1615 centurionis
830 1557 1094 1625 oSIendis,
1147 1557 1237 1626 qui
1267 1572 1388 1612 cum
1422 1557 1575 1627 pueri
1607 1557 1690 1612 sui
1734 1557 1762 1597 δ
1794 1567 2040 1628 posceret

447 1651 810 1715 curationem,
833 1649 1202 1718 Dominusque
1226 1664 1286 1703 se
1313 1648 1379 1703 ad
1411 1648 1634 1704 domum
1672 1649 1790 1716 ejus
1840 1651 2037 1703 iturum

1672 243 1730 304 ε.
1769 243 2111 303 PROSPERI
2148 246 2480 315 AQUITANI

2069 372 2117 429 Α
2148 370 2299 439 ejus;
2329 375 2383 422 et
2413 365 2562 421 illum
2591 363 2683 436 qui
2713 363 2788 419 ait
2815 364 2987 431 (Psal.
3007 381 3143 433 xvtt,
3172 364 3247 435 ί),
3281 363 3513 436 Diligam
3539 375 3608 432 te,
3641 365 3744 420 Do-

3631 247 3741 306 260

2148 460 2303 524 mine,
2329 461 2488 512 virtus
2513 473 2664 524 mea;
2687 466 2742 512 et
2763 456 2936 529 (Psal.
2969 473 3158 524 xxxut,
3183 456 3261 527 '5),
3287 457 3353 511 In
3377 456 3601 512 Domino
3627 456 3742 512 lau-

2146 551 2355 604 dabitur
2382 553 2557 605 anima
2582 566 2727 617 mea;
2754 554 2770 602 l
2807 558 2862 605 et
2888 550 3067 621 (Psal.
3102 566 3273 617 cxvrt,
3306 548 3420 623 14),
3452 547 3736 608 Fortitudo

2145 659 2258 696 mea
2293 652 2342 695 et
2389 641 2625 695 laudatio
2653 658 2764 695 mea
2814 640 3087 697 Dominus.
3124 639 3152 679 ¹ι
3182 640 3254 697 Ut
3297 639 3739 699 manifestissime

2146 732 2476 798 noverimus,
2502 746 2604 787 nec
2629 731 2842 786 laudem
2875 746 2970 787 eos
3001 732 3163 786 ullam
3189 731 3409 797 habere,
3441 746 3542 788 nec
3570 733 3741 790 meri-

2144 833 2281 893 tum,
2322 821 2338 860 ι
2366 823 2418 879 in
2445 823 2638 894 quibus
2669 838 2775 878 non
2799 824 3148 879 inveniuntur
3170 838 3312 894 qua,
3340 823 3448 880 nisi
3474 823 3741 882 Dominus

2142 915 2377 983 dederit,
2409 932 2515 971 non
2557 916 2844 972 habentur.

2211 1009 2272 1062 2.
2303 1008 2395 1064 Sic
2420 1017 2600 1063 autem
2635 1009 2831 1077 putasti
2862 1008 2929 1062 de
2976 1008 3286 1063 testimonio
3324 1008 3557 1066 laudate
3606 1010 3733 1069 ﬁdei

2144 1101 2515 1171 prtejudicium
2564 1101 2721 1155 donis
2761 1100 2947 1171 gratiae
2992 1115 3149 1170 posse
3169 1103 3632 1174 generari;quasi
3666 1105 3733 1158 ﬁ-

2143 1193 2264 1259 des,
2297 1193 2385 1247 ubi
2415 1192 2798 1248 ostenderetur
2848 1191 3085 1259 laudata,
3118 1208 3228 1246 non
3276 1192 3564 1249 doceretur
3611 1209 3737 1250 esse

2143 1284 2361 1339 donata.
2394 1283 2601 1339 Laudat
2632 1284 2922 1353 Apostolus
2942 1283 3309 1339 Romanorum
3340 1285 3524 1349 ﬁdem,
3553 1295 3610 1340 et
3635 1301 3735 1355 pro

2145 1376 2247 1431 hoc
2284 1376 2426 1430 bono
2454 1384 2494 1411 ω
2521 1390 2708 1430 eorum
2736 1374 2849 1444 agit
2874 1378 3077 1444 gratias
3104 1375 3236 1440 Deo,
3265 1375 3454 1432 dicens
3482 1374 3662 1449 (Rom.
3690 1392 3732 1439 ι.

2141 1467 2220 1537 8),
2251 1466 2492 1522 Primum
2521 1467 2725 1538 quidem
2753 1467 2949 1537 gratias
2975 1482 3075 1541 ago
3114 1466 3224 1522 Deo
3253 1483 3364 1521 meo
3410 1484 3502 1538 per
3553 1466 3736 1523 Iesum

2143 1558 2402 1615 Christum
2433 1576 2525 1626 pro
2554 1558 2788 1613 omnibus
2819 1557 2980 1625 vobis,
3011 1559 3132 1629 quia
3155 1558 3285 1628 ﬁdes
3309 1570 3482 1615 vestra
3521 1575 3732 1615 annun-

2141 1652 2301 1705 tiatur
2321 1652 2372 1704 in
2395 1651 2626 1705 universo
2652 1649 2866 1704 mundo.
2894 1649 2975 1705 Ad
2996 1649 3307 1705 Corinthios
3326 1665 3542 1721 quoque
3566 1652 3734 1706 simili

446 1758 570 1799 esse
600 1744 962 1812 promitteret,
999 1753 1020 1781 σ
1052 1740 1420 1811 responderit,
1466 1741 1588 1796 Non
1625 1758 1738 1796 sum
1769 1742 1956 1812 dignus
1984 1751 2040 1795 ut
2074 1743 2115 1800 Β
2145 1743 2331 1798 scribit
2355 1742 2573 1807 affectu,
2600 1740 2787 1797 dicens
2819 1741 2862 1811 (l
2905 1740 3028 1796 Cor.
3058 1756 3099 1807 t,
3128 1740 3210 1812 4),
3238 1739 3447 1796 Gratias
3478 1758 3575 1812 ago
3625 1742 3737 1796 Deo

446 1837 602 1891 intres
627 1837 720 1891 sub
745 1846 934 1891 tectum
961 1851 1152 1899 meum,
1168 1834 1256 1888 sed
1278 1834 1361 1887 dic
1390 1844 1591 1887 tantum
1611 1833 1782 1900 verbo,
1806 1844 1853 1888 et
1879 1850 2038 1887 sana-

446 1930 579 1983 bitur
602 1945 728 1997 puer
755 1945 897 1982 meus
926 1925 1139 2000 (Matth.
1162 1942 1281 1996 vm,
1306 1927 1386 1997 8).
1405 1926 1463 1982 ιιι
1494 1942 1603 1996 quo
1629 1941 1752 1982 eum
1781 1927 2040 1981 Dominus

446 2023 537 2073 tali
567 2020 928 2076 admiratione
958 2019 1281 2079 laudaverit.
1324 2028 1384 2072 ut
1429 2019 1809 2089 pronuntiaret
1840 2034 1947 2072 non
1979 2032 2041 2072 se

445 2112 718 2167 invenisse
747 2120 951 2166 tantam
1004 2110 1164 2165 ﬁdem
1193 2109 1248 2164 in
1278 2110 1467 2164 Israel.
1495 2105 1523 2146 ἀ
1556 2110 1622 2163 Ει
1679 2109 1865 2178 exigua
1917 2123 2042 2163 con-

445 2203 688 2257 clusione
733 2216 873 2271 pene
907 2210 1079 2256 totum
1126 2199 1475 2270 Pelagianum
1507 2197 1699 2268 dogma
1726 2198 2038 2262 conﬁrmas,

446 2292 674 2347 dicendo
701 2291 914 2365 (Collat.
951 2292 1020 2346 15
1069 2306 1117 2343 c.
1152 2290 1270 2361 M).
1306 2289 1524 2345 Nullius
1551 2291 1684 2344 enim
1715 2290 1883 2344 laudis
1910 2297 2041 2345 esset

446 2399 504 2437 ac
531 2384 719 2449 meriti,
773 2383 816 2435 si
846 2382 901 2436 id
950 2383 1002 2436 in
1031 2398 1091 2436 eo
1120 2390 1143 2419 ο
1173 2381 1409 2436 Christus
1438 2380 1577 2453 quod
1618 2384 1726 2453 ipse
1762 2381 2041 2435 donaverat

446 2475 773 2544 ρι-ωιυιὶεεει.
810 2473 970 2527 Falso
995 2488 1126 2542 ergo
1173 2476 1430 2544 scriptum
1474 2484 1555 2528 est
1583 2473 1736 2544 (Sap.
1770 2489 1889 2538 vm,
1916 2473 2038 2542 2t),

448 2566 582 2632 Quia
608 2582 754 2620 nemo
785 2572 945 2633 potest
987 2579 1094 2619 esse
1126 2566 1415 2632 continens,
1452 2566 1550 2619 nisi
1579 2566 1716 2619 Deus
1745 2564 1851 2619 det.
1881 2565 2040 2620 Falso

448 2657 763 2727 praedicavit
789 2656 1104 2725 Apostolus,
1129 2671 1250 2710 cum
1274 2656 1341 2712 de
1370 2656 1559 2712 eadem
1607 2659 1808 2713 virtute
1850 2658 2042 2727 loque-

448 2761 615 2817 retur,
637 2750 797 2822 351
826 2750 1011 2804 dicens
1039 2748 1085 2821 (ι
1114 2747 1236 2802 Cor.
1257 2764 1355 2816 vn,
1386 2749 1465 2819 7),
1495 2748 1623 2804 Volo
1654 2760 1829 2804 autem
1857 2767 2037 2806 omnes

448 2844 676 2898 homines
715 2859 822 2896 esse
866 2843 996 2895 sicut
1023 2843 1327 2906 meipsum;
1371 2842 1461 2894 sed
1512 2844 1868 2911 unusquisque
1920 2859 2042 2914 pro-

449 2939 618 3006 prium
641 2935 790 2991 habet
816 2934 1010 2989 donum
1039 2950 1071 2987 a
1098 2931 1233 2998 Deo,
1263 2934 1399 2988 alius
1424 2934 1523 3000 sic,
1559 2932 1576 2971 ί
1607 2932 1745 2987 alius
1775 2949 1895 2989 vero
1942 2936 2037 2989 sic.

450 3033 608 3087 Falso
638 3029 820 3085 docuit
847 3036 903 3083 et
924 3028 1018 3083 ille
1048 3027 1138 3097 qui
1170 3026 1305 3081 dixit
1335 3025 1475 3099 (Iac.
1504 3042 1543 3091 ι,
1573 3026 1651 3098 5),
1677 3026 1737 3083 Si
1764 3028 1877 3093 quis
1907 3028 2041 3080 indi-

2140 1851 2252 1889 meo
2280 1851 2475 1900 sentper
2502 1850 2595 1904 pro
2622 1834 2783 1899 vobis,
2811 1834 2867 1888 in
2886 1834 3057 1904 gratia
3089 1832 3203 1901 Dei,
3231 1850 3348 1905 qua
3384 1837 3512 1889 data
3534 1842 3612 1889 est
3641 1852 3736 1889 vo-

2142 1928 2217 1979 bis
2245 1928 2299 1980 in
2325 1926 2533 1981 Christo
2560 1924 2721 1991 Iesu;
2749 1926 2871 1995 quia
2900 1926 2956 1979 in
2983 1926 3215 1980 omnibus
3244 1926 3421 1980 divites
3452 1926 3579 1997 facti
3607 1927 3731 1981 estis

2139 2020 2193 2073 in
2243 2017 2357 2085 illo,
2412 2019 2466 2072 in
2504 2018 2644 2072 omni
2691 2017 2839 2072 verba
2864 2018 2990 2072 etin
3033 2017 3174 2071 omni
3198 2017 3433 2071 scientia.
3460 2017 3733 2087 Numquid

2140 2110 2347 2181 agendo
2373 2108 2575 2180 gratias
2605 2108 2741 2174 Deo,
2791 2107 3138 2165 credentibus
3177 2116 3207 2145 η
3236 2109 3457 2164 susmlit
3481 2109 3731 2164 laudem?

2138 2210 2233 2256 aut
2279 2202 2547 2257 laudando
2594 2201 2901 2271 credentes,
2948 2201 3126 2257 meriti
3171 2202 3393 2272 negavit
3416 2203 3735 2259 auctorem?

2141 2294 2220 2349 De
2249 2293 2609 2364 Ephesiorum
2660 2293 2821 2348 etiam
2872 2293 2977 2349 ﬁde
3006 2292 3135 2362 quid
3177 2294 3377 2349 sentiat
3422 2294 3730 2349 audiamus.

2141 2383 2447 2455 Propterea,
2477 2384 2649 2455 inquit
2680 2382 2897 2454 (Ephes.
2929 2400 2969 2450 t,
3002 2385 3115 2455 i5),
3142 2393 3192 2439 et
3212 2401 3303 2456 ego
3327 2386 3545 2441 audiens
3571 2386 3731 2453 ﬁdem

2139 2484 2381 2539 vestram,
2405 2489 2522 2545 qua:
2543 2482 2620 2528 est
2649 2475 2704 2528 in
2733 2482 2757 2509 ο
2782 2474 3005 2528 Domino
3032 2471 3183 2539 Iesu,
3213 2482 3263 2528 et
3309 2474 3639 2528 dilectionem
3680 2477 3735 2529 in

2143 2580 2317 2619 omnes
2341 2574 2563 2631 sanctos,
2595 2581 2698 2618 non
2727 2581 2868 2619 cesso
2888 2565 3083 2635 gratias
3106 2581 3266 2636 agens
3310 2581 3405 2634 pro
3428 2564 3588 2631 vobis,
3627 2582 3736 2619 me-

2141 2658 2359 2712 moriam
2380 2658 2530 2712 vestri
2561 2658 2757 2728 faciem
2786 2658 2839 2709 in
2868 2656 3183 2711 orationibus
3210 2656 3358 2723 meis,
3374 2666 3431 2711 ut
3459 2656 3601 2712 Deus
3624 2656 3736 2711 Do-

2141 2750 2270 2803 mini
2296 2749 2457 2802 nostri
2484 2746 2608 2803 Iesu
2641 2746 2835 2803 Christi
2865 2746 3024 2803 Pater
3052 2748 3253 2818 gloriae,
3284 2749 3366 2802 det
3392 2748 3531 2802 vobis
3560 2748 3735 2819 Spiri-

2144 2847 2250 2891 tum
2283 2837 2548 2905 sapientia:
2571 2845 2616 2891 et
2643 2837 2987 2902 reuelationis,
3015 2836 3071 2891 in
3098 2837 3363 2909 agnitione
3410 2838 3521 2908 ejus
3567 2838 3735 2911 352

2141 2927 2458 2982 illuminatos
2485 2928 2662 2982 oculos
2717 2927 2887 2982 cordis
2936 2928 3111 2982 uestri.
3156 2928 3440 2983 Ilabebant
3468 2944 3598 2998 ergo
3639 2931 3732 2986 isti

2144 3018 2325 3084 ﬁdem,
2357 3018 2627 3075 habebant
2653 3027 2707 3074 et
2746 3034 2911 3090 opera
2951 3018 3252 3086 charitatis,
3280 3034 3401 3088 quas
3431 3034 3531 3075 nec
3561 3020 3728 3076 laude

449 3122 863 3194 getesapientia,
892 3119 1111 3187 postulet
1133 3116 1310 3179 aDeo,
1336 3129 1384 3172 et
1407 3118 1616 3171 dabitur
1636 3117 1827 3173 ei.Nec
1848 3132 2040 3174 secun-
2065 3106 2111 3171 C
2144 3116 2391 3178 0018mm
2418 3124 2627 3175 carere.
2656 3125 2756 3165 nec
2781 3110 3003 3175 merito;
3032 3108 3128 3164 sed
3177 3124 3273 3176 pro
3323 3109 3408 3164 his
3436 3109 3730 3165 virtutibus

450 3213 577 3267 dum
601 3212 885 3266 veritatem
919 3210 1120 3264 dictum
1148 3219 1231 3264 est
1261 3207 1450 3279 (Ibid.,
1488 3208 1594 3279 l7),
1640 3208 1805 3264 Omne
1862 3209 2040 3263 datum

451 3306 724 3376 optimum,
778 3311 827 3356 et
876 3317 1024 3355 omne
1054 3300 1245 3354 donum
1287 3303 1567 3371 perfectum
1618 3299 1891 3354 desursum
1941 3309 2036 3365 est,

452 3396 759 3451 descendens
788 3411 819 3447 a
850 3392 1007 3446 Patre
1036 3392 1325 3455 luminum;
1355 3400 1412 3447 et
1453 3390 1636 3462 (Ioan.
1668 3406 1745 3454 ιιι,
1785 3391 1903 3460 27),
1931 3391 2042 3445 Ne-

454 3506 537 3543 mo
564 3497 723 3559 potest
752 3488 983 3555 accipere
1006 3485 1304 3555 quidquam,
1335 3484 1437 3537 nisi
1466 3485 1512 3537 ei
1556 3483 1734 3537 datum
1762 3484 1924 3553 fuerit
1979 3484 2042 3538 de

453 3580 598 3635 corio.
630 3579 713 3634 An
740 3576 1025 3633 dicendum
1054 3586 1138 3632 est
1157 3590 1349 3632 omnes
1379 3574 1598 3644 quidem
1647 3575 1877 3631 virtutes
1902 3575 2043 3632 inter

454 3671 549 3726 Dei
575 3670 715 3725 dona
748 3668 1143 3731 numerandas;
1175 3667 1270 3722 sed
1295 3668 1349 3722 in
1378 3666 1486 3722 illis
1510 3669 1785 3723 hominem
1815 3683 1949 3739 quas
1974 3668 2044 3724 de

454 3761 671 3831 proprio
704 3761 956 3816 habuerit
983 3774 1106 3816 esse
1134 3758 1481 3824 laudabilem,
1513 3768 1569 3814 et
1600 3758 1675 3814 ibi
1695 3774 1819 3815 esse
1849 3761 2043 3817 merita

455 3853 547 3907 ubi
572 3853 666 3908 Dei
696 3852 838 3907 dona
871 3868 979 3905 non
1010 3850 1240 3906 iuerint?
1266 3852 1441 3921 [gitur
1474 3850 1772 3907 secundum
1805 3853 2044 3923 regulam

455 3955 625 4010 tuam,
656 3944 850 4016 quibus
880 3944 1134 3999 donatum
1156 3952 1241 3998 est
1266 3953 1323 3997 ut
1350 3958 1456 3997 non
1484 3944 1660 3998 solum
1678 3943 1965 3999 crederent
1990 3946 2042 4000 in

455 4038 751 4103 Clu-istum,
777 4037 871 4091 sed
900 4037 1061 4091 etiam
1090 4045 1149 4089 ut
1179 4045 1492 4105 paterentur
1533 4052 1633 4105 pro
1676 4039 1819 4105 ipso,
1848 4046 1904 4092 et
1932 4038 2045 4093 lau-

455 4128 580 4182 dem
607 4139 661 4182 et
686 4127 941 4181 meritum
961 4125 1348 4195 perdiderunt;
1379 4140 1480 4180 nec
1505 4126 1902 4180 liabentveram
1931 4127 2047 4196 glo-

459 4219 592 4272 riam
622 4217 710 4283 qui
744 4230 850 4269 non
890 4215 941 4268 in
966 4229 1048 4281 se,
1076 4213 1171 4269 sed
1202 4214 1257 4267 in
1279 4213 1525 4279 Domino,
1568 4215 1885 4283 gloriantur.
1937 4216 2044 4273 Sed

380 4308 385 4309 “
462 4308 665 4362 rectius
690 4304 719 4343 ιι
742 4306 988 4360 audimus
1032 4306 1350 4375 prophetam
1373 4306 1641 4361 dicentem
1663 4305 1877 4377 (Ierem.
1910 4322 2042 4375 xvtt,

461 4399 542 4468 5),
573 4398 884 4452 Maledictus
912 4398 1062 4451 homo
1085 4398 1174 4466 qui
1200 4412 1343 4466 spent
1370 4395 1519 4450 habet
1542 4398 1597 4452 in
1621 4396 1851 4466 homine,
1878 4408 1926 4453 et
1952 4399 2046 4470 ﬁr-

2140 3201 2435 3272 Apostolus
2481 3203 2681 3271 gratias
2730 3201 2840 3256 Deo
2888 3216 3053 3271 agere
3103 3216 3208 3255 non
3240 3211 3439 3265 cessat,
3490 3202 3731 3257 sciensa

2142 3290 2303 3348 Patre
2350 3293 2613 3347 luminum
2661 3292 2777 3347 haec
2815 3291 2955 3347 dona
3004 3292 3250 3357 venisse;
3282 3305 3312 3345 a
3341 3308 3450 3359 quo
3479 3308 3539 3347 se
3569 3294 3733 3348 etiam

2142 3393 2330 3453 petere
2360 3393 2707 3452 protestetur,
2761 3393 2819 3438 ut
2846 3384 3040 3454 quibus
3083 3383 3233 3439 dedit
3276 3382 3459 3450 ﬁdem,
3488 3400 3611 3455 qua:
3640 3402 3737 3455 per

2142 3476 2489 3532 dilectionem
2520 3486 2799 3546 operatur,
2822 3476 2917 3532 det
2945 3478 3203 3547 Spiritum
3232 3475 3513 3547 sapientia:
3561 3486 3621 3532 et
3652 3479 3738 3532 in-

2146 3570 2394 3626 tellectus
2428 3584 2444 3625 :
2478 3579 2505 3619 P
2550 3578 2605 3625 et
2652 3555 2780 3624 inde
2807 3583 2868 3625 se
2907 3568 3126 3641 Ephesii
3153 3568 3410 3624 noverint
3459 3571 3742 3640 accepisse

2144 3662 2285 3733 quod
2317 3662 2571 3729 habeant,
2593 3678 2625 3717 a
2648 3678 2756 3733 quo
2784 3663 3001 3718 discunt
3039 3676 3265 3733 sperare
3306 3661 3449 3732 quod
3498 3678 3606 3717 non
3640 3665 3739 3717 lia-

2145 3754 2296 3811 bent.
2322 3755 2428 3811 Pro
2456 3755 2891 3827 Philippensibus
2920 3770 3137 3825 quoque
3159 3753 3365 3808 similes
3393 3755 3502 3808 Deo
3532 3756 3741 3823 gratias

2144 3848 2275 3920 agit,
2297 3856 2354 3904 et
2382 3849 2634 3904 meritum
2663 3862 2850 3903 eorum
2884 3847 3206 3918 laudemque
3233 3857 3262 3897 «ι
3286 3862 3391 3901 non
3422 3847 3740 3916 supprimit,

2145 3943 2332 3998 dicens
2354 3941 2580 4014 (Philip.
2611 3956 2651 4007 ι,
2699 3941 2775 4011 5),
2817 3938 3027 3995 Gratias
3075 3956 3172 4010 ago
3227 3938 3336 3992 Deo
3367 3954 3476 3993 meo
3506 3940 3560 3991 in
3589 3940 3736 3993 omni

2148 4033 2392 4087 memoria
2410 4033 2584 4097 vestri,
2617 4047 2815 4100 semper
2843 4032 2898 4085 in
2926 4032 3124 4084 cunctis
3152 4029 3470 4084 orationibus
3494 4030 3743 4102 meispro

2148 4123 2382 4178 omnibus
2424 4122 2565 4177 vobis
2615 4138 2731 4176 cum
2782 4123 2974 4192 gaudio
3020 4122 3433 4190 deprecationem
3495 4122 3697 4189 faciens
3727 4164 3743 4188 ,

2150 4226 2173 4254 τ
2205 4232 2359 4286 super
2387 4217 2849 4270 communicatione
2875 4226 3041 4270 vestra
3069 4217 3122 4269 in
3156 4214 3454 4285 Evangelia,
3495 4231 3527 4267 a
3567 4216 3741 4281 prima

2148 4309 2233 4363 die
2252 4324 2411 4380 usque
2433 4323 2569 4363 nunc
2593 4322 2613 4363 :
2636 4308 2899 4378 conﬁdens
2940 4307 3038 4361 hoc
3082 4309 3273 4378 ipsum,
3324 4308 3447 4374 quia
3472 4307 3560 4374 qui
3589 4308 3745 4375 coepit

2148 4400 2202 4453 in
2224 4400 2363 4454 uobis
2391 4416 2517 4472 Opus
2538 4399 2992 4469 bonum,perﬁciet
3013 4414 3175 4463 usque
3199 4399 3252 4452 in
3279 4397 3415 4451 diem
3440 4397 3565 4451 Iesu
3593 4396 3750 4452 Chri-

461 4500 566 4544 tnat
616 4505 822 4544 carnem
855 4488 871 4528 ί
908 4490 1104 4543 brachii
1129 4489 1229 4555 sui,
1264 4497 1311 4543 et
1350 4503 1383 4541 a
1431 4486 1655 4544 Domino
1708 4491 1923 4546 discedit
1957 4508 2047 4547 cor
2074 4482 2123 4543 D
2149 4494 2240 4548 sti.
2272 4501 2294 4531 ⁸
2322 4492 2488 4565 Cujus
2515 4492 2606 4550 hic
2648 4493 2899 4547 humanae
2947 4492 3126 4547 laudis
3172 4505 3239 4546 ac
3292 4490 3473 4545 meriti
3504 4505 3652 4545 nunc
3692 4492 3745 4547 iu

534 4654 561 4681 ι
594 4644 762 4714 Lugd.
796 4654 851 4699 et
880 4644 1325 4717 ea_posteriores,
1346 4661 1499 4717 quam
1516 4645 1727 4714 inﬁrnta
1752 4648 1838 4701 sit.
1867 4646 2044 4702 Casti-

459 4727 655 4784 gantur
676 4732 741 4769 ex
771 4731 901 4786 mss.
928 4714 1113 4779 Corb.,
1139 4714 1437 4786 Remig.'et
1461 4718 1594 4783 J'ol.,
1626 4733 1726 4773 nec
1756 4736 1861 4773 non
1910 4719 2042 4775 edit.

463 4787 702 4857 lingunt.
731 4798 783 4857 et
819 4785 950 4839 Ven.

538 4855 573 4897 ιῖ
593 4858 690 4912 Ms.
722 4855 997 4920 Ioliensis,
1024 4865 1266 4925 qua’reret
1290 4857 1625 4913 curationem.

539 4940 561 4967 ο
593 4928 666 4981 lta
692 4942 823 4981 mss.
855 4927 1019 4998 Corb.
1046 4936 1101 4979 ct
1128 4926 1358 4993 Rentig.,
1392 4928 1626 4998 Mogunt.
1652 4938 1707 4984 et
1730 4926 1863 4984 Ven.
1888 4930 2043 4985 editi.

464 4998 828 5073 ht_ms._Jol.,
862 4996 1031 5073 Lugd.
1059 4998 1222 5051 editio
1237 5007 1303 5073 _et
1334 4996 1688 5073 recentiores,
1717 5004 2004 5073 respondit.

536 5067 564 5106 ά
596 5068 736 5123 Edit.
762 5068 932 5137 Lugd.
967 5078 1022 5123 et
1049 5067 1403 5139 posteriores,
1428 5071 1491 5123 At
1510 5072 1698 5143 exigua
1719 5067 2051 5126 conclusione

463 5157 601 5213 pene
617 5149 789 5213 totum
803 5151 892 5213 (tu.

540 5222 563 5249 θ
589 5211 688 5265 bis.
713 5208 990 5278 Joliensis,
1028 5208 1297 5264 Dominus.

542 5281 560 5320 ί
593 5283 770 5337 Editio
802 5282 969 5350 Lugd.
993 5289 1049 5334 et
1072 5296 1193 5350 qua:
1225 5290 1342 5350 post
1363 5294 1507 5341 eam,
1540 5280 1674 5334 alius
1695 5293 1869 5334 autem
1898 5282 1994 5335 sic.

540 5364 565 5423 ξ
594 5352 996 5423 ΕάἰιεΜοειιηι.
1022 5352 1261 5416 ειινειιη
1284 5351 1584 5422 sapientiam
1609 5352 1831 5423 postulet
1856 5370 1888 5406 α
1916 5352 2049 5410 Dio.

537 5412 568 5460 5
599 5423 697 5478 Ms.
733 5412 967 5491 Remig"
989 5412 1301 5476 audivimus.

451 5502 455 5506 ’
543 5491 559 5529 ί
596 5493 695 5547 Ms.
723 5493 991 5555 Joliensis,
1019 5494 1282 5548 brachium
1306 5509 1478 5547 suum.

540 5563 555 5612 l
591 5562 711 5616 llmc
744 5579 860 5630 quas
882 5574 1180 5632 sequuntur
1206 5580 1311 5619 non
1335 5564 1557 5631 legimus
1584 5564 1637 5620 in
1669 5579 1769 5619 ms.
1800 5563 2045 5621 Joliensi.

538 5632 564 5705 ξ
592 5632 693 5705 ἥβη
716 5632 989 5705 Julii-usis.
1026 5644 1081 5687 ut
1109 5637 1375 5705 manifeste
1403 5638 1711 5690 noverimus.

543 5701 559 5741 1
598 5703 741 5758 Edit.
768 5704 1002 5771 Mogunt.
1035 5716 1089 5759 ct
1120 5701 1277 5770 VenI,
1308 5708 1359 5760 in
1401 5709 1579 5773 quibus
1603 5725 1660 5763 ea
1687 5709 2034 5764 inueniuntur.

2146 4648 2254 4705 Sed
2285 4649 2465 4703 minus
2492 4656 2663 4711 recte,
2701 4656 2763 4702 ut
2789 4646 3026 4702 videtur.

2220 4728 2261 4756 ω
2293 4718 2349 4773 In
2377 4718 2509 4774 edit.
2538 4717 2711 4788 Lugd.
2742 4726 2799 4772 et
2838 4716 3230 4786 posterioribus
3273 4715 3432 4788 deest
3454 4730 3653 4788 eorum.
3690 4714 3744 4769 In

2150 4804 2252 4914 IIIIS.
2282 4788 2531 4913 Ioll)iensi,
2560 4784 2892 4858 ac'Mogun't.
2916 4800 2972 4844 et
3022 4788 3183 4855 Veu.,
3243 4802 3354 4842 non
3401 4784 3601 4856 legizur
3629 4800 3743 4841 vos

2191 4876 2289 4914 mc.
2381 4877 2462 4914 ϐυ.

2191 4876 2289 4922 me,
2330 4876 2462 4914 υϐυο

2222 4939 2248 4967 ³³
2277 4931 2375 4986 Ms.
2407 4930 2683 4987 Joliensis.
2716 4927 2928 4984 abstulit
2960 4928 3187 4983 laudem.

2223 5011 2249 5038 ο
2278 5002 2375 5056 Ms.
2404 5001 2684 5069 Joliensis,
2721 5002 2776 5054 in
2806 5000 3015 5054 Christo
3042 4998 3192 5053 Iesu.
3216 4998 3284 5052 Et
3321 4996 3483 5059 infra,
3514 4996 3747 5069 magni-7

2155 5073 2292 5126 tione
2316 5074 2429 5141 ejus
2456 5067 2760 5126 habetcum
2795 5087 2927 5125 mss.
2957 5069 3120 5125 Corb.
3147 5080 3200 5124 et
3224 5069 3463 5138 Remig.,
3491 5067 3583 5121 ubi
3612 5067 3745 5123 editi

2153 5159 2363 5209 milites,
2392 5146 2444 5196 in
2474 5143 2793 5214 agnitionem
2822 5143 2956 5208 eius.

2226 5224 2253 5262 Ρ
2287 5207 2453 5277 Lugd.
2486 5207 2654 5266 e'ditio
2674 5227 2796 5266 cum
2823 5207 2887 5266 ea
2918 5210 3330 5273 recentioribus,
3364 5219 3420 5263 ut
3448 5207 3741 5262 tnde.......

2152 5284 2289 5353 quod
2313 5282 2561 5335 habebant
2589 5298 2742 5353 aqua
2778 5282 2981 5335 discunt
3013 5292 3059 5353 et
3087 5297 3311 5352 sperare.

2225 5363 2253 5402 ιι
2282 5353 2379 5407 Ms.
2410 5352 2695 5416 Ju‘lieusis,
2729 5369 2832 5406 non
2862 5352 3070 5406 omittit.

2229 5433 2251 5460 ν
2278 5423 2451 5493 Lugd.
2474 5432 2529 5479 et
2558 5424 2904 5491 posteriores,
2932 5438 3087 5492 super
3112 5421 3632 5475 communicationem
3666 5434 3747 5493 tuh

2154 5505 2336 5549 stram.
2365 5490 2605 5558 Magum.
2631 5506 2687 5548 et
2713 5494 2850 5549 Ven.
2880 5490 3005 5560 post
3024 5507 3212 5562 pauca,
3238 5493 3323 5560 qui
3347 5493 3496 5562 cmpit
3521 5493 3574 5543 in
3597 5490 3745 5544 nobis

2157 5583 2302 5635 Opus,
2330 5565 2552 5632 perﬁciet
2568 5582 2726 5634 usque
2748 5566 2798 5617 in
2821 5566 2954 5618 diem
2971 5560 3179 5617 Domini
3207 5564 3368 5617 nostri
3388 5560 3513 5616 Iesu
3529 5561 3742 5616 Christi.

2229 5646 2251 5673 ⁸
2299 5637 2368 5690 Ita
2396 5652 2525 5690 mss.
2558 5638 2749 5690 Curb..
2784 5636 2991 5690 Remis.
3018 5643 3073 5688 et
3098 5633 3232 5690 .lol..
3262 5649 3383 5689 cum
3416 5635 3656 5690 Monum.
3688 5640 3746 5685 ει

2342 5655 2368 5689 a
2396 5652 2525 5692 mss.
2558 5648 2749 5699 Curru,
2784 5648 2991 5699 ttemxg.
3018 5648 3073 5688 et
3098 5648 3232 5699 .tot.,
3262 5649 3383 5689 cum
3416 5648 3656 5699 alogum.

2229 5649 2251 5673 ⁸
2299 5649 2368 5690 tta
2396 5652 2525 5692 mss.
2558 5649 2749 5700 Uttt‘D.,
2784 5649 2991 5705 ttemxg.
3018 5649 3073 5688 et
3098 5649 3232 5699 .tot.,
3262 5649 3383 5689 cum
3416 5649 3656 5703 alogum.
3688 5649 3742 5685 es

2152 5708 2283 5764 Ven.
2312 5709 2442 5763 edit.
2472 5712 2537 5764 At
2568 5706 2838 5776 Lugdun.,
2867 5705 3030 5774 Loth,
3067 5706 3228 5761 Duae.
3264 5719 3318 5761 et
3347 5704 3565 5771 Cuiam,
3592 5704 3742 5771 cujus
