4026 6176
282 268 379 321 261

1422 250 1623 305 LIBER
1661 245 1941 303 CONTRA
1977 237 2441 298 COLLATOBEM

3453 230 3566 289 26!

281 384 392 437 Deo
416 390 584 432 causa
611 387 875 445 suspensa
906 381 991 427 est
1010 372 1036 426 Ὶ
1064 372 1201 441 Quid
1229 370 1446 425 virtutis
1471 378 1497 407 ⁸
1525 376 1618 421 aut
1660 365 1873 436 pietatis
1902 377 1947 434 Α
1977 359 2071 413 tris
2106 356 2230 421 mei,
2273 364 2328 409 ut
2356 352 2524 407 omnis
2547 351 2637 422 qui
2666 351 2798 406 uidet
2842 348 3042 405 Filium
3066 356 3115 445 et
3153 347 3315 445 credit
3344 347 3569 445 iis-eum,

281 480 564 533 exceptum
594 476 698 530 est,
728 465 873 536 quod
918 481 1023 519 non
1054 479 1118 519 ex
1143 463 1330 533 gratiae
1356 461 1504 515 {urite
1535 456 1868 528 proﬂuxerit,

282 563 370 618 ubi
401 561 472 615 ab
498 557 656 612 initio
676 556 704 595 δ
734 571 905 626 usque
943 556 1011 609 ad
1045 556 1230 619 ﬁnem,
1260 561 1316 608 et
1350 552 1620 606 inchoatio
1647 558 1705 603 et
1753 562 1875 616 per-

282 654 447 711 fectio
474 652 604 707 boni
630 649 814 718 operis
838 649 1068 703 Domino
1091 644 1416 713 deputatur?
1443 643 1540 701 Cui
1569 650 1782 696 canitur
1808 639 1875 694 de

283 746 484 802 sanctis
512 744 626 799 suis
658 741 833 811 (Psal.
858 756 1121 805 Lsxxvut,
1160 739 1245 802 16,
1278 737 1394 807 Π),
1421 736 1659 801 Domine,
1708 734 1762 786 in
1793 732 1877 786 lu-

285 838 417 890 mine
444 834 616 888 uultus
647 833 720 886 tui
746 830 1108 895 ambulabunt,
1139 841 1187 885 et
1221 831 1273 883 in
1302 829 1508 881 nomine
1536 836 1622 880 tuo
1651 824 1877 879 exsulta-

288 931 409 982 bunt
441 938 549 981 tota
596 927 700 992 die,
727 934 776 980 et
801 927 855 977 in
871 926 1078 995 iustitia
1118 933 1205 978 tua
1232 921 1608 988 exaltabuntur,
1637 921 1879 990 quoniam

289 1020 453 1090 gloria
479 1018 680 1073 virtutis
702 1032 877 1070 eorum
906 1026 961 1070 tu
1006 1030 1059 1069 es
1087 1024 1129 1067 ο.

867 1147 1095 1205 CAPUT
1134 1146 1297 1203 XVII.

302 1244 557 1309 Quantum
579 1240 854 1295 Cassianus
880 1240 933 1292 in
959 1256 1119 1309 supra
1142 1238 1385 1307 refutatis
1408 1236 1615 1309 adjuvet
1642 1233 1881 1305 Pelagia-

367 1330 483 1379 nos,
508 1314 758 1375 dicentes,
782 1308 1139 1363 GratiamDei
1165 1310 1443 1361 secundum
1470 1308 1667 1379 merita
1696 1316 1883 1379 nostra

367 1375 516 1449 dari;
543 1398 672 1451 quos
700 1392 868 1433 tamen
896 1380 1128 1448 profante
1154 1379 1412 1451 opinionis
1451 1378 1649 1451 arguit,
1689 1375 1744 1429 in
1784 1391 1885 1451 qua

364 1444 668 1520 sibimetipsi
706 1444 1001 1504 contrarius
1042 1465 1150 1503 esse
1175 1444 1533 1501 convincitur:
1554 1445 1713 1503 Salus
1744 1444 1885 1499 omni

365 1524 541 1590 modo,
568 1522 667 1576 nisi
690 1537 752 1575 ex
775 1521 877 1589 ﬁde
897 1536 1003 1573 esse
1022 1536 1122 1572 non
1152 1528 1331 1587 potest.

367 1656 541 1732 [Alias
560 1656 691 1712 Cn.
720 1652 1013 1725 XXXVII.]
1030 1655 1051 1709 l
1067 1693 1081 1707 .
1100 1651 1561 1709 Considerandum
1586 1667 1714 1708 sane
1730 1652 1885 1707 estin

1976 450 2164 503 habent
2194 448 2352 501 vitam
2371 454 2620 499 a'ternam
2642 460 2661 509 ,°
2702 453 2753 498 et
2780 458 2875 513 ego
2902 438 3217 497 resuscitabo
3252 454 3366 492 eum
3394 438 3450 492 in
3478 455 3563 493 no-

1975 542 2181 595 vissimo
2218 540 2313 606 die.
2339 536 2525 609 (Jaan.
2554 551 2627 601 Vl,
2662 534 2776 605 40).
2816 534 2830 585 i
2875 535 2941 587 Et
2966 535 3184 597 iterum,
3222 529 3347 585 Hinc
3375 540 3451 585 est
3475 548 3571 585 au-

1978 642 2077 688 tem
2096 633 2201 686 vita
2225 640 2437 693 teterna,
2470 636 2528 681 ut
2551 634 2862 697 cognoscant
2897 634 2946 679 te
2966 625 3136 679 solum
3166 638 3343 677 verum
3374 621 3568 688 Deum,

1979 734 2026 779 et
2055 740 2205 794 quem
2236 722 2421 777 misisti
2446 718 2625 775 Jesum
2658 717 2922 773 Christum
2950 717 3131 785 (Joan.
3164 730 3296 780 xm,
3324 716 3406 785 3).
3435 714 3569 770 Cum

1982 816 2163 884 itaque
2191 812 2317 869 huic
2348 811 2497 877 ﬁdei,
2529 823 2690 879 quam
2721 808 2843 863 ideo
2876 808 3084 861 meritis
3108 814 3165 861 et
3192 806 3442 860 laudibus
3470 805 3571 859 ho-

1982 904 2217 971 norasti,
2250 902 2373 973 quia
2415 901 2586 956 mavis
2625 914 2745 955 eam
2785 899 2930 953 inter
2963 896 3117 950 liberi
3171 894 3381 950 arbitrii
3429 896 3570 950 bona

1982 1011 2143 1068 quam
2182 995 2322 1051 inter
2345 994 2440 1049 Dei
2461 993 2602 1047 dona
2633 989 2929 1055 numerari,
2960 997 3217 1044 aeternam
3250 988 3574 1055 beatamque

1984 1094 2148 1147 vitam
2177 1098 2392 1146 constet
2412 1088 2438 1125 ¹ι
2466 1102 2590 1144 esse
2611 1097 2968 1158 prwparatam
2988 1126 3004 1151 ,
3035 1082 3313 1154 quomodo
3336 1084 3440 1135 hoc
3459 1080 3577 1134 vul-

1986 1198 2090 1239 nus
2143 1182 2461 1247 declinabis,
2501 1178 2519 1219 1
2557 1194 2667 1250 quo
2720 1189 2772 1233 te
2819 1178 2995 1247 ipsum
3047 1175 3295 1245 conligis,
3338 1188 3578 1243 pronun-

1986 1276 2172 1331 tiando
2204 1290 2299 1330 eos
2345 1274 2599 1344 profanos
2641 1275 2730 1342 qui
2760 1272 2991 1341 gratiam
3045 1270 3346 1338 dispensari
3383 1283 3578 1323 secun-

1989 1370 2117 1424 dum
2166 1368 2357 1422 merita
2396 1366 2629 1420 humana
2670 1364 2971 1428 deﬁniant,
3013 1370 3069 1417 et
3109 1360 3407 1417 asserendo
3432 1360 3575 1430 quod

1991 1476 2091 1515 nec
2116 1459 2329 1515 laudem
2365 1466 2579 1513 constet
2606 1458 2827 1520 habere,
2861 1468 2962 1509 nec
2994 1454 3246 1508 meritum
3269 1468 3363 1507 eos
3389 1451 3483 1522 qui
3509 1465 3579 1506 ex

1991 1554 2138 1609 dono
2192 1553 2379 1625 gratia:
2425 1552 2534 1607 sint
2584 1549 2806 1605 ﬁdeles?
2851 1548 3298 1617 Quoquoversum
3346 1557 3477 1614 ergo
3525 1552 3580 1597 te

1993 1645 2265 1708 conferas,
2293 1660 2323 1699 a
2363 1644 2651 1710 temetipso
2678 1651 2718 1679 ω
2750 1649 2805 1695 et
2844 1640 3100 1704 vinceris,
3146 1646 3203 1693 et
3230 1637 3473 1695 vinciris.
3523 1635 3582 1693 Si

296 1728 400 1804 hac
428 1747 696 1805 sententia
728 1756 839 1809 tua,
887 1753 1144 1815 quantum
1174 1745 1395 1814 adjuves
1418 1759 1513 1799 eos
1554 1745 1645 1815 qui
1700 1745 1887 1799 dicunt

2012 1737 2135 1789 inim
2160 1734 2383 1805 gratiam
2435 1732 2630 1788 merita
2673 1746 2785 1786 non
2835 1732 3173 1798 praecedunt.
3210 1739 3264 1783 et
3306 1728 3437 1784 ﬁdes
3476 1742 3582 1783 non

296 1841 534 1897 Gratiam
564 1838 660 1895 Dei
686 1839 965 1894 secundum
994 1840 1173 1892 merita
1194 1850 1371 1893 nostra
1409 1839 1562 1902 dari;
1593 1853 1727 1907 quos
1757 1836 1784 1875 ἀ
1808 1848 1887 1892 ta-

299 1947 447 1997 men,
477 1938 540 1984 ut
562 1929 846 1984 catholicae
868 1927 991 1982 ﬁdei
1017 1926 1324 1982 delendaris
1353 1928 1684 1993 umbraculo,
1711 1930 1889 1998 prora-

300 2037 381 2077 nte
400 2018 675 2090 opinionis
706 2033 830 2074 esse
868 2018 1160 2088 proﬁteris,
1205 2020 1391 2075 dicens
1437 2035 1452 2072 :
1509 2017 1677 2072 Nemo
1718 2030 1888 2073 autem

301 2121 324 2149 θ
345 2114 563 2167 aestimet
586 2110 695 2164 haec
715 2127 749 2163 a
769 2110 912 2164 nobis
940 2109 1002 2163 ob
1032 2110 1128 2164 hoc
1154 2111 1311 2179 fuisse
1335 2110 1559 2181 prolata,
1588 2121 1641 2162 ut
1665 2110 1889 2163 nitamur

300 2214 528 2257 astruere
551 2216 805 2256 summam
830 2202 1013 2254 salutis
1050 2202 1104 2254 in
1134 2210 1324 2255 nostra:
1348 2201 1469 2271 ﬁdei
1504 2202 1695 2255 ditione
1721 2202 1889 2255 consi-

299 2304 453 2358 stere,
483 2292 771 2346 secundum
796 2290 1137 2360 quorumdam
1154 2292 1428 2360 profanam
1453 2293 1763 2363 opinionem,
1779 2292 1886 2361 qui.

272 2408 277 2413 ο
301 2394 464 2437 totum
486 2383 645 2436 libero
658 2381 871 2435 arbitrio
894 2382 1215 2453 deputantes,
1232 2382 1455 2451 gratiam
1485 2382 1581 2435 Dei
1600 2382 1892 2453 dispensari

302 2474 585 2529 secundum
607 2474 843 2526 meritum
865 2473 1268 2544 uniuscujusque
1295 2473 1565 2543 deﬁniunt.
1590 2473 1695 2529 Sed
1724 2475 1893 2529 miror

302 2570 459 2625 valde
479 2566 927 2638 quomodn353
957 2582 1061 2619 non
1094 2567 1269 2633 vides,
1293 2576 1385 2621 aut
1408 2567 1477 2620 ab
1508 2566 1627 2621 aliis
1652 2568 1892 2622 aestimas

306 2677 411 2715 non
439 2659 639 2721 videri,
679 2660 822 2729 quod
857 2667 910 2712 te
953 2658 1127 2726 ipsum
1159 2666 1251 2712 tuo
1284 2673 1380 2712 ore
1419 2658 1772 2713 condemnas.
1804 2657 1900 2712 Di-'

312 2749 491 2805 cendo
528 2748 675 2804 enim
714 2747 859 2818 quod
901 2747 1150 2811 centurio,
1193 2748 1341 2818 cujus
1368 2747 1496 2816 ﬁdes
1536 2745 1747 2800 Domini
1774 2761 1894 2801 voce

309 2841 523 2895 laudata
552 2848 646 2903 est,
673 2839 867 2892 nullius
887 2838 1059 2891 laudis
1084 2846 1212 2891 esset
1243 2853 1306 2891 ac
1326 2838 1515 2903 meriti,
1548 2836 1569 2875 τ
1597 2839 1642 2893 si
1671 2838 1727 2892 id
1755 2838 1808 2890 in
1836 2851 1894 2890 eo

306 2935 446 3005 quod
494 2936 607 3001 ipse
646 2933 926 2987 donaverat
962 2932 1291 3002 prtetulisset,
1326 2931 1564 2988 deﬁnisti
1616 2937 1893 2991 centurio-

310 3040 431 3079 nem
465 3023 622 3078 illum
664 3036 771 3076 non
817 3021 1070 3075 donatam
1121 3021 1279 3075 ﬁdem
1326 3020 1599 3089 habuisse,
1643 3026 1737 3080 sed
1771 3042 1894 3094 pro-

312 3114 520 3182 priam;
572 3126 637 3167 ac
676 3111 899 3181 perinde
950 3111 1084 3165 nihil
1141 3112 1259 3180 ejus
1318 3114 1595 3184 principiis
1636 3117 1891 3172 collatum
1922 3124 1966 3185 ι]

312 3203 481 3259 fuisse
520 3217 619 3272 per
653 3203 924 3273 gratiam;
974 3202 1029 3256 in
1078 3204 1267 3258 eadem
1308 3214 1487 3259 autem
1525 3206 1633 3262 ﬁde
1678 3222 1895 3265 causam

310 3292 485 3349 fuisse
510 3302 568 3348 et
588 3293 759 3348 laudis
790 3301 845 3348 et
870 3292 1073 3359 meriti,
1103 3310 1333 3363 quorum
1370 3307 1620 3353 neutrum
1652 3298 1895 3367 haberet,

313 3386 356 3439 si
381 3384 438 3440 id
469 3385 556 3439 cui
585 3393 639 3439 et
662 3383 781 3439 laus
806 3384 1033 3439 debetur
1059 3392 1114 3440 et
1138 3386 1389 3440 meritum
1421 3387 1677 3444 Dominus
1706 3402 1897 3445 conlu-

313 3479 493 3535 lisset.
540 3478 767 3533 Frustra
812 3494 963 3548 ergo,
1013 3488 1073 3532 ut
1122 3479 1381 3534 invidiam
1423 3482 1660 3536 damnati
1699 3484 1902 3538 erroris

311 3571 537 3635 evadas,
579 3583 843 3624 summam
883 3570 1077 3625 salutis
1120 3587 1285 3642 negas
1337 3574 1392 3627 in
1432 3570 1553 3627 ﬁdei
1596 3586 1795 3631 nostra:
1821 3578 1904 3631 di-

313 3663 468 3719 tione
497 3662 822 3727 consistere,
842 3676 964 3715 cum
992 3664 1136 3716 omni
1166 3662 1326 3717 modo
1351 3665 1497 3718 salus
1523 3672 1549 3711 Β
1575 3665 1675 3719 nisi
1706 3680 1769 3721 ex
1796 3666 1904 3723 ﬁde

316 3769 435 3810 esse
482 3770 591 3808 non
635 3754 826 3824 possit.
855 3752 1042 3807 Justus
1087 3754 1229 3807 enim
1259 3770 1323 3809 ex
1368 3755 1471 3822 ﬁde
1498 3756 1617 3810 vivit
1648 3756 1825 3827 (Rom.
1860 3773 1900 3824 ι,

318 3848 409 3911 l7;
452 3846 664 3900 Hebae.
694 3860 753 3912 ιι,
800 3844 880 3917 ι).
936 3845 1199 3913 Quoniam
1255 3847 1468 3903 Veritas
1521 3849 1672 3917 dicit,
1717 3850 1903 3915 Amen,

314 3950 490 3999 amen,
514 3935 630 3987 dico
659 3936 820 3999 vobis,
848 3935 1094 4003 quoniam
1124 3935 1210 4003 qui
1238 3936 1386 3989 audit
1411 3938 1616 3991 verbum
1648 3955 1839 4004 meum,
1857 3951 1907 3994 et

315 4027 485 4079 credit
508 4026 562 4079 in
593 4041 704 4079 eum
726 4026 813 4092 qui
843 4040 925 4078 me
960 4027 1117 4092 misit,
1142 4025 1170 4063 δ
1200 4027 1348 4081 habet
1376 4029 1533 4083 vitam
1565 4040 1826 4098 aeternam,
1856 4042 1904 4086 et

314 4118 363 4169 in
394 4116 658 4182 iudicium
701 4131 804 4169 non
832 4117 1019 4182 veniet,
1066 4119 1157 4170 sed
1185 4119 1424 4173 transibit
1453 4121 1517 4174 de
1543 4130 1707 4175 morte
1734 4122 1804 4176 ad
1828 4123 1906 4177 vi-

316 4215 419 4261 tam
439 4206 723 4279 (Joan.v1,
748 4205 862 4277 24).
888 4206 955 4263 Et
985 4208 1201 4275 iterum,
1237 4207 1406 4265 illam
1436 4222 1511 4266 est
1546 4211 1781 4269 voluntas
1798 4212 1905 4270 Pa-

317 4368 565 4443 humante
586 4364 755 4443 laudis
784 4382 844 4419 ac
861 4368 1043 4443 _meri‘ti
1070 4384 1172 4422 non
1202 4369 1285 4423 hic
1304 4386 1461 4443 causa
1485 4387 1730 4443 suspensa
1778 4381 1853 4428 est
1882 4374 1907 4427 ?

388 4449 415 4514 ξι
584 4436 690 4514 19].
719 4451 837 4489 cum
861 4436 1032 4514 Lugd.
1064 4447 1120 4493 et
1148 4436 1647 4514 posteripribusfae
1676 4445 1902 4514 pietatis.

388 4507 417 4546 ιι
445 4507 593 4579 Edit.
618 4503 860 4579 Mogunt.
888 4503 1131 4579 et'Ven.,
1148 4503 1321 4579 usque
1348 4512 1401 4563 in
1420 4503 1595 4579 ﬁnem.

392 4588 416 4616 ε
442 4578 502 4632 lu
526 4575 630 4630 Ms.
662 4574 766 4656 iul.
786 4577 1067 4656 adduntur
1097 4574 1183 4633 hic
1206 4574 1504 4649 sequentia,
1526 4584 1641 4637 etin
1668 4583 1909 4655 beneplao

321 4650 417 4703 cito
449 4661 544 4700 tuo
574 4646 885 4699 eaaltabitur
913 4664 1073 4701 cornu
1089 4646 1339 4703 nostrum.

393 4717 420 4754 ά
450 4717 601 4789 ﬁdit.
627 4715 797 4789 Lugd.
827 4725 884 4770 et
909 4720 1236 4789 posteriores
1268 4720 1541 4789 omittunt,
1575 4732 1765 4779 tamen.

1990 1836 2170 1897 potest
2199 1840 2319 1881 esse
2348 1827 2466 1880 sine
2495 1824 2738 1889 meritis,
2768 1822 2899 1877 ﬁdes
2928 1823 3160 1892 gratiam
3188 1830 3214 1857 ιι
3247 1837 3352 1875 nun
3383 1835 3585 1889 praece-

1990 1918 2087 1983 dit,
2113 1928 2168 1974 et
2204 1917 2349 1972 omni
2387 1914 2549 1971 modo
2578 1923 2604 1951 ο
2644 1928 2710 1969 ex
2751 1913 2923 1983 gratia
2955 1913 3187 1968 habetur
3216 1913 3471 1981 quidquid
3516 1912 3583 1966 il-

1991 2006 2083 2062 Iud
2110 2016 2194 2061 est
2218 2022 2282 2062 ex
2313 2020 2421 2076 quo
2451 2005 2701 2061 meritum
2735 2004 2996 2070 nascitur,
3028 2003 3173 2072 quod
3204 2014 3327 2057 ante
3352 2003 3580 2073 gratiam

1994 2113 2098 2152 non
2128 2096 2374 2153 habetur.

2449 2188 2615 2262 δεῖ,
2640 2188 2870 2246 CAPUT
2915 2188 3101 2244 xvm.

1993 2298 2269 2355 Cassianus
2299 2302 2707 2356 inconvenientia
2735 2305 2946 2357 miscere
2974 2312 3188 2356 conatur
3211 2344 3222 2363 ,
3253 2310 3302 2355 et
3331 2301 3505 2369 ﬁdeles
3536 2301 3589 2355 in

2066 2372 2173 2443 duo,
2203 2388 2389 2441 genera
2434 2372 2647 2439 dividit,
2696 2373 2878 2443 quibus
2921 2376 3180 2443 contraria
3221 2373 3587 2443 accommodet.

2066 2442 2309 2507 Deﬁnitio
2334 2444 2637 2495 duodecima
2665 2442 2898 2498 Cessiani
2932 2458 2951 2497 :
2999 2442 3165 2495 Deum
3198 2445 3253 2496 in
3280 2442 3467 2495 salutis
3494 2460 3587 2495 ne-

2062 2515 2200 2577 gotio
2223 2514 2339 2565 aliis
2366 2529 2473 2567 esse
2500 2515 2826 2568 salvatorem.
2852 2515 2971 2567 aliis
3001 2524 3344 2580 suseeptorem
3366 2522 3585 2565 tantum.

2065 2580 2257 2637 Contra
2301 2584 2480 2650 probat
2524 2583 2586 2654 S_.
2642 2582 2903 2654 Prosper,
2946 2581 3202 2654 Christum
3230 2597 3457 2636 omnium
3500 2583 3590 2651 qui

2065 2655 2330 2705 salvantur
2360 2668 2468 2705 esse
2493 2651 2818 2706 salvatorem.
2871 2652 3072 2705 Placita
3103 2653 3339 2705 Cassiani
3370 2655 3433 2704 de
3462 2670 3587 2720 gra-

2066 2723 2137 2775 tia
2162 2730 2211 2775 et
2236 2722 2392 2793 libero
2420 2723 2631 2775 arbitrio
2669 2724 2972 2777 horrescunt
2999 2723 3303 2793 euangelista
3334 2722 3588 2788 apostoli-

2067 2807 2239 2856 cwque
2265 2791 2512 2846 doctrina:
2531 2794 2795 2863 discipuli.

2070 2923 2253 2998 [Alias
2282 2927 2410 2980 CAP.
2446 2924 2776 2998 XXXVIII.]
2809 2925 2861 2980 1.
2907 2926 2978 2982 Ut
3021 2926 3185 2997 igitur
3216 2926 3592 2982 deﬁnitiOnnm

1998 3026 2211 3072 tuarum
2274 3018 2583 3073 absurditas
2636 3034 2741 3073 non
2794 3018 2897 3073 sibi
2948 3033 3250 3089 repugnare
3300 3019 3595 3085 videatur,

1999 3120 2027 3161 ιι
2052 3112 2487 3166 inconvenientia
2518 3112 2749 3165 miscere
2777 3112 2991 3165 C0ll3l‘i8
3011 3153 3026 3177 ,
3056 3121 3110 3166 et
3141 3110 3399 3165 unitatem
3423 3124 3597 3165 mem-

2003 3204 2224 3259 brorum
2247 3203 2701 3273 corporisChristi
2730 3204 2781 3257 iu
2812 3203 3021 3257 duobus
3042 3203 3331 3273 generibus
3361 3201 3595 3257 ﬁdelium

2007 3310 2147 3350 nova
2191 3295 2612 3365 praesumptione
2638 3294 2924 3350 constituis
2972 3310 2988 3349 :
3031 3296 3086 3349 in
3130 3308 3240 3349 uno
3269 3294 3504 3357 scilicet,
3533 3294 3599 3346 ad

2006 3387 2149 3456 quod
2209 3386 2479 3457 pertineat
2527 3386 2655 3441 illud
2704 3384 2847 3455 quod
2898 3394 2928 3436 (ι
2992 3386 3046 3440 in
3095 3384 3362 3454 principio
3414 3383 3599 3438 dixisti

2010 3478 2235 3550 (Callet.
2266 3480 2333 3534 15
2359 3496 2476 3548 cap.
2505 3479 2538 3533 5
2559 3479 2605 3549 ),
2656 3477 2776 3532 Non
2803 3477 2971 3532 solum
2997 3489 3243 3543 actuum,
3276 3486 3298 3514 ι’
3331 3477 3421 3531 sed
3449 3478 3602 3531 etiam

2007 3572 2380 3644 cegilationum
2411 3572 2657 3626 bonarum
2680 3586 2743 3625 ea:
2772 3569 2881 3625 Deo
2910 3586 3021 3625 esse
3051 3569 3363 3639 principium
3387 3608 3402 3633 ,
3432 3568 3516 3638 qui
3555 3578 3603 3622 et

2004 3667 2186 3735 incipit
2212 3680 2326 3733 qua:
2352 3666 2483 3718 bona
2508 3672 2647 3730 sunt,
2680 3671 2730 3717 et
2759 3663 3051 3733 exsequitur
3069 3702 3085 3727 ,
3132 3671 3179 3714 et
3206 3667 3521 3714 consummat
3550 3659 3604 3712 iu

2008 3758 2191 3822 nobis;
2235 3757 2286 3810 in
2318 3756 2426 3809 alio
2455 3764 2659 3818 autem,
2692 3755 2778 3808 cui
2808 3761 3070 3821 congruat
3115 3751 3296 3820 regula
3348 3751 3470 3819 ista,
3499 3764 3604 3820 qua

2007 3849 2147 3902 dicis
2172 3847 2515 3901 centurionem
2537 3861 2627 3898 nec
2650 3844 2854 3897 laudem
2881 3844 3045 3896 ullam
3069 3850 3090 3877 ⁸
3108 3842 3402 3894 habiturum
3444 3841 3611 3909 fuisse

2008 3955 2102 3993 nec
2131 3938 2388 4003 meritum,
2417 3939 2462 3991 si
2489 3938 2544 3991 id
2572 3938 2623 3990 in
2650 3952 2708 3990 eo
2745 3934 2995 3990 Dominus
3023 3934 3160 4003 quod
3188 3935 3297 4004 ipse
3324 3934 3608 3988 donaverat

2012 4029 2341 4103 pratulisset.
2385 4029 2451 4083 Et
2480 4030 2607 4084 licet
2634 4037 2804 4083 totum
2835 4026 3213 4096 disputationis
3242 4034 3349 4079 tua:
3396 4032 3607 4079 textqu

2012 4125 2080 4180 ad
2108 4124 2204 4179 has
2232 4124 2364 4178 duas
2386 4122 2684 4191 formulas,
2735 4138 2858 4192 quae
2906 4120 3053 4176 nullo
3095 4120 3258 4175 modo
3296 4118 3609 4174 coniormes

2011 4225 2243 4288 possunt
2289 4229 2443 4282 esse,
2491 4214 2854 4285 produxeris,
2899 4228 3040 4269 nunc
3090 4222 3267 4269 tamen
3297 4212 3608 4268 distinctius

2007 4384 2213 4439 autem;
2236 4382 2290 4429 et
2319 4383 2441 4443 post
2470 4388 2638 4446 pauca
2680 4388 2821 4446 mss.
2857 4373 3021 4428 Corb.
3053 4383 3107 4446 et
3153 4373 3393 4443 Remig,
3427 4382 3478 4428 et
3507 4390 3604 4446 ego

2008 4447 2302 4499 resuscitem
2326 4461 2463 4497 eum.
2497 4444 2693 4499 Caneri
2725 4444 2940 4499 codices
2974 4456 3030 4499 ut
3059 4443 3112 4498 in
3146 4452 3316 4498 textu.

2086 4515 2102 4566 i
2139 4516 2234 4567 Ms.
2266 4514 2544 4577 Joliensis,
2587 4517 2658 4567 Ac
2684 4531 2887 4568 rursus.

2085 4584 2415 4640 kEditiones
2454 4584 2649 4655 Lugd.,
2703 4584 2860 4650 Lov.,
2918 4583 3088 4639 Duae.
3131 4592 3189 4639 et
3230 4582 3451 4646 Colon.,
3497 4599 3608 4637 esse

2011 4665 2237 4728 partam.

2092 4723 2111 4763 ι
2138 4724 2500 4805 Lugdz‘edit”
2532 4722 2670 4794 quod
2696 4724 2805 4805 ipse
2832 4725 2993 4805 cogis;

394 4796 418 4823 ο
444 4786 709 4865 M_s._Jol.,
741 4786 899 4865 Ve_n_.,
931 4788 1101 4859 Lugd.
1127 4800 1182 4843 et
1212 4786 1550 4865 recentiores
1564 4793 1713 4858 editi,
1739 4795 1911 4848 existi—
1942 4787 1992 4847 Ι)
2085 4806 2126 4833 ιιι
2150 4786 2251 4851 Ms:
2301 4786 2556 4865 Remigu'
2581 4804 2630 4850 et
2668 4786 2915 4848 uincaris:
2962 4792 3245 4865 Editiones
3275 4794 3515 4861 Mogunt.
3547 4802 3607 4848 et

323 4855 624 4937 met_._lnlra
660 4870 790 4937 vero
815 4855 1090 4937 idemms.
1117 4873 1239 4937 eum
1273 4876 1403 4916 mss.
1430 4861 1594 4937 βοή),
1617 4873 1673 4918 et
1700 4855 1910 4928 Remig.

322 4946 383 4982 ac
419 4929 663 5051 Mlqggéit;
687 4927 844 4992 edit.,
870 4929 1118 4999 testimas,
1150 4931 1239 4986 ubi
1266 4933 1448 4988 caeteri
1490 4934 1709 4991 codices
1737 4927 1915 4990 existi-

323 5018 432 5051 mas
502 5015 529 5048 ἓὶ
609 5013 639 5050 η
672 5036 686 5049 ι

323 5018 432 5054 mas
462 5007 686 5051 habent.

399 5069 418 5108 ί
449 5068 556 5141 his.
581 5066 856 5141 Joliensis,
881 5068 928 5122 si
951 5068 1077 5123 idin
1106 5084 1165 5124 eo
1199 5070 1485 5138 Dominus;
1511 5074 1717 5141 caeteri,
1744 5073 1911 5130 Deus:

328 5152 382 5195 et
415 5138 736 5209 paulopost
764 5138 903 5192 idem
936 5156 1063 5206 ms.,
1095 5143 1440 5196 centurionem
1471 5146 1661 5209 ipsum.

402 5207 434 5257 εξ
454 5207 704 5277 Lugdun.
727 5216 782 5261 et
803 5213 1147 5277 posteriores,
1170 5228 1284 5265 cum
1312 5207 1516 5267 omnino
1546 5231 1561 5267 :
1584 5216 1723 5270 idem
1751 5214 1911 5271 habet

330 5292 383 5335 et
416 5294 524 5361 Ius.
550 5276 825 5345 Joliensis,
857 5282 948 5349 qui
979 5281 1180 5347 subdit,
1204 5282 1346 5337 salus
1367 5286 1570 5339 nonnisi
1596 5302 1659 5340 ea:
1677 5286 1778 5354 ﬁde
1802 5302 1910 5341 esse

457 5358 517 5401 il.

332 5366 745 5503 Ὗῗιῗὲἰίῑῐοηθε
769 5418 1091 5503 biognntset
1117 5420 1277 5503 ven...
1307 5422 1453 5477 habet
1474 5426 1660 5503 vitam,
1678 5435 1724 5479 et
1751 5427 1804 5479 in
1817 5429 1921 5503 iu-

334 5492 537 5545 dicium
565 5504 665 5540 non
695 5492 847 5555 venit,
893 5492 983 5544 sed
1017 5492 1197 5544 transit
1224 5494 1287 5545 de
1325 5504 1485 5549 morte
1519 5496 1572 5549 in
1613 5498 1791 5549 vitam.
1817 5492 1915 5550 his.

335 5561 439 5637 iul.
477 5566 535 5611 ut
566 5572 761 5637 supra;
789 5562 970 5637 at__sed
987 5562 1230 5637 transiet,
1260 5572 1393 5637 etc.,
1428 5565 1589 5620 habet
1626 5582 1723 5637 pro
1751 5575 1922 5621 trans-

339 5632 447 5690 ibit.
473 5637 538 5700 et
560 5628 613 5700 in
643 5629 819 5684 vitam.
854 5632 950 5683 bis.
987 5631 1217 5700 Remig,
1248 5635 1338 5686 sed
1365 5638 1566 5689 transit.

414 5701 434 5739 ί
463 5698 562 5753 Ms.
586 5697 861 5760 lolicusis.
893 5701 1018 5758 Iltec
1042 5714 1113 5756 est
1141 5697 1295 5757 enim.
1328 5704 1426 5759 his.
1467 5707 1655 5769 Corb.,
1688 5705 1817 5761 Haec
1845 5718 1917 5763 est

2024 4866 2155 4921 Ven.
2202 4864 2475 4920 omittunt
2502 4868 2637 4932 hmo,
2681 4875 2730 4918 et
2769 4866 2996 4919 vinciris.
3030 4864 3277 4934 Lugdun.
3324 4873 3379 4919 et
3414 4879 3605 4919 recen-

2020 4940 2205 5000 tiores,
2236 4949 2282 4990 et
2315 4937 2523 4988 vinciris
2550 4946 2598 4989 et
2619 4936 2859 4989 vinceris.

2090 5016 2117 5043 υ
2141 5007 2282 5061 Editi
2316 5007 2559 5074 Mogunt.
2584 5014 2640 5061 et
2669 5005 2830 5065 Ven..
2861 5022 2965 5059 non
2992 5005 3263 5074 prcecedet.

2088 5086 2114 5111 υ
2142 5077 2239 5130 Ms.
2270 5073 2505 5145 Remig.,
2538 5092 2626 5141 per
2655 5077 2879 5147 gratiam
2908 5073 3143 5147 habetur.
3194 5075 3290 5147 Ms.
3342 5073 3612 5147 Joiiensis

2014 5161 2137 5202 cum
2159 5148 2405 5227 pingunt.
2446 5158 2501 5227 et
2533 5146 2670 5201 Ven.
2709 5147 2863 5212 edit.,
2895 5162 2988 5213 pro
3008 5146 3175 5227 gratia
3199 5146 3429 5227 habetur.
3460 5146 3611 5197 Idem

2016 5232 2118 5271 ms.
2149 5217 2256 5273 Jul.
2303 5217 2498 5271 deinde
2520 5258 2537 5283 ,
2568 5234 2631 5272 ea:
2658 5234 2873 5284 quorum
2901 5217 3077 5269 merito
3107 5218 3386 5284 nascitur,
3409 5227 3460 5267 et
3506 5230 3602 5283 po—

2026 5298 2139 5343 stea
2170 5289 2318 5359 Mog.
2344 5298 2400 5344 et
2429 5288 2589 5359 Yen.,
2622 5282 2758 5355 quod
2784 5295 2900 5341 ante
2924 5286 3145 5356 gratiam
3173 5301 3277 5338 non
3302 5282 3471 5339 habet.

2098 5370 2125 5408 Ρ
2160 5358 2523 5427 Ms.Remig.,
2553 5359 3028 5427 inconvenientiam.

2063 5440 2131 5513 λι.
2157 5430 2321 5497 Editi,
2349 5424 2521 5499 Lugd.
2543 5440 2598 5484 et
2618 5429 2711 5483 illo
2738 5426 3067 5483 recentiores
3085 5466 3101 5492 ,
3130 5424 3267 5494 quod
3303 5425 3438 5480 inter
3466 5424 3612 5495 prin-

2028 5517 2253 5624 ἄρηξις.
2285 5568 2558 5628 Joliensis.
2588 5584 2759 5621 verum
2785 5566 2960 5620 etiam.

2103 5651 2123 5679 ι
2158 5640 2302 5696 Edit.
2332 5640 2485 5709 Lov.,
2517 5639 2676 5694 Duae.
2710 5647 2768 5694 et
2792 5637 3005 5705 Colum,
3035 5637 3322 5696 habiturum
3352 5653 3480 5697 esse.
