4030 6178
389 201 498 260 εδδ

1612 194 1668 250 S.
1713 191 2045 248 PROSPERI
2087 188 2412 258 AQUITANI

3545 183 3660 237 26$

383 329 548 390 atque
589 317 900 388 expressius
944 313 1073 384 quid
1103 309 1338 366 volueris
1370 307 1588 362 ﬁrmare
1629 305 1963 374 pronuntias,
1994 307 2042 366 Α
2070 303 2164 372 qui
2204 317 2308 355 non
2354 301 2520 354 dante
2566 298 2729 353 Patre
2772 295 2839 350 ad
2885 294 3080 350 Filium
3108 293 3292 350 venire
3326 302 3660 364 potuerunt;

387 411 573 467 dicens
612 427 628 463 :
670 408 773 463 Per
813 408 921 462 hac
947 407 1102 478 igitur
1131 400 1362 471 exempla
1406 414 1520 468 qua
1561 397 1624 450 de
1654 395 1970 464 Evangelicis

389 501 694 571 protulimus
724 507 748 535 ³
771 494 1107 550 monumentis
1126 535 1139 557 ,
1172 489 1540 544 evidentissime
1577 486 1850 554 poterimus
1876 483 1970 535 ad-

384 601 592 655 vertere,
637 588 844 642 diversis
890 594 1042 652 atque
1079 581 1358 636 innumeris
1401 577 1594 641 modis,
1626 585 1673 629 et
1716 575 1972 627 inserata-

386 681 572 735 bilibus
635 680 769 743 viis,
825 677 991 731 Deum
1033 674 1253 727 salutem
1309 668 1525 722 humani
1592 665 1786 736 generis
1855 679 1970 733 pro-

384 786 606 836 curare;
651 779 698 823 et
735 766 1072 838 quorumdam
1116 761 1316 832 quidem
1368 758 1648 812 volentium
1691 771 1752 809 ac
1797 754 1974 807 sitien—

388 863 514 914 tium
544 875 746 912 cursum
771 858 840 911 ad
865 857 1114 925 majorem
1143 852 1170 890 ι’
1201 851 1419 904 incitare
1442 845 1790 918 ﬂagrantiam,
1821 859 1975 913 quos-

385 953 503 1004 dam
521 966 634 1004 vero
656 950 808 1003 etiam
829 947 1056 1000 nolentes
1075 944 1351 1010 invitosque
1377 937 1678 1007 compellere
1710 950 1727 987 :
1765 944 1814 987 et
1841 948 1975 987 nunc

383 1041 607 1112 quidem,
644 1050 664 1076 ο
697 1047 754 1091 ut
783 1037 1088 1107 impleantur
1111 1048 1168 1085 ea
1190 1045 1306 1102 qua:
1327 1029 1520 1082 utiliter
1546 1043 1578 1079 a
1606 1025 1752 1078 nobis
1776 1023 1975 1077 deside-

386 1143 500 1186 rata
549 1129 897 1201 conspexerit,
947 1125 1230 1195 adjuvare;
1287 1135 1422 1173 nunc
1461 1133 1576 1170 vero
1620 1116 1772 1168 etiam
1814 1114 1975 1186 ipsius

386 1225 552 1279 sancti
582 1221 816 1276 desiderii
844 1219 1095 1285 inspirare
1118 1213 1366 1284 principia
1392 1226 1410 1274 ;
1448 1219 1495 1263 et
1524 1208 1600 1262 vel
1621 1208 1825 1261 initium
1858 1206 1976 1260 boni

387 1317 574 1388 operis,
606 1314 681 1368 vel
712 1309 1140 1384 perseverantiam
1170 1305 1197 1343 ἀ
1229 1305 1539 1358 condonare.
1571 1299 1599 1353 1
1606 1299 1704 1354 nde
1726 1309 1799 1353 est
1840 1299 1975 1367 quod

387 1420 611 1471 orantes.
626 1424 727 1460 non
739 1405 902 1460 solum
916 1410 1243 1471 protectorem
1269 1407 1292 1434 ⁸
1307 1413 1364 1450 ac
1377 1396 1696 1457 salvatorem,
1716 1391 1801 1444 sed
1822 1391 1977 1444 etiam

387 1504 675 1572 adjutorem
701 1514 762 1552 ac
786 1502 1122 1561 susceptorem
1153 1488 1429 1542 Dominum
1455 1485 1848 1555 proclamamus.
1906 1480 1973 1532 In

390 1613 449 1650 eo
476 1596 631 1656 enim,
675 1589 810 1660 quod
838 1588 979 1657 prior
1006 1584 1239 1646 advocat,
1276 1588 1323 1633 et
1346 1579 1636 1649 ignorantes
1667 1589 1759 1627 nos
1783 1612 1798 1638 ,
1829 1580 1977 1641 atque

2073 408 2181 446 non
2206 391 2272 445 ad
2297 405 2489 445 omnes
2516 389 2779 458 pertineat
2803 387 2942 456 quod
2967 387 3040 440 ait
3072 385 3411 454 Evangelista
3448 386 3468 454 (
3491 383 3662 449 Ibid.,

2072 497 2113 545 ι,
2136 481 2213 552 9),
2248 480 2371 534 Erat
2399 479 2569 534 lumen
2595 493 2789 542 verum,
2811 475 2947 547 quod
2967 476 3228 528 illuminat
3256 491 3452 528 omnem
3494 475 3661 528 homi-

2073 589 2186 625 nem
2213 572 2491 625 venientem
2517 571 2569 622 in
2594 568 2730 622 hunc
2761 568 3006 621 mundum
3031 605 3046 630 ,
3092 563 3137 620 si
3176 574 3301 619 sunt
3341 567 3430 635 qui
3462 575 3553 618 aut
3581 565 3658 618 ita

2072 663 2126 717 in
2150 663 2289 716 hunc
2319 660 2576 715 mundum
2602 666 2902 722 venerunt,
2929 664 2987 711 ut
3012 671 3119 710 non
3153 665 3335 711 essent
3377 658 3612 711 tenebrat
3637 672 3657 723 ;

2073 763 2167 808 aut
2192 753 2263 807 ita
2296 754 2384 807 lux
2422 766 2547 806 esse
2576 757 2893 818 cmperunt,
2925 759 2982 802 ut
3010 747 3396 803 illuminatione
3421 749 3533 804 veri
3574 750 3662 804 Iu-

2074 844 2233 898 minis
2259 851 2284 878 °
2311 857 2416 896 non
2459 850 2682 911 egerent
2714 856 2728 893 :
2768 853 2869 894 nec
2895 838 2966 894 de
2992 838 3242 893 omnibus
3270 839 3534 908 adoptatis
3568 855 3662 895 ae-

2073 934 2378 1005 cipiendum
2413 934 2483 987 sit
2529 931 2670 1002 quod
2715 931 2790 985 ait
2831 932 3121 1000 Apostolus
3160 929 3398 1001 (Coloss.
3432 947 3470 996 t,
3508 933 3658 1000 15),

2079 1025 2179 1090 Qui
2206 1025 2336 1076 eruit
2368 1039 2459 1076 nos
2487 1023 2548 1075 de
2576 1029 2823 1089 potestate
2852 1020 3170 1073 tenebrarum
3196 1060 3211 1084 ,
3244 1031 3289 1074 et
3318 1023 3578 1075 transtulit
3603 1024 3659 1076 in

2073 1132 2288 1186 regnum
2317 1113 2445 1167 Filii
2475 1112 2763 1166 dilectionis
2788 1127 2926 1176 suae;
2965 1111 3008 1165 si
3052 1110 3267 1179 quidem
3314 1111 3413 1180 ipsi
3441 1122 3466 1160 ρ
3507 1129 3657 1166 rum-

2077 1213 2205 1276 pant
2231 1203 2444 1258 vincula
2471 1217 2588 1267 sua,
2616 1210 2704 1268 et,
2733 1201 2861 1270 jugo
2887 1201 3087 1255 veteris
3113 1201 3436 1269 captivitatis
3463 1217 3658 1258 excus-

2077 1313 2158 1362 so,
2208 1312 2237 1351 a
2265 1294 2630 1351 dominatione
2655 1292 2855 1346 diaboli
2899 1293 2950 1346 in
2979 1307 3198 1362 regnum
3229 1292 3322 1346 Dei
3353 1292 3516 1347 libera
3539 1295 3655 1348 ala-

2075 1391 2264 1446 eritate
2290 1402 2676 1447 transcurrant.
2709 1391 2834 1446 Hme
2862 1391 2906 1445 si
2939 1401 3162 1460 possunt
3193 1391 3330 1444 intra
3363 1406 3522 1444 unam
3555 1392 3656 1446 Ec-

2076 1483 2294 1537 clesiam
2323 1484 2626 1552 prtedicari,
2667 1493 2727 1538 ut
2756 1493 2940 1537 neutra
2974 1483 3154 1552 opinio
3181 1484 3332 1538 alteri
3363 1483 3537 1550 cedat,
3561 1485 3656 1540 sed

2077 1574 2306 1629 invicem
2336 1574 2438 1628 sibi
2470 1582 2696 1643 utraque
2725 1573 3036 1628 succumbat
3059 1614 3073 1638 ,
3123 1584 3301 1642 potest
3336 1573 3450 1628 ﬁeri
3484 1584 3540 1628 ut
3567 1589 3658 1630 reo

389 1687 570 1739 invitos
597 1659 807 1737 attrahit
833 1677 902 1732 ad
928 1677 1142 1730 salutem
1167 1715 1183 1740 ,
1237 1679 1492 1742 protector
1519 1676 1672 1735 atque
1699 1665 1921 1717 salvator
1950 1659 1969 1698 ί
2004 1659 2049 1718 Β
2078 1664 2337 1733 cipiamus
2377 1664 2518 1733 quod
2549 1664 2819 1733 Pelagiani
2850 1671 3073 1730 tenent,
3119 1673 3174 1718 et
3216 1664 3481 1734 Pelagiani
3521 1667 3657 1720 reci-

389 1785 465 1831 est
489 1792 508 1829 :
531 1776 584 1828 in
614 1789 672 1826 eo
701 1780 871 1824 autem
895 1766 1031 1838 quod
1069 1761 1409 1818 annitentibus
1434 1759 1596 1830 355
1635 1756 1776 1810 nobis
1825 1769 1973 1822 opem

394 1868 546 1937 ferre,
580 1874 604 1911 Β
635 1862 1035 1933 refugientesque
1061 1856 1316 1924 suscipere
1337 1869 1398 1905 ac
1423 1851 1622 1904 munire
1644 1888 1660 1913 ,
1691 1846 1970 1913 consuevit,

391 1964 657 2024 susceptor
680 1970 739 2006 ac
764 1951 1019 2022 refugium
1048 1948 1358 2000 nominatur.

462 2049 519 2102 2.
552 2048 660 2101 Hac
681 2059 809 2114 ergo
838 2039 868 2079 ιι
896 2038 1220 2095 discretione
1247 2032 1558 2102 przescripta
1587 2028 1718 2093 erit,
1759 2035 1819 2082 ut
1839 2025 1975 2082 deli-

395 2140 502 2206 nis,
535 2139 590 2192 in
622 2151 723 2190 una
756 2131 996 2188 Ecclesia
1030 2129 1127 2182 ista
1156 2125 1476 2186 diversitas,
1507 2131 1564 2176 ut
1590 2120 1850 2174 Dominus
1880 2132 1976 2172 no-

395 2241 508 2285 ster
535 2228 692 2283 Jesus
725 2223 997 2287 Christus,
1023 2220 1090 2273 de
1116 2231 1223 2287 quo
1241 2215 1442 2270 dictum
1465 2221 1549 2268 est
1569 2208 1779 2281 (Matth.
1804 2207 1974 2278 1,21),

397 2321 466 2375 Et
492 2318 690 2373 vocabis
717 2329 898 2370 nomen
928 2315 1040 2383 ejus
1063 2307 1278 2373 Iesum;
1306 2306 1415 2374 ipse
1439 2303 1575 2357 enim
1605 2302 1797 2356 salvum
1827 2300 1978 2370 faciet

397 2409 645 2483 populum
671 2421 820 2461 suum
861 2420 894 2457 a
921 2400 1144 2474 peccatis
1168 2412 1385 2461 eorum;
1427 2404 1482 2451 et
1519 2394 1588 2449 de
1628 2407 1735 2462 quo
1771 2392 1974 2446 dictum

398 2509 482 2555 est
510 2499 658 2572 (Luc.
687 2513 729 2563 ι,
766 2495 864 2560 52;
893 2495 1008 2547 Act.
1036 2506 1116 2553 tv,
1151 2488 1265 2560 η),
1299 2487 1409 2542 Nec
1437 2486 1572 2541 enim
1599 2493 1672 2538 est
1711 2483 1857 2537 aliud
1886 2499 1978 2536 no-

395 2610 510 2647 men
539 2591 631 2646 sub
677 2588 802 2644 calo
844 2588 1020 2641 datum
1048 2580 1355 2645 hominibus,
1402 2580 1456 2632 in
1486 2593 1589 2648 quo
1636 2584 1862 2648 oporteat
1887 2590 1978 2628 nos

397 2685 567 2740 salvos
594 2681 749 2752 ﬁeri;
796 2693 902 2733 non
948 2675 1191 2731 omnium
1219 2670 1647 2727 Christianorum
1672 2708 1688 2734 ,
1720 2667 1817 2722 sed
1846 2681 1979 2736 quo-

396 2775 644 2832 rumdam
687 2772 925 2825 salvator
947 2807 964 2834 ,
1002 2763 1354 2836 quorumdam
1384 2776 1515 2816 vero
1542 2767 1822 2828 susceptor
1862 2760 1935 2812 sit
1962 2774 1976 2810 :

400 2877 461 2922 ut
489 2865 543 2920 hi
569 2873 771 2918 tantum
803 2859 1010 2924 salvati,
1034 2871 1167 2926 quos
1192 2856 1257 2908 ad
1294 2852 1310 2891 ί
1337 2851 1733 2921 suscipiendam
1753 2851 1979 2921 gratiam

398 2958 542 3012 Deus
571 2965 789 3009 aversos
825 2950 1260 3016 reluctantesque
1293 2943 1653 3013 compulerit;
1706 2941 1759 2996 bi
1801 2950 1978 2996 autem

2075 1755 2225 1825 piant
2252 1755 2390 1824 quod
2418 1765 2680 1809 tenemus.
2738 1754 2845 1809 Sed
2879 1754 2982 1809 hoc
3008 1755 3168 1808 modo
3196 1769 3299 1808 non
3329 1763 3435 1808 tam
3466 1755 3542 1810 illi
3564 1771 3658 1810 ca-

2078 1843 2263 1899 tholici
2295 1859 2453 1912 quam
2485 1859 2584 1898 nos
2613 1844 2812 1898 erimus
2846 1843 3008 1916 (quod
3031 1843 3190 1914 absit)
3217 1843 3501 1912 Pelagiani.
3523 1848 3658 1900 Con-

2075 1937 2364 1991 trariorum
2394 1936 2538 1992 enim
2573 1938 2861 2005 permixtio
2909 1937 3189 1991 meliorum
3225 1937 3386 2008 356
3427 1938 3658 1994 defectio

2076 2036 2197 2089 est;
2228 2029 2349 2097 quia
2379 2043 2500 2082 cum
2530 2031 2701 2084 virtus
2724 2029 2913 2083 vitium
2940 2029 3150 2098 recipit,
3183 2044 3289 2084 non
3326 2046 3355 2084 a
3381 2031 3529 2099 vitio,
3559 2031 3658 2087 sed

2075 2133 2105 2172 a
2132 2119 2335 2174 virtute
2363 2118 2678 2174 disceditur.

2147 2210 2198 2264 5.
2230 2208 2385 2264 Nullo
2433 2211 2595 2279 igitur
2632 2210 2794 2265 modo
2837 2209 3132 2266 christiana
3160 2211 3324 2266 e0rda
3354 2212 3659 2283 suscipiunt

2076 2301 2214 2371 quod
2244 2301 2569 2371 persuadere
2588 2314 2812 2358 conatus
2849 2317 2929 2363 es.
2961 2318 3054 2358 eos
3080 2304 3170 2373 qui
3203 2305 3370 2374 gratia
3404 2305 3497 2359 Dei
3531 2319 3660 2361 sunt

2075 2392 2218 2463 quod
2245 2404 2385 2460 sunt,
2422 2409 2518 2449 nec
2553 2394 2766 2449 laudem
2795 2394 2956 2448 ullam
2985 2394 3205 2460 habere,
3233 2411 3332 2451 nec
3361 2397 3647 2459 meritum;

2077 2493 2132 2539 et
2178 2484 2246 2539 ab
2297 2499 2364 2540 eo
2408 2485 2501 2554 qui
2551 2484 2701 2540 venit
2742 2485 2952 2540 salvare
2987 2485 3127 2555 quod
3175 2486 3406 2555 perierat
3447 2497 3656 2557 partem

2077 2575 2504 2632 Christianorum
2543 2576 2824 2642 salvatam,
2879 2585 3082 2644 partem
3125 2592 3251 2632 vero
3298 2591 3418 2632 esse
3464 2591 3658 2632 susce-

2081 2669 2542 2738 ptam;quoniam
2574 2669 2822 2738 discipuli
2867 2668 3190 2738 evangelicae
3237 2669 3659 2739 apostolicaeque

2080 2760 2362 2827 doctrinae,
2393 2776 2498 2815 non
2527 2761 2634 2815 alta
2662 2762 2956 2828 sapientes,
2983 2761 3078 2816 sed
3103 2760 3396 2815 humilibus
3424 2776 3658 2816 consen-

2081 2852 2296 2920 tientes,
2329 2863 2358 2904 ει
2382 2852 2646 2908 insaniam
2680 2853 2838 2907 istam
2882 2853 3129 2922 superba:
3169 2853 3416 2909 elationis
3462 2853 3660 2910 horre-

2081 2953 2259 2998 scunt.
2304 2944 2360 2998 In
2407 2952 2518 2999 toto
2561 2944 2761 3014 quippe
2803 2943 3062 2998 Ecclesiae
3098 2957 3346 3012 corpore,
3395 2953 3556 3013 atque
3602 2945 3658 2999 in

397 3041 878 3115 susceptisint,qui
895 3039 1227 3095 vocationem
1249 3033 1536 3103 spontanei
1557 3046 1745 3087 cursus
1769 3031 1980 3087 fervore
2006 3023 2052 3087 C
2083 3032 2302 3102 singulis
2342 3033 2620 3097 membris,
2668 3032 2810 3102 quod
2855 3043 3129 3086 mortuum
3173 3043 3290 3087 erat
3328 3032 3661 3087 viviﬁeatum

403 3143 418 3190 t
461 3135 851 3208 praevenerint;
897 3141 952 3188 et
983 3130 1088 3184 illis
1129 3127 1342 3197 quidem
1384 3123 1698 3179 conferatur
1727 3121 1753 3159 ιι
1783 3122 1986 3193 gratui-

401 3237 514 3284 tum
532 3227 753 3290 donum,
772 3223 885 3278 istis
909 3235 1040 3275 vero
1060 3218 1297 3274 debitum
1322 3215 1600 3283 prtemium
1626 3214 1981 3282 rependatur;

403 3320 480 3375 illi
509 3317 705 3372 nullius
745 3315 855 3369 sint
895 3309 1065 3366 laudis
1107 3324 1170 3363 ae
1211 3307 1410 3372 meriti,
1446 3307 1537 3375 qui
1567 3305 1697 3359 nihil
1728 3304 1856 3358 boni
1891 3305 1987 3358 ha-

407 3411 588 3475 beant,
613 3403 863 3475 nisiquod
878 3401 1213 3471 acceperint;
1235 3398 1322 3452 isti
1350 3405 1528 3451 autem
1551 3405 1604 3450 et
1622 3395 1790 3465 gloria
1814 3395 1985 3448 abun-

403 3501 554 3561 dent.
586 3505 641 3552 et
663 3493 1096 3551 remuneratione
1123 3489 1427 3554 ditescant,
1457 3486 1546 3554 qui
1576 3485 1787 3554 propria
1816 3485 1987 3539 lacul-

407 3600 516 3644 tate
540 3586 745 3646 devoti.
773 3583 917 3652 quod
947 3596 1053 3636 non
1083 3585 1402 3648 acceperant
1430 3576 1739 3630 obtulerunt
1768 3592 1780 3627 :
1825 3585 1987 3644 atque

407 3685 479 3740 ita
511 3683 668 3738 lesus
696 3677 945 3735 Christus
983 3675 1119 3729 alios
1159 3669 1179 3710 ι
1227 3672 1482 3726 liberatos
1505 3669 1805 3735 invenerit,
1851 3669 1987 3723 alios

410 3777 688 3839 liberarit;
740 3779 794 3826 et
841 3784 945 3824 non
986 3767 1053 3821 ad
1101 3779 1289 3821 omnes
1330 3765 1592 3834 pertineat
1639 3771 1680 3800 ω
1725 3763 1865 3833 quod
1913 3763 1987 3819 ait

407 3862 828 3935 (Joan.xv,16),
852 3862 976 3916 Non
1001 3875 1087 3914 vos
1116 3875 1195 3913 me
1217 3857 1459 3928 elegistis,
1488 3856 1576 3911 sed
1601 3871 1693 3926 ego
1722 3856 1851 3927 elegi
1879 3873 1984 3924 vos,

409 3963 455 4017 si
484 3970 607 4016 sunt
628 3975 656 4013 a
686 3958 903 4029 quibus,
935 3969 1056 4009 cum
1076 3969 1168 4007 eos
1195 3967 1300 4006 non
1329 3952 1608 4021 elegisset,
1635 3951 1840 4005 electus
1865 3959 1947 4006 est
1970 3966 1985 4014 ;

410 4067 514 4106 non
542 4049 608 4104 ad
637 4061 822 4102 omnes
851 4046 1137 4114 pertineat,
1160 4041 1370 4094 nNemo
1397 4050 1559 4110 potest
1588 4043 1757 4094 venire
1787 4042 1855 4094 ad
1885 4056 1988 4108 me,

409 4142 508 4196 nisi
533 4141 707 4193 datum
735 4137 886 4207 fuerit
910 4135 956 4188 ei
986 4151 1018 4187 a
1040 4131 1198 4186 Patre
1222 4147 1330 4185 meo
1361 4129 1630 4202 (Ibid.,vt,
1655 4129 1770 4201 66).
1793 4133 1837 4186 si
1866 4140 1992 4186 sunt

482 4367 508 4396 ι
537 4357 637 4413 Ms.
667 4351 943 4416 Joliensis,
973 4349 1313 4404 monimentis.

481 4427 509 4468 ι’
541 4428 638 4482 Ms.
667 4422 937 4486 lolieusis,
969 4421 1208 4475 excitare.

485 4509 508 4537 ε
539 4499 811 4552 Editiones
840 4485 1072 4562 Mogunt.
1112 4500 1165 4545 et
1200 4488 1334 4546 Ven.
1363 4487 1621 4542 omittunt
1647 4485 1785 4556 hare,
1813 4497 1868 4543 ut
1889 4489 1988 4544 im-

411 4569 668 4641 plt’ttttlttr.

481 4638 508 4675 ά
542 4637 666 4691 Mss.
697 4631 1042 4689 Corbeiensis
1071 4639 1125 4686 et
1156 4629 1390 4698 Remig.,
1419 4629 1654 4693 donare;
1685 4629 1866 4684 caeteri
1891 4643 1984 4684 eo-

411 4711 582 4770 dices,
614 4704 922 4758 condonare.

486 4790 508 4816 ο
542 4768 595 4830 In
625 4791 753 4829 lﬂSs.
785 4769 1183 4840 ttemigianoae
1210 4768 1453 4830 Joliensi,
1488 4769 1615 4822 item
1649 4768 1701 4822 in
1733 4768 1986 4840 editioni-

413 4849 513 4903 bus
543 4847 703 4913 Mog,
732 4843 867 4898 Ven.
898 4839 954 4896 et
978 4839 1169 4913 Lugd.,
1214 4855 1323 4913 non
1364 4840 1611 4905 leguntur
1641 4841 1755 4893 haec
1793 4839 1980 4906 verba,

412 4937 473 4972 ac
503 4909 821 4976 salvatorem,
854 4926 1024 4979 neque
1055 4912 1176 4980 ista,
1204 4909 1490 4980 adjutorem
1515 4925 1595 4980 ac.

489 4989 507 5028 ί
537 4987 760 5047 Lovan.,
795 4978 961 5036 Duae.
1008 4988 1063 5034 et
1089 4978 1279 5033 Colon;
1310 4978 1514 5032 addunt
1560 4979 1646 5033 hie
1684 4991 1984 5048 pronomen

416 5069 604 5113 ηοεεεν.

486 5139 510 5175 s
556 5125 656 5180 Ms.
686 5119 958 5184 Joliensis,
1002 5133 1122 5173 eum
1163 5118 1398 5188 Magum.
1428 5127 1483 5172 et
1513 5116 1672 5183 γαπ..
1711 5119 1990 5190 fugientes-

416 5215 667 5346 qungs.
703 5262 909 5331 Remig.
941 5267 996 5314 et
1022 5257 1149 5323 10L,
1173 5258 1300 5312 edit.
1337 5258 1574 5326 Mogunt.
1604 5267 1655 5309 et
1677 5256 1837 5323 γεω,
1861 5272 1990 5326 prae-

414 5347 705 5392 sermttone.

494 5354 807 5470 ἔρῗίίξιίιιη.
856 5411 908 5455 et
958 5398 1285 5468 posteriores
1315 5441 1351 5470 ,_
1378 5397 1445 5470 ad
1484 5397 1990 5470 pc_rcipiendam_;gct

418 5465 743 5546 paulopost,
774 5487 869 5538 pro
899 5465 1124 5546 auersos,
1156 5483 1283 5546 mss.
1317 5465 1497 5546 Coro,
1534 5465 1741 5535 Remig.
1777 5477 1830 5520 et
1857 5465 1986 5533 Jol.,

416 5537 536 5602 cum
569 5537 802 5610 Mogunt.
835 5552 885 5592 et
908 5539 1074 5610 _Ven.,
1110 5539 1307 5610 habent
1331 5537 1586 5610 adversos.

420 5673 426 5682 ,
489 5613 506 5667 i
554 5606 680 5667 “sf
699 5608 950 5666 Joliensis
989 5622 1113 5662 cum
1156 5609 1389 5674 Moguut.
1435 5618 1486 5662 et
1523 5606 1655 5661 Ven.
1685 5648 1694 5666 .
1724 5619 1975 5672 pravene-

2087 3132 2189 3190 est,
2219 3123 2360 3192 quod
2389 3124 2658 3192 captivum
2685 3132 2799 3178 erat
2827 3123 3163 3191 redemptum
3191 3133 3294 3187 est,
3325 3124 3466 3192 quod
3491 3139 3664 3176 σπεε-

2089 3224 2200 3270 tum
2246 3223 2363 3269 erat
2400 3215 2755 3269 illuminatum
2798 3223 2905 3278 est,
2935 3213 3078 3284 quod
3111 3215 3342 3282 perierat
3379 3216 3665 3284 quaesituri)

2087 3316 2190 3374 est,
2231 3314 2253 3345 τ
2297 3305 2438 3376 quod
2488 3305 2705 3360 errabat
2741 3305 3012 3360 inventum
3053 3312 3157 3359 est.
3208 3304 3319 3360 Nec
3367 3304 3665 3360 secundum

2089 3412 2281 3453 novam
2316 3405 2338 3434 ⁸
2371 3396 2528 3450 istam
2573 3394 2936 3463 partitionem,
2979 3395 3206 3448 aliorum
3237 3394 3495 3457 salvator,
3529 3395 3669 3448 alio-

2091 3505 2210 3544 rum
2239 3496 2550 3557 susceptor;
2599 3485 2696 3541 sed
2734 3487 2972 3540 omnium
3016 3499 3395 3555 usquequaque
3427 3485 3668 3540 ﬁdelium
3757 3511 3770 3522 ι

2091 3592 2146 3638 et
2165 3581 2400 3636 salvator
2419 3589 2474 3635 et
2499 3588 2782 3644 susceptor
2804 3586 2890 3633 est
2911 3576 3175 3633 Christus.
3204 3577 3314 3632 Nec
3340 3578 3532 3631 nierito
3561 3580 3577 3615 ι
3603 3592 3671 3631 ac

2091 3674 2250 3730 laude
2294 3673 2576 3742 privantur
2621 3672 2712 3741 qui
2742 3669 2885 3724 unde
2938 3679 3143 3724 aeterna
3188 3669 3327 3723 bona
3361 3678 3674 3722 mereantur

2092 3764 2390 3833 accipiunt;
2433 3769 2691 3832 tantoque
2732 3761 3003 3814 beatiores
3032 3757 3182 3826 ﬁunt,
3215 3767 3415 3826 quanto
3442 3756 3671 3827 paucio-

2093 3872 2151 3910 ra
2194 3855 2482 3910 habuerint
2530 3868 2649 3920 quaa
2690 3851 2929 3920 ipsorum
2975 3858 3130 3913 sunt,
3179 3858 3231 3903 et
3268 3856 3467 3917 quanto
3515 3850 3668 3918 plura

2095 3964 2211 4018 quze
2237 3948 2334 4002 Dei
2371 3954 2516 4002 sunt.
2548 3944 2666 3999 Non
2704 3943 2850 3997 enim
2889 3941 3182 3996 conturbat
3211 3955 3310 3994 nos
3351 3939 3670 4008 superbien-

2096 4042 2226 4093 tium
2274 4037 2455 4106 inepta
2500 4033 2872 4104 querimonia,
2903 4040 2932 4071 ιι
2961 4046 3064 4100 qua
3113 4031 3342 4085 liberum
3387 4030 3668 4084 arbitrium

2096 4141 2384 4185 eausantur
2413 4125 2641 4193 auferri,
2689 4123 2736 4180 si
2779 4131 2833 4201 et
2871 4119 3156 4193 principia,
3185 4125 3242 4175 et
3275 4118 3572 4189 prolectus,
3613 4127 3670 4173 et

2015 4357 2068 4416 Ῑ)
2094 4356 2232 4403 runt.

2163 4417 2189 4456 ιι
2215 4416 2355 4472 Edit.
2385 4417 2596 4482 Colon.,
2621 4415 2902 4485 gratiarum
2925 4414 3136 4485 donum.

2089 4487 2185 4612 “’1
2219 4489 2294 4542 Ita
2335 4503 2463 4545 mss.
2509 4481 2693 4554 Corb.,
2725 4485 2931 4555 Remig.
2959 4494 3014 4538 et
3037 4483 3144 4538 Jol.
3167 4483 3236 4538 At
3270 4481 3443 4553 Lugd.
3471 4483 3670 4541 habent

2113 4576 2128 4612 t
2166 4575 2301 4612 eros.

2113 4575 2301 4612 1081'08.

2161 4639 2202 4665 ιιι
2231 4628 2503 4682 Editiones
2531 4625 2769 4694 ungunt.
2800 4633 2852 4678 et
2879 4622 3040 4689 Ven.,
3067 4624 3156 4694 qui
3184 4623 3276 4676 ait.

2162 4707 2189 4734 υ
2229 4698 2318 4751 Sic
2365 4713 2495 4751 mss.
2527 4693 2712 4756 ϐοῶ..
2761 4696 2964 4761 Remig.
3011 4705 3065 4745 et
3089 4693 3225 4758 Jol.,
3259 4707 3357 4748 nec
3387 4709 3489 4746 non
3523 4695 3662 4762 Mog.

2089 4779 2161 4891 et!
2181 4769 2316 4821 Ven.
2362 4767 2432 4821 At
2472 4764 2638 4836 Lugd.
2678 4780 2799 4819 cum
2854 4764 3274 4832 posterioribus,
3316 4763 3491 4818 Nemo
3537 4767 3668 4818 venit

2092 4856 2122 4891 a
2184 4855 2281 4891 me.

2092 4855 2160 4892 aa
2184 4855 2281 4892 me.

2167 4916 2192 4944 ο
2223 4906 2497 4961 Editiones
2528 4903 2764 4972 Mogunt.
2795 4909 2848 4955 et
2880 4900 3040 4966 Ven.,
3071 4900 3190 4956 Non
3217 4911 3412 4971 egeant.

2225 4975 2395 5045 Lttgd.
2426 4985 2475 5028 et
2509 4976 2852 5043 pomeriores,
2882 4981 3123 5039 rumpunt
3155 5011 3167 5024 .
3203 5011 3216 5024 .
3251 5011 3265 5024 .
3292 4981 3662 5027 transcurrunt.

2097 5047 2194 5102 Ms.
2228 5045 2504 5106 Joliensis,
2532 5053 2771 5114 ruperant
2799 5080 2812 5092 .
2839 5079 2853 5094 .
2878 5080 2892 5094 .
2923 5080 2937 5114 ς
2965 5079 2978 5091 .
3006 5081 3020 5094 .
3046 5049 3467 5114 transcurrerant.

2167 5127 2194 5165 «ι
2243 5116 2387 5169 Edit.
2419 5110 2605 5182 Lugll.'
2637 5120 2692 5165 et
2736 5110 3064 5178 posteriores
3090 5150 3104 5174 ,
3146 5111 3395 5163 insaniam
3435 5113 3669 5181 superba:

2095 5187 2348 5247 elationis,
2379 5181 2580 5250 absque
2612 5182 2708 5233 hac
2734 5194 2887 5243 Voce,
2915 5181 3086 5231 istam.

2174 5267 2195 5293 ι’
2222 5254 2389 5318 Lugd.
2415 5262 2468 5306 et
2497 5251 2847 5314 recentiores,
2879 5250 3011 5317 quod
3038 5255 3312 5300 erraverat.

2173 5333 2192 5359 '
2223 5324 2359 5378 Edit.
2391 5321 2559 5390 Lugd.
2583 5331 2639 5375 et
2666 5321 2991 5390 posteriores
3023 5333 3136 5390 non
3154 5319 3373 5390 habent,
3395 5319 3563 5374 istam.

2166 5395 2184 5429 ί
2215 5395 2310 5448 Ms.
2347 5388 2974 5460 Remigiano-Remensis
3004 5404 3093 5439 nec
3120 5388 3286 5440 laude.

2159 5465 2308 5517 “Ms.
2351 5459 2573 5516 Joliens.
2605 5504 2618 5525 ,
2661 5475 2776 5528 qua:
2828 5459 3110 5511 liberum...
3161 5466 3401 5510 causatur
3447 5459 3661 5528 auferri.

2089 5533 2259 5601 Lngd.
2284 5543 2338 5590 et
2369 5533 2719 5604 posteriores,
2765 5529 2886 5598 quia
2925 5528 3205 5582 liberum...
3255 5539 3528 5583 causentur
3568 5547 3667 5583 au-

2087 5606 2230 5660 lerrt'.
