4026 6176
310 172 399 228 265
1404 165 1607 221 LIBER
1648 165 1917 220 CONTRA
1960 164 2441 222 COLLATUREM.

299 278 669 352 perseverantia
699 278 751 332 in
777 275 932 331 bonis
956 290 1127 344 usque
1158 276 1212 330 in
1246 278 1409 332 llnem
1434 275 1531 331 Dei
1561 277 1703 330 dona
1727 290 1850 331 esse
1878 284 1924 342 Α
1955 280 2221 334 sermonis
2276 284 2445 336 nostri
2496 280 2852 337 immoderata
2917 285 3195 353 prolisitas

294 377 538 429 dicantur.
591 370 855 437 Quoniam
887 378 913 405 ³
945 383 1369 424 οριτυιλτιοκιςε
1408 384 1599 423 υινιθω
1639 382 1848 422 cauus

289 475 654 520 ετλιηιιηεετλ
701 476 835 515 εωητ
892 475 1219 517 νοιυκτλτιε
1272 476 1527 516 ΒυΙΔΝΞ.
1596 461 1852 515 Volentes

285 564 521 613 oramus;
564 560 616 603 et
659 559 841 604 tamen
890 549 1041 604 misit
1070 548 1214 603 Deus
1240 546 1553 616 bSpiritum
1597 551 1649 603 in
1687 549 1849 602 corda

286 650 457 695 nostra
482 640 835 693 clamantem:
867 639 1042 705 Abba,
1073 639 1231 693 Pater
1257 637 1404 707 (Gal.
1436 654 1509 704 tv,
1541 639 1621 708 6).
1657 637 1855 693 Volen-

286 742 363 785 ιω
394 730 685 799 loquimur;
713 738 768 783 et
796 738 997 792 tamen,
1028 729 1072 782 si
1099 728 1244 797 pium
1267 737 1352 783 est
1381 729 1523 797 quod
1554 728 1848 798 loquimur,

282 833 383 873 non
410 832 588 873 sumus
627 832 727 871 nos
763 818 1067 887 loquentes,
1115 817 1212 873 sed
1260 818 1498 887 Spiritus
1540 819 1714 873 Patris
1753 832 1853 872 no-

280 912 372 964 stri
394 910 476 977 qui
504 910 741 978 loquitur
775 911 828 964 in
868 910 1025 964 nobis
1053 908 1269 979 (Matth.
1296 925 1353 975 x,
1383 907 1487 975 20;
1522 908 1695 964 Marc.
1728 924 1845 974 xm,

280 1000 384 1068 ll).
414 999 665 1053 Volentes
695 1014 989 1065 Operamur
1017 998 1251 1053 salutent
1283 1009 1559 1065 nostram;
1584 1008 1639 1055 et
1668 1009 1847 1054 tamen

283 1102 304 1130 ε
333 1091 381 1146 id
420 1091 589 1159 ipsum
621 1091 760 1145 velle
788 1100 950 1160 atque
997 1090 1217 1160 operari
1248 1091 1391 1145 Deus
1425 1100 1509 1146 est
1537 1093 1624 1162 qui
1655 1106 1848 1162 opera-

278 1192 359 1234 tur
400 1182 449 1234 in
493 1181 651 1234 nobis
696 1178 922 1251 (Philip.
988 1195 1047 1248 ιι,
1101 1180 1215 1250 15).
1274 1180 1528 1236 Volentes
1576 1181 1848 1249 diligimus

277 1272 431 1325 Deum
459 1279 514 1324 et
544 1272 881 1339 proximum;
914 1267 942 1308 (³
969 1282 1023 1326 et
1053 1278 1231 1325 tamen
1277 1271 1506 1328 charitas
1526 1272 1599 1327 ex
1631 1272 1743 1327 Deo
1766 1281 1849 1327 est

274 1366 313 1433 (l
338 1365 489 1418 Joan.
522 1381 599 1428 tv,
631 1365 712 1432 7),
746 1365 940 1432 diffusa
981 1365 1035 1419 in
1075 1367 1314 1419 cordibus
1344 1368 1529 1420 nostris
1553 1383 1644 1437 per
1674 1366 1846 1438 Spiri-

274 1468 374 1509 tum
396 1469 649 1519 sanctum,
676 1456 763 1523 qui
791 1459 942 1509 datus
969 1465 1046 1509 est
1074 1457 1217 1509 nobis
1246 1457 1264 1524 (
1275 1456 1421 1509 Rom.
1449 1473 1503 1523 v,
1531 1460 1607 1525 5).
1644 1457 1758 1511 lloc
1776 1457 1844 1512 de

273 1546 389 1611 (ide,
432 1545 534 1598 hoc
564 1544 633 1599 de
665 1545 949 1599 tolerantia
978 1548 1309 1615 passionum,
1342 1548 1445 1601 hoc
1475 1548 1543 1601 de
1584 1546 1843 1615 pudicitia

3432 176 3535 234 €66

3254 306 3266 341 Ξ
3321 305 3441 348 cum
3465 310 3532 351 ex

1958 367 2041 422 his
2064 378 2103 404 ω
2135 384 2255 438 quae.
2282 370 2349 424 de
2378 371 2613 439 ipsorum
2648 375 2794 442 stylo
2842 373 3209 444 innotuerunt,
3245 378 3401 435 facile
3418 382 3538 452 pius

1955 458 2127 514 lector
2150 460 2433 529 intelligat,
2466 462 2530 515 ad
2573 479 2690 529 qua:
2737 463 3029 532 prmeipitia
3089 471 3436 535 perveniatur
3461 472 3544 526 his

1954 550 2201 616 callibus,
2227 559 2256 588 ιι
2281 562 2335 606 et
2362 552 2414 606 in
2445 553 2599 607 istam
2648 555 3032 610 lutulentorum
3071 559 3310 614 rivorum
3355 576 3537 617 emno-

1953 656 2069 696 sam
2093 642 2369 712 uliginem,
2412 644 2569 713 cujus
2616 647 2887 715 voraginis
2923 648 3118 703 humor
3142 650 3396 707 exsudet.
3428 652 3533 710 Ne.

1953 736 2247 791 cessarium
2275 752 2405 793 sane
2439 742 2716 807 °testimo,
2764 748 2889 794 ante
2936 741 3338 797 conclusionem
3388 746 3539 799 voln.

1955 829 2136 894 minis,
2166 844 2228 884 ea
2259 846 2381 899 qua:
2422 816 2758 887 ostendimus
2795 848 2901 887 non
2951 848 3247 905 congruere
3281 846 3310 886 ι’
3345 836 3532 891 catho-

1953 919 2071 975 lica:
2102 921 2340 990 veritati,
2384 922 2619 979 breviter
2659 925 3098 996 conjunctimque
3144 926 3391 997 digerere
3439 939 3535 984 :ut

1951 1030 2070 1085 qua:
2092 1017 2392 1086 interiectis
2420 1019 2858 1088 responsionibus
2885 1020 3104 1083 nostris,
3136 1029 3167 1069 ιι
3191 1029 3405 1089 possent
3444 1037 3528 1076 re-

1948 1108 2319 1164 cordationem
2342 1110 2570 1180 legentis
2591 1108 2851 1180 eli‘ugere,
2879 1110 3092 1165 facilius
3120 1112 3281 1166 simul
3306 1112 3531 1167 decursa

1950 1198 2276 1253 recoluntur.

2174 1269 2347 1323 PBIIA
2378 1283 2515 1324 suco
2544 1284 2885 1325 DEFINITIONE
2931 1284 3129 1325 mcruu
3159 1285 3256 1325 εει·
3291 1287 3304 1323 :

2022 1357 2144 1410 Non
2169 1359 2335 1412 solum
2363 1368 2589 1427 actuum,
2608 1375 2782 1412 verum
2812 1361 2964 1413 etiam
2980 1361 3347 1431 cogitationum
3375 1360 3532 1415 bona-

1946 1463 2063 1500 rum
2090 1464 2155 1501 εει
2206 1446 2316 1502 Deo
2361 1464 2469 1502 esse
2502 1458 2523 1486 ι’
2579 1450 2886 1518 principium
2930 1464 2948 1502 :
2989 1450 3076 1519 qui
3103 1450 3248 1504 nobis
3289 1460 3336 1504 et
3378 1451 3530 1504 initia

1946 1548 2138 1593 sancta:
2166 1540 2443 1593 voluntatis
2467 1540 2705 1605 inspirat,
2738 1550 2785 1594 et
2825 1544 3058 1595 virtutem
3103 1551 3255 1611 atque
3275 1552 3527 1613 opportu.

270 1634 545 1703 conjugali,
584 1633 687 1689 hoc
715 1634 782 1689 de
810 1636 1141 1689 continentia
1172 1637 1446 1705 virginali,
1486 1637 1842 1706 omnibusque
1876 1643 1916 1701 Β
1946 1629 2153 1682 nitatem
2180 1645 2355 1681 eorum
2394 1645 2511 1698 quae
2543 1637 2676 1682 recte
2695 1630 2950 1698 cupimus,
2998 1630 3176 1684 tribuit
3229 1633 3526 1703 peragendi.

268 1722 548 1779 virtutibus
591 1725 709 1778 sine
753 1725 1081 1793 exceptione
1115 1726 1467 1794 profitemur;
1502 1736 1525 1763 ο
1551 1727 1694 1797 quod
1736 1728 1841 1782 nisi

268 1815 467 1868 donatze
511 1823 699 1869 essent
746 1815 923 1880 nobis,
976 1831 1083 1869 non
1123 1818 1493 1872 invenirentur
1536 1819 1591 1871 in
1640 1818 1839 1874 nobis:

272 1906 363 1960 iet
386 1906 529 1975 quod
556 1906 787 1961 liberum
814 1907 1095 1961 arbitrium
1129 1909 1449 1964 naturaliter
1478 1910 1681 1963 homini
1705 1909 1838 1964 indi-

267 2006 369 2050 tum
415 2004 632 2050 maneat
660 1996 710 2050 in
758 2005 983 2062 natura;
1028 1999 1122 2052 sed
1153 2001 1412 2068 qualitate
1449 2008 1505 2054 et
1532 2000 1841 2055 conditione

266 2095 453 2138 mutata
481 2100 580 2154 per
611 2085 965 2139 Mediatorem
1009 2086 1099 2141 Dei
1126 2097 1180 2142 et
1210 2087 1369 2157 357
1400 2087 1700 2152 hominum,
1737 2086 1838 2142 bo-

265 2177 450 2230 mincm
484 2174 758 2230 Christum
791 2174 975 2230 Jesum
1006 2194 1019 2228 :
1050 2177 1139 2245 qui
1177 2177 1347 2244 ipsam
1399 2177 1731 2232 voluntatem
1771 2177 1840 2233 ab

264 2280 324 2319 eo
346 2266 485 2334 quod
514 2281 767 2335 perverse
812 2265 1044 2330 volebat,
1076 2267 1296 2330 avertit,
1343 2276 1397 2321 et
1436 2267 1488 2321 in
1527 2267 1579 2322 id
1610 2268 1752 2338 quod
1783 2267 1834 2322 ei

263 2358 449 2411 bottom
490 2367 641 2413 esset
681 2357 840 2421 velle,
886 2360 1183 2422 convertit;
1219 2368 1276 2411 ut
1317 2357 1680 2414 delectatione
1706 2359 1838 2418 alre-

262 2459 359 2515 cta,
398 2451 503 2504 {ide
536 2449 819 2513 mundata,
850 2457 876 2494 8
904 2463 999 2516 spe
1036 2457 1239 2516 erecta,
1266 2446 1531 2503 charitate
1574 2464 1835 2517 accensa,

261 2542 526 2598 liberalem
559 2542 869 2611 susciperet
892 2542 1232 2605 servitutem,
1265 2550 1320 2596 et
1364 2543 1614 2598 servilem
1638 2542 1665 2579 δ
1696 2543 1832 2613 abji-

258 2645 392 2689 ceret
420 2636 752 2689 libertatem.

845 2722 1070 2779 CAPUT
1104 2725 1248 2779 XIX.

258 2834 571 2901 Recapitulat
604 2834 665 2889 S.
689 2833 909 2905 Prosper
925 2834 1197 2889 duodecim
1216 2834 1451 2889 Cassiani
1479 2837 1835 2902 deﬁnitiones:

316 2918 367 2957 ut
394 2912 569 2974 pateat
604 2904 809 2970 [acilius
822 2904 953 2975 quid
984 2906 1047 2957 de
1082 2907 1248 2973 gratia
1276 2908 1517 2960 sentirent
1545 2908 1631 2974 qui
1652 2910 1834 2975 gratia

317 2975 681 3045 defensoribus
710 2974 1130 3043 obloquebantur,
1156 2984 1202 3027 et
1230 2990 1411 3045 pacem
1449 2974 1709 3038 Erclesidz,
1752 2992 1831 3029 re-

314 3046 526 3167 ικιςοριῗ
549 3046 613 3096 de
643 3042 1043 3114 Pelagianorum
1093 3042 1272 3098 schola
1322 3046 1709 3111 questionibus,
1753 3047 1831 3098 in-

315 3126 482 3167 auteta
519 3123 631 3167 ant.

315 3115 631 3186 quietabant.

313 3272 477 3345 [Alias
500 3273 634 3327 σιν.
657 3267 988 3341 ΧΧΧῘΧ.]1.
1009 3267 1025 3307 ί
1046 3270 1125 3326 Ex
1142 3270 1225 3325 his
1249 3270 1411 3341 igitur
1431 3270 1837 3327 deﬁnitionibus

253 3378 370 3432 quas
397 3364 689 3429 hactenus,
729 3361 976 3429 quamam
1009 3360 1023 3411 i
1078 3362 1563 3432 prietermittendo,
1628 3363 1838 3419 discus-

253 3456 424 3521 simus,
455 3469 567 3508 non
593 3452 881 3507 obscurum
906 3449 930 3488 ¹ι
964 3463 1125 3522 atque
1150 3452 1461 3522 ambiguum
1508 3462 1592 3508 est
1638 3450 1657 3491 ι
1705 3453 1832 3523 quid

253 3544 311 3598 de
328 3544 499 3614 gratia
525 3543 621 3597 Dei
646 3541 881 3596 sentiant
908 3542 998 3612 qui
1035 3543 1416 3598 sincerissimis
1436 3542 1554 3611 ejus
1581 3542 1834 3598 defenso-

253 3636 385 3691 ribus
426 3636 825 3704 obloquuntur,
868 3643 924 3689 et
960 3649 1150 3704 pacem
1180 3636 1416 3691 victricis
1445 3635 1722 3703 Ecclesiaz,
1749 3652 1833 3692 re-

252 3730 467 3796 sumptis
517 3726 589 3779 de
636 3724 1014 3779 damnatorum
1055 3725 1237 3780 schola
1264 3725 1690 3796 quaestiunculis,
1749 3726 1836 3781 in-

251 3818 528 3885 quietant:
562 3828 696 3884 quas
747 3815 817 3880 si,
844 3824 902 3869 ut
965 3815 1296 3881 audivimus,
1346 3824 1688 3884 retexamul,
1741 3814 1835 3873 ﬁet

313 3972 504 4042 9Edit.
534 3968 899 4042 Coloniensjs,
922 3970 1269 4038 opitulationis
1299 3970 1488 4025 divina:
1517 3971 1715 4042 gratiae.

311 4040 335 4079 δ
356 4043 456 4097 Ms.
489 4041 767 4101 Joliensis,
802 4038 1057 4105 Spiritum
1095 4056 1263 4092 suum.

317 4112 535 4183 fLugd.
568 4120 623 4183 et
652 4112 1002 4183 posteriores,
1039 4110 1207 4179 ipsum
1243 4107 1391 4183 velle,
1418 4117 1532 4183 etc.
1579 4110 1822 4183 Mogunt.

248 4192 295 4235 et
320 4178 478 4241 Veni.
501 4182 730 4249 idipsum
758 4179 885 4233 velle
913 4188 1064 4249 atque
1096 4181 1300 4247 operari
1332 4178 1429 4232 Dei
1462 4188 1561 4246 est,
1588 4181 1675 4249 qui
1701 4196 1824 4249 ope-

249 4260 382 4303 ratur
406 4255 470 4307 in
486 4252 652 4304 nobis.

311 4320 334 4357 ἀ
359 4322 485 4375 Mss.
523 4320 729 4388 ltemig.
766 4326 821 4373 et
854 4317 988 4383 Jol.,
1020 4319 1110 4372 sed
1150 4327 1340 4373 tamen.
1376 4318 1522 4375 Idem
1554 4333 1657 4374 ms.
1687 4316 1821 4385 Joh,

251 4407 280 4442 a
304 4390 403 4443 Deo
424 4402 501 4445 est
526 4389 741 4456 di/I'usa,
768 4398 871 4443 etc.

316 4470 337 4497 ο
361 4462 486 4515 Mss.
540 4458 793 4514 Juliensis
832 4466 889 4513 et
928 4457 1296 4528 Remigianus,
1339 4474 1455 4527 qua:
1503 4458 1605 4513 nisi
1631 4460 1825 4513 donata

254 4541 401 4582 essent
430 4531 601 4583 nobis.

318 4598 335 4635 ί
362 4601 455 4653 Ms.
488 4597 727 4667 ltetnig.,
754 4612 811 4652 eo
840 4597 997 4665 quod.
1032 4597 1131 4651 Ms.
1160 4595 1449 4665 Joliensis,
1481 4615 1583 4653 non
1612 4598 1750 4669 quod
1772 4599 1829 4651 li-

254 4666 411 4722 beram
441 4666 809 4723 arbitrium...
842 4684 944 4719 non
974 4677 1195 4719 maneat.

317 4750 337 4806 tt
369 4741 461 4794 Ms.
492 4738 702 4806 Retnig.
723 4752 844 4791 cum
874 4737 1013 4805 Mog.
1046 4746 1100 4790 et
1133 4738 1292 4801 Ven.,
1319 4754 1409 4806 spe
1432 4749 1587 4791 recta.

315 4805 339 4843 ιι
370 4808 616 4879 Lugdun.
643 4805 807 4879 editio
826 4822 955 4879 cum
976 4808 1383 4875 posterioribus,
1401 4809 1651 4862 amitteret
1674 4821 1693 4861 :
1717 4822 1829 4862 me-

254 4875 344 4947 lius
364 4875 473 4947 alii,
507 4878 747 4947 abjiceret
776 4877 1080 4947 libertatem.

321 4946 334 4984 ί
364 4944 674 5016 δῆθἸεείιυι·
704 4947 756 5001 in
786 4962 916 5001 mss.
948 4944 1113 4999 Corb.
1146 4954 1200 5001 et
1225 4946 1460 5012 Remig.,
1498 4961 1600 5001 nec
1631 4962 1738 5000 non
1772 4946 1823 4998 in

255 5016 474 5083 lingunt.
500 5028 555 5071 et
587 5017 776 5070 Venet.
808 5018 910 5072 Ms.
949 5016 1227 5083 Joliensis,
1248 5017 1426 5069 Restat
1458 5017 1617 5086 igitur
1645 5032 1709 5070 ex
1738 5016 1829 5069 de-

260 5086 575 5156 ﬁnitionibus.
637 5086 805 5156 Lugd.
864 5087 1029 5156 editio
1087 5100 1210 5140 cum
1255 5087 1349 5140 illa
1407 5087 1824 5151 recentioribus,

256 5155 503 5211 Reseratis
532 5158 691 5227 igitur
720 5155 1129 5227 deﬁnitionibus.
1266 5225 1274 5227 Α
1540 5226 1545 5227 ί
1620 5180 1629 5191 ·

322 5230 335 5275 ι
362 5228 455 5281 Ms.
479 5224 758 5291 Joliensis,
778 5224 1148 5292 prwntittendo,
1168 5225 1370 5281 omisso
1395 5226 1653 5296 quaedam.
1679 5224 1825 5280 Edit.

257 5291 432 5366 Colon.
444 5340 459 5362 ,
492 5291 850 5366 permittendo.

322 5363 346 5401 ι
368 5367 439 5420 Ita
473 5363 602 5422 mss.
633 5366 820 5425 Corb..
854 5365 1064 5435 Remig.
1109 5376 1162 5420 et
1184 5363 1314 5423 λοι..
1340 5379 1462 5419 cum
1497 5365 1734 5435 Mogunt.
1771 5373 1830 5418 et

261 5430 384 5508 Ven.
413 5437 581 5507 Lugd.
610 5451 745 5491 vero
772 5446 826 5488 et
852 5430 1200 5504 posteriores,
1232 5451 1394 5508 neque
1410 5430 1701 5508 ambiguum
1730 5445 1823 5487 est.

329 5502 346 5541 ¹
376 5502 687 5565 κεεῗϐοτὺ.
712 5515 766 5559 et
789 5502 995 5565 “cuna.
1029 5522 1150 5562 cum
1174 5502 1567 5576 edit.Mogunt.'
1586 5517 1640 5562 et
1668 5506 1824 5574 νειμ,

265 5578 384 5641 quod
407 5579 465 5631 de
484 5578 642 5647 gratia
663 5578 983 5630 dissentiant.

528 5671 800 5729 l‘nuon.
850 5669 959 5729 ιι.

1948 1718 2111 1774 Omne
2131 1722 2262 1774 enim
2284 1721 2463 1773 datum
2510 1722 2778 1789 Optimum,
2833 1734 2879 1774 et
2896 1739 3042 1775 omne
3072 1732 3093 1759 ³
3133 1722 3327 1776 donum
3360 1724 3530 1795 perfe-

1943 1822 2080 1866 ctum
2134 1814 2402 1867 desursum
2443 1823 2539 1877 est,
2583 1813 2892 1867 descendens
2920 1831 2951 1866 a
3006 1812 3163 1867 Patre
3203 1815 3456 1867 luminum
3504 1831 3524 1869 :

1941 1904 2029 1966 qui
2057 1911 2103 1956 el
2126 1903 2307 1970 incipit
2336 1919 2450 1971 qute
2476 1903 2609 1956 bona
2671 1912 2808 1970 sunt,
2859 1913 2907 1956 et
2959 1904 3275 1972 exsequitur,
3308 1914 3358 1959 st
3404 1920 3525 1958 con-

1939 2004 2160 2047 summat
2203 1996 2254 2046 in
2293 1994 2438 2047 nobis

2012 2084 2166 2152 Quod
2197 2095 2251 2138 ct
2285 2100 2385 2139 nos
2418 2085 2436 2121 ί
2467 2084 2621 2139 valde
2650 2085 3048 2155 amplectimur,
3094 2086 3527 2158 catholicumque

1940 2188 2061 2229 esse
2082 2175 2415 2241 proﬁtemur.

2082 2268 2248 2339 353
2298 2268 2546 2322 Saeuum
2582 2283 2924 2323 DEFINITIONB
2953 2284 3151 2324 mc'ruu
3190 2285 3292 2324 es'r
3326 2287 3340 2323 :

2010 2358 2165 2412 Adest
2228 2358 2389 2428 igitur
2448 2359 2855 2428 inseparabiliter
2904 2360 3050 2414 nobis
3121 2361 3298 2415 divina
3357 2374 3525 2431 prote-

1940 2452 2325 2521 ctio,‘tantaque
2354 2461 2428 2505 est
2458 2468 2577 2522 erga
2603 2458 3050 2505 creaturamsuam
3070 2452 3233 2521 pietas
3245 2451 3525 2522 Creatoris,

1939 2555 1995 2598 ut
2026 2562 2126 2599 non
2152 2547 2322 2600 solum
2349 2549 2619 2600 comitetur
2661 2563 2798 2607 eam,
2849 2548 2940 2599 sed
2965 2546 3121 2599 etiam
3152 2546 3408 2614 precedat
3425 2550 3522 2616 ju-

1937 2638 2068 2707 giter
2094 2638 2417 2708 providentia
2443 2652 2622 2707 :quam
2648 2646 2887 2707 expertus
2928 2634 3194 2703 Pmpheta
3217 2636 3521 2704 conﬁtetur,

1938 2729 2109 2782 dicens
2143 2743 2162 2780 :
2196 2728 2334 2782 Deus
2363 2743 2526 2792 meus,
2573 2726 2927 2781 misericordia
2976 2730 3087 2796 ejus
3114 2727 3388 2797 prazveniet
3446 2744 3526 2781 me

1938 2820 2111 2883 (Psal.
2142 2835 2287 2883 Lvttt,
2322 2821 2437 2888 ll).
2470 2818 2571 2882 Qui
2615 2834 2732 2870 cum
2770 2819 2825 2871 in
2846 2817 2991 2871 nobis
3038 2826 3207 2871 ortum
3250 2818 3525 2886 quemdam

1938 2910 2085 2964 bona:
2105 2910 2384 2964 voluntatis
2418 2910 2723 2979 inspexerit,
2778 2908 3039 2962 illuminat
3088 2924 3201 2963 eam
3226 2917 3377 2979 atque
3402 2924 3526 2963 cono

1861 3004 1907 3065 C
1938 3002 2113 3072 fortat,
2158 3011 2203 3055 et
2247 3001 2425 3055 incitat
2466 3001 2534 3053 ad
2598 3000 2833 3066 salutem,
2879 3000 3239 3054 incrementum
3297 3000 3525 3053 tribuens

1941 3093 2009 3159 ei,
2037 3107 2195 3163 quam
2218 3092 2295 3145 vel
2319 3092 2426 3163 ipse
2472 3090 2741 3161 plantavit,
2781 3092 2860 3143 vel
2897 3098 3074 3144 nostra
3110 3098 3301 3145 conatu
3340 3088 3527 3143 viderit

1940 3183 2223 3237 emersisse.

2026 3273 2146 3329 Jam
2202 3271 2289 3328 hic
2328 3285 2360 3327 a
2406 3272 2684 3343 praemissa
2724 3270 3041 3327 deﬁnitione
3094 3269 3412 3327 disceditur.
3466 3283 3524 3329 et

1937 3364 2081 3435 quod
2136 3374 2305 3419 totum
2353 3364 2537 3434 gratia:
2580 3364 2764 3418 datum
2811 3362 3022 3427 fuerat,
3078 3377 3143 3416 ex
3175 3370 3327 3431 parte
3375 3375 3520 3418 nunc

1938 3455 2111 3511 libero
2130 3453 2352 3511 arbitrio
2373 3453 2681 3524 deputatur.

2253 3546 2455 3600 thmu
2481 3560 2813 3600 DEFINITIONE
2838 3560 3028 3600 moro!
3054 3561 3148 3599 ss'r
3178 3562 3192 3598 :

2008 3637 2130 3691 Nisi
2153 3637 2293 3707 quod
2326 3636 2379 3689 in
2411 3636 2490 3688 his
2520 3635 2775 3700 omnibus,
2798 3647 2848 3689 et
2875 3636 3043 3705 gratia
3070 3633 3187 3699 Dei,
3219 3642 3268 3687 et
3313 3634 3518 3687 libertas

1935 3735 1963 3763 ιι
1984 3725 2277 3780 declaratur
2296 3725 2517 3789 arbitrii,
2549 3740 2651 3793 qua
2668 3725 2827 3777 etiam
2875 3727 2981 3777 suis
3002 3722 3256 3776 interdum
3298 3725 3517 3778 motibus

1934 3815 2086 3871 homo
2129 3816 2196 3869 ad
2242 3815 2488 3869 virtutum
2538 3816 2796 3883 appetitus
2829 3814 2985 3884 possit
3039 3813 3268 3880 extendi,
3314 3829 3519 3883 semper

2005 3977 2043 4004 π’
2075 3968 2202 4022 Mss.
2234 3964 2648 4033 Corb.,Remig.
2673 3975 2727 4020 et
2747 3965 2877 4037 .lol.,
2900 3982 3013 4033 qua:
3042 3968 3104 4020 de
3130 3970 3357 4036 ipsorum
3382 3972 3517 4037 ston

1934 4038 2008 4105 (id
2041 4048 2122 4092 est
2146 4037 2382 4106 scriptae)
2412 4038 2762 4089 innatuerunt.
2793 4036 2899 4091 Jol.
2933 4038 3078 4091 solus
3110 4037 3290 4103 habet,
3322 4055 3387 4093 ea;
3411 4036 3511 4105 his,

1935 4122 2031 4179 pro
2055 4109 2118 4162 de
2148 4108 2247 4163 his.
2293 4106 2369 4161 lta
2398 4121 2612 4179 quoque
2640 4106 2771 4160 edit.
2814 4106 3053 4179 Mogunt.
3094 4120 3147 4162 et
3195 4107 3330 4163 Ven.
3375 4108 3517 4179 Lug-

1931 4178 2062 4231 dun.
2093 4188 2271 4232 autem
2335 4175 2456 4231 cum
2501 4175 2623 4231 aliis
2672 4175 3092 4246 posterioribus,
3123 4195 3239 4248 qua:
3288 4175 3516 4248 ipsorum

1929 4248 2119 4302 schola:
2146 4248 2496 4301 innatuerunt.

2004 4326 2029 4353 υ
2062 4318 2159 4373 Ms.
2183 4318 2459 4385 Joliensis,
2484 4327 2532 4371 et
2560 4317 2613 4370 in
2634 4320 2733 4371 ista
2751 4315 3115 4370 lutulentorum
3143 4319 3371 4371 rivorum
3409 4335 3512 4373 ctr-

1854 4382 1901 4441 D
1930 4404 2055 4441 nosa
2085 4389 2339 4467 molagine
2365 4382 2529 4467 (forte
2561 4402 2658 4467 pro
2680 4385 2917 4467 uligine),
2966 4390 3114 4467 cujus
3137 4390 3389 4467 voraginis
3411 4390 3503 4467 _hu-

1933 4474 2045 4510 mor
2076 4456 2313 4511 exsudat.
2368 4456 2617 4511 Concinit
2644 4456 2807 4512 editio
2844 4456 3055 4527 Lugd.,
3090 4471 3186 4523 pro
3234 4460 3507 4527 molagine,

1933 4527 2420 4598 moliginehabens;
2444 4537 2666 4582 etantea
2690 4540 2806 4591 pro,
2832 4525 3170 4598 hi.:_callibus,
3188 4528 3290 4593 vel,
3324 4525 3387 4582 ut
3396 4531 3510 4596 alii,

1933 4594 2076 4650 hisce
2088 4596 2326 4662 callibus,
2348 4599 2588 4665 praefert,
2617 4597 2752 4649 hisce
2775 4594 3010 4648 collibus.

2009 4675 2033 4701 ο
2059 4668 2232 4735 Lndg.
2264 4677 2317 4719 et
2347 4669 2711 4728 recentiores,
2743 4667 2995 4719 existimo.

2008 4746 2035 4785 ιι
2057 4737 2156 4791 Ms.
2189 4736 2440 4791 loliensis
2460 4736 2659 4790 omittit
2682 4736 2820 4789 hanc
2846 4751 3057 4804 vocem,
3091 4738 3364 4792 catholica.

2010 4816 2037 4854 τι
2059 4808 2131 4861 Ita
2160 4820 2262 4861 ms.
2294 4805 2569 4861 Jnliensis.
2601 4807 2671 4862 At
2698 4819 2827 4876 mss.
2862 4803 3023 4859 Corb.
3046 4803 3105 4860 'et
3135 4807 3363 4876 lteuiig..
3396 4809 3513 4863 Mn.

1933 4885 2085 4944 gunt.
2128 4886 2182 4930 et
2213 4876 2327 4947 V'en
2360 4918 2374 4942 ,
2417 4877 2680 4943 possint...
2729 4875 2932 4939 ﬁdelius
2977 4877 3211 4929 decursa.
3250 4875 3506 4947 Lngdnn.

1932 4959 2055 5018 cum
2084 4946 2503 5018 recentioribus,
2534 4954 2743 5018 possunt
2786 4947 3186 5001 recordationem
3237 4945 3509 5018 legentium

1933 5012 2179 5085 effugere,
2203 5015 2437 5085 ﬁdelibus
2457 5015 2613 5069 simul
2640 5031 2869 5071 recursu.

2007 5095 2028 5122 τ
2061 5085 2156 5156 Ms.
2186 5085 2460 5152 Joliensis,
2493 5086 2768 5156 principia.

2009 5163 2032 5227 9
2064 5154 2245 5227 Εάίιὶο
2268 5154 2689 5220 (ΣοΙοηηααιυήι
2713 5155 3014 5227 perfectum.

2008 5225 2029 5261 ί
2064 5225 2231 5296 Deest
2262 5227 2408 5279 valde
2437 5226 2490 5280 in
2516 5227 2684 5296 Lugd.
2714 5225 2769 5280 et
2800 5227 3185 5294 posterioribus
3217 5243 3231 5281 :
3257 5242 3379 5295 quae
3411 5230 3507 5281 ha.

1935 5294 2065 5348 hcnt
2091 5295 2287 5349 deinde
2335 5294 2660 5364 conﬁtemur,
2719 5295 2836 5350 loco
2883 5297 3204 5366 proﬁtemur.
3251 5298 3349 5353 Ms.
3402 5300 3507 5356 .lul.

1934 5366 2137 5419 omittit
2165 5380 2293 5432 esse,
2326 5376 2449 5421 ante
2477 5367 2801 5433 conﬁtemur.

2006 5444 2032 5471 ιι
2065 5435 2261 5513 Lugd.,
2293 5435 2455 5503 Lov.,
2510 5436 2678 5489 Duac.
2707 5443 2761 5488 et
2799 5435 2988 5489 Colon.
3064 5436 3152 5492 hic
3196 5438 3511 5498 addiderant

1935 5514 2112 5560 thSlt‘l.

3215 5610 3247 5663 9
