4026 6176
406 183 511 238 2b7

1648 168 1701 221 ς.
1745 161 2078 221 PROSPERI
2122 156 2452 225 AQUITANI

3580 147 3684 199 963

403 310 523 350 vero
552 309 584 345 a
618 289 836 344 Domino
866 296 893 326 ⁸
917 287 1143 358 indigeat
1165 282 1428 355 adjuvari.
1454 279 1563 334 Nec
1583 280 1720 332 enim
1750 294 1866 331 cum
1906 293 1995 329 vo-
2028 280 2071 336 Α
2101 273 2472 337 subtrahentes,
2531 268 2884 323 ecclesiastica:
2958 266 3081 334 fidei
3129 266 3357 335 regulam
3416 266 3689 317 excessisse

406 385 562 438 luerit
584 382 697 453 quis
716 375 1248 448 sanitateperfruitur,
1270 381 1359 425 aut
1384 373 1448 425 de
1476 369 1796 441 (egritudinis
1822 369 1999 420 morbo

410 490 505 546 pro
527 473 726 526 arbitrii
751 470 830 523 sui
855 466 1111 521 desiderio
1140 463 1409 519 liberatur.

496 566 659 633 Quasi
683 562 922 617 medicus
948 555 1178 612 nosterb
1210 571 1317 610 non
1344 554 1506 608 etiam
1538 552 1641 607 hoc
1670 550 1833 605 donet
1857 562 1998 601 mor-

412 655 569 720 bidis,
597 661 733 707 utet
759 664 939 704 veram
969 646 1285 702 desiderem
1302 644 1614 698 sanitatem.

717 740 945 809 Quaen
968 750 1303 793 DEFlNITIONE
1326 747 1524 788 meum
1555 745 1652 784 zsr
1678 745 1694 782 :

493 836 562 894 Ut
588 844 759 890 autem
788 832 1066 887 evidentius
1110 828 1322 889 clareat,
1342 826 1494 878 etiam
1539 838 1628 888 per
1667 829 1864 874 natura:
1912 817 1999 870 bo-

411 946 557 994 num,
588 926 725 998 quod
755 922 998 989 beneﬁcio
1018 919 1272 974 Creatoris
1322 914 1581 968 indultum
1613 922 1707 974 est,
1738 926 1999 963 nonnum-

410 1034 563 1087 quam
590 1018 841 1069 bonarum
866 1010 1182 1065 voluntatum
1224 1006 1431 1077 prodire
1472 1002 1747 1072 principia,
1778 1014 1889 1065 qua:
1925 1009 2000 1050 ta-

410 1125 526 1163 men
551 1107 651 1160 nisi
678 1122 713 1158 a
743 1103 963 1157 Domino
1007 1101 1328 1170 dirigantur,
1364 1104 1385 1131 °
1418 1094 1486 1147 ad
1511 1090 1999 1145 consummationem

411 1199 654 1252 virtutum
682 1191 937 1265 pervenire
967 1206 1072 1243 non
1125 1194 1370 1258 possunt,
1403 1182 1675 1252 Apostolus
1724 1181 1862 1233 testis
1890 1186 1997 1243 'est,

412 1290 584 1343 dicens
613 1300 633 1338 :
669 1284 811 1337 Velle
837 1282 971 1335 enim
1008 1279 1212 1351 adjacet
1234 1275 1380 1340 mihi,
1414 1272 1659 1342 perficere
1704 1279 1879 1323 autem
1910 1268 1999 1324 bo-

411 1398 537 1437 num
566 1397 666 1435 non
696 1376 898 1431 invenio
929 1375 1105 1444 (Rom.
1138 1386 1236 1435 vn,
1260 1368 1373 1439 18).

480 1469 644 1537 Quasi
672 1465 959 1536 Apostolus
1002 1478 1069 1517 ex
1117 1458 1347 1515 naturali
1387 1456 1603 1521 aﬂ‘ectu,
1663 1465 1719 1510 et
1772 1469 1875 1509 non
1931 1466 1998 1508 ex

413 1562 598 1632 gratia:
626 1558 771 1614 dono
796 1557 994 1611 bonam
1034 1553 1232 1608 habeat
1268 1550 1627 1616 voluntatem,
1652 1548 1740 1617 qui
1778 1545 1998 1616 proﬁte-

2102 365 2388 419 videamur.

2172 456 2335 522 Quasi
2368 456 2436 507 ita
2488 464 2777 522 utrumque
2820 450 3183 521 recipiendum
3232 449 3325 516 sit,
3382 458 3440 502 ut
3478 450 3533 503 in
3566 448 3692 503 aliis

2108 543 2126 582 ί
2162 545 2466 599 hominibus
2496 544 2747 597 voluntas
2769 542 2996 611 gratiam
3014 583 3029 607 ,
3062 542 3115 594 in
3142 540 3266 595 aliis
3291 539 3460 609 gratia
3486 554 3691 610 prteve-

2101 638 2213 690 niat
2252 636 2580 690 voluntatem
2607 652 2619 687 :
2645 645 2699 688 et
2748 649 2854 688 non
2900 634 2969 686 ita
3003 630 3143 686 utin
3191 632 3443 685 omnibus
3504 632 3694 685 volun-

2104 736 2185 780 tas
2216 728 2441 795 gratiam
2472 726 2855 793 subsequatur.
2889 722 3152 787 Quoniam
3184 721 3478 776 secundum
3522 720 3694 792 ipsos.

2101 818 2145 870 si
2169 816 2407 871 aufertur
2439 817 2666 870 liberum
2718 813 3003 867 arbitrium
3059 827 3181 865 cum
3226 813 3397 880 gratia
3432 826 3697 877 prtevettt.

2103 916 2224 973 tur,
2283 906 2523 961 aufertur
2577 905 2749 974 gratia
2797 916 2919 958 cum
2988 901 3158 957 libero
3227 901 3504 956 arbitrioi
3561 916 3695 970 pra--

2104 1002 2339 1054 venitur.

2357 1116 2367 1123 -
2392 1090 2632 1146 Sarnus
2658 1101 2999 1144 DEFINITIONE
3029 1100 3231 1141 DIC'I'L‘II
3255 1100 3352 1140 es'r
3376 1100 3392 1137 :

2174 1181 2418 1252 Concepit
2470 1197 2588 1250 ergo
2647 1180 2814 1233 Adam
2855 1188 2968 1249 post
3013 1178 3505 1246 prazvoricationcm.
3536 1192 3697 1245 quam

2104 1290 2205 1329 non
2227 1274 2496 1341 habuerat,
2525 1274 2789 1326 scientiam
2814 1271 2939 1323 ntali
2969 1288 2989 1324 :
3024 1270 3143 1323 boni
3168 1285 3285 1323 vero
3305 1285 3457 1337 quam
3489 1285 3696 1339 accep:-

2103 1376 2206 1428 rat,
2239 1366 2504 1419 scientiam
2532 1382 2635 1418 non
2657 1363 2850 1417 amisit.

2174 1456 2306 1511 Cum
2341 1468 2629 1525 utrumque
2651 1458 2719 1509 sit
2746 1455 2934 1509 falsum
2967 1471 2980 1507 :
3011 1453 3133 1523 quia
3166 1462 3221 1507 et
3257 1467 3287 1506 a
3314 1459 3522 1522 quanto
3552 1452 3697 1506 malo

2104 1544 2130 1581 ⁸
2157 1544 2328 1600 Adam
2379 1559 2572 1599 cavere
2615 1543 2858 1609 deberet,
2909 1543 3021 1597 Deo
3050 1550 3303 1597 monente
3356 1542 3694 1609 prmdidicit;

413 1661 501 1707 tur
529 1664 597 1705 ex
630 1648 737 1703 Deo
756 1642 859 1701 sibi
906 1658 1029 1701 esse
1078 1640 1457 1698 sufﬁcientiam
1514 1639 1677 1693 etiam
1730 1633 2001 1704 cogitandi
2031 1644 2161 1704 Bet
2189 1638 2242 1694 in
2283 1648 2482 1706 quanto
2531 1637 2673 1692 bono
2720 1648 2865 1692 esset
2895 1641 3241 1703 constitutus,
3295 1639 3424 1690 dum
3478 1638 3697 1692 diabolo

414 1740 490 1810 (ΙΙ
505 1739 624 1795 Cor.
655 1752 735 1802 ut,
763 1736 842 1807 Β).

727 1829 933 1895 Qvtun
953 1838 1288 1882 DEFlNlTlONE
1320 1837 1512 1877 atc'wu
1540 1835 1635 1875 ns'r
1668 1836 1683 1871 ι

482 1921 550 1976 Et
578 1921 652 1975 ita
699 1928 819 1973 sunt
854 1917 963 1971 haec
1001 1916 1223 1986 quodam
1250 1913 1401 1966 modo
1443 1912 1716 1963 indiscrete
1760 1907 2003 1976 permista

411 2024 566 2085 atque
583 2011 824 2080 confusa,
850 2008 1059 2078 utquid
1082 2022 1145 2060 ea:
1189 2022 1290 2075 quo
1346 2002 1583 2073 pendeat,
1644 2000 1777 2052 inter
1819 1998 2005 2050 multos

418 2119 606 2175 magna
632 2099 911 2172 qutestione
940 2095 1172 2150 volvatur
1197 2110 1216 2149 :
1242 2094 1296 2147 id
1322 2103 1417 2160 est,
1462 2101 1634 2144 utrum
1659 2090 1780 2158 quia
1804 2089 2000 2140 initium

415 2195 560 2248 bona:
626 2190 909 2245 voluntatis
962 2188 1348 2257 prazbuerimus,
1414 2185 1712 2237 misereatur
1788 2182 1949 2235 nostri
1975 2178 2002 2218 ἀ

415 2282 576 2341 Deus.
609 2298 675 2333 an
697 2279 816 2348 quia
844 2277 979 2332 Deus
1011 2276 1299 2339 miseretur,
1344 2287 1715 2339 consequamur
1740 2270 1885 2323 bona:
1912 2285 1998 2321 vo-

416 2371 628 2424 luntatis
654 2369 877 2423 initium.
931 2365 1087 2419 Multi
1136 2364 1274 2419 enim
1317 2362 1525 2432 singula
1578 2362 1687 2414 lucc
1722 2360 2001 2423 credentes,

415 2480 476 2517 ac
495 2467 643 2535 justo
670 2461 892 2529 amplius
933 2466 1244 2521 asserentes,
1289 2456 1444 2509 variis
1491 2444 2002 2523 sibique‘contrariis

413 2565 533 2610 sunt
560 2555 819 2609 erroribus
870 2550 1103 2604 involuti.
1154 2550 1215 2603 Si
1260 2548 1397 2601 enim
1426 2546 1729 2610 dixerimus,
1774 2555 2003 2597 nostrum

414 2661 521 2701 esse
547 2646 710 2717 359
738 2645 881 2696 bonte
921 2640 1236 2712 principium
1278 2638 1578 2702 voluntatis,
1619 2635 1746 2706 quid
1800 2636 1899 2704 fuit
1949 2637 2003 2688 in

415 2746 734 2807 persecutore
765 2731 972 2786 Paulo?
991 2730 1110 2800 quid
1136 2730 1189 2783 in
1239 2728 1510 2798 publicano
1543 2727 1838 2780 Mattharo?
1878 2742 2004 2794 quo-

415 2844 530 2880 rum
559 2841 690 2879 unus
724 2823 893 2877 cruori
916 2838 979 2875 ac
1004 2822 1272 2892 suppliciis
1319 2822 1662 2883 innocentum,
1701 2818 1839 2872 alius
1897 2819 2003 2871 vioo

418 2916 590 2969 tentiis
616 2929 676 2966 ac
700 2913 896 2981 rapinis
927 2912 1143 2982 publicis
1165 2911 1414 2964 incubans
1447 2919 1471 2947 ο
1500 2910 1777 2963 attrahitur
1803 2910 1872 2963 ad
1912 2925 2003 2963 sa-

2110 1729 2359 1788 crcdidit.
2389 1727 2589 1782 oblitus
2614 1737 2718 1782 est.
2768 1727 2923 1782 Sicut
2955 1737 3133 1781 autem
3190 1727 3419 1794 pessima
3470 1726 3694 1780 scientia

2058 1862 2061 1865 .
2107 1819 2233 1874 mali
2267 1828 2372 1884 est,
2405 1816 2423 1855 ι
2455 1819 2653 1873 malum
2680 1833 2838 1885 esse;
2870 1820 2942 1872 ita
2966 1819 3196 1888 pessima
3224 1818 3529 1887 ignorantia
3570 1817 3697 1871 boni

2106 1922 2209 1978 eat,
2230 1912 2425 1965 bonum
2462 1926 2569 1964 non
2601 1925 2744 1965 esse.

2411 2001 2629 2056 OCTAVA
2654 2015 2987 2056 DBﬂNl'l‘IONE
3010 2015 3206 2055 ntcrvu
3233 2014 3357 2053 scr:

2177 2088 2327 2145 Unde
2351 2092 2630 2145 carendum
2666 2090 2810 2144 nobis
2850 2100 2945 2155 est,
2993 2106 3055 2144 ne
3098 2092 3169 2143 ita
3208 2090 3277 2142 ad
3317 2089 3480 2143 Deunt
3514 2089 3691 2141 omnia

2103 2194 2398 2236 sanctorum
2414 2183 2591 2237 merita
2612 2186 2917 2251 referamus,
2947 2193 3000 2235 ut
3027 2182 3157 2235 nihil
3206 2181 3303 2236 nisi
3344 2182 3399 2234 id
3422 2182 3558 2251 quod
3585 2197 3699 2233 nta-

2106 2276 2212 2327 lum
2232 2285 2303 2327 est
2325 2274 2566 2328 humana:
2586 2274 2907 2327 ascribamus
2930 2283 3148 2327 natura'.

2174 2364 2339 2431 Quasi
2368 2374 2555 2418 natura
2605 2372 2730 2419 ante
2749 2366 2971 2433 gratiam
3006 2378 3110 2416 non
3137 2362 3203 2416 sit
3232 2363 3283 2415 in
3315 2361 3698 2429 damnatione,

2106 2471 2213 2511 non
2237 2458 2305 2509 sit
2327 2457 2377 2510 in
2401 2458 2658 2519 czeeitate,
2691 2472 2797 2511 non
2823 2457 2890 2510 sit
2924 2457 2974 2509 in
3008 2457 3234 2511 vulnere
3266 2474 3279 2509 :
3306 2466 3395 2510 aut
3417 2461 3542 2510 'non
3574 2472 3701 2527 gra-

2104 2549 2173 2603 tis
2192 2549 2469 2617 justiftcati
2499 2549 2623 2617 siut,
2655 2564 2884 2619 quorum
2909 2558 2949 2586 ω
2982 2549 3108 2605 inde
3148 2558 3275 2604 sunt
3302 2552 3512 2614 merita,
3554 2553 3702 2607 unde

2100 2642 2333 2712 iustitia.

2448 2733 2594 2787 Non
2628 2748 2965 2789 DEFINITIONE
2999 2748 3195 2788 ntc'rvu
3240 2748 3377 2787 ssr;

2179 2822 2420 2879 Dubitari
2431 2842 2548 2896 ergo
2561 2843 2661 2880 non
2682 2829 3033 2895 potest,inesse
3045 2830 3184 2881 omni
3195 2830 3381 2881 anima:
3393 2830 3705 2883 naturaliter

2110 2916 2273 2987 360
2296 2917 2537 2969 virtutum
2589 2919 2803 2982 semina,
2861 2917 3104 2987 beneﬁcio
3159 2916 3413 2973 Creatoris
3457 2920 3651 2975 inserta
3683 2936 3705 2974 :

420 3010 595 3062 latent.
627 3008 721 3062 Sin
744 3021 863 3059 vero
916 3003 1130 3078 gratiaf
1179 3004 1270 3057 Dei
1319 3018 1515 3073 semper
1568 3002 1813 3073 inspirari
1860 3001 2005 3056 bonae
2032 3005 2077 3067 C
2108 3009 2196 3062 sed
2243 3008 2345 3061 nisi
2373 3008 2481 3062 haec
2520 3006 2854 3075 opitulatione
2886 3007 2981 3061 Dei
3026 3008 3217 3076 fuerint
3257 3010 3495 3077 excitata,
3525 3010 3597 3063 ad
3620 3012 3708 3063 in-

419 3100 691 3152 voluntatis
720 3097 974 3165 principia
1003 3096 1308 3157 dixerimus,
1341 3094 1464 3163 quid
1510 3095 1571 3147 de
1600 3092 1835 3147 Zacchazi
1858 3093 2006 3162 ﬁde?

419 3190 540 3256 quid
570 3189 632 3241 de
670 3187 810 3241 illius
844 3188 897 3240 in
923 3202 1069 3239 cruce
1092 3185 1338 3238 Latronis
1385 3186 1568 3253 pietate
1625 3186 1851 3239 dicemus
1873 3185 1898 3238 ?
1919 3184 2008 3254 qui

421 3280 674 3334 desiderio
704 3294 796 3332 suo
816 3279 915 3332 vim
938 3277 1216 3347 quamdam
1268 3280 1439 3347 regnis
1479 3277 1760 3332 ctelestibus
1782 3277 2013 3345 inferen-

421 3380 515 3434 tes,
538 3369 778 3441 specialia
798 3368 1073 3421 vocationis
1096 3368 1288 3420 monita
1318 3376 1688 3437 prwvenerunt.

500 3462 556 3515 In
588 3474 772 3514 errore
802 3474 921 3513 esse
959 3458 1155 3512 dicitur
1206 3467 1265 3513 et
1309 3459 1354 3513 is
1408 3461 1498 3528 qui
1541 3474 1607 3514 ex
1654 3460 1827 3529 gratia
1864 3461 2009 3517 nasci

425 3553 621 3607 bonam
651 3549 843 3603 asserit
879 3548 1234 3615 voluntatem,
1287 3556 1347 3602 et
1391 3549 1437 3602 is
1479 3549 1568 3617 qui
1619 3548 1747 3603 dicit
1789 3550 2013 3618 gratiam

427 3655 492 3696 ex
522 3639 661 3696 bona
690 3640 967 3693 voluntate
1001 3638 1233 3708 pendere
1262 3652 1278 3693 :
1320 3646 1377 3693 et
1425 3648 1606 3693 tamen
1640 3650 1867 3709 utraque
1893 3655 2017 3694 sen-

424 3734 587 3789 tentia
614 3731 956 3802 suscipienda
987 3741 1013 3780 Β
1044 3732 1373 3798 decernitur,
1407 3731 1535 3787 dum
1572 3733 1732 3788 unius
1762 3734 1816 3789 in
1847 3732 2019 3789 Paulo

424 3834 481 3883 et
505 3824 778 3886 Mattbmo.
817 3824 1043 3881 alterius
1068 3824 1122 3879 in
1144 3823 1407 3881 Zaccltteo
1446 3834 1503 3881 et
1551 3824 1787 3884 Latrone
1840 3827 2017 3883 forma

423 3920 738 3993 pratligitur.

756 4009 939 4065 Sttst
968 4025 1305 4065 DBFINITIONE
1336 4027 1528 4067 mcrvu
1559 4028 1688 4068 esr:

500 4101 628 4155 Htec
651 4116 770 4169 ergo
795 4100 920 4163 duo,
943 4101 997 4152 id
1038 4110 1131 4164 est,
1165 4102 1335 4169 gratia
1376 4104 1454 4156 vel
1485 4104 1701 4157 liberum
1729 4107 2020 4172 arbitrium,

428 4192 522 4246 sibi
572 4192 777 4260 quidem
815 4191 1028 4245 invicem
1074 4191 1310 4245 videntur
1359 4193 1616 4259 adversa;
1669 4197 1759 4248 sed
1805 4207 2024 4266 utraque

429 4283 762 4349 concordant,
786 4290 833 4335 et
862 4278 888 4317 δ
918 4290 1133 4348 utraque
1174 4299 1266 4337 nos
1318 4286 1513 4353 pariter
1554 4286 1737 4340 debere
1765 4291 2025 4358 suscipere

2109 3109 2416 3154 crementum
2445 3099 2771 3170 perfectionis
2802 3115 2903 3151 non
2939 3106 3176 3165 poterunt
3208 3103 3489 3167 pervenire.

2179 3189 2340 3256 Quasi
2363 3190 2430 3244 de
2472 3189 2802 3257 spiritalibus
2840 3197 2869 3225 ιι
2898 3188 3055 3243 bonis
3108 3189 3241 3243 nihil
3282 3190 3452 3243 Adam
3493 3205 3712 3258 prmva-

2108 3281 2333 3336 ricando
2361 3280 2687 3346 perdiderit;
2717 3294 2769 3333 et
2799 3280 2975 3334 virtus
3000 3296 3103 3335 non
3129 3292 3186 3334 ut
3213 3282 3475 3337 habeatur
3498 3284 3708 3349 danda,

2111 3370 2210 3425 sed
2241 3378 2266 3407 ο
2288 3378 2349 3426 ut
2378 3368 2592 3425 facilius
2616 3370 3004 3440 perfectionem
3026 3371 3416 3443 apprehendat,
3444 3374 3713 3429 hortanda

2113 3459 2208 3515 sit.

2423 3552 2629 3608 Decmt
2656 3568 2991 3609 pertut'rtous
3015 3569 3214 3609 mcruu
3244 3570 3342 3608 zs'r
3369 3570 3384 3607 :

2193 3642 2343 3711 Quod
2368 3644 2520 3698 etiam
2554 3644 2609 3697 in
2655 3643 2757 3697 Job
2804 3644 3162 3715 probatissimo
3215 3645 3409 3697 athleta
3437 3660 3549 3705 suo.
3590 3660 3715 3698 cum

2116 3752 2231 3790 eum
2256 3736 2491 3789 a’iabolus
2536 3737 2826 3805 expetiisset
2871 3736 2939 3789 ad
2979 3734 3246 3804 singulare
3275 3747 3551 3801 certamen,
3586 3737 3718 3789 divi-

2119 3843 2239 3879 nam
2262 3828 2476 3897 legimus
2505 3826 2782 3895 providisse
2802 3826 3084 3896 justitiam.
3136 3826 3196 3882 Si
3224 3828 3358 3881 enim
3398 3836 3579 3880 contra
3604 3830 3716 3881 ini-

2126 3918 2338 3981 micum,
2372 3932 2475 3969 non
2500 3933 2592 3969 sua
2621 3918 2821 3982 virtute,
2844 3918 2932 3971 sed
2987 3918 3078 3971 Dei
3127 3917 3289 3971 solius
3342 3919 3520 3986 fuisset
3542 3925 3722 3989 grat‘a

2123 4018 2411 4079 protegente
2432 4025 2753 4078 congressus,
2782 4019 2827 4061 et
2869 4009 3058 4073 absque
3094 4011 3201 4062 ulla
3248 4011 3428 4064 virtute
3454 4012 3723 4081 patientia:

2082 4156 2087 4161 ,
2122 4114 2247 4164 suae,
2278 4098 2451 4150 divina
2473 4108 2668 4151 tantum
2694 4099 3034 4166 opitulatione
3082 4099 3351 4165 stt/fultus,
3400 4103 3719 4171 multiplices

2121 4188 2265 4254 illas,
2291 4206 2351 4241 ac
2378 4197 2485 4242 tota
2506 4189 2700 4241 inimici
2728 4188 3029 4243 crudelitate
3071 4191 3333 4256 qtuesitas,
3376 4194 3718 4245 tentationum

2124 4280 2283 4333 moles
2307 4290 2351 4333 et
2374 4281 2527 4333 exitia
2549 4281 2875 4350 pertulisset;
2914 4281 3170 4349 quomodo
3220 4298 3320 4334 non
3352 4281 3495 4333 illam
3517 4283 3722 4335 caluiti-

430 4363 630 4424 pietatis
663 4361 860 4416 ratione
896 4360 1186 4432 colligimus
1216 4377 1236 4415 :
1280 4378 1344 4416 ne
1390 4364 1771 4420 unum-horum
1818 4367 2012 4421 honuni
2040 4361 2088 4420 D
2116 4372 2315 4424 niosam
2338 4370 2595 4436 diabolus,
2619 4388 2773 4439 quam
2806 4370 2947 4439 ptius
2973 4374 3207 4426 emiserat
3243 4387 3433 4436 vocem,
3466 4375 3721 4429 adversus
3778 4382 3785 4385 "

500 4590 525 4617 ι
555 4579 652 4633 Ms.
681 4577 999 4655 _Jo_liensis‘,
1050 4581 1468 4655 cu_m__Mogunt_._
1519 4591 1575 4637 et
1614 4584 1838 4648 Venet..
1888 4590 2012 4655 quia

428 4652 645 4730 etiam...
675 4648 865 4716 indiget
888 4650 1140 4718 adjuvari.
1172 4648 1325 4720 Mog:
1344 4660 1397 4707 et
1432 4652 1590 4719 Ven.,
1613 4656 1839 4728 indigeat
1857 4648 2011 4726 adju-

434 4737 566 4772 vart.

500 4789 526 4827 δ
554 4786 724 4864 Lugd.
749 4793 803 4864 et
842 4787 1189 4864 posteriores,
1237 4809 1340 4864 no_n
1386 4797 1503 4864 jam
1553 4796 1725 4849 etiam.
1763 4836 1801 4849 ..
1837 4808 1892 4849 ut
1922 4813 2008 4850 re-

430 4873 565 4935 rum.
602 4856 734 4935 Mss.
759 4856 943 4922 (Imb,
971 4857 1176 4935 Betnig.
1207 4872 1260 4914 et
1287 4856 1415 4927 ιυιῑ,
1450 4865 1586 4935 Mog.
1621 4877 1675 4921 et
1707 4865 1838 4921 Ven.
1877 4868 2006 4921 edit.

431 4928 841 4997 omittuutjam,
867 4938 915 4979 et
939 4927 1143 4997 addunt
1178 4938 1245 4981 et.

504 4996 945 5061 ¢Ms..loliensis,
989 4996 1056 5049 ad
1106 5001 1466 5121 peyectionem
1517 5007 1794 5072 virtutum;
1833 5007 2007 5059 idem-

505 5084 534 5121 e
557 5069 895 5121 nostulinuot
925 5068 1111 5121 verba.
1213 5070 1306 5121 el/e
1353 5074 1552 5121 adiacet
1592 5076 1733 5121 mihi-
1768 5077 2007 5121 nrrﬁmra

428 5083 534 5137 que
557 5077 678 5143 post
699 5069 895 5135 aliqum
925 5068 1111 5143 verba,
1164 5068 1306 5123 Velle
1353 5074 1552 5143 adjacet
1592 5076 1734 5136 mihi,
1768 5068 2009 5143 perﬁcere

426 5136 600 5194 autem
628 5141 809 5213 bonum
841 5153 959 5192 non.
1008 5136 1127 5213 L‘_h_i_
1167 5153 1295 5193 m~s.
1348 5136 1507 5196 Corb.
1539 5152 1591 5197 et
1616 5136 1866 5213 Remig,
1899 5146 2008 5197 Mo-

427 5219 580 5278 gunt.
645 5220 697 5264 et
733 5208 934 5281 Venet.
1003 5207 1130 5281 editi
1181 5225 1279 5261 non
1354 5228 1561 5281 possunt
1623 5207 1859 5276 Italteut,
1915 5230 2010 5281 pro

428 5295 532 5403 no‘t;
575 5280 792 5335 invenio.
824 5279 987 5334 Iidem
1019 5277 1145 5333 editi
1170 5277 1423 5334 omittunt
1454 5283 1654 5349 pariter
1706 5285 1840 5337 enim
1893 5277 2013 5353 post

428 5364 484 5403 ve
530 5366 578 5403 e.
1568 5372 1579 5377 ι

426 5364 578 5404 velte.
1568 5372 1579 5377 “

495 5417 527 5500 ξι
551 5419 792 5487 Lugdun.
826 5430 880 5475 et
898 5420 1252 5485 recentiores,
1273 5417 1522 5485 Dominus
1542 5461 1556 5485 ,
1591 5431 1678 5477 aut
1708 5423 1829 5495 quia
1874 5423 2007 5479 Deus

437 5500 751 5543 misereatur.

505 5569 529 5595 ⁸
548 5557 717 5625 Lugd.
747 5567 802 5613 et
830 5562 1175 5627 posteriores,
1212 5562 1433 5616 trahitur

2190 4588 2208 4627 ί
2242 4590 2355 4644 Vox
2374 4590 2492 4644 btec
2516 4589 2609 4644 Dei
2632 4592 2779 4645 abest
2817 4608 2845 4645 a
2869 4591 3036 4659 Ludg.
3060 4592 3298 4644 editione
3328 4599 3382 4645 ct
3408 4589 3491 4643 illa
3525 4601 3719 4658 postc-

2114 4660 2372 4731 νὶωνῖιιιιεςἑ
2406 4661 2459 4713 ltt
2490 4674 2592 4713 ms.
2622 4660 2810 4730 Retttig
2839 4703 2853 4725 ,
2893 4679 2979 4728 per
3002 4664 3244 4731 gratiam.

2188 4730 2317 4797 SMS.
2346 4729 2604 4783 Joliensis
2651 4745 2748 4797 pro
2785 4728 3100 4795 decernitur,
3152 4729 3305 4783 habet
3344 4728 3453 4795 hic,
3498 4729 3715 4785 dicitur.

2189 4796 2215 4835 ιι
2250 4799 2425 4853 Editio
2455 4800 2623 4867 Lugd.
2651 4796 2707 4853 et
2733 4804 3082 4867 posteriores,
3131 4812 3421 4867 utrumque.
3470 4798 3568 4855 Ms.
3599 4800 3717 4856 Jol.

2115 4883 2299 4934 Supra,
2333 4871 2410 4923 vel
2439 4871 2626 4938 gratia,
2658 4871 2737 4924 vel
2768 4870 2984 4923 liberant
3015 4870 3305 4923 arbitrium.

2196 4938 2211 4975 ί
2245 4940 2344 4994 Ms.
2376 4939 2635 4994 Jolieusis
2659 4952 2803 4994 caret
2838 4941 2939 4994 hac
2971 4956 3126 5002 voce,
3152 4937 3465 4992 hominibus.

2186 5009 2414 5129 (j.L.||gdo
2443 5020 2497 5064 et
2528 5010 2880 5076 recentiores,
2916 5027 2947 5063 a
2981 5012 3191 5082 gratia;
3221 5020 3275 5064 et
3315 5012 3472 5074 intra,
3495 5024 3526 5060 a
3553 5007 3721 5061 libero

2202 5091 2353 5129 ηινιο.

2119 5091 2353 5131 artntrto.

2190 5147 2213 5184 ιε
2247 5150 2339 5200 Ms.
2370 5148 2624 5203 Joliensis
2647 5165 2751 5202 non
2769 5150 2947 5205 'ltabet
2985 5150 3125 5203 hanc
3161 5162 3348 5202 vocent
3380 5146 3567 5200 Adam.
3596 5147 3721 5201 Mo-

2118 5228 2267 5285 gunt.
2298 5227 2351 5271 et
2383 5218 2541 5285 \‘en.,
2577 5222 2699 5272 dum
2722 5220 2927 5273 diabolo
2960 5222 3142 5283 credit,
3177 5235 3271 5286 pro
3293 5218 3533 5271 credidit.

2198 5286 2211 5323 ι
2249 5288 2341 5339 Ms.
2375 5287 2647 5353 Joliensis,
2674 5291 2865 5341 malum
2903 5302 3051 5357 atque
3080 5304 3372 5356 perversum
3401 5295 3494 5340 est.

2190 5357 2226 5378 "‘
2260 5357 2434 5410 Editio
2466 5358 2634 5426 Ludg.
2665 5367 2719 5413 et
2744 5356 3092 5424 poSteriOres,
3126 5359 3246 5411 inde
3266 5360 3367 5411 sint
3396 5356 3598 5409 merita.

2190 5436 2214 5463 ιι
2250 5428 2347 5481 Hic
2375 5427 2523 5482 bonis
2570 5430 2908 5483 restituimus
2938 5445 3004 5482 ex
3046 5442 3173 5483 mss.
3202 5427 3388 5491 Corb.,
3420 5426 3631 5492 Remig.
3653 5430 3712 5475 et

2117 5496 2359 5557 Joliensi.
2386 5512 2487 5552 nec
2516 5515 2620 5551 non
2649 5514 2714 5553 ex
2745 5499 2981 5567 Mogttnt.
3010 5506 3064 5552 et
3087 5498 3221 5552 Ven.
3253 5497 3434 5552 editis.

2190 5576 2214 5601 ο
2240 5567 2336 5621 Ms.
2371 5568 2596 5623 Jolicns.
2632 5580 2783 5623 caret
2810 5568 2913 5624 hoc
2941 5567 3225 5637 adverbio,
3257 5568 3486 5637 facilius.
