4026 6176
282 270 390 326 259

291 465 491 521 Deam?
516 466 702 520 Nonne
726 476 778 519 tu
806 465 1008 524 vallasti
1024 482 1136 519 eum
1172 465 1196 503 δ
1219 480 1279 516 ac
1302 466 1506 517 domum
1530 468 1659 532 ejus,
1688 473 1738 519 et
1758 465 1875 517 uni-

286 574 486 613 rersam
515 559 847 612 substantiam
902 557 1013 625 ejus
1060 571 1149 623 per
1201 555 1486 608 circuitum.
1533 553 1639 608 Sed
1674 554 1877 621 caufer

286 665 495 702 manum
517 656 683 712 tuam,
711 647 765 699 id
792 656 885 710 est,
916 648 1025 699 sine
1054 662 1169 699 eum
1196 646 1301 699 suis
1343 661 1540 697 mecum
1571 645 1759 697 viribus
1786 644 1877 696 tle-

286 747 502 804 certare,
532 738 633 792 nisi
656 734 681 774 δ
705 738 756 791 in
774 740 958 807 facient
982 748 1120 791 tuam
1147 737 1455 790 benedixerit
1496 737 1607 790 tibi.
1634 736 1738 790 Sed
1758 752 1875 788 cum

289 831 486 883 nullam
526 828 878 898 hujuscemodi
923 829 1294 898 querimoniam
1346 826 1877 880 calumniosusltostis

291 934 398 991 post
433 922 736 991 conﬂictum
762 928 786 957 ε
818 921 1007 973 audeat
1036 922 1250 985 iterare,
1279 935 1379 972 non
1409 918 1526 984 Dei,
1545 920 1635 972 sed
1661 919 1802 972 illius
1826 935 1879 972 se

288 1014 473 1065 victum
495 1011 684 1063 riribus
705 1009 994 1079 conﬁtetur.
1024 1009 1164 1062 Licet
1199 1010 1348 1062 etiam
1377 1010 1547 1078 gratia
1580 1008 1674 1062 Dei
1695 1024 1795 1061 non
1826 1009 1878 1061 in

293 1111 449 1157 totum
477 1100 557 1155 illi
578 1102 804 1169 defuisse
833 1100 1085 1153 credenda
1105 1103 1223 1166 sint,
1251 1110 1575 1170 quietantam
1598 1099 1835 1153 tentatori
1858 1097 1876 1136 ί

293 1192 524 1246 tentandi
550 1192 726 1246 tribuit
746 1200 1068 1259 potestatem,
1085 1202 1331 1261 quantam
1353 1200 1399 1244 et
1426 1192 1574 1244 illum
1611 1190 1881 1245 resistendi

295 1291 499 1336 noverat
530 1280 718 1335 habere
746 1282 1003 1336 virtutem.

361 1373 472 1429 ISi
532 1374 675 1429 Deus
724 1374 882 1427 scivit
934 1373 1306 1428 tantummodo
1354 1373 1482 1442 quid
1523 1372 1624 1428 Job
1662 1384 1881 1443 posset,

294 1478 397 1519 non
428 1464 593 1518 etiam
614 1464 836 1518 donavit
864 1473 921 1517 ut
964 1473 1179 1533 posset;
1240 1464 1395 1517 testis
1423 1463 1697 1533 patientiae
1740 1463 1878 1533 ejus,

296 1571 400 1612 non
420 1556 710 1609 auxiliator
740 1555 857 1609 fuit.
889 1555 953 1609 Et
976 1556 1026 1608 in
1075 1570 1180 1623 quo
1221 1556 1325 1609 erit
1370 1555 1730 1609 necessarium
1758 1569 1883 1623 gra~

298 1646 381 1699 tia:
419 1646 766 1715 adjutorium,
794 1647 837 1700 si
866 1645 1114 1700 humanis
1167 1647 1298 1701 solis
1338 1646 1540 1699 viribus
1586 1653 1732 1699 tanta
1791 1644 1881 1699 illa

296 1745 377 1790 est
401 1744 555 1803 parta
583 1734 851 1790 victoria?

303 1827 581 1885 υιωεειιη
625 1842 961 1882 υεειιιιτιομε
1007 1842 1204 1881 υιετυιι
1256 1840 1354 1881 εει·
1404 1841 1473 1881 π
1524 1839 1879 1882 οειιτυιιιοκιε

1045 1913 1165 1951 FIDE
1194 1913 1207 1949 ε

364 2009 394 2049 δ
417 2010 646 2065 Miratur
666 2027 781 2064 eum
807 2010 1055 2065 Dominus
1083 2020 1236 2077 atque
1258 2011 1543 2077 collaudat,
1589 2011 1884 2080 cunctisque

297 2102 402 2156 illis
423 2102 512 2173 qui
533 2119 596 2156 ea:
617 2102 828 2156 Israelis
845 2105 1033 2173 papula
1052 2102 1396 2166 crediderant,
1434 2106 1663 2171 prie/ert,
1687 2103 1880 2168 dicens,

294 2196 453 2248 Amen
476 2195 594 2247 dico
616 2194 779 2257 vobis,
823 2210 924 2247 non
951 2194 1119 2247 inveni
1166 2202 1365 2246 tantam
1405 2194 1560 2260 ﬁdem
1594 2194 1645 2245 in
1693 2190 1880 2246 Israel.

296 2283 511 2336 Nullius
542 2284 676 2336 enim
696 2282 868 2336 laudis
906 2292 1031 2337 esset
1061 2299 1120 2336 ac
1145 2284 1334 2346 meriti,
1376 2283 1421 2336 si
1443 2284 1497 2336 id
1544 2284 1597 2336 in
1617 2299 1675 2336 eo
1706 2283 1888 2337 Domi-

294 2391 395 2429 nus
422 2379 560 2444 quod
589 2375 699 2442 ipse
742 2376 1020 2429 donaverat
1047 2376 1375 2443 prtetulisset.
1875 2360 1883 2367 ’

364 2464 567 2534 Impius
592 2479 807 2529 sensus,
837 2467 925 2530 qui
956 2474 1109 2533 putat
1145 2465 1440 2520 beatiorem
1463 2479 1584 2524 esse
1617 2465 1886 2521 hominem

296 2556 383 2611 cui
420 2538 563 2611 Deus
587 2557 720 2610 nihil
741 2557 972 2621 dederit,
996 2572 1155 2626 quam
1182 2558 1268 2611 cui
1292 2559 1543 2612 universa
1573 2558 1887 2613 contulerit.

548 2648 860 2703 DUODECIUA
890 2665 1231 2705 DEFINITIONE
1260 2666 1459 2705 DICTUII
1492 2664 1586 2704 EST
1622 2668 1634 2702 Ξ

368 2739 505 2795 Inde
528 2749 625 2807 est,
656 2742 793 2809 quod
824 2751 1047 2805 orantes,
1080 2758 1181 2795 non
1208 2743 1377 2795 solum
1407 2750 1770 2809 protectorem,
1802 2744 1893 2797 sed

298 2836 458 2886 etiam
488 2842 835 2899 sasceptorem
858 2829 1136 2885 Dominum
1168 2831 1570 2902 proclamamus.
1621 2828 1687 2885 In
1731 2832 1890 2904 361

297 2938 357 2976 eo
381 2923 517 2977 enim
547 2922 685 2991 quod
717 2923 860 2992 prior
912 2922 1149 2985 advocat,
1188 2932 1235 2975 et
1291 2926 1581 2992 ignorantes
1623 2940 1714 2977 nos
1744 2936 1896 2994 atque

298 3014 483 3067 incitos
512 3014 724 3066 attrahit
773 3012 842 3067 ad
897 3014 1130 3077 salutem,
1165 3023 1424 3083 protebtor
1474 3025 1625 3085 atque
1671 3016 1895 3068 salvator

298 3113 419 3158 est:
445 3106 499 3157 in
521 3120 579 3158 eo
604 3113 775 3158 autem
811 3107 949 3172 quod
979 3105 1322 3159 annitentibus
1359 3104 1505 3159 nobis
1544 3121 1690 3174 opem
1733 3108 1885 3175 ferre,
1918 3107 1965 3170 C

299 3196 703 3265 refugientesque
736 3197 991 3260 suscipere
1030 3212 1091 3249 ac
1138 3196 1338 3249 munire
1381 3198 1659 3261 consuevit,
1688 3212 1892 3265 suscep-

303 3296 385 3339 tor
416 3303 477 3339 ac
500 3288 764 3357 refugium
789 3288 1106 3340 nominatur.

375 3377 513 3431 lluic
539 3378 829 3432 sententia:
862 3377 908 3431 is
939 3388 1116 3446 potest
1146 3375 1387 3446 praebere
1416 3390 1765 3442 consensum,
1802 3376 1892 3444 qui

302 3485 362 3526 se
390 3484 423 3522 a
449 3468 671 3524 Cbristo
701 3485 808 3524 non
843 3471 951 3523 vult
980 3485 1103 3523 esse
1133 3468 1423 3522 salvatum.

912 3580 1139 3636 CAPUT
1180 3580 1298 3635 XX.

306 3673 529 3729 Errores
571 3675 625 3728 in
666 3672 903 3728 Cassiani
935 3672 1322 3796 delinitianibus
1348 3670 1573 3724 contenti
1600 3671 1892 3724 summatim

927 3747 1006 3796 col
1033 3754 1261 3796 tuantur.

927 3747 1261 3812 colliguntur.

377 3833 559 3907 [Alias
585 3832 715 3889 Car.
747 3832 900 3904 XL.)
934 3834 985 3887 1.
1019 3833 1113 3887 llis
1146 3833 1325 3900 itaque
1356 3831 1760 3885 deﬁnitionibus
1792 3831 1895 3885 hoc

306 3925 557 3990 docetur,
574 3927 675 3978 hoc
695 3925 965 3991 scribitur,
994 3924 1093 3978 hoc
1118 3922 1276 3976 editis
1293 3922 1745 3989 disputationibus
1760 3936 1894 3990 pra:-

307 4016 523 4069 dicatur
555 4030 570 4067 :
602 4015 751 4080 Quod
782 4015 948 4067 Adam
985 4021 1273 4083 peccante,
1300 4014 1475 4066 anima
1506 4012 1621 4081 ejus
1643 4013 1766 4067 laesa
1789 4028 1895 4066 non

312 4106 497 4171 fuerit,
533 4120 832 4173 senumque
872 4103 925 4158 in
958 4119 1025 4159 eo
1052 4104 1324 4168 manserit,
1356 4102 1499 4158 unde
1534 4104 1775 4171 peccavit
1804 4120 1817 4155 :
1850 4102 1895 4155 si

309 4198 531 4267 quidem
548 4194 827 4251 scientiam
847 4196 971 4251 boni
990 4211 1148 4265 quam
1168 4205 1472 4264 acceperat,
1493 4210 1598 4248 non
1621 4195 1894 4259 amiserit;

318 4287 337 4327 ί
359 4303 461 4344 nec
479 4288 750 4357 potuerint
768 4287 963 4353 posteri
987 4287 1105 4355 ejus
1126 4285 1177 4339 id
1204 4286 1451 4353 perdere,
1466 4284 1622 4353 cujus
1644 4284 1911 4337 damnum

312 4396 418 4436 nec
442 4381 530 4434 ille
560 4380 864 4449 pertulerit.
905 4379 1088 4432 inesse
1124 4388 1301 4432 autem
1344 4376 1492 4430 onnii
1525 4377 1716 4429 anima:
1744 4385 1897 4429 natu-

1410 264 1611 321 LlBElt
1649 262 1926 319 CONTRA
1964 263 2445 320 COLLATOREM.

284 393 399 432 eum
435 375 630 447 justius
677 382 909 429 iterasset
961 392 981 429 :
1014 373 1277 443 Numquid
1316 374 1416 427 Job
1470 375 1628 444 gratis
1679 381 1704 410 ἰ
1752 375 1874 427 colit
1906 380 1943 434 Α
1980 374 2262 429 lectionem
2320 374 2621 444 perveniat,
2664 378 2963 444 promereri

3442 269 3547 323 ι’ῑυ

3006 395 3020 433 :
3066 378 3189 448 quia
3235 380 3430 437 nullius
3477 384 3550 439 sit

1977 465 2151 518 laudis
2197 481 2258 519 ac
2305 466 2504 532 meriti,
2552 468 2641 534 qui
2688 465 2899 521 donatis
2948 468 3124 535 bonis,
3172 486 3277 525 non
3321 472 3550 541 propriis

1978 556 2289 609 adornatur.
2323 555 2632 610 Cavendum
2673 572 2883 627 quoque
2910 572 3053 628 esse,
3083 575 3151 614 ne
3181 562 3250 615 ita
3280 562 3343 616 ad
3384 562 3554 618 Deum

1978 649 2156 701 omnia
2191 658 2499 702 sanctorum
2537 649 2727 702 merita
2774 651 3080 705 referantur
3106 692 3121 715 ,
3168 654 3319 721 quasi
3361 669 3458 723 per
3494 669 3557 710 se

1979 736 2111 789 nihil
2156 737 2280 791 boni
2318 738 2491 806 possit
2525 753 2685 807 agere
2724 737 2839 809 ipsa
2879 740 3107 795 humana
3153 752 3341 797 natura
3377 760 3391 798 :
3432 758 3558 801 cunt

1980 834 2124 880 tanta
2154 830 2224 881 sit
2250 830 2445 882 virium
2471 830 2588 897 ejus
2613 830 2919 899 integritas,
2950 841 3008 884 ut
3032 842 3216 887 contra
3244 836 3415 902 ipsum
3444 836 3551 890 dia-

1980 919 2181 980 bolum,
2215 920 2588 984 saevitiamque
2626 921 2741 990 ejus
2773 935 2943 991 usque
2970 922 3034 976 ad
3072 932 3311 977 extrema
3352 926 3557 993 suppli-

1982 1009 2086 1073 cia,
2118 1010 2234 1063 sine
2277 1010 2479 1064 auxilio
2522 1011 2616 1064 Dei
2652 1010 2827 1065 valeat
2868 1011 3145 1071 dimicare.
3190 1012 3340 1068 Hanc
3379 1024 3556 1068 autem

1982 1099 2392 1167 possibilitatem
2435 1099 2450 1151 i
2496 1100 2550 1155 in
2583 1101 2831 1156 omnibus
2860 1116 2981 1156 esse
3014 1101 3317 1156 hominibus
3344 1110 3533 1158 natura

1984 1188 2113 1251 lem,
2145 1190 2240 1244 sed
2272 1206 2378 1244 non
2414 1205 2602 1245 omnes
2632 1189 2658 1228 κ
2693 1191 3020 1260 ingeneratis
3047 1192 3145 1245 sibi
3176 1192 3249 1246 uti
3280 1193 3419 1247 velle
3449 1194 3562 1247 vir-

1984 1281 2207 1335 tutibus.
2241 1282 2465 1336 Tantam
2496 1291 2676 1336 autem
2703 1284 2845 1336 circa
2877 1284 3159 1337 universos
3190 1284 3434 1339 homines
3461 1284 3561 1345 bo.

1984 1374 2202 1427 nitatem
2231 1388 2351 1428 esse
2375 1373 2675 1437 Creatoris,
2705 1383 2765 1426 ut
2795 1372 2882 1426 alii
2914 1372 2982 1426 ab
3008 1387 3074 1427 eo
3101 1374 3223 1442 quia
3255 1382 3447 1443 sponte
3474 1389 3563 1430 ve—

1985 1465 2156 1527 niant,
2188 1462 2552 1530 suscipiantur
2577 1462 2809 1527 laudati;
2835 1461 2927 1516 alii
2960 1460 2976 1497 ι
3011 1462 3132 1530 quia
3166 1461 3565 1527 resistunt,‘at-

1988 1556 2267 1609 trahantur
2296 1555 2448 1609 inviti
2476 1572 2490 1608 :
2523 1563 2564 1591 ιιι
2591 1563 2751 1624 atque
2780 1554 2902 1609 ideo
2930 1553 3223 1609 volentium
3254 1564 3559 1624 susceptor,

1987 1645 2279 1700 nolentium
2308 1660 2442 1700 vero
2480 1645 2714 1699 salvator
2746 1644 2837 1698 sit.
2871 1643 2936 1698 Et
2980 1659 3101 1697 cum
3147 1658 3273 1711 pars
3308 1643 3566 1699 Ecclesia:

1914 1746 1958 1805 Β
1988 1752 2053 1791 ex
2074 1738 2264 1803 gratia,
2298 1750 2423 1805 pars
2448 1744 2626 1789 autem
2658 1749 2725 1788 ex
2756 1732 2927 1788 libero
2948 1732 3275 1801 justiﬁcetur
3302 1732 3529 1788 arbitrio
3547 1775 3563 1800 ,

1984 1829 2334 1895 gloriosiores
2359 1827 2466 1881 sint
2501 1841 2636 1896 quos
2660 1834 2847 1880 natura
2878 1824 3208 1893 provexerit,
3239 1840 3396 1895 quam
3426 1840 3563 1894 quos

1985 1918 2155 1988 gratia
2192 1918 2430 1972 liberarit
2465 1933 2479 1969 :
2516 1917 2640 1986 quia
2669 1915 2735 1969 ad
2765 1929 2924 1969 omne
2948 1928 3083 1982 Opus
3120 1914 3317 1970 bonum
3352 1923 3459 1968 tam
3491 1914 3559 1968 li-

1988 2011 2114 2064 bera
2151 2008 2219 2063 sit
2247 2010 2493 2063 voluntas
2534 2010 2585 2062 in
2619 2007 2749 2063 Adae
2775 2011 3025 2077 posteris,
3057 2021 3218 2076 quam
3247 2014 3275 2043 τι
3305 2006 3359 2060 in
3390 2006 3560 2062 Adam

1985 2099 2150 2155 fuerit
2175 2100 2299 2155 ante
2322 2109 2619 2169 peccatum.

2470 2209 2630 2280 352
2668 2205 2891 2261 CAPUT
2930 2206 3073 2262 XXI.

1989 2319 2144 2374 Redit
2164 2322 2235 2373 ad
2262 2328 2545 2387 susceptam
2570 2320 2715 2372 initio
2736 2317 3079 2385 defensionem
3106 2320 3400 2388 Augustini,
3420 2337 3566 2390 quem

2062 2392 2315 2458 praecipue
2342 2390 2744 2459 Semipelagiani
2772 2390 3096 2459 impet‘ebant,
3130 2390 3306 2443 eadem
3336 2392 3391 2444 in
3417 2394 3566 2446 illum

2051 2457 2347 2531 jactitantes
2385 2477 2497 2527 qua:
2523 2457 2651 2513 alias
2678 2458 2970 2531 Pelagiani,
2995 2468 3042 2511 et
3060 2457 3307 2531 Julianus
3324 2462 3568 2531 mqime.

2063 2528 2193 2583 Illos
2228 2548 2347 2601 ergo
2388 2531 2568 2584 iisdem
2603 2530 2758 2601 armis
2788 2528 3174 2601 impugnandos
3200 2530 3382 2601 quibus
3411 2529 3573 2585 Pela-

2061 2601 2202 2669 giani
2231 2596 2345 2653 victi
2382 2609 2521 2663 sunt,
2560 2599 2867 2651 auctoritate
2904 2596 3093 2669 scilicet
3128 2596 3372 2669 Ecclesia:
3404 2616 3423 2653 :
3453 2616 3569 2669 cum

2063 2664 2335 2738 Augustini
2360 2670 2675 2721 adversarios
2694 2666 3024 2738 damnatione
3040 2664 3440 2738 Pelagianorum
3464 2668 3573 2735 pro-

2062 2736 2294 2792 straverit
2328 2738 2685 2803 Innocentius,
2724 2736 3021 2803 eosdemque
3069 2736 3365 2791 damnarint
3394 2737 3573 2793 Ραιω.

2063 2811 2199 2863 siina
2227 2810 2474 2879 synodus,
2498 2808 2750 2879 Africana
2781 2805 3023 2879 concilia,
3054 2805 3311 2879 losintus,
3331 2806 3570 2879 ABonifa-

2064 2880 2195 2940 eius,
2230 2875 2277 2932 et
2304 2875 2623 2934 Caelestiuus.
2664 2875 3017 2943 Quorumdam
3051 2875 3289 2929 adversus
3316 2875 3573 2932 Caelestiui

2068 2949 2407 3003 testimonium
2442 2941 2698 3000 cavillatio
2732 2941 3005 3016 refellitur.
3042 2945 3316 3016 Augustini
3342 2947 3576 3002 doctrina

2067 3020 2295 3085 ejusdem
2344 3019 2529 3073 tenoris
2576 3016 2762 3085 ubique
2810 3014 3208 3069 demonstratur.
3275 3015 3457 3069 Votum
3508 3017 3571 3072 S.

2070 3040 2295 3072 eusaem
2344 3040 2529 3073 ιεηοτιε
2576 3040 2762 3085 umque
2810 3040 3208 3069 uerrsunauutur.
3277 3040 3457 3069 votum
3508 3040 3571 3072 Do‘

2070 3040 2332 3156 lirasperi,
2350 3097 2407 3140 ut
2426 3087 2607 3140 Xistus
2637 3086 2868 3156 pontifex
2892 3086 3121 3139 occultos
3148 3085 3317 3157 gratia
3339 3086 3575 3143 inimicos

2065 3158 2302 3228 repellat.

2074 3270 2248 3341 [Alias
2276 3270 2404 3325 Cap.
2443 3266 2607 3339 XLl.]
2642 3268 2691 3321 1.
2724 3266 2805 3321 En
2833 3265 2989 3335 cujus
3016 3266 3282 3336 dogmatis
3312 3279 3434 3324 sunt
3461 3283 3578 3329 mas

1992 3369 2166 3440 gistri,
2208 3366 2336 3435 qui,
2393 3371 2449 3417 ut
2488 3360 2873 3415 catholicarum
2928 3361 3188 3415 mentium
3237 3364 3573 3433 castitatem,

1995 3470 2020 3499 ο
2044 3462 2225 3530 gratim
2248 3454 2625 3513 defensoribus
2651 3452 3028 3507 calumniando
3049 3465 3415 3525 corrumpant,
3442 3471 3579 3527 praes

1992 3554 2206 3621 cipnum
2239 3557 2420 3603 nostro
2452 3556 2695 3610 tempore
2734 3544 2788 3598 in
2816 3544 3059 3598 doctrina
3096 3546 3468 3602 ecclesiastica
3500 3550 3580 3605 viv.

1996 3658 2111 3697 rum
2158 3640 2347 3694 rabido
2390 3652 2485 3692 ore
2514 3647 2541 3687 P
2568 3635 2899 3703 discerpunt,
2929 3635 3260 3703 creduntque
3298 3652 3357 3692 se
3399 3640 3581 3696 omnia

1994 3733 2373 3788 auctoritatum
2420 3728 2714 3782 munimina
2764 3741 2927 3796 posse
2973 3730 3301 3795 convellere,
3351 3730 3396 3784 si
3441 3730 3581 3786 hanc

1996 3822 2277 3892 pastoralis
2307 3820 2539 3887 speculae
2563 3817 2947 3871 validissimam
2983 3819 3170 3871 turrim
3205 3819 3395 3873 crebra
3423 3819 3580 3876 Pela-p

1994 3914 2135 3984 giani
2179 3911 2366 3966 arietis
2406 3909 2637 3964 illisione
2676 3908 3026 3975 pulsaverint.
3076 3907 3319 3961 Firmum
3357 3911 3577 3979 quidem

1998 4007 2389 4077 fundamentum
2414 4001 2506 4054 Dei
2531 4010 2632 4054 stat
2663 4000 2727 4070 (ΙΙ
2760 3998 2873 4052 Tim
2903 4014 2961 4063 ιι,
2996 3995 3121 4067 19);
3154 3999 3251 4054 sed
3280 4014 3582 4072 congruen.

1999 4107 2081 4152 ter
2108 4096 2197 4150 i5ti
2224 4110 2329 4149 non
2347 4094 2541 4148 desunt
2572 4090 2813 4160 partibus
2839 4090 2972 4145 suis.
2995 4085 3225 4161 Dignum
3253 4093 3452 4163 quippe
3472 4103 3578 4163 est,

2000 4197 2057 4242 ut
2097 4201 2322 4257 quorum
2368 4192 2665 4250 sequuntur
2712 4182 3070 4245 sententiam,
3114 4182 3392 4237 imitentur
3439 4185 3584 4240 insa-

1999 4280 2164 4333 niam.
2198 4278 2306 4331 Nec
2336 4277 2480 4330 enim
2511 4281 2732 4341 possunt
2758 4273 2861 4327 alia
2889 4272 3071 4327 dicere
3095 4288 3254 4341 quam
3285 4290 3404 4343 qua:
3433 4274 3585 4329 dam-

2000 4379 2245 4423 natorum
2272 4365 2533 4432 querelis,
2560 4375 2614 4417 et
2640 4374 2667 4413 (ι
2696 4364 3060 4431 procacissimi
3088 4362 3282 4417 Julian?
3315 4374 3439 4418 sunt
3465 4367 3584 4420 vul-

313 4473 502 4526 raliter
528 4472 785 4523 virtutum
830 4468 1037 4523 semina
1080 4468 1345 4521 beneﬁcio
1374 4467 1645 4521 Creatoris
1675 4467 1895 4533 inserta,
1932 4465 1975 4523 D
2004 4469 2122 4529 gata
2152 4458 2428 4512 conViCiis-
2464 4456 2616 4510 Paria
2649 4464 2775 4509 sunt
2802 4456 2957 4507 mlius
2986 4455 3207 4508 seminis
3236 4458 3499 4524 germina,
3532 4470 3588 4514 et

313 4571 377 4616 ut
416 4562 585 4631 possit
622 4562 711 4630 qui
752 4561 1005 4625 voluerit,
1030 4559 1231 4626 judicio
1270 4557 1502 4611 naturali
1548 4557 1635 4609 Dei
1673 4556 1897 4625 gratiam

315 4654 638 4724 prmvenire,
670 4661 727 4705 et
755 4652 1079 4719 adjutorium
1111 4650 1250 4717 ejus,
1284 4662 1391 4718 quo
1422 4649 1629 4703 facilius
1663 4648 1728 4701 ad
1770 4663 1895 4715 per-

391 4807 417 4834 ι
449 4795 624 4847 Editio
654 4794 821 4857 Lugd.
853 4810 972 4845 cuin
997 4792 1412 4853 recentioribus,
1441 4790 1570 4843 colet
1611 4790 1791 4841 Deum.

390 4867 420 4905 δ
450 4868 571 4919 llaec
595 4868 756 4918 verba
802 4881 861 4917 ac
906 4865 1115 4916 domum
1162 4864 1292 4928 ejus,
1343 4876 1463 4927 qua:
1518 4863 1601 4913 hic
1649 4862 1935 4927 leguntur.

316 4938 371 4993 in
406 4936 540 4990 edit.
567 4934 755 4989 Colon.
788 4943 843 4988 et
884 4948 1045 5000 supra
1094 4934 1267 4997 capite
1310 4931 1376 4985 14
1398 4972 1412 4993 ,
1441 4931 1787 5000 omittuntur“
1809 4930 1899 4981 hic

318 5008 425 5062 loci
456 5008 505 5059 in
531 5021 662 5060 mss.
696 5005 858 5059 Corb.
891 4998 1102 5072 Remig.
1149 5012 1203 5056 et
1246 5001 1350 5056 Jol.
1396 5009 1450 5055 et
1470 5001 1683 5054 caeteris
1708 4998 1900 5054 editio-

317 5079 505 5134 nibus.

396 5159 421 5186 ο
454 5147 550 5199 Ms.
582 5144 855 5209 Joliensis,
888 5146 1037 5210 aufer
1065 5142 1127 5194 ab
1158 5157 1219 5194 eo
1246 5156 1454 5194 manum
1484 5148 1646 5192 tuam.

394 5214 423 5255 δ
450 5218 549 5271 Ms.
578 5215 867 5279 Joliensis,
923 5208 977 5267 in
1034 5212 1237 5281 faciem,
1284 5211 1489 5279 absque
1521 5226 1616 5277 pro
1657 5208 1894 5275 nomine,

318 5298 494 5344 tuam.

398 5367 425 5394 ⁸
455 5354 623 5421 Lugd.
651 5363 704 5409 et
736 5353 1081 5423 posteriores,
1113 5351 1247 5405 ausit
1276 5351 1482 5423 iterare.

400 5424 422 5464 ί
456 5417 655 5480 Vocem
688 5417 825 5478 hanc
878 5423 1127 5487 tentandi,
1172 5438 1278 5476 non
1328 5420 1530 5475 habent
1572 5417 1817 5487 Lugdun.
1858 5427 1912 5472 et

323 5496 682 5569 posteriores.

402 5575 430 5612 κ
454 5566 594 5619 Editi
636 5564 989 5623 recentiores,
1020 5562 1064 5615 si
1088 5564 1196 5630 ipse
1223 5561 1356 5614 Deus
1385 5560 1526 5614 scivit
1559 5558 1910 5612 tantummodo

330 5637 469 5703 quod
486 5633 584 5689 Job
608 5646 864 5702 posset...
893 5636 936 5686 si
967 5629 1201 5703 Immanis
1231 5633 1396 5684 solum
1417 5629 1641 5703 visibus.
1682 5630 1780 5703 Ms.
1816 5630 1913 5703 _.lo-

338 5699 551 5767 iiensis,
583 5699 726 5760 sciiit
752 5715 966 5758 tantum.
999 5702 1206 5759 Canem
1236 5717 1357 5757 cum
1396 5715 1524 5755 mss.
1559 5700 1675 5754 aliis
1706 5699 1912 5754 duobus

2006 4551 2145 4620 quod
2180 4549 2380 4602 latebat
2405 4549 2456 4601 in
2489 4545 2779 4609 radicibus,
2814 4544 3187 4598 manifestatur
3216 4546 3267 4599 in
3301 4546 3581 4605 fructibus.

2005 4645 2120 4697 Non
2162 4655 2291 4710 ergo
2318 4654 2437 4693 cum
2464 4638 2582 4691 istis
2610 4650 2745 4689 nova
2776 4634 2893 4688 acie
2934 4634 3299 4689 dimicandum
3339 4646 3420 4691 est
3441 4678 3457 4704 ,
3489 4653 3589 4692 nee

2002 4796 2055 4840 et
2081 4787 2318 4853 Mogunt.
2344 4793 2399 4838 et
2446 4782 2579 4836 Ven.
2624 4780 2791 4835 editio
2840 4778 3033 4835 Colon.
3085 4781 3318 4852 legerat,
3378 4797 3479 4835 non
3533 4792 3590 4835 ut

2002 4852 2301 4910 auxiliator.
2648 4852 2649 4859 “

2076 4925 2100 4962 ¹³
2135 4927 2314 4979 Editio
2335 4922 2545 4984 Colom,
2573 4920 2794 4974 Miratur
2819 4922 2973 4974 enim.

2084 4994 2099 5033 ί
2136 4996 2311 5061 Aliqui
2336 4993 2571 5053 codices,
2602 5008 2665 5045 ne
2694 5002 2985 5061 potterunt.

2080 5064 2094 5115 i
2138 5066 2230 5117 Ms.
2262 5064 2532 5126 Joliensis,
2562 5063 2791 5115 omnibus
2820 5064 2982 5115 inesse
3007 5061 3314 5114 hominibus.

2081 5135 2106 5171 ιι
2141 5136 2265 5188 Mss.
2302 5134 2506 5200 Remig.
2542 5141 2597 5186 et
2623 5134 2893 5191 Jolicnsis.
2919 5133 3159 5202 ingenitis
3185 5133 3305 5185 sibi.

2092 5203 2110 5242 1
2148 5206 2242 5256 Ms.
2274 5204 2506 5267 Καπύῃ,
2535 5204 2656 5270 quia
2685 5205 2943 5255 resistunt.

2086 5286 2126 5312 ιη
2158 5274 2253 5328 Ms.
2298 5273 2530 5337 Remig.,
2561 5283 2712 5339 atque
2748 5272 2900 5337 adeo,
2928 5280 3032 5325 etc.
3067 5271 3210 5325 Idem
3238 5278 3361 5339 post
3397 5284 3586 5340 pauca,

2021 5345 2087 5401 Ut
2117 5361 2236 5399 cum
2265 5360 2383 5409 pars
2412 5342 2677 5396 Ecclesiw.

2090 5423 2117 5451 υ
2150 5416 2391 5484 Lugdun.
2423 5423 2478 5468 et
2508 5412 2854 5484 posteriores,
2885 5428 3039 5479 quam
3069 5412 3119 5462 in
3147 5409 3316 5484 Adam
3344 5411 3464 5478 fuit.

2092 5495 2115 5519 υ
2149 5481 2381 5555 Mogunt.
2410 5492 2466 5537 et
2487 5483 2644 5555 Ven._,
2674 5483 2854 5555 gratia:
2885 5484 3173 5555 defert-mres
3200 5481 3599 5555 calumniando.

2090 5565 2117 5602 Ρ
2148 5552 2275 5609 Mss.
2331 5553 2667 5607 Corbeierhis
2707 5562 2760 5605 et
2812 5552 3044 5620 iteiiiig.,
3092 5552 3328 5620 Magum.
3375 5562 3428 5607 et
3460 5554 3591 5607 Ven.

2018 5626 2145 5682 edit.
2161 5669 2172 5687 ,
2204 5633 2529 5690 concerpunt.

2093 5708 2117 5745 ιι
2152 5698 2294 5750 ΕιῙιι.
2328 5694 2491 5758 Lugd.
2528 5704 2581 5748 et
2603 5692 2954 5759 pomeaiores,
2986 5694 3383 5755 procacissimis.
