4026 6176
412 291 513 346 271

1655 286 1711 342 S.
1754 280 2088 339 PBOSPERI
2129 281 2451 349 AQL‘ITANI

3578 287 3686 343 272

413 395 568 467 quasi
604 402 793 449 contra
834 394 1047 465 ignotos
1087 392 1269 445 hostes
1310 389 1560 460 specialia
1602 399 1727 445 sunt
1765 388 1996 443 ineunda
2029 392 2073 447 Α
2104 404 2290 441 eorum
2334 388 2652 443 auctoritate
2699 389 2908 454 sentiri,
2942 400 3127 446 sancto
3174 392 3537 449 manifestavit
3575 398 3686 451 eio«

412 486 731 543 certamina.
760 485 912 540 ‘l‘une
941 486 1167 538 istorum
1197 484 1459 537 machina:
1490 480 1671 536 fractae
1697 490 1844 546 sunt,
1873 489 2001 536 tunc

411 578 465 635 in
493 577 764 647 superbiae
794 584 821 613 ι
855 589 967 629 sua:
1006 574 1174 629 sociis
1200 587 1263 627 ac
1289 571 1620 641 principibus
1654 579 1996 633 corruerunt,

409 669 624 740 quando
659 668 831 723 beatae
871 668 1147 722 memoriae
1176 663 1521 720 Innocentius
1549 662 1765 717 nefandi
1792 662 1998 717 erroris

409 762 585 829 capita
617 757 921 827 apostolico
950 768 1206 810 mucrone
1237 754 1505 822 percussit
1542 769 1556 804 :
1594 751 1810 821 quando
1847 750 1999 805 Pela-

406 852 549 921 gium
571 848 636 904 ad
668 847 1043 919 proferendam
1078 845 1135 899 in
1166 859 1225 900 se
1253 859 1491 910 suosque
1520 842 1867 907 sententiam,
1898 839 1997 894 Pa-

407 940 740 995 lmstinorutn
806 939 1184 1006 episcoporum
1242 934 1482 1005 synodus
1535 932 1563 972 ιι
1621 933 1919 987 coarctavit
1979 949 1992 984 :

403 1030 622 1100 quando
650 1029 1028 1085 Africanorum
1058 1026 1412 1082 conciliorum
1440 1025 1680 1080 decretis
1709 1025 1881 1079 beatae
1912 1037 1995 1076 re-

404 1124 736 1180 cordationis
771 1136 912 1192 papa
946 1119 1197 1174 Zosimus
1224 1118 1508 1173 sententiae
1545 1133 1657 1172 sua:
1688 1118 1855 1171 robur
1896 1132 1991 1170 an-

404 1217 613 1280 nexuit,
641 1225 697 1272 et
726 1215 792 1269 ad
818 1214 1111 1282 impiorum
1144 1210 1612 1267 detruncationem
1640 1209 1819 1278 gladio
1848 1207 1992 1263 Petri

402 1308 655 1362 dexteras
692 1306 935 1360 omnium
978 1302 1209 1357 armavit
1244 1302 1541 1355 antistitum
1579 1290 1839 1369 :l'quando
1870 1313 1992 1352 san-

404 1406 507 1453 cta
547 1396 823 1452 memoria:
865 1408 1000 1464 papa
1033 1391 1341 1447 Bonifacius
1368 1392 1731 1461 piissimorum
1763 1391 1992 1458 impera-

404 1486 580 1542 tor'um
616 1484 880 1539 catholica
920 1482 1209 1537 devotione
1247 1480 1532 1550 gaudebat,
1564 1490 1620 1534 et
1658 1487 1845 1533 contra
1890 1478 1991 1531 ini-

402 1579 572 1634 micos
608 1575 794 1644 gratia:
828 1573 923 1627 Dei
959 1586 1064 1626 non
1107 1572 1279 1626 solum
1315 1570 1656 1639 aposwlicis,
1695 1567 1788 1621 sed
1828 1568 1988 1622 etiam

402 1668 565 1739 regiis
594 1666 841 1721 utebatur
874 1663 1065 1717 edictis
1056 1673 1188 1731 get
1241 1660 1454 1731 quando
1483 1660 1655 1725 idem,
1690 1673 1811 1712 cum
1846 1668 1990 1712 esset

2104 478 2256 546 quin,
2284 478 2563 532 evidenter
2594 481 2965 548 pronuntians,
2994 493 3249 550 quantum
3290 484 3392 538 sibi
3431 500 3688 552 praesum-

2102 568 2307 635 ptionis
2346 568 2500 626 istius
2540 571 2749 623 novitas
2790 571 3122 639 displiceret,
3152 588 3251 641 qua
3281 573 3542 629 auderent
3572 578 3687 646 qui-

2101 659 2225 713 dam
2260 661 2551 715 adversum
2584 662 2835 732 antiquos
2871 664 3153 731 magistros
3190 665 3485 719 insolenter
3513 668 3688 719 insur-

2098 763 2248 817 gere,
2280 758 2335 803 et
2362 750 2761 819 iudisciplinata
2792 753 3059 807 calumnia
3093 754 3457 821 praedicationi
3488 769 3692 813 verta-

2100 841 2170 895 tis
2216 841 2531 910 obstrepere
2574 858 2590 896 :
2643 861 2662 895 t
2708 840 2737 880 ιι
2776 844 3151 907 Ausus-navit,
3201 846 3447 914 inquiens
3488 847 3683 915 (Ερίςσ.

2098 931 2357 987 Calestini
2388 935 2457 987 ad
2489 935 2605 989 Gal.
2639 934 2780 1005 ep.),
2814 946 3017 990 sauctze
3059 936 3457 991 recordationis
3486 936 3683 995 virum.

2098 1042 2195 1094 pro
2232 1028 2337 1081 vita
2370 1043 2462 1081 sua
2502 1037 2662 1097 atque
2699 1043 2794 1096 pro
2823 1029 3052 1093 meritis,
3093 1030 3145 1082 in
3185 1038 3369 1082 nostra
3410 1044 3623 1095 semper
3659 1033 3677 1072 ί

2094 1119 2473 1173 communione
2515 1119 2833 1183 habuimus;
2869 1134 2969 1173 nec
2996 1135 3246 1187 umquam
3280 1120 3423 1173 hunc
3450 1121 3685 1175 s'nistrze

2093 1208 2417 1276 suspicionis
2482 1209 2672 1262 saltem
2730 1225 2916 1263 rttmor
2970 1210 3234 1277 aspersit,
3292 1225 3453 1279 quem
3518 1217 3682 1265 tantae

2094 1296 2334 1352 scienti:e
2376 1298 2501 1352 olim
2547 1298 2712 1353 fuisse
2744 1298 3108 1363 meminimus,
3141 1311 3199 1353 ut
3229 1302 3369 1353 inter
3398 1300 3683 1369 magistros

2092 1388 2327 1457 optimos
2350 1388 2512 1442 etiam
2540 1404 2569 1441 a
2599 1389 2732 1442 meis
2757 1403 2974 1457 semper
3004 1390 3019 1439 l
3055 1389 3432 1444 dccessoribus
3458 1392 3684 1445 habere-

2094 1488 2201 1531 tur.
2238 1477 2381 1532 Bene
2408 1494 2539 1547 ergo
2568 1479 2635 1533 de
2658 1494 2722 1533 eo
2750 1494 2938 1533 omnes
2967 1479 3018 1533 in
3048 1494 3337 1534 commune
3364 1492 3680 1544 senserunt;

2092 1576 2152 1620 ut
2194 1578 2318 1636 pote
2360 1569 2449 1638 qui
2505 1570 2702 1623 ubiuuc
2739 1570 2946 1623 cunctis
2987 1578 3041 1623 et
3089 1570 3261 1623 amori
3300 1570 3460 1624 fuerit
3490 1579 3546 1625 et
3581 1569 3683 1623 ho-

2054 1690 2057 1691 ν
2095 1660 2235 1713 nori.
2272 1678 2290 1710 ι

400 1758 762 1823 doctissimus,
804 1754 1065 1809 adversus
1112 1753 1277 1806 libros
1321 1761 1501 1806 tamen
1548 1751 1707 1821 363
1755 1750 1990 1819 Pelagia-
2021 1748 2065 1806 B
2163 1750 2324 1821 365.
2353 1750 2517 1821 [Alias
2545 1752 2673 1806 Csp.
2708 1750 2913 1823 X‘Llll.]
2943 1754 2994 1808 ὅ.
3028 1752 3225 1807 Contra
3261 1754 3412 1806 istam
3442 1754 3683 1807 clarissi-

402 1864 591 1905 ttorutn
625 1847 767 1901 beati
799 1844 1077 1914 Augustini
1112 1843 1354 1911 episcopi
1386 1856 1645 1910 respousa
1675 1840 1949 1909 poscebat.

468 1939 523 1993 2.
558 1936 709 1992 Unde
737 1943 790 1989 et
819 1932 1139 1989 venerabilis
1165 1932 1439 1987 memoria:
1467 1931 1704 2001 pontifex
1734 1930 1989 1985 Caelesti-

399 2044 522 2092 nus.
546 2028 632 2084 cui
664 2027 728 2081 ad
756 2026 1039 2081 catholica:
1070 2023 1323 2079 Ecclesia:
1349 2023 1656 2093 prmsidium
1686 2022 1853 2076 multa
1881 2020 1988 2073 Do-

400 2121 576 2175 minus
601 2119 790 2188 gratite
818 2131 930 2170 suae
956 2115 1097 2169 dona
1128 2114 1353 2183 largitus
1378 2122 1482 2179 est,
1512 2113 1692 2167 sciens
1719 2111 1987 2166 damnatis

399 2226 505 2265 non
545 2223 769 2264 examen
811 2205 1021 2275 judicii,
1055 2204 1147 2259 sed
1186 2204 1361 2257 solum
1394 2212 1416 2240 α
1452 2202 1781 2270 pmnitentiae
1812 2216 1988 2255 reme-

396 2300 542 2354 dium
583 2312 705 2354 esse
743 2294 1106 2366 praestandum
1144 2308 1161 2347 :
1202 2291 1540 2360 Coelestium,
1573 2291 1726 2361 quasi
1770 2306 1874 2343 non
1905 2290 1987 2343 di-

397 2405 590 2449 scusso
617 2388 833 2458 negotio
860 2385 1187 2439 audientiam
1220 2382 1603 2451 postulantem,
1630 2382 1793 2434 totius
1820 2379 1985 2434 Italiae

397 2482 594 2541 ﬁnibus
625 2481 785 2550 jussit
821 2476 1036 2534 extrudi
1081 2493 1094 2527 ε
1126 2472 1153 2512 ά
1188 2475 1327 2528 adeo
1355 2482 1410 2529 et
1440 2487 1833 2543 prmcessorum
1862 2486 1986 2525 suoc

397 2590 518 2630 rum
554 2580 748 2626 statuta
787 2578 843 2625 et
884 2569 1100 2623 decreta
1132 2565 1416 2637 synodalia
1454 2564 1836 2619 inviolabiliter
1869 2577 1984 2618 ser-

397 2664 573 2720 vanda
613 2661 896 2725 censebat,
932 2666 991 2712 ut
1023 2656 1165 2724 quod
1205 2655 1373 2710 semel
1411 2662 1685 2709 meruerat
1719 2652 1983 2721 abscindi,

395 2767 733 2824 nequaquam
761 2748 1070 2805 admitteret
1102 2747 1407 2802 retractari.
1442 2745 1552 2801 Nec
1581 2760 1709 2801 vero
1736 2746 1985 2814 segniore

394 2859 524 2899 cura
576 2842 645 2897 ab
698 2841 801 2895 hoc
851 2840 1043 2895 eodem
1097 2838 1286 2893 morbo
1338 2837 1642 2891 Britannias
1694 2837 1983 2902 liberavit,

395 2936 613 3009 quando
644 2934 905 3004 quosdam
936 2930 1184 2985 inimicos
1204 2930 1392 2999 gratia:
1417 2930 1589 2983 solum
1621 2942 1735 2983 sua:
1761 2927 1987 2996 originis

395 3035 748 3097 occupantes,
777 3022 938 3077 etiam
964 3021 1032 3075 ab
1059 3019 1154 3074 illo
1183 3027 1395 3075 secreto
1423 3019 1652 3073 exclusit
1678 3018 1897 3084 Oceani,
1930 3026 1987 3073 et

393 3119 641 3174 ordinato
665 3115 844 3171 Scotis
871 3112 1131 3182 episcopo
1162 3110 1377 3182 [scilicet
1409 3106 1694 3179 Palladio],
1722 3108 1849 3164 dum
1876 3108 1982 3164 Ro.
2010 3097 2060 3163 C

396 3223 607 3264 manant
663 3206 895 3262 insulam
949 3203 1133 3258 studet
1180 3217 1401 3258 servare
1456 3202 1810 3269 catholicam,
1860 3202 1988 3259 fecit

392 3298 558 3355 etiam
585 3297 868 3353 barbaram
898 3292 1282 3349 Christianam.
1310 3292 1413 3348 Per
1443 3291 1588 3348 hunc
1614 3292 1789 3347 virum
1823 3293 1984 3349 etiam

390 3387 698 3445 Orientales
750 3384 1009 3440 Ecclesiae
1058 3382 1269 3453 gemina
1329 3392 1480 3452 peste
1532 3393 1773 3453 purgatae
1826 3392 1983 3451 sunt,

393 3478 610 3549 quando
630 3475 834 3546 Cyrillo
860 3471 1239 3528 Alexandrinae
1268 3471 1416 3527 urbis
1442 3471 1692 3537 antistiti,
1714 3473 1989 3542 gloriosis-

391 3570 531 3626 simo
562 3567 685 3623 lldei
711 3565 993 3621 catholicae
1014 3564 1284 3619 defensori
1323 3573 1347 3600 ο
1379 3563 1446 3618 ad
1484 3565 1841 3619 exsecandam
1874 3566 1977 3621 Ne-

393 3662 690 3716 storianam
728 3657 1082 3726 impietatem,
1113 3654 1412 3724 apostolico
1442 3656 1733 3710 auxiliatus
1758 3666 1843 3711 est
1870 3658 1985 3728 gla-

392 3750 509 3817 dio;
535 3763 643 3819 quo
668 3748 832 3804 etiam
860 3744 1153 3816 Pelagiani,
1185 3746 1311 3807 dum
1336 3746 1583 3817 cognatis
1608 3747 1986 3804 confoederan-

391 3852 481 3897 tur
516 3840 815 3905 erroribus,
843 3839 1036 3894 iterum
1082 3848 1585 3917 prosternereutur.
1634 3839 1804 3912 [Alias
1846 3839 1979 3897 Csr.

392 3933 577 4005 XLII.)
609 3933 714 3989 Per
754 3934 898 3987 hunc
946 3930 1118 3986 virum
1160 3931 1300 3986 intra
1339 3930 1541 3987 Gallias
1570 3932 1687 3988 istis
1729 3933 1860 4003 ipsis
1890 3938 1981 4006 qui

390 4034 594 4078 sanctze
631 4021 906 4076 memorize
962 4021 1246 4089 Augustini
1301 4021 1501 4090 scripta
1554 4024 1981 4091 reprehendunt,

397 4112 418 4149 τ
446 4111 876 4179 maleloquentia:
902 4119 987 4163 est
1013 4108 1259 4177 adempta
1286 4108 1536 4174 libertas;
1560 4111 1774 4179 quando
1798 4122 1823 4159 tt
1846 4128 1982 4167 con-

393 4204 685 4258 sulentium
720 4204 932 4256 actione
962 4212 1242 4271 suscepta,
1270 4210 1327 4255 et
1352 4201 1613 4256 librorum
1638 4204 1729 4273 qui
1753 4207 1983 4260 erranti-

390 4293 490 4348 bus
520 4293 874 4363 displicebant
905 4292 1105 4360 pietate
1152 4290 1387 4358 Iaudata,
1423 4292 1551 4361 quid
1592 4301 1871 4363 oporteret
1910 4297 1978 4351 de

460 4517 486 4545 ι
517 4507 858 4576 Participium
904 4506 1006 4560 hoc
1040 4521 1150 4561 sua:
1187 4520 1255 4577 ex
1297 4520 1426 4560 mss.
1458 4506 1645 4572 Corb.,
1679 4507 1887 4577 Remig.
1920 4517 1974 4564 et
2004 4513 2052 4572 Ι)

384 4578 516 4653 Joh,
542 4575 767 4632 necnon
792 4592 857 4633 ex
885 4577 1121 4647 Mogunt.
1146 4575 1493 4632 etVen.edit.
1520 4579 1645 4632 huic
1666 4579 1788 4634 loco
1811 4575 1969 4653 resti-

391 4649 609 4702 luimus.

456 4717 483 4756 δ
516 4718 750 4787 Mogunt.
779 4722 836 4769 et
860 4715 993 4787 Ven.
1024 4714 1307 4787 editiones,
1331 4716 1624 4771 cohortatus
1652 4729 1749 4772 est.

458 4799 481 4829 ο
516 4787 643 4842 Mss.
688 4786 849 4857 Corb.
880 4798 932 4840 et
964 4786 1094 4857 10L,
1136 4787 1401 4841 editiones
1445 4787 1683 4857 Mogunt.
1716 4798 1772 4843 et
1802 4789 1963 4852 Ven..

382 4860 639 4915 sententiis
656 4854 969 4921 remedium;
993 4856 1122 4910 etin
1145 4868 1402 4924 sequente
1424 4854 1601 4921 versu,
1626 4875 1727 4912 non
1750 4860 1969 4914 discussi

383 4929 594 5001 negotii.
630 4926 726 4981 Ms.
756 4927 1122 5001 Beutiguunon
1150 4926 1366 5001 discussi
1394 4928 1604 5001 ingenii.
1646 4929 1815 4997 Lugd.
1847 4932 1965 4983 edi-

383 4996 477 5064 tiu',
510 5014 611 5052 non
648 5012 856 5050 examen
889 4996 1078 5067 judicii
1111 4996 1300 5061 solum,
1330 4998 1420 5051 sed
1454 4996 1761 5068 paenitentia:
1798 5016 1963 5056 remeo

381 5069 527 5123 dium
556 5084 665 5121 esse
691 5068 1054 5134 prtutandunt.

448 5136 479 5177 δ
513 5136 679 5207 Lugd.
715 5137 903 5202 editio,
935 5135 999 5187 ab
1026 5150 1083 5207 eo
1112 5143 1157 5188 et
1186 5149 1553 5207 praecessorum
1585 5156 1821 5202 suorum,
1850 5148 1960 5196 etc.

455 5220 479 5247 ο
508 5205 615 5264 Ms.—
653 5206 861 5275 Remig.
905 5214 961 5260 et
998 5206 1229 5271 Mogttut.
1274 5205 1430 5268 edit.,
1475 5208 1542 5260 ad
1585 5210 1955 5263 excusandum.

380 5280 521 5337 Male
559 5278 798 5333 omnino.
842 5275 1029 5332 Melius
1064 5290 1189 5330 vero
1232 5289 1360 5327 mss.
1385 5276 1547 5329 Corb.
1577 5286 1633 5331 et
1662 5278 1795 5343 .lol.,
1837 5294 1959 5334 cum

380 5351 549 5419 Lugd.
575 5361 628 5403 et
651 5349 878 5412 Lovau.,
901 5348 968 5400 ad
994 5346 1461 5419 excidendam,_aut
1485 5346 1649 5419 Quae.
1667 5356 1722 5401 et
1741 5348 1959 5414 Culon.,

379 5415 870 5485 ad'exsecrandam,
910 5431 1000 5473 aut
1036 5418 1269 5485 denique
1307 5415 1473 5470 editio
1506 5416 1727 5487 Veneta,
1760 5420 1828 5472 ad
1864 5435 1959 5478 ea;-

381 5490 723 5560 stirpandant.

456 5556 487 5598 τ’
508 5560 605 5614 Ms.
639 5560 1001 5626 Bemigianus,
1024 5558 1177 5613 malae
1195 5556 1517 5627 eloquentius.

450 5640 479 5677 s
509 5628 678 5697 Lugd.
704 5638 757 5681 et
786 5629 874 5697 illo
901 5631 1243 5696 posteriores,
1274 5628 1697 5683 consultantium.

448 5699 478 5738 δ
509 5696 609 5754 Ms.
637 5696 917 5759 Joliensis,
948 5699 1029 5750 Ait
1061 5700 1215 5765 enim,
1249 5702 1613 5767 Augustinum.

2091 1855 2193 1895 mae
2224 1842 2544 1897 laudationis
2572 1843 2778 1906 tubam,
2801 1854 2989 1897 contra
3013 1844 3164 1896 istam
3191 1842 3544 1897 sacratissimi
3570 1853 3684 1899 tes-

2090 1932 2295 1986 timnnii
2328 1932 2665 2000 dignitatem,
2706 1932 2867 1987 audet
2898 1935 3179 2003 quisquam
3220 1934 3465 2002 malignae
3507 1933 3681 1987 intrr-

2089 2024 2407 2093 pretatiouis
2435 2040 2682 2079 murmur
2709 2025 2980 2090 emittere,
3008 2034 3060 2078 et
3095 2025 3390 2093 perspicua:
3422 2025 3685 2079 sinceris-

2087 2118 2345 2186 simzeque
2374 2120 2662 2172 sententia:
2692 2118 2888 2172 nubem
2920 2118 3155 2187 obliqua:
3188 2118 3554 2188 ambiguitatis
3583 2120 3684 2173 ob-

2089 2208 2347 2261 tendere?
2379 2216 2435 2260 ut
2467 2208 2675 2262 scilicet
2704 2209 2825 2277 quia
2858 2209 2910 2261 in
2947 2208 3172 2277 cpiStola
3206 2224 3381 2279 papzc,
3417 2210 3680 2264 librorum

2086 2311 2185 2366 pro
2228 2298 2420 2365 quibus
2469 2308 2647 2350 actum
2697 2306 2801 2364 est,
2854 2312 2957 2351 non
3003 2312 3294 2367 expressus
3341 2308 3425 2352 est
3471 2300 3677 2363 titulus,

2090 2387 2213 2442 hinc
2237 2402 2302 2440 eo
2323 2396 2579 2455 appareat
2604 2402 2709 2441 non
2736 2387 3010 2456 probatos,
3041 2399 3093 2441 ct
3123 2388 3275 2440 istam
3299 2385 3322 2423 ιι
3351 2388 3404 2441 in
3430 2398 3680 2443 sanctum

2090 2481 2443 2548 Augustinum
2485 2478 2853 2533 laudationem
2892 2477 2911 2515 ι
2946 2494 3040 2546 pro
3080 2480 3405 2532 anterioruui
3448 2479 3680 2547 seripto-

2088 2586 2207 2625 rum
2250 2572 2455 2625 meritis
2496 2569 2661 2624 fuisse
2698 2571 2972 2624 c-illatatn.
3003 2570 3214 2625 Maneat
3252 2571 3426 2638 plane,
3462 2583 3682 2625 maneat

2088 2664 2187 2717 ista
2235 2662 2507 2729 conditio,
2554 2674 2608 2714 ut
2664 2661 2855 2715 horum
2909 2661 3166 2716 librorum
3198 2661 3335 2731 (Lib.
3388 2661 3451 2715 de
3498 2660 3679 2719 Prard.

2089 2752 2272 2809 Sanct.
2305 2762 2351 2806 et
2377 2753 2441 2806 de
2462 2752 2612 2806 Dono
2644 2751 2932 2821 Persever.)
2957 2753 3170 2805 novitas
3198 2754 3473 2820 repudiata
3498 2754 3681 2808 videa-

2088 2854 2196 2907 tur,
2228 2843 2274 2897 si
2302 2843 2354 2897 in
2384 2843 2571 2898 eadem
2599 2858 2758 2897 causa
2787 2852 2825 2878 ω
2860 2842 3099 2911 ejusdem
3128 2843 3225 2896 viri
3252 2842 3501 2897 dissentit
3540 2843 3679 2897 anti-

2086 2935 2294 3005 quitas;
2337 2945 2392 2990 et
2430 2942 2460 2971 ιι
2502 2945 2591 2988 aut
2634 2934 2823 2988 inutile
2857 2944 2951 2988 aut
2991 2935 3342 3005 incongruum
3380 2935 3675 3004 iudicetur,

2086 3027 2229 3097 quod
2267 3028 2336 3082 ab
2379 3028 2462 3081 his
2501 3044 2620 3095 quae
2660 3034 2850 3083 contra
2891 3028 3211 3097 Pelagianos
3239 3028 3478 3083 condidit
3502 3028 3681 3084 disso-

2090 3132 2224 3173 nans
2254 3117 2541 3173 invenitur.
2575 3116 2645 3174 Ut
2680 3119 2860 3187 itaque
2889 3119 3201 3172 omittamus
3230 3132 3292 3173 ea
3322 3119 3593 3173 volumina
3624 3121 3681 3177 in

2087 3208 2285 3278 quibus
2310 3208 2379 3262 ab
2400 3208 2624 3264 exordio
2650 3208 2995 3278 episcopatus
3014 3210 3118 3273 sui,
3143 3209 3313 3264 multo
3338 3210 3491 3278 prius
3510 3225 3679 3278 quam

2088 3301 2489 3372 impugnatores
2518 3301 2702 3370 gratia:
2733 3308 3115 3370 exsurgerent,
3150 3314 3247 3368 pro
3284 3300 3454 3369 gratia
3492 3299 3682 3369 dispit-

2090 3394 2221 3447 tavit
2250 3432 2266 3457 ,
2297 3392 2544 3459 legantur
2575 3400 2685 3444 tres
2725 3390 2791 3444 ad
2825 3390 3192 3445 Marcellinum
3228 3390 3395 3459 ipsius
3421 3390 3543 3445 libri
3576 3391 3683 3462 (De

2092 3482 2245 3538 Pecc.
2297 3482 2562 3551 Meritis).
2614 3480 2696 3536 Ad
2760 3490 3004 3536 sanctum
3071 3479 3355 3536 Paulinum
3410 3481 3679 3536 Nolanum

2087 3582 2113 3610 ο
2143 3572 2454 3642 episcopmn
2503 3570 2733 3640 epistola
2772 3570 2967 3642 (Epist.
3015 3570 3142 3639 186)
3173 3579 3513 3627 retractetur.
3536 3580 3565 3620 ν
3586 3571 3680 3627 Ad

2087 3661 2453 3717 beatissimum
2484 3675 2699 3730 quoque
2726 3660 3040 3729 apostolica
3064 3658 3209 3715 sedis
3237 3669 3366 3715 tunc
3396 3660 3682 3731 presbyte-

2088 3770 2206 3809 rum
2249 3753 2498 3824 Xystum,
2530 3766 2672 3806 nunc
2704 3767 2832 3806 vero
2872 3751 3180 3821 pontiﬁcem
3220 3751 3434 3806 emissae
3465 3754 3679 3821 paginas

2090 3844 2287 3916 (Epist.
2336 3843 2461 3913 194)
2502 3852 2869 3898 recurrantur.
2936 3842 3018 3898 Ad
3083 3852 3329 3897 sanctum
3390 3842 3683 3899 Piuianum

2088 3936 2190 4009 (De
2212 3936 2390 3990 Gratia
2412 3934 2601 3990 Christi
2629 3943 2674 3987 et
2697 3934 2760 3987 de
2782 3932 2999 3988 Peccato
3024 3934 3279 4004 Origin.),
3306 3936 3373 3988 ad
3400 3934 3682 3990 Valerium

2087 4028 2343 4082 comitem
2391 4025 2493 4095 (De
2536 4024 2747 4095 Nuptiis
2786 4032 2833 4079 et
2877 4024 3347 4093 Concupiscentia),
3379 4026 3444 4081 ad
3483 4041 3683 4082 servos

2085 4114 2284 4171 Christi
2316 4115 2608 4169 Timasium
2637 4125 2690 4169 et
2718 4115 2979 4169 Jacobum
3010 4116 3112 4185 (De
3134 4115 3342 4170 Natura
3368 4127 3415 4170 et
3443 4116 3679 4184 Gratia),

2084 4207 2383 4262 distinctim
2407 4206 2548 4261 edita
2570 4207 2843 4260 volumina
2866 4207 3233 4262 revolvantur.
3257 4207 3362 4263 Sex
3392 4207 3511 4262 libri
3535 4209 3683 4276 prio-

2086 4314 2171 4354 res
2210 4308 2400 4353 contra
2437 4297 2747 4365 lulianum,
2791 4313 2928 4353 unus
2977 4297 3043 4351 ad
3084 4307 3331 4353 sanctum
3389 4298 3677 4354 Aurelium

2156 4509 2173 4546 ί
2210 4510 2333 4566 Sola
2363 4510 2527 4565 editio
2556 4510 2780 4573 Veneta,
2812 4510 3274 4563 commendatione.

2150 4579 2166 4630 i
2206 4581 2377 4648 Lugd.
2404 4589 2550 4635 eteo
2583 4582 2933 4650 posteriores,
2970 4578 3469 4648 pratdecessoribus;
3498 4589 3550 4635 et
3583 4579 3675 4636 ἰῐι-

2072 4648 2174 4713 ira,
2203 4659 2493 4705 senserant.

2086 4766 2089 4769 ,
2144 4720 2171 4757 κ
2205 4722 2301 4774 Ms.
2334 4720 2606 4790 Joliensis,
2642 4728 2820 4790 sancto
2845 4718 3135 4790 Augustino

2147 4789 2163 4827 ι
2197 4790 2322 4861 Sola
2368 4789 2555 4861 Lugd.
2582 4789 2767 4861 editio,
2813 4806 2907 4858 pro
2933 4788 3356 4861 autorantentis;
3397 4790 3491 4846 sed
3533 4792 3674 4861 quid

2071 4859 2186 4913 haec
2212 4860 2316 4913 sibi
2349 4860 2515 4913 velint
2548 4859 2632 4913 hic
2662 4860 2786 4923 loci,
2823 4874 2930 4912 non
2964 4859 3121 4913 facile
3147 4859 3400 4912 dixerim.

2141 4939 2179 4966 ω
2212 4930 2352 5003 Edit.
2388 4930 2609 5003 Mogunt
2660 4940 2709 4982 et
2737 4929 2873 5003 Ven.
2902 4929 3136 5003 obscure
3156 4938 3222 5003 Aet
3245 4928 3488 4996 confuse,
3518 4934 3673 5003 ejus-

2070 5001 2184 5054 dem
2215 4999 2395 5053 uiridis
2424 5001 2597 5063 sentit,
2626 5010 2715 5052 aut
2744 5000 2929 5051 sentiat
2965 5000 3267 5068 antiquitas.

2138 5078 2168 5150 ις
2200 5071 2301 5192 Μξὶ
2329 5070 2585 5124 Joliensis
2624 5084 2744 5123 cum
2782 5068 3025 5139 Lugduu.
3081 5067 3136 5123 et
3171 5067 3581 5138 posterioribus,
3613 5083 3674 5126 et

2150 5153 2277 5191 ιηιιιι
2304 5156 2349 5192 e.

2066 5148 2122 5191 ut
2150 5145 2349 5192 inutile.

2135 5217 2159 5244 ο
2191 5208 2287 5261 Ms.
2318 5208 2573 5262 Joliensis
2600 5223 2707 5260 non
2742 5206 2922 5272 habet,
2958 5207 3277 5277 episcopum.

2135 5288 2164 5327 Ρ
2196 5278 2297 5331 Ms.
2320 5277 2666 5341 Joliens.,Ad
2689 5278 2890 5331 beatum
2910 5294 3114 5347 quoque
3130 5276 3265 5347 setli:
3289 5276 3666 5347 apostolicae...

2064 5350 2291 5404 Sixtun.
2322 5348 2529 5402 Sixtum
2553 5349 2795 5401 scribunt
2821 5346 2950 5405 mss.
2983 5348 3174 5409 Corb.,
3209 5346 3420 5414 Remig.
3447 5357 3502 5402 et
3521 5348 3667 5413 10L,

2062 5419 2113 5473 Χ
2119 5424 2270 5471 istum
2290 5431 2420 5472 vero
2442 5417 2573 5472 editi
2599 5433 2807 5472 omnes.
2840 5419 2928 5473 Sic
2954 5418 3117 5471 scribi
3144 5417 3313 5485 magis
3340 5418 3517 5485 placet
3544 5422 3667 5474 viro

2063 5489 2377 5543 doctissimo
2408 5505 2420 5539 :
2457 5496 2570 5541 tum
2600 5488 2722 5557 quia
2760 5490 2839 5541 sic
2876 5487 3042 5541 scribi
3083 5490 3253 5557 soleat
3290 5501 3322 5539 a
3353 5486 3664 5557 veteribus,

2065 5568 2176 5613 tum
2206 5558 2329 5625 quia
2362 5558 2499 5613 Sixti
2530 5556 2725 5612 nomen
2756 5557 2900 5625 quod
2929 5571 3025 5610 usu
3056 5556 3304 5627 invaluit,
3331 5572 3433 5613 nec
3461 5556 3668 5618 Gram

2064 5643 2166 5685 nec
2195 5627 2385 5685 Latine
2414 5631 2703 5700 quidquam
2735 5627 3021 5697 siguificet.
