4026 6176
322 304 430 360 ἳῖδ

1438 295 1638 351 LIBER
1675 293 1948 349 CONTRA
1988 291 2470 348 COLLATOREM.

3482 294 3590 346 175

320 413 690 484 IUat-thagiuis
715 409 1106 480 episcopumde
1131 409 1292 479 gestis
1308 408 1608 462 Palaestinis
1633 423 1647 460 :
1672 407 1810 461 alius
1831 405 1896 458 ad
1925 413 1972 470 Α
2003 413 2164 458 nante
2211 418 2486 468 sermone,
2537 416 2640 469 quo
2683 402 3103 457 collaborantem
3133 414 3317 457 secum
3350 399 3589 456 hortatus

316 507 543 564 Paulum
575 515 629 559 et
658 503 971 570 Eutropium
1013 500 1344 560 sacerdotes.
1379 507 1562 552 contra
1607 497 1808 566 Pelagii
1848 505 1905 552 et

317 597 556 652 Stnlestii
588 597 915 664 qumstiones
942 593 1044 662 (De
1074 591 1218 660 Per].
1242 589 1488 660 justitia)
1519 605 1533 642 :
1561 597 1617 643 et
1639 589 1702 642 ad
1732 589 1904 642 beam

315 687 598 740 memoriae
648 698 838 752 papam
888 681 1222 736 Bonifaciutn
1275 679 1301 718 ι)
1354 689 1584 748 quatuor
1632 679 1900 732 volumina

318 777 535 847 (Contra
583 778 711 830 duas
743 777 982 844 epistolas
1040 773 1459 844 Pelagianorum)
1492 784 1900 828 recenseantur.

315 879 340 906 ε
369 869 438 921 Et
466 871 507 920 si
536 869 586 920 in
614 868 694 920 his
718 866 970 920 omnibus
997 866 1270 932 Operibus,
1299 865 1586 932 multisque
1613 863 1755 926 aliis,
1784 877 1901 929 qua!

311 973 638 1013 enumerare
674 959 888 1025 longum
931 967 1036 1018 est,
1066 956 1207 1010 idem
1240 956 1500 1010 doctrinae
1531 954 1774 1024 spiritus,
1815 967 1901 1006 ea-

309 1052 436 1104 dem
470 1049 869 1116 praedicationis
907 1048 1079 1101 forma
1121 1049 1428 1117 praecessit;
1468 1053 1764 1116 agnoscant
1807 1059 1900 1098 ca-

312 1138 691 1202 lumniatores,
735 1139 1011 1206 superfluo
1051 1154 1111 1192 se
1151 1138 1409 1206 objiccre,
1443 1137 1584 1206 quod
1631 1137 1714 1190 his
1752 1135 1902 1190 libris

310 1243 419 1282 non
443 1230 697 1296 speciale,
728 1244 903 1296 neque
925 1229 1221 1282 discretum
1241 1229 1607 1282 testiinonium
1633 1229 1699 1280 sit
1727 1226 1903 1294 perhi-

309 1320 501 1385 bitum,
540 1336 763 1388 quorum
793 1321 846 1374 in
873 1321 1083 1374 cunctis
1105 1321 1467 1374 Voluminibus
1496 1336 1682 1374 norma
1716 1321 1900 1372 lauda-

307 1419 416 1466 tur.
445 1411 751 1478 Apostolica
785 1412 925 1464 enim
960 1407 985 1446 ἀ
1018 1411 1170 1464 sedes
1194 1411 1335 1480 quod
1366 1426 1392 1462 a
1423 1411 1761 1478 prtecognitis
1795 1409 1898 1464 sibi

306 1519 415 1556 non
447 1503 736 1569 discrepat,
770 1517 889 1554 cum
926 1502 1264 1571 pra>c0gnitis
1295 1503 1504 1569 probat,
1539 1511 1594 1556 et
1628 1500 1770 1570 quod
1807 1501 1896 1568 ju-

303 1593 452 1648 dicio
474 1595 673 1662 jungit,
700 1593 854 1648 laude
885 1609 988 1646 non
1019 1593 1228 1647 dividit.
1249 1593 1348 1658 Qui
1375 1609 1502 1662 ergo
1526 1593 1620 1646 hos
1654 1593 1898 1661 proxime

305 1692 336 1722 ο
363 1685 540 1739 editos
567 1685 734 1739 libros
762 1687 1015 1748 refutant,
1051 1685 1414 1739 anterioribus
1444 1686 1809 1754 acquiescant,
1843 1693 1899 1739 et

304 1776 373 1830 iis
399 1791 518 1845 quae
547 1791 642 1844 pro
669 1777 838 1845 gratia
869 1775 1179 1831 Christiana
1211 1778 1360 1846 prius
1385 1786 1510 1831 sunt
1539 1777 1736 1846 scripta
1765 1792 1888 1831 con-
1921 1784 1969 1843 Β

301 1867 560 1921 sentiant.
608 1865 714 1922 Sed
749 1866 767 1904 τ
800 1883 905 1921 non
963 1869 1165 1923 faciunt
1209 1886 1221 1921 :
1268 1868 1445 1923 sciunt
1508 1869 1654 1923 enim
1715 1869 1895 1922 omnia

301 1968 331 2005 I
357 1958 655 2028 Pelagianis
695 1973 817 2013 esse
845 1959 1140 2022 contraria,
1170 1968 1224 2013 et
1265 1959 1396 2012 nihil
1420 1958 1523 2016 sibi
1556 1973 1714 2027 posse
1741 1973 1894 2013 com-

302 2062 491 2118 petere
546 2052 704 2122 365
757 2050 824 2104 ad
878 2050 1325 2121 consequentium
1378 2051 1802 2118 resolutionem,
1848 2051 1942 2126 si.

300 2145 658 2197 confiteantur
696 2147 746 2198 in
785 2145 1214 2212 praecedentibus
1250 2144 1549 2199 consistere
1582 2145 1892 2197 veritatem.
1933 2127 1940 2134 ’

373 2233 538 2300 [Alias
561 2233 688 2286 CAP.
723 2233 930 2304 XLIV.]
959 2235 1014 2288 b.
1058 2233 1224 2304 Igitur
1260 2233 1574 2304 hujusmodi
1612 2233 1892 2288 hominum

302 2321 584 2390 pravitati,
617 2338 723 2376 non
760 2331 868 2376 tam
901 2323 1326 2393 disputationum
1375 2322 1553 2377 studio
1590 2337 1752 2392 quam
1792 2338 1892 2376 au-

299 2413 612 2467 ctoritatum
643 2413 927 2482 privilegio
957 2413 1315 2469 resistendum
1355 2423 1439 2468 es‘t
1470 2429 1482 2464 :
1513 2408 1540 2448 ³³
1571 2420 1627 2466 ιιι
1657 2412 1726 2466 de
1765 2425 1890 2479 pro-

297 2504 458 2556 strati
503 2502 706 2557 dudum
753 2503 1020 2573 dogmatis
1070 2517 1300 2573 corpore
1349 2502 1552 2557 nullum
1586 2501 1890 2558 membrum

297 2596 514 2648 sinatur
553 2610 862 2664 assurgere.
891 2596 1027 2663 Quia
1076 2605 1264 2650 notum
1296 2605 1380 2652 est
1428 2595 1500 2649 ita
1531 2594 1780 2649 falsitatis
1820 2595 1892 2650 is-

298 2688 407 2742 tius
446 2685 462 2724 ί
497 2687 682 2743 haberi
711 2689 999 2752 versutias,
1034 2686 1159 2742 utsi
1189 2689 1449 2755 senserit,
1481 2695 1736 2757 praetenta
1769 2701 1890 2742 cor-

297 2782 561 2835 rectionis
620 2781 854 2850 imagine
907 2781 1124 2849 aliquod
1179 2781 1281 2836 sibi
1335 2780 1630 2835 faventium
1692 2779 1892 2835 radicis

297 2884 412 2922 sua:
457 2885 683 2939 germen
711 2871 988 2940 excipere,
1034 2879 1198 2924 totam
1231 2885 1292 2926 se
1331 2870 1464 2924 velit
1510 2885 1575 2931 ex
1605 2869 1688 2924 sui
1738 2879 1891 2938 parte

296 2961 520 3015 minima
554 2975 828 3030 reparare.
863 2961 962 3016 Ubi
987 2963 1132 3015 enim
1162 2977 1268 3015 non
1298 2961 1444 3014 aliud
1487 2961 1648 3015 habet
1674 2975 1887 3015 summa

295 3067 456 3121 quam
512 3051 733 3121 portio,
791 3067 897 3106 non
945 3061 1029 3106 est
1084 3052 1392 3107 devotionis
1444 3051 1664 3107 dedisse
1719 3066 1890 3120 prope

2008 504 2112 560 est,
2145 495 2374 550 dicens:
2414 512 2432 545 ι
2466 501 2494 528 ιι
2532 493 2668 550 Sunt
2713 494 2858 547 enim
2909 492 3123 560 quidam
3168 492 3256 561 qui
3294 490 3594 561 justissima

2006 589 2286 642 damnatas
2317 587 2620 654 impietates
2650 585 2825 638 adhuc
2847 584 3075 638 liberius
3101 582 3469 637 defendendas
3497 599 3594 650 pu-

2005 688 2122 733 tant
2169 699 2181 733 :
2229 691 2279 736 et
2325 689 2450 734 sunt
2497 680 2588 748 qui
2638 678 2900 732 occultius
2942 685 3230 746 penetrant
3277 676 3497 738 domos;
3540 683 3596 729 et

2004 773 2147 842 quod
2193 775 2245 826 in
2294 781 2484 840 aperto
2531 772 2772 825 clamare
2824 771 2933 838 jam
2984 779 3250 832 metuunt,
3282 771 3334 822 in
3382 780 3594 825 secreto

2003 863 2276 916 seminare
2322 877 2428 915 non
2477 862 2782 928 quiescunt.
2830 859 2970 914 Sunt
3009 868 3186 912 autem
3233 859 3325 929 qui
3369 859 3594 913 omnino

2003 953 2308 1015 siluerunt,
2360 967 2554 1019 magno
2611 954 2806 1004 timore
2859 949 3199 1018 compressi.
3254 947 3349 1001 sed
3415 947 3593 1001 adhuc

2003 1043 2168 1098 corde
2219 1045 2516 1098 retinentes
2573 1042 2714 1112 quod
2769 1056 2865 1096 ore
2903 1041 3014 1110 jam
3063 1039 3309 1110 proferre
3355 1055 3463 1094 non
3503 1055 3592 1094 au-

2003 1133 2169 1187 dent:
2203 1134 2290 1202 qui
2340 1143 2517 1188 tamen
2567 1147 2688 1188 esse
2737 1132 2993 1186 fratribus
3025 1140 3250 1198 possunt
3300 1145 3365 1186 ex
3411 1133 3592 1200 priore

2004 1223 2172 1291 ipsius
2198 1224 2465 1292 dogmatis
2497 1232 2522 1259 ο
2553 1222 2871 1277 defensione
2910 1222 3200 1275 notissimi.
3235 1221 3469 1276 Proinde
3497 1221 3590 1283 alii

2001 1315 2249 1368 severius
2293 1325 2320 1363 P
2350 1314 2676 1377 coercendi,
2728 1314 2816 1367 alii
2847 1312 3156 1381 vigilantius
3181 1322 3209 1360 ει
3249 1311 3586 1379 vestigandi;

2000 1406 2086 1458 alii
2119 1404 2380 1458 tractandi
2413 1404 2630 1470 quidem
2683 1403 2878 1466 lenius,
2912 1401 3074 1472 366
3102 1399 3196 1454 sed
3233 1415 3338 1454 non
3370 1400 3590 1468 segnius

2001 1507 2123 1550 sunt
2151 1494 2376 1549 docendi
2415 1512 2425 1546 :
2459 1504 2516 1547 ut
2558 1495 2604 1547 si
2633 1508 2738 1547 non
2768 1493 3045 1555 timentur,
3079 1505 3144 1543 ne
3189 1490 3448 1557 perdant,
3477 1505 3587 1543 non

2003 1595 2179 1640 tamen
2235 1586 2597 1656 negligantur,
2657 1600 2724 1641 ne
2777 1593 3000 1652 pereant
3053 1582 3219 1652 (Aug.
3261 1597 3344 1650 ep.
3405 1582 3472 1638 l9
3519 1580 3587 1634 ad

1999 1675 2202 1749 Χέθη).

2569 1787 2798 1845 CAPUT
2838 1787 2999 1842 XXII.

1999 1902 2274 1957 Conclusio
2319 1902 2506 1971 aperis.
2551 1900 2665 1953 Etsi
2716 1897 2988 1971 Augustini
3032 1895 3420 1971 reprehensores
3457 1895 3580 1948 satis

2067 1973 2168 2026 sint
2209 1966 2463 2034 convicti,
2507 1980 2673 2022 tamen
2706 1966 2960 2020 tolerandi
3003 1975 3142 2029 sunt,
3174 1981 3264 2019 nec
3307 1966 3371 2017 de
3414 1980 3582 2017 corre-

2067 2044 2234 2095 ctione
2260 2057 2435 2094 eorum
2465 2039 2838 2108 desperandum
2868 2048 2958 2108 est.
2995 2037 3205 2088 Interim
3225 2035 3433 2108 amandi
3458 2035 3575 2108 qui-

2071 2113 2184 2164 dem
2211 2126 2436 2177 semper,
2469 2105 2565 2162 sed
2600 2109 2793 2160 vitandi
2822 2123 2841 2160 :
2872 2107 3108 2174 Deusque
3151 2106 3408 2171 orandus,
3441 2113 3495 2158 ut
3525 2105 3578 2156 in

2067 2181 2302 2235 omnibus
2341 2181 2528 2234 nostris
2557 2178 2751 2248 primas
2779 2185 2965 2232 teneat.

2064 2330 2430 2395 Sufﬂcienter,
2482 2339 2541 2385 ut
2583 2329 2853 2392 arbitror,
2881 2327 3312 2382 demonstratum
3341 2334 3458 2391 est,
3488 2338 3578 2380 re-

1995 2423 2361 2491 prehensores
2387 2419 2560 2476 sancti
2606 2419 2892 2489 Augustini
2945 2427 3003 2473 et
3046 2432 3181 2472 vana
3226 2417 3494 2487 objieere,
3524 2426 3582 2472 et

1993 2520 2139 2567 recta
2185 2510 2534 2580 impugnare,
2587 2518 2643 2564 et
2687 2524 2852 2578 prava
2903 2507 3223 2572 defendere;
3269 2515 3577 2575 perempto-

1993 2615 2223 2669 rumque
2260 2600 2426 2654 armis
2455 2599 2771 2654 intestinum
2800 2599 2999 2653 bellum
3029 2607 3330 2662 moventes,
3362 2605 3383 2634 τ
3417 2596 3578 2651 dictis

1992 2691 2211 2757 divinis,
2262 2699 2422 2760 atque
2464 2689 2716 2744 humanis
2760 2689 3237 2745 constitutionibus
3285 2688 3574 2744 rebellare.

1992 2784 2230 2850 Quorum
2282 2791 2480 2846 tamen,
2526 2781 2654 2835 dum
2701 2781 2878 2835 adhuc
2924 2795 3031 2833 non
3084 2786 3212 2834 sunt
3259 2795 3290 2834 a
3341 2779 3574 2833 fraterna

1992 2876 2250 2931 societate
2276 2874 2468 2940 divisi,
2496 2873 2774 2929 toleranda
2804 2873 2974 2942 magis
3009 2883 3091 2926 est
3132 2872 3387 2936 intentio,
3419 2886 3574 2940 quam

1992 2966 2324 3035 desperanda
2349 2965 2615 3020 correctio
2647 2980 2661 3017 :
2689 2974 2745 3017 ut
2773 2963 2948 3018 donec
2975 2962 3233 3016 Dominus
3266 2976 3360 3029 per
3387 2960 3574 3015 Eccleo

1993 3057 2088 3111 sia:
2119 3055 2409 3125 principes,
2436 3063 2492 3108 et
2523 3053 2792 3123 legitimos
2832 3052 3153 3122 iudiciorum
3204 3065 3423 3104 suorum
3470 3049 3574 3102 mi-

294 3152 492 3211 totum,
535 3145 629 3198 sed
673 3144 873 3198 fraudis
907 3144 922 3194 ἱ
965 3145 1254 3200 retinuisse
1281 3143 1364 3198 vel
1401 3143 1703 3198 minimum.
1735 3143 1886 3210 Quod
1917 3145 1962 3207 C
1993 3147 2217 3210 nistros,
2249 3145 2364 3198 haec
2389 3159 2506 3212 qua:
2535 3158 2631 3213 per
2655 3158 2947 3213 paucorum
2993 3141 3297 3211 superbiam
3345 3148 3400 3194 et
3436 3153 3575 3206 quo-

297 3251 369 3289 ne
429 3235 828 3304 hypocritarum
888 3237 1198 3291 obtineatur
1259 3236 1511 3301 insidiis,
1565 3235 1884 3290 confidimus

299 3324 512 3379 Domini
564 3327 897 3394 proh-ctione
943 3327 1324 3394 praestandum,
1359 3335 1417 3381 ut
1460 3326 1602 3395 quod
1632 3335 1883 3396 operatus

299 3428 385 3470 cst
429 3419 478 3470 in
527 3418 863 3481 Innocentio,
913 3418 1150 3484 Zosimo,
1209 3419 1508 3482 Bonifacio,
1560 3419 1878 3484 leestino,

295 3519 552 3576 Operetur
579 3510 632 3562 in
661 3508 685 3546 ι
720 3509 886 3578 Xysto
917 3529 928 3562 :
960 3519 1015 3564 et
1044 3511 1095 3564 in
1131 3511 1373 3565 custodia
1407 3511 1670 3566 Dominici
1708 3511 1883 3580 gregis

296 3600 416 3652 haec
447 3600 512 3653 sit
539 3616 663 3669 pars
691 3602 876 3671 gloria:
910 3603 1033 3656 huic
1060 3601 1076 3640 ι
1106 3605 1380 3657 reservata
1415 3604 1635 3672 pastori,
1658 3614 1716 3657 ut
1742 3605 1882 3658 sicut

296 3691 375 3743 illi
433 3691 589 3758 lupos
619 3701 658 3727 ω
704 3693 934 3761 abegere
985 3693 1333 3761 manifestos,
1390 3696 1462 3748 ita
1513 3694 1600 3749 hic
1646 3695 1882 3764 depellat

296 3782 545 3838 occultos
584 3799 598 3836 :
642 3783 733 3838 illo
779 3785 1001 3839 auribus
1040 3786 1153 3841 suis
1194 3786 1493 3842 doctissimi
1539 3787 1686 3843 senis
1729 3789 1880 3843 inso-

1992 3236 2236 3292 rutndatn
2273 3236 2598 3304 imperitiam
2639 3243 2765 3288 sunt
2795 3234 3023 3299 turbata,
3055 3240 3376 3301 componat;
3421 3230 3576 3285 nobis

1992 3328 2106 3383 Deo
2133 3328 2428 3397 adjuvante
2457 3327 2527 3381 sit
2557 3327 2815 3394 studium,
2844 3333 2866 3360 ⁸
2895 3327 3074 3395 quieta
3106 3325 3456 3393 modestaque
3485 3338 3576 3391 pa-

1992 3420 2176 3474 tientia
2233 3418 2374 3472 odiis
2430 3418 2772 3472 dilectionem
2828 3416 3094 3481 reddere,
3154 3424 3210 3470 et
3266 3415 3571 3482 ineptorum

1991 3513 2162 3567 vitare
2209 3511 2509 3575 conflictus,
2536 3511 2811 3564 veritatem
2859 3524 2967 3563 non
3000 3509 3277 3572 deserere,
3311 3521 3410 3561 nec
3448 3521 3573 3561 cum

1992 3603 2225 3659 falsitate
2276 3614 2518 3668 certare;
2569 3617 2892 3672 semperque
2941 3618 2970 3657 a
3013 3601 3128 3656 Deo
3175 3609 3364 3670 petere
3413 3611 3471 3653 ut
3518 3600 3572 3654 in

1987 3696 2239 3750 omnibus
2285 3696 2730 3764 cogitationibus,
2791 3695 2845 3749 in
2891 3694 3142 3748 omnibus
3180 3691 3570 3754 Voluntatibus,

1989 3787 2043 3841 in
2093 3785 2344 3842 omnibus
2391 3786 2730 3841 sermonibus
2768 3794 2927 3852 atque
2979 3783 3278 3838 actionibus
3331 3779 3568 3846 nostris,

370 3971 396 3998 ⁸
429 3960 599 4029 Lugd.
639 3970 694 4014 et
729 3963 1076 4031 posteriores,
1110 3963 1603 4036 Carthaginiensem,
1632 3979 1728 4020 seu
1755 3965 1886 4021 Car-
1984 3965 2031 4017 si
2058 3966 2127 4018 eis
2150 3965 2298 4018 liceat
2328 3971 2589 4033 prtetentte
2617 3963 2946 4016 correctionis
2969 3961 3213 4036 imagine,
3237 3960 3445 4028 aliquod
3470 3959 3570 4036 sibi

297 4032 667 4101 thaginensem.

370 4102 396 4138 δ
432 4101 602 4170 Lugd.
638 4102 801 4156 editio
832 4110 888 4156 et
917 4103 1268 4170 recentiores,
1310 4104 1430 4158 libri
1461 4115 1680 4176 quatuor
1715 4106 1880 4177 emptio

298 4182 496 4224 tentur.

374 4251 396 4278 ε
435 4242 606 4293 Editio
647 4241 890 4310 Lugdun.
921 4259 1043 4296 cum
1091 4242 1180 4296 illa
1230 4245 1649 4310 posterioribus,
1676 4247 1748 4298 Ac
1775 4246 1886 4311 sic;

295 4311 530 4385 Lo_va_n.,
561 4314 720 4385 Duae.
748 4313 1040 4385 ethlom,
1065 4314 1122 4385 in
1149 4315 1380 4366 omnibus
1411 4317 1660 4385 aperibus.
1696 4317 1884 4369 Colon.

298 4381 499 4434 deinde
526 4383 744 4447 omittit,
769 4383 925 4447 aliis;
948 4382 1291 4452 phrasimque
1312 4381 1524 4440 comate
1547 4386 1739 4440 finiunt
1757 4397 1885 4440 ante

297 4460 612 4520 agnoscant.

372 4518 399 4556 ἀ
437 4519 612 4590 Editio
641 4520 832 4575 Colon.
866 4522 1046 4588 habet,
1077 4523 1224 4590 ﬁdes.

326 4661 338 4671 ο
375 4589 552 4710 °_l\'os
585 4591 721 4657 hinc,
749 4593 932 4657 editos,
965 4594 1144 4646 deerat
1186 4593 1239 4646 in
1279 4592 1445 4663 Lugd.
1476 4603 1532 4649 et
1566 4593 1660 4650 illo
1693 4608 1883 4651 recen-

329 4676 425 4710 IOI'I
453 4676 550 4710 HIS.

301 4669 550 4714 tiortbtts.

377 4729 398 4766 ί
431 4728 530 4801 gls.
562 4728 835 4801 .ioliensis,
861 4746 962 4784 non
994 4733 1203 4801 facient.

375 4809 401 4845 ε
435 4797 601 4863 Lugd.
647 4813 698 4853 et
739 4797 1102 4866 posteriores,
1150 4800 1436 4864 Pelagiana
1477 4803 1574 4856 sibi
1613 4819 1719 4856 esse
1759 4821 1884 4858 con-

303 4869 486 4944 traria.
537 4869 904 4944 Etijentlantur
952 4887 1016 4924 ex
1057 4871 1223 4944 _(_Iorb.
1275 4873 1483 4944 Retnig.
1529 4889 1594 4928 es
1635 4874 1884 4940 Juliensi,

300 4938 432 4992 Mss.
454 4949 515 5008 iet
545 4939 675 4993 edit.
710 4940 944 5008 Mogunt.
973 4950 1024 4994 et
1057 4941 1188 4994 Ven.

373 5011 405 5045 ⁸·
448 5007 616 5088 Lugd.
663 5009 851 5073 editio,
898 5022 954 5062 ut
989 5013 1238 5132 prostrati
1275 5013 1468 5065 dudum
1513 5013 1742 5083 corporis
1784 5014 1884 5066 do-

373 5087 506 5132 tata.
554 5095 607 5131 tn
655 5095 866 5132 corpore
918 5082 1117 5132 nulum
1166 5081 1445 5132 membrum
1488 5083 1661 5132 sinant
1711 5099 1884 5132 assur—

300 5087 506 5148 gmata,
554 5079 607 5131 in
655 5095 866 5148 corpore
918 5079 1117 5132 nullum
1166 5081 1445 5135 membrum
1488 5079 1661 5136 sinant
1711 5099 1885 5137 assur-

298 5165 442 5218 gere.

380 5218 398 5256 ί
446 5217 644 5270 Locum
673 5217 812 5271 alias
839 5217 1151 5285 obscurum,
1195 5221 1283 5275 cui
1313 5220 1400 5274 lux
1430 5236 1495 5276 ex
1529 5221 1649 5276 aliis
1684 5221 1885 5276 codici-

298 5287 400 5341 bus
433 5289 630 5340 nosuis
661 5303 766 5340 non
803 5289 1120 5350 accedebat,
1154 5291 1233 5344 sic
1260 5292 1664 5345 emendavimus
1688 5301 1881 5346 aucto-

296 5357 463 5430 ritate
487 5371 600 5416 ms.,
621 5357 898 5430 Joliensis.
922 5358 1046 5430 M_~s.
1078 5359 1244 5414 Corb.
1274 5370 1322 5412 et
1359 5362 1571 5430 ltemig.
1602 5376 1723 5415 cum
1748 5363 1878 5422 edit.

294 5425 546 5495 Mogunt.
576 5436 632 5479 et
660 5427 820 5490 Ven.,
853 5429 923 5479 ita
949 5427 1191 5494 falsitatis
1221 5430 1366 5482 istius
1410 5425 1584 5484 habEri
1614 5434 1878 5494 t'ersutias.

296 5499 427 5569 sitsi
448 5497 501 5569 ei
542 5497 694 5569 liceat
729 5506 973 5569 prietenta
1008 5501 1333 5552 correctionis
1375 5501 1626 5569 imagine,
1669 5501 1881 5569 aliquod

293 5567 393 5618 sibi
433 5565 709 5632 faventium
731 5565 925 5618 radicis
962 5581 1069 5620 sua:
1094 5584 1296 5636 germen
1337 5565 1600 5636 excipere,
1630 5565 1786 5623 totam
1827 5588 1881 5626 se

293 5636 457 5701 possit
493 5637 554 5708 Ain
593 5636 782 5708 exigua
817 5637 897 5708 sui
937 5648 1078 5708 parte
1125 5654 1380 5706 reparare.
1415 5642 1484 5691 At
1509 5639 1678 5708 Lugd.
1709 5653 1764 5694 et
1811 5656 1880 5694 eo

297 5706 654 5777 posteriores,
683 5707 754 5759 ita
779 5705 1093 5770 “falsitatis
1123 5705 1272 5762 istius
1303 5710 1484 5764 habere
1512 5705 1786 5778 eeriutias,
1820 5722 1878 5765 ut

1989 4038 2272 4103 faventium
2297 4031 2487 4087 radicis
2508 4050 2615 4087 sua:
2639 4050 2842 4104 germen
2869 4033 3117 4100 excipere,
3147 4038 3308 4082 totam
3335 4047 3388 4084 se
3410 4031 3572 4101 possit

1987 4109 2040 4158 in
2069 4107 2256 4174 exigua
2287 4106 2362 4156 sui
2389 4115 2532 4174 parte
2551 4119 2812 4172 reparare.

2070 4173 2084 4223 i
2136 4169 2234 4228 Ms.
2266 4175 2363 4227 Jol.
2389 4169 2538 4227 'cnm
2573 4169 2806 4243 Mognnt.
2837 4181 2891 4226 et
2928 4170 3090 4236 Ven.,
3129 4170 3432 4225 restituisse.
3465 4169 3572 4222 Mc-

1990 4245 2113 4308 litts,
2141 4247 2430 4309 retinuisse,
2466 4254 2521 4296 ιιι
2551 4245 2638 4298 alii
2669 4243 2903 4296 codices.

2063 4313 2087 4351 ¹ί
2130 4314 2258 4368 Mss.
2291 4327 2400 4368 tres
2433 4324 2490 4368 nt
2525 4328 2720 4380 supra,
2766 4313 2817 4364 in
2854 4311 3024 4367 Sixto.
3047 4311 3422 4382 Xystusjero
3459 4310 3572 4382 sive

1991 4383 2191 4505 iyxtlus
2213 4384 2508 4440 Caelestino
2546 4377 2808 4438 succeSSit
2831 4397 2973 4436 anno
3001 4377 3200 4437 Christi
3222 4379 3346 4442 451,
3376 4379 3464 4432 die
3501 4377 3572 4432 26

2043 4471 2118 4505 lll'l
2145 4470 2212 4505 IS.

2061 4476 2212 4506 ll'lllS.

1989 4465 2254 4578 “missi.
2283 4523 2444 4578 Corb.
2478 4533 2532 4578 et
2564 4523 2801 4592 Remig.,
2833 4530 3052 4576 serrata.
3096 4520 3201 4575 Alii
3231 4532 3455 4584 omnes,
3483 4534 3568 4571 rs-

1989 4611 2209 4648 seri-ctu.

2061 4673 2101 4701 ω
2142 4661 2546 4735 Ms._.loliensis,
2586 4666 2799 4735 ejecere.
2844 4701 2858 4715 .
2903 4697 2920 4714 .

1986 4746 2142 4804 gunt.
2175 4743 2228 4785 et
2256 4733 2420 4796 Yen.,
2453 4733 2690 4804 abjicere.

2058 4813 2086 4840 ⁸³
2127 4804 2405 4858 Editiones
2453 4798 2618 4869 Lugd.
2661 4812 2713 4855 et
2747 4816 2808 4855 ea
2851 4801 3213 4864 recentiores,
3247 4799 3383 4869 Sunt
3428 4798 3568 4869 enim

1987 4875 2201 4943 quidam
2222 4874 2507 4942 justissime
2535 4865 2784 4939 damnati,
2815 4873 2903 4942 qui
2933 4873 3218 4941 impietatss
3244 4867 3418 4922 adhuc
3443 4865 3570 4922 libe-

1994 4946 2103 4997 rius
2132 4943 2478 5012 defendeudas
2507 4954 2707 5012 putant.

2060 5023 2084 5049 ο
2128 5014 2227 5066 Ms.
2257 5011 2530 5066 .loliensis’.
2561 5013 2839 5078 impietate.

2058 5093 2086 5132 P
2125 5082 2367 5150 Lugdun.
2401 5089 2458 5135 et
2482 5085 2835 5150 posteriores,
2857 5089 2973 5135 sunt
3003 5081 3283 5135 coercendi.

2059 5163 2086 5202 ιι
2129 5149 2369 5207 ΙιιίΜεε.
2411 5149 2600 5212 Corb..
2629 5153 2833 5216 Remig.
2867 5162 2920 5204 et
2949 5152 3077 5215 Jol.,
3127 5166 3245 5205 cum
3288 5149 3418 5204 edit.
3451 5151 3563 5204 Mo-

1985 5232 2136 5291 gunt.
2167 5234 2219 5276 et
2249 5223 2384 5275 Ven.
2415 5230 2470 5274 et
2493 5223 2718 5287 epistola
2753 5221 2854 5276 194
2882 5225 3107 5291 August.
3143 5223 3210 5272 At
3239 5221 3480 5291 Lugdun.
3513 5229 3566 5271 ot

1986 5295 2346 5414 reczutiores,
2380 5292 2720 5362 investigandi
2753 5333 2767 5346 .
2813 5333 2826 5345 .
2872 5331 2886 5344 .
2933 5331 2945 5344 .
2975 5290 3043 5344 fut
3073 5291 3117 5343 si
3164 5306 3265 5342 non
3301 5290 3475 5342 timent
3508 5305 3569 5342 ne

1986 5379 2074 5414 per
2116 5374 2222 5414 unt.

1985 5379 2226 5554 ρῖξωίῗξί
2257 5429 2547 5498 Joliensis,
2592 5431 2778 5486 divinis
2804 5441 2956 5499 atque
2983 5428 3217 5482 humanis
3248 5429 3570 5484 constitutio-

1985 5518 2036 5554 ni
2074 5520 2154 5554 us.

1983 5518 2250 5625 matutinae
2292 5572 2456 5642 verba
2481 5613 2493 5640 ,
2525 5573 2694 5642 quieta
2725 5570 3049 5640 modestaque
3092 5568 3338 5641 patientia
3369 5568 3565 5625 absunt

1981 5655 2012 5696 a
2040 5657 2139 5697 ms.
2167 5640 2415 5698 Joliensi.

2964 4699 2978 4714 .
3008 4659 3254 4733 expellat.
3282 4658 3422 4713 Edit.
3455 4657 3570 4712 blo-
