4026 6176
286 329 397 386 :77
1114 335 1539 392 PSALMORUM
1580 337 1625 391 Α
1666 336 1706 392 e
1748 340 1840 392 AD
1879 341 1963 395 οι,
2002 318 2385 395 ΕΧΡΟδΙΊΊΟ.
2428 341 2623 396 PSAL.
2663 344 2726 403 c.
3453 349 3561 405 nu

280 445 359 495 ris
392 440 720 515 Prosperiani
752 459 889 496 anno
912 443 1063 497 citius
1111 445 1217 498 sas
1258 445 1653 515 assigriavimus.
1717 444 1835 499 Hoc
1876 448 1932 499 in
1962 447 2091 501 libro
2123 447 2275 514 facile
2299 448 2677 501 animadvertas
2713 448 3056 513 eloquentiam
3093 453 3236 505 illam
3265 454 3485 506 validam
3512 468 3561 508 et

281 513 584 590 concisam)
614 528 718 590 qua
747 524 808 590 ut.
839 515 1135 590 charactere
1158 512 1972 590 pr0p_rio'_Prosper-dignoscitur
1996 533 2015 581 ;
2065 512 2401 590 obserresque
2419 530 2656 590 sanctum
2680 512 2915 590 nostrum
2938 536 3038 571 non
3062 521 3114 573 in
3144 522 3257 574 sola
3284 523 3421 575 circa
3439 538 3557 590 gro-

279 581 411 655 tiam
437 580 626 655 Christi
649 582 879 655 dbctt‘ina
904 580 1295 655 tradenda,_sed
1322 584 1474 634 etiam
1501 580 1553 634 in
1578 584 1698 655 aliis
1714 580 1957 638 omnibus
1982 580 2153 655 magni
2184 580 2460 655 Augustini
2491 603 2543 638 se
2572 586 2863 639 exhibuisse
2882 589 3214 653 discipulum.

357 653 470 727 Quo
496 652 733 727 iri-opere
754 650 966 719 legendo
991 691 1007 715 ,
1042 668 1113 727 _ne
1144 653 1278 703 idem
1308 656 1444 727 quod
1474 656 1537 703 de
1566 652 1950 727 Sententiarum
1984 650 2285 727 Bret'toruui
2309 658 2439 707 libro
2470 657 2659 727 dicturi
2686 673 2862 709 sumus
2883 650 3165 727 contingat,
3195 669 3250 713 ut
3277 661 3469 714 scilicet
3497 678 3561 715 es

276 720 522 800 brevitate
550 720 781 800 locorum
798 720 1139 800 quorumdam
1166 720 1427 800 nonnullis
1458 726 1680 800 supersit
1706 724 2291 800 obscuritatis-querela,
2322 733 2367 800 et
2397 727 2515 792 quia
2542 726 2797 794 plerisque
2825 727 2880 800 in
2910 729 3033 780 locis
3052 720 3257 795 quidem
3280 733 3392 800 ipsa
3409 732 3559 783 verba

276 790 575 856 Augustini
614 788 748 842 nihil
778 791 1024 842 mutando
1054 791 1321 855 descripsit
1348 831 1363 852 ,
1409 794 1463 842 in
1491 792 1607 843 aliis
1634 801 1806 844 autent
1843 809 1987 846 roces
2014 788 2236 847 divinas
2266 788 2573 847 substituetis
2594 836 2609 858 ,
2642 788 2818 848 sensus
2848 788 3112 850 dumtaxat
3141 788 3447 851 sanctissimi
3479 806 3558 852 sui

275 859 517 938 magistri
544 869 745 938 secutus
768 859 990 938 videtur;
1014 860 1133 938 ideo
1164 876 1255 938 nos
1288 861 1535 938 lectorum
1561 863 1841 938 commodo
1857 866 2175 915 consulentes
2200 906 2214 929 ,
2250 880 2308 938 ea
2336 863 2517 931 quibus
2560 880 2690 938 opus
2725 882 2834 938 esse
2858 868 3120 920 videbatur
3159 870 3270 922 loca
3297 871 3463 938 fusius
3496 884 3557 921 ex

270 926 554 1008 Augustini
584 929 746 1008 ipsius
776 926 1206 1008 Enarrationibus
1235 930 1547 1008 ιςῃεηιίαεέη
1570 932 1877 1008 appendicis
1897 942 2088 1008 natura
2105 926 2504 999 secunda'parte
2550 926 2897 989 eahibebimus
2926 978 2941 1001 ,
2971 939 3207 1008 apposita
3244 926 3555 1008 in'marginc

266 998 530 1064 sequentis
553 1000 723 1068 operis
744 1007 887 1062 nota,
920 998 1075 1062 Vide,
1104 1014 1219 1068 qua:
1248 998 1418 1051 locum
1448 999 1519 1051 ibi
1549 999 1833 1052 exhibitum
1860 1002 2128 1054 indicabit.

1336 1206 1483 1320 Β.
1558 1208 2476 1325 ΡιιοεΡΕιῑι

1722 1397 2111 1472 AQUITANI

664 1522 1759 1705 EXPOSITIO
1813 1558 3164 1711 “PSALMORUM

1010 1794 1083 1874 A
1158 1790 1843 1875 CENTESIMO
1916 1788 2327 1899 USQUE
2401 1794 2561 1875 AD
2636 1794 2812 1877 CL.

755 2044 915 2116 371
953 2043 1268 2099 PSALMUS
1298 2043 1362 2098 c.

1953 2036 2166 2091 malam.
2214 2041 2353 2096 Ante
2395 2042 2583 2098 oculos
2630 2043 2894 2100 habemus
2940 2060 3061 2115 quas
3106 2045 3435 2117 diliguntur,
3487 2060 3539 2105 et

331 2133 513 2205 (Vers.
545 2134 625 2205 1.)
655 2134 1068 2189 Misericordiam
1103 2145 1150 2189 et
1188 2135 1454 2206 judicium
1489 2133 1703 2188 cantabo
1738 2133 1851 2197 tibi,

262 2225 504 2279 Domine.
545 2224 789 2279 Psalmus
815 2227 919 2281 iste
945 2225 971 2264 ι’
1004 2226 1073 2281 de
1100 2225 1272 2293 primo
1304 2239 1462 2279 versu
1502 2232 1615 2279 toto
1653 2223 1853 2279 intelli-

263 2314 475 2384 gendus
520 2323 605 2369 est
637 2329 865 2384 corpore
889 2358 904 2384 ,
954 2326 1009 2371 et
1048 2315 1413 2370 conlitendum
1454 2314 1566 2369 Deo
1599 2314 1850 2382 quoniam

269 2406 534 2459 universa
583 2404 683 2457 vice
730 2404 848 2473 ejus
899 2404 1265 2458 misericordia
1316 2411 1375 2458 et
1419 2403 1621 2458 veritas
1670 2401 1852 2469 (Psal.

266 2510 424 2560 utv,
459 2494 546 2563 10)
578 2510 594 2549 :
634 2503 694 2548 ut
740 2494 992 2563 qualibet
1037 2507 1097 2547 se
1145 2492 1343 2547 nostris
1381 2490 1795 2561 cogitationibus
1826 2500 1848 2528 ο

262 2586 330 2638 de
358 2600 540 2638 rerum
582 2584 807 2639 veritate
846 2585 1092 2653 ingerant
1134 2598 1309 2637 causa:
1331 2624 1349 2649 ,
1398 2598 1505 2636 non
1533 2582 1587 2635 in
1618 2580 1850 2649 aliquam

260 2689 581 2728 moveamur
611 2673 918 2743 querelam;
944 2672 1036 2727 sed
1061 2672 1488 2727 misericordiam
1513 2682 1568 2727 et
1592 2671 1849 2741 judicium

262 2763 499 2819 Domino
542 2765 623 2831 pia
674 2763 1014 2819 confessione
1043 2772 1341 2818 cantemus.
1394 2762 1476 2817 Ad
1506 2761 1851 2817 resolvendae

258 2854 405 2909 enim
461 2856 739 2907 universas
783 2854 1113 2923 quaestiones
1156 2868 1289 2922 quas
1338 2863 1524 2907 contra
1565 2853 1851 2920 providen-

260 2945 390 2998 tiam
422 2944 519 2997 Dei
555 2958 813 2999 exercere
841 2944 1003 2997 audet
1031 2944 1217 2997 mundi
1250 2943 1407 3013 hujus
1444 2944 1602 2997 Stulta
1630 2944 1848 3012 sapien-

259 3037 358 3098 tia,
382 3034 736 3089 invictissima
766 3044 847 3088 est
877 3033 1047 3100 ratio,
1085 3050 1179 3101 per
1205 3048 1366 3102 quam
1398 3033 1734 3101 intelligitur,
1767 3032 1850 3085 in-

261 3137 346 3181 ter
375 3126 660 3194 prasentis
688 3125 811 3178 vita:
836 3124 1224 3192 inmqualitates
1248 3166 1263 3188 ,
1314 3138 1415 3178 nec
1453 3138 1481 3176 a
1515 3122 1720 3193 justitia
1754 3122 1845 3175 Dei

263 3216 717 3283 misericordiam,
752 3230 851 3269 nec
876 3230 905 3269 a
929 3214 1297 3269 misericordia
1338 3215 1529 3268 abesse
1552 3214 1842 3283 justitiam;

262 3306 435 3361 donec
468 3305 701 3375 peractis
724 3304 1131 3374 temporalibus,
1157 3304 1300 3373 justo
1318 3302 1519 3373 judicio
1539 3302 1672 3357 ﬁant
1697 3313 1845 3358 utra-

1958 2126 2119 2199 372
2153 2130 2204 2183 in
2235 2131 2431 2199 quibus
2466 2132 2771 2187 delectatur
2798 2134 3008 2189 animus
3032 2176 3049 2200 ,
3097 2135 3149 2190 in
3180 2136 3264 2192 liis
3295 2149 3538 2193 moratur

1956 2229 2230 2287 aspectus.
2272 2226 2313 2276 Α
2345 2239 2403 2277 re
2432 2239 2564 2294 ergo
2592 2225 2734 2279 mala
2763 2227 2950 2280 oculos
2979 2237 3249 2293 avertere,
3281 2240 3365 2286 est
3384 2232 3536 2300 quid-

1954 2310 2080 2377 quid
2114 2311 2222 2366 Deo
2251 2313 2497 2381 displicet
2539 2330 2645 2369 non
2676 2330 2879 2371 amare.
2922 2314 3196 2373 Facientes
3225 2321 3538 2390 pra‘varica-

1953 2400 2118 2454 tiones
2144 2401 2264 2455 odio
2288 2401 2470 2456 habui.
2512 2404 2778 2474 Diligendi
2807 2416 2935 2459 sunt
2961 2404 2987 2443 ἀ
3014 2406 3293 2478 homines,
3326 2420 3386 2463 ut
3415 2408 3537 2464 odio

1956 2490 2256 2547 habeantur
2287 2495 2759 2561 prmvarieationes
2791 2495 2963 2565 (Sent.
2989 2497 3082 2569 2):
3123 2499 3245 2568 quia
3276 2500 3425 2554 aliud
3455 2510 3536 2554 est

1951 2595 2135 2637 amare
2166 2585 2306 2650 quod
2341 2583 2465 2638 iacti
2492 2594 2649 2650 sunt,
2681 2586 2827 2640 aliud
2864 2586 3044 2641 odisse
3081 2589 3223 2656 quod
3253 2589 3477 2643 faciunt.

2023 2671 2202 2740 (Ἶρι-ει.
2234 2673 2319 2741 4.)
2365 2672 2487 2726 Non
2529 2674 2750 2728 adhtesit
2790 2676 2917 2729 mihi
2956 2691 3044 2728 cor
3081 2692 3335 2744 pravum:
3377 2678 3533 2730 decli-

1952 2771 2153 2813 nantem
2180 2778 2212 2814 a
2242 2779 2319 2816 me
2349 2764 2628 2834 malignum
2668 2780 2769 2818 non
2806 2766 3166 2835 agnoscebam.
3221 2766 3423 2832 Pravo,
3451 2767 3531 2821 in-

1949 2852 2085 2920 quit,
2112 2851 2264 2905 cordi
2287 2867 2610 2907 consensum
2640 2867 2747 2907 non
2783 2854 3026 2922 prmbui:
3071 2864 3125 2909 et
3164 2854 3233 2908 ab
3276 2856 3531 2909 immacu~

1948 2940 2053 2994 lata
2096 2943 2179 2996 via
2221 2942 2582 2998 declinantem
2629 2944 2923 3012 malignum
2965 2960 3073 2999 non
3116 2945 3529 3013 cognoscebam,

1949 3031 2053 3087 hoc
2078 3043 2182 3100 est,
2213 3043 2439 3104 propter
2469 3030 2961 3089 diSsimilitudinem
2998 3050 3104 3090 non
3137 3036 3455 3105 probabam.

2015 3120 2197 3193 (Vera.
2221 3121 2304 3195 5.)
2350 3122 2708 3178 Detrahentem
2737 3126 2971 3193 proximo
2998 3141 3092 3179 suo
3129 3127 3323 3179 occulte
3345 3167 3361 3192 ,
3394 3127 3528 3179 hunc

1944 3212 2301 3284 persequebar.
2352 3213 2499 3267 Bona
2553 3215 2858 3282 persecutio
2908 3229 3029 3284 quae
3086 3231 3192 3268 non
3254 3214 3526 3270 hominem

1944 3302 2042 3357 sed
2074 3313 2352 3371 peccatum
2382 3303 2616 3359 hominis
2657 3305 2975 3360 insectatur.
3029 3304 3265 3375 Superbo
3304 3306 3453 3360 oculo
3484 3316 3528 3361 et

259 3414 365 3465 que
400 3408 656 3466 perpetua
683 3437 701 3464 ,
752 3412 873 3452 cum
916 3410 1013 3465 pro
1041 3396 1297 3466 qualitate
1323 3403 1594 3464 gestorum
1623 3394 1846 3475 dextros
1876 3384 1921 3443 Β
1947 3392 2229 3447 insatiabili
2255 3395 2429 3459 corde,
2460 3410 2576 3447 cum
2604 3392 2702 3447 hoc
2730 3392 2884 3447 simul
2913 3410 3015 3448 non
3049 3396 3279 3449 edebam.
3328 3394 3523 3464 Super‘

260 3489 466 3558 gloria,
498 3487 748 3545 sinistros
786 3501 944 3557 pinna
983 3486 1280 3556 susceperit
1344 3484 1569 3557 (Matth.
1607 3500 1740 3551 xxv,
1771 3483 1842 3539 54

262 3591 312 3634 et
340 3597 459 3649 seqq
489 3578 531 3649 ).

331 3670 515 3739 (Vera.
544 3668 627 3739 2,)
662 3668 915 3734 Psallam,
938 3678 985 3724 et
1009 3670 1291 3742 intelligam
1311 3670 1365 3723 in
1387 3669 1467 3723 uia
1484 3668 1839 3735 immaculata,

256 3760 469 3826 quando
510 3760 678 3813 uenies
720 3760 789 3812 ad
834 3775 935 3814 me.
992 3760 1049 3815 lu
1082 3759 1212 3825 hac,
1255 3759 1461 3829 inquit,
1502 3759 1841 3816 confessione

257 3850 384 3903 boni
417 3850 730 3904 intellectus
760 3865 885 3915 ero;
917 3860 970 3905 et
1001 3865 1098 3920 per
1126 3850 1519 3904 immaculatam
1549 3864 1840 3906 conversa-

259 3939 426 3993 tionis
473 3954 607 3993 meaa
649 3940 787 3992 viam
834 3939 901 3993 ad
942 3956 1028 3995 me
1079 3940 1268 3995 venire
1320 3950 1371 3995 te
1412 3941 1662 3995 sentiam.
1704 3942 1835 3995 Cum

254 4028 401 4081 enim
450 4029 569 4082 sine
616 4036 669 4082 te
707 4028 880 4083 bonus
916 4044 1035 4083 esse
1074 4044 1181 4084 non
1209 4031 1435 4098 possim,
1464 4031 1508 4084 si
1540 4040 1683 4084 recta
1712 4040 1837 4085 sunt

250 4132 377 4186 quae
401 4132 523 4187 ago,
555 4127 607 4172 te
636 4118 765 4171 mibi
801 4119 976 4174 inesse
1000 4136 1103 4173 non
1129 4120 1335 4173 dubito.
1362 4118 1762 4173 Deambulabam
1784 4120 1837 4174 in

249 4208 543 4263 innocentia
574 4210 744 4262 cordis
772 4210 888 4276 mei,
919 4210 971 4262 in
1000 4209 1167 4263 medio
1193 4212 1375 4264 domus
1402 4226 1543 4263 metu.
1576 4211 1839 4264 Innocen-

252 4297 324 4349 tia
357 4311 479 4351 vera
510 4307 611 4362 est,
647 4313 765 4365 qua:
797 4312 895 4351 nec
926 4297 1029 4351 sibi
1056 4341 1070 4365 ,
1105 4313 1202 4351 nec
1227 4296 1382 4353 alteri
1414 4309 1570 4352 nocet
1597 4298 1777 4369 (Sent.
1805 4299 1829 4353 1

250 4384 303 4437 iu
326 4385 420 4437 lib.
454 4386 600 4439 Sent.
629 4387 671 4453 ).
704 4386 966 4452 Quoniam
998 4388 1085 4456 qui
1123 4387 1290 4457 diligit
1329 4388 1644 4457 iniquitatem
1670 4430 1685 4453 ,
1730 4389 1837 4442 odit

248 4477 479 4529 animam
519 4493 671 4531 suam
717 4476 833 4548 (Ps.
859 4493 913 4544 ι,
942 4477 1022 4548 6).
1073 4478 1431 4534 Deambulare
1470 4480 1524 4533 in
1554 4481 1835 4536 latitudine

245 4566 444 4620 anima:
469 4581 601 4632 suae,
634 4567 686 4621 id
718 4580 820 4633 est,
854 4568 906 4621 in
942 4568 1246 4623 habitaequ
1272 4568 1451 4623 cordis
1477 4571 1579 4635 sui,
1611 4586 1716 4625 non
1749 4585 1835 4640 po-

247 4663 366 4711 test.
394 4670 543 4725 quem
574 4667 824 4727 angustat
863 4668 1079 4727 reatus,
1120 4667 1176 4713 et
1218 4659 1325 4713 vita
1368 4660 1565 4714 liiiClL’B
1605 4661 1833 4715 actionis

242 4756 486 4803 aecusiit.
542 4748 636 4803 Pia
681 4761 861 4803 autem
897 4758 953 4803 et
980 4749 1256 4819 impolluta
1293 4751 1619 4805 conscientia
1646 4751 1829 4806 liberis
1858 4729 1903 4791 (εἶ

245 4841 390 4892 intra
418 4856 475 4893 se
504 4841 673 4894 utitur
711 4840 900 4909 spatiis
925 4881 940 4907 ,
991 4850 1041 4893 et
1081 4856 1201 4909 qua:
1239 4840 1481 4910 integros
1517 4841 1677 4895 habet
1714 4856 1826 4896 sua:

243 4928 621 4984 azdilieationis
662 4943 947 4995 recessus,
1008 4930 1061 4983 in
1103 4930 1376 4999 appetitus
1417 4946 1524 4985 non
1573 4944 1828 5000 evagatur

242 5018 475 5072 alienos.

310 5108 491 5179 (Vera.
518 5109 603 5180 3.)
649 5107 773 5163 Non
818 5109 1162 5180 proponebam
1199 5121 1318 5164 ante
1356 5112 1527 5165 oculos
1555 5128 1693 5167 meos
1719 5129 1827 5166 rem

308 5291 337 5321 ⁸
377 5282 609 5351 Scripta,
638 5291 695 5336 ut
721 5282 949 5346 videtur,
983 5297 1087 5335 non
1118 5294 1245 5337 ante
1269 5298 1466 5335 annum
1494 5284 1623 5339 454.

304 5351 337 5392 δ
377 5354 431 5406 1d
456 5364 570 5418 est,
605 5362 662 5405 ut
698 5356 773 5405 ait
804 5357 1131 5420 Augustinus
1161 5355 1215 5406 in
1244 5356 1418 5416 capite
1457 5354 1820 5409 enairationis

230 5437 350 5476 suae
379 5422 429 5476 in
459 5422 604 5476 hunc
631 5422 879 5475 eumdem
910 5424 1174 5488 psalmum
1193 5462 1208 5484 ,
1252 5422 1491 5475 l’saltttus
1520 5426 1613 5475 iste
1650 5436 1820 5478 cente-

230 5494 396 5544 simus
438 5493 574 5559 quod
598 5492 747 5544 habet
775 5492 829 5544 in
863 5494 1029 5559 primo
1058 5507 1206 5546 versu
1228 5532 1243 5557 ,
1282 5492 1377 5545 hoc
1398 5494 1451 5545 in
1477 5503 1581 5545 to:o
1605 5510 1820 5561 corpore

231 5577 464 5629 quatere
490 5562 749 5615 debemus.

308 5641 333 5667 ε
368 5629 446 5684 .lta
488 5614 707 5699 quidem
738 5631 866 5685 editi
897 5646 1089 5686 omnes
1124 5632 1291 5685 nostri
1324 5648 1338 5684 :
1382 5631 1593 5685 scilicet
1617 5631 1813 5699 Lngd.,
1852 5614 1855 5619 λ

230 5697 471 5761 l.ovan..
509 5697 683 5757 Duae.
725 5710 779 5756 et
808 5702 1001 5756 Colon.
1032 5702 1237 5758 Tamen
1262 5703 1547 5772 legendqu
1574 5697 1817 5771 suspica-

1944 3481 2033 3537 bia
2065 3482 2235 3537 fomes
2266 3482 2480 3537 invidiae
2509 3493 2622 3552 est,
2669 3498 2791 3553 quae
2828 3500 3120 3552 numquam
3164 3484 3266 3539 nisi
3297 3486 3523 3555 maligna

1942 3578 2045 3635 est,
2078 3580 2133 3626 et
2158 3572 2311 3627 malis
2334 3588 2442 3627 non
2470 3573 2698 3628 satiatur
2736 3574 2949 3629 alienis.
2981 3572 3116 3629 Cum
3141 3575 3225 3629 his
3246 3574 3407 3645 igitur
3434 3574 3519 3643 qui

1944 3662 2034 3716 tali
2052 3662 2460 3718 delectabantur
2486 3680 2714 3734 veneno,
2751 3681 2862 3720 non
2883 3666 3277 3721 convescebar:
3303 3666 3430 3735 quia
3442 3666 3517 3721 ci-

1938 3751 2067 3809 bum
2117 3755 2415 3825 iniquitatis
2464 3756 2727 3825 ipt-orum,
2776 3772 2883 3827 quo
2927 3757 3320 3812 incessabiliter
3347 3758 3523 3826 reple-

1941 3845 2155 3912 bantur,
2186 3845 2501 3901 horrebam.
2528 3846 2677 3900 Beati
2704 3848 2847 3901 enim
2867 3848 2958 3918 qui
2976 3850 3208 3902 esuriunt
3228 3848 3521 3920 justitiam:

1938 3937 2178 4005 quoniam
2204 3936 2567 3989 saturabuntur
2590 3935 2804 4006 (Matth.
2832 3952 2887 4002 v,
2917 3935 2997 4007 6).

2009 4025 2190 4095 (νει-ε.
2222 4026 2302 4096 6.)
2335 4026 2487 4081 Oculi
2527 4028 2625 4081 mei
2666 4044 2821 4099 super
2848 4027 3027 4098 ﬁdeles
3066 4038 3234 4096 teme,
3271 4036 3330 4084 ut
3365 4027 3518 4083 simul

1937 4116 2260 4171 considerent
2287 4116 2342 4170 hi
2365 4133 2583 4171 mecum.
2638 4118 2752 4172 Vox
2782 4117 2993 4172 Bomini
3024 4118 3253 4173 dicentis
3279 4120 3515 4174 imitato-

1937 4206 2086 4260 ribus
2116 4207 2260 4261 suis:
2294 4206 2553 4262 Sedebitis
2590 4224 2743 4274 super
2782 4209 3049 4261 duodecim
3094 4209 3327 4275 thronos,
3362 4210 3514 4283 judi-

1936 4306 2110 4351 cantes
2136 4297 2403 4350 duodecim
2434 4296 2593 4350 tribus
2621 4294 2791 4351 Israel
2817 4297 3029 4368 (Matth.
3064 4313 3173 4361 xu,
3200 4298 3317 4368 28).

2008 4387 2201 4457 (lbid.)
2238 4385 2519 4442 Ambulans
2555 4388 2608 4440 in
2646 4388 2728 4441 via
2759 4386 3091 4440 immaculata
3111 4428 3126 4452 ,
3159 4387 3243 4440 hic
3271 4386 3396 4441 mihi
3419 4390 3515 4441 mi-

1936 4478 2209 4531 nistrabat.
2262 4476 2397 4530 Mihi
2441 4477 2547 4541 ait,
2591 4492 2700 4533 non
2740 4476 2877 4541 sibi;
2910 4475 3062 4529 multi
3092 4476 3234 4529 enim
3270 4491 3378 4531 non
3402 4477 3514 4531 siu-

1934 4571 2044 4625 ceri
2103 4568 2488 4639 prmdicatores
2537 4567 2810 4637 Evangelii
2863 4565 2967 4620 sibi
3020 4565 3370 4631 ministrant,
3416 4582 3512 4623 sua

1934 4671 2267 4733 qua-rentes,
2302 4675 2409 4713 non
2437 4674 2557 4728 quin
2591 4658 2720 4713 Jesu
2746 4656 2945 4711 Christi
2979 4655 3202 4727 (Philip.
3232 4673 3293 4724 ιι,
3322 4654 3467 4726 21)Ῐ

2003 4752 2183 4824 (Vera.
2213 4750 2296 4820 7.)
2340 4749 2461 4803 Non
2505 4747 2749 4800 habitavit
2787 4747 2841 4801 in
2876 4748 3043 4800 medio
3073 4746 3256 4801 domus
3289 4763 3415 4801 mea:
3434 4750 3511 4817 fa-

1932 4844 2068 4898 ciens
2093 4840 2407 4909 superbiant.
2447 4837 2565 4893 Nun
2610 4836 2879 4891 habitavit
2918 4837 2971 4890 in
3002 4838 3166 4891 corde
3197 4836 3361 4905 justi,
3390 4852 3510 4905 qua:

1933 4943 2016 4989 est
2043 4934 2237 4987 domus
2267 4932 2404 4995 eius,
2436 4929 2666 4997 iujustus
2691 4945 2703 4979 :
2731 4928 2856 4996 quia
2887 4941 3100 4996 semper
3126 4942 3157 4980 a
3186 4941 3245 4981 se
3273 4926 3509 4981 dissimi«

1933 5022 2104 5078 litudo
2134 5022 2420 5091 longinqua
2452 5030 2555 5073 est.
2600 5018 2831 5087 Loquens
2873 5016 3049 5086 iniqua
3085 5032 3186 5070 non
3230 5016 3417 5070 direxit
3456 5018 3507 5070 in

1933 5120 2206 5184 conspectu
2233 5112 2502 5166 oculorum
2526 5123 2778 5185 meorum.
2817 5107 3125 5177 lniquorum
3154 5106 3259 5163 iter
3286 5122 3395 5163 non
3423 5117 3505 5162 est

1934 5301 2072 5349 mur,
2107 5286 2170 5337 de
2208 5300 2379 5337 rerum
2421 5285 2682 5337 varietate.
2734 5283 3327 5340 Deﬁcientibus-autem
3375 5301 3501 5341 mss.

1924 5356 2223 5421 codicibus,
2250 5355 2384 5407 nihil
2415 5354 2844 5413 immutavimus;
2871 5355 2997 5408 licet
3017 5357 3384 5418 conjecturam
3406 5373 3501 5409 nn-

1924 5434 2093 5479 stram
2126 5424 2302 5479 ﬁrmet
2326 5425 2466 5492 quod
2500 5436 2617 5493 post
2649 5439 2817 5493 pauca
2843 5424 3064 5491 dicitur,
3087 5426 3219 5478 inter
3236 5429 3499 5494 praesentis

1925 5495 2041 5548 vita:
2068 5496 2458 5561 imaqualitates.

1995 5561 2022 5600 ά
2064 5557 2246 5619 Etlitio
2274 5564 2488 5631 Colon.,
2531 5562 2781 5633 diligendi
2817 5572 2935 5615 sunt
2984 5578 3185 5617 omnes.
3218 5559 3376 5619 Alim,
3404 5557 3492 5609 ho-

1925 5634 2104 5688 mines.
