4030 6178
495 298 605 361 279

1742 297 1798 352 S.
1840 288 2178 352 PROSPEBI
2219 293 2545 364 AQUITANI

3661 309 3769 370 130

499 420 805 475 directum:
858 424 910 471 et
948 414 1219 469 diversum
1263 414 1421 484 longe
1465 420 1549 467 est
1594 411 1663 466 ab
1708 411 1797 465 illa
1849 411 1932 465 via
1989 410 2076 464 cui
2108 413 2151 469 A
2182 426 2299 464 rum
2343 413 2625 478 munitur;
2666 413 2880 470 dicente
2919 428 3042 473 osse
3084 417 3378 476 fortissimo
3409 421 3611 489 Paulo,
3642 424 3772 492 Quis

499 508 643 563 oculi
675 505 887 561 Domini
918 504 1078 576 373
1111 503 1423 573 praesident,
1454 512 1508 557 et
1538 516 1632 573 per
1661 515 1822 571 quam
1851 500 1921 556 ad
1951 513 2079 554 suos

498 599 672 655 venit.

569 687 765 759 (νει-8.
796 686 888 760 8.)
920 684 988 742 In
1016 688 1282 741 matutinis
1312 685 1673 756 interﬁciebam
1708 702 1879 740 omnes
1904 700 2085 756 pecca-

500 791 634 838 tores
664 789 852 836 terrte:
878 793 933 835 ut
962 781 1305 848 disperderem
1335 781 1399 834 de
1434 781 1633 834 civitate
1663 780 1876 832 Damini
1912 794 2085 833 omnes

497 882 771 945 operantes
798 872 1131 942 iniquitatem.
1162 870 1309 924 Diem
1334 869 1516 938 judicii
1550 871 1632 924 sui
1662 869 1943 925 denuntiat
1975 870 2084 924 Do-

499 967 700 1030 minus,
725 966 816 1033 qui
843 964 1078 1035 loquitur
1103 964 1154 1017 in
1182 961 1482 1032 Propheta:
1511 962 1761 1031 quoniam
1791 960 2084 1015 secundum

500 1057 782 1110 veritatem
811 1056 864 1110 in
893 1053 1156 1125 principio
1187 1052 1373 1122 psalmi
1403 1052 1603 1107 dictum
1633 1061 1716 1106 est
1735 1091 1750 1116 ,
1783 1050 2085 1105 Misericor-

502 1146 644 1199 diam
672 1154 717 1199 et
736 1146 996 1215 judicium
1017 1145 1233 1198 cantabo
1251 1144 1359 1209 tibi,
1376 1141 1617 1197 Domine.
1644 1142 1775 1197 Nam
1800 1142 1924 1212 quia
1952 1150 2089 1197 tem-

504 1250 604 1305 pus
632 1235 790 1304 hujus
819 1234 1001 1289 saeculi
1035 1241 1244 1303 tempus
1269 1243 1353 1289 est
1381 1235 1572 1301 noctis,
1598 1244 1652 1288 et
1671 1233 2009 1301 ignorantiaz,
2034 1240 2090 1287 et

504 1329 863 1385 tribulationis
883 1369 899 1395 ,
928 1343 1031 1383 nec
1060 1329 1306 1397 cuiquam
1338 1334 1486 1396 patet
1525 1328 1578 1381 in
1622 1341 1781 1395 quem
1824 1327 1986 1380 linem
2017 1325 2087 1379 sit

504 1423 731 1491 quisque
759 1429 1017 1475 venturus
1047 1436 1061 1472 :
1092 1419 1187 1474 dat
1216 1419 1395 1473 locum
1427 1418 1756 1487 poenitentiae
1785 1416 2088 1471 miscricor-

506 1514 594 1567 dia
625 1513 753 1577 Dei,
784 1521 839 1566 et
866 1510 1097 1565 diversis
1127 1509 1305 1563 modis
1333 1509 1473 1578 agit,
1506 1516 1564 1561 ut
1604 1506 1889 1576 proficiant
1921 1504 2085 1574 justi,

507 1611 566 1657 ut
590 1604 866 1672 erigantur
891 1601 1065 1669 lapsi,
1096 1609 1156 1653 ut
1193 1606 1576 1654 convertantur
1606 1598 1806 1653 aversi.
1836 1594 1941 1652 Sed
1973 1596 2088 1649 hac

508 1693 760 1761 patientia
782 1734 797 1759 ,
826 1699 1079 1746 manente
1102 1688 1277 1744 adhuc
1303 1696 1461 1744 nocte
1479 1728 1496 1752 ,
1526 1695 1835 1758 praistatur.
1863 1686 1967 1742 Ubi
1996 1700 2091 1739 au-

518 1787 626 1830 tem
652 1778 890 1831 illuxerit
912 1779 1050 1842 dies,
1076 1785 1133 1830 ει
1155 1773 1336 1828 omnia
1362 1772 1573 1826 occulta
1616 1772 1820 1825 fuerint
1847 1771 2084 1825 revelata
2114 1766 2161 1825 B

519 1865 559 1934 (l
588 1865 709 1921 Cor.
743 1882 817 1929 tv,
845 1866 922 1934 5),
950 1863 1204 1920 discretis
1229 1861 1411 1931 impiis
1438 1876 1469 1915 a
1498 1861 1759 1916 societate
1778 1860 2084 1929 justorum;

509 1974 619 2015 non
652 1959 787 2013 ultra
821 1966 1070 2029 parcetur
1094 1959 1251 2014 malis
1273 2001 1289 2025 ,
1332 1959 1426 2015 sed
1468 1957 1865 2015 interﬁcientur
1903 1972 2095 2014 omnes

510 2058 820 2119 peccatores
861 2059 1063 2105 terrae:
1106 2051 1158 2104 in
1204 2050 1296 2103 illo
1340 2064 1535 2115 mane,
1581 2064 1691 2120 quo
1730 2047 2096 2105 declarabitur

511 2141 638 2212 quid
662 2142 894 2213 quisque
924 2151 1215 2197 mereatur.

1089 2231 1405 2289 PSALMUS
1433 2229 1518 2289 CI.

585 2320 608 2390 (
630 2319 782 2373 Vcrs.
813 2317 906 2390 l.)
946 2319 1144 2374 Psalmi
1173 2320 1330 2389 hujus
1358 2320 1543 2377 titulus
1573 2330 1691 2389 est,
1719 2321 1896 2377 Oratio
1925 2322 2095 2392 inopis

513 2425 629 2464 cum
657 2420 949 2484 angeretur,
981 2422 1030 2465 et
1052 2412 1105 2465 in
1130 2422 1402 2482 conspectu
1431 2412 1642 2467 Domini
1670 2424 1696 2451 ιι
1726 2410 1947 2481 eﬂ'undit
1973 2429 2094 2484 pre-

515 2516 625 2555 cem
652 2517 818 2554 suam.
850 2501 957 2556 lste
994 2516 1124 2571 ergo
1168 2516 1371 2571 pauper
1412 2498 1659 2557 Christus
1700 2512 1820 2569 est,
1856 2502 1946 2572 qui
1988 2502 2097 2556 for-

515 2604 659 2645 mam
687 2593 828 2646 servi
854 2592 1147 2661 accipiens,
1178 2600 1364 2647 nostra
1391 2592 1610 2648 indutus
1635 2602 1717 2648 est
1745 2600 2092 2662 paupertate:

516 2687 573 2734 et
599 2694 721 2735 cum
752 2681 823 2735 sit
853 2681 1120 2735 mediator
1148 2680 1243 2737 Dei
1277 2690 1331 2737 et
1367 2681 1641 2736 hominum
1665 2723 1680 2748 ,
1711 2682 1875 2736 homo
1904 2681 2095 2737 Chris-

518 2777 606 2824 tus
630 2770 786 2825 Jcsus
817 2770 872 2840 (l
896 2765 1031 2823 Tim.
1061 2786 1128 2835 ll,
1152 2770 1254 2842 5),
1284 2772 1423 2825 idem
1452 2782 1535 2827 est
1563 2773 1617 2827 in
1648 2772 1949 2827 humilitate
1974 2786 2098 2827 cor-

519 2860 701 2930 poris,
733 2862 821 2929 qui
852 2871 934 2915 est
962 2861 1015 2914 in
1047 2862 1213 2931 gloria
1251 2861 1458 2929 Patris,
1492 2873 1549 2916 ut
1586 2878 1812 2933 quorum
1856 2862 2094 2931 suscepit

522 2958 768 3003 naturam
791 2994 805 3017 ,
836 2960 1164 3019 exsequatur
1190 2961 1244 3005 et
1273 2966 1514 3006 causam.

592 3039 772 3109 (νοτε.
801 3038 891 3111 2.)
915 3039 1143 3106 Exaudi,
1167 3040 1401 3108 Domine,
1421 3044 1701 3097 orationem
1719 3060 1901 3111 meam,
1921 3054 1967 3098 et
1988 3045 2095 3099 cla-

520 3144 634 3183 mor
670 3145 812 3183 meus
846 3131 918 3182 ad
941 3138 987 3184 te
1015 3133 1294 3200 perueniat.
1338 3132 1423 3186 Ne
1459 3143 1655 3188 avertas
1693 3134 1875 3203 faciem
1901 3146 2043 3190 tuam
2066 3153 2101 3190 α
2126 3114 2174 3178 C

521 3235 638 3274 me:
664 3222 717 3274 in
745 3237 1060 3292 quacumque
1087 3224 1170 3277 die
1197 3224 1433 3290 tribulor,
1472 3224 1667 3280 inclina
1703 3228 1771 3280 ad
1799 3244 1882 3281 me
1923 3242 2102 3282 aurem

523 3319 686 3367 tuam.
699 3314 853 3380 Quod
870 3323 971 3380 est,
988 3312 1196 3370 Exaudi
1215 3319 1491 3371 orationem
1508 3335 1691 3388 meam,
1715 3320 1817 3375 hoc
1831 3319 1973 3375 idem
1992 3330 2099 3388 est,

522 3413 573 3458 et
601 3410 797 3457 clamor
825 3420 962 3458 meus
989 3407 1057 3459 ad
1082 3418 1129 3460 te
1157 3409 1443 3477 perveniat.
1472 3408 1579 3463 Sed
1614 3411 1882 3479 geminata
1912 3408 2102 3479 petitio

523 3497 759 3551 ostendit
792 3498 1021 3567 petentis
1050 3496 1324 3553 affectum.
1368 3499 1452 3553 Ne
1479 3512 1678 3555 avertas
1707 3510 1886 3556 autem
1917 3502 2104 3573 faciem

524 3594 723 3657 tuatua
751 3604 860 3652 nte,
904 3587 1032 3643 dicit
1070 3603 1168 3657 pro
1204 3588 1509 3646 humilitate
1548 3591 1937 3646 membrorum.
1970 3592 2101 3647 Nam

522 3675 735 3744 quando
763 3674 920 3732 Pater
948 3692 978 3730 a
1018 3676 1186 3745 Filio,
1229 3679 1442 3747 quando
1483 3683 1621 3737 Deus
1649 3680 1677 3721 δ
1709 3690 2044 3738 averteretur
2071 3699 2102 3737 a

522 3765 782 3822 Christo?
816 3768 877 3821 Et
908 3767 1030 3823 ideo
1058 3770 1193 3839 petit
1219 3783 1278 3825 se
1308 3770 1360 3825 in
1392 3786 1731 3843 quacumque
1759 3773 1849 3830 die
1878 3774 2102 3830 tribula-

523 3869 690 3926 retur,
724 3861 967 3915 exaudiri
998 3877 1013 3914 :
1045 3863 1169 3931 quia
1202 3862 1376 3932 pietas
1405 3865 1596 3933 capitis
1636 3881 1760 3920 cum
1801 3868 1947 3920 omni
1978 3881 2100 3920 cor-

521 3953 671 4021 poris
695 3954 943 4020 portione
969 3957 1333 4023 compatitur;
1364 3965 1419 4011 et
1445 3958 1597 4012 labor
1622 3960 1863 4012 omnium
1884 3998 1900 4026 ,
1931 3959 2020 4028 qui
2049 3966 2104 4013 et

520 4039 659 4097 locis
683 4054 734 4095 et
762 4046 1099 4114 temporibus
1127 4046 1384 4112 variatur,
1413 4064 1707 4119 numquam
1733 4048 1852 4105 sine
1878 4050 1971 4105 illo
1997 4060 2100 4117 est,

521 4134 612 4202 qui
642 4136 878 4187 omnium
910 4137 1215 4191 miseretur.

594 4220 780 4290 (νει-ε.
804 4223 881 4293 5.)
915 4222 981 4277 In
1005 4241 1323 4296 quacumque
1342 4227 1427 4281 die
1454 4228 1747 4284 invocavero
1774 4241 1840 4295 te,
1870 4232 2104 4286 uelociter

522 4315 712 4369 exaudi
738 4332 835 4370 me.
864 4316 987 4370 Cito
1011 4318 1326 4373 obtinentur
1359 4336 1487 4389 qua:
1531 4322 1675 4376 bono
1709 4322 1980 4380 desiderio
2008 4339 2102 4394 po-

523 4407 830 4462 stulantur:
861 4423 961 4463 nec
987 4408 1306 4464 dil'ferentur
1338 4427 1526 4480 preces
1546 4453 1562 4479 ,
1591 4428 1709 4482 quae
1739 4414 1842 4470 hoc
1872 4425 2096 4485 petunt,

521 4497 666 4567 quod
704 4497 815 4552 vult
862 4499 951 4554 ille
999 4499 1090 4570 qui
1132 4501 1353 4569 petitur.
1392 4500 1557 4557 Velox
1600 4503 1780 4574 itaque
1822 4509 2099 4565 exauditio

523 4598 640 4652 est,
673 4604 793 4643 cum
824 4590 934 4658 ipsa
967 4590 1219 4659 primitus
1244 4590 1525 4646 exauditur
1553 4594 1765 4661 oratio;
1797 4610 1895 4651 nec
1924 4598 2101 4654 tardat

521 4676 816 4741 auxilium,
848 4678 937 4746 qui
976 4678 1124 4733 dedit
1154 4689 1355 4734 votum.

594 4767 775 4838 (Vers.
790 4766 870 4837 4.)
892 4768 1023 4834 Quia
1043 4768 1338 4838 defecerunt
1356 4770 1487 4824 sicut
1513 4772 1685 4842 fumus
1711 4773 1819 4827 dies
1835 4776 1949 4828 mei.
1974 4775 2100 4831 Dies

520 4858 679 4928 primi
704 4858 938 4913 hominis
956 4898 973 4925 ,
996 4874 1154 4928 quem
1182 4863 1419 4931 suscepit
1440 4862 1733 4930 secundus,
1758 4864 1902 4919 fumo
1923 4867 1974 4920 in
2002 4882 2099 4922 sua

518 4950 752 5005 elatione
798 4949 1067 5005 deficienti
1109 4950 1389 5018 aptissime
1432 4944 1834 5023 comparantur.
1870 4958 1935 5010 Et
1974 4960 2097 5027 quia

518 5056 676 5096 nemo
706 5042 759 5095 in
792 5044 1080 5098 novitatem
1105 5042 1269 5114 374
1286 5043 1487 5100 Christi
1512 5086 1528 5114 ,
1561 5048 1666 5102 nisi
1694 5063 1760 5102 ex
1789 5049 1919 5104 Adae
1943 5057 2100 5104 vetu-

518 5144 658 5190 state
690 5134 1030 5202 transfertur,
1063 5140 1228 5206 gemit
1254 5138 1307 5191 in
1340 5137 1425 5191 his
1450 5154 1584 5206 quos
1612 5149 1827 5208 reparat
1866 5142 1981 5209 ipse
2013 5157 2101 5196 re-

517 5233 754 5293 paratur.
785 5227 850 5281 Et
875 5245 990 5283 ossa
1012 5244 1128 5282 mea
1151 5230 1283 5283 sicut
1309 5232 1359 5283 in
1384 5230 1673 5298 frictoriolo
1699 5233 1935 5302 confrixa
1959 5242 2093 5287 sunt.

513 5315 647 5371 Ossa
676 5317 926 5373 dicuntur
953 5320 1004 5372 hi
1047 5320 1135 5388 qui
1182 5328 1310 5375 sunt
1338 5320 1391 5374 in
1424 5319 1626 5374 Christi
1652 5336 1883 5390 corpore
1910 5322 2101 5377 fortio-

514 5419 637 5471 res,
681 5424 909 5477 quorum
950 5410 1201 5466 ﬁrmitate
1239 5411 1477 5465 omnium
1519 5424 1782 5481 compago
1822 5412 2095 5467 membro-

584 5548 609 5611 ξ
654 5539 804 5611 épud
836 5540 1190 5609 Augustinum
1224 5542 1447 5611 legitur,
1479 5541 1683 5607 emittit.

579 5608 609 5645 δ
636 5607 830 5733 (Ediltiu
848 5607 1033 5665 Colon.
1051 5651 1064 5677 ,
1094 5607 1367 5667 avertetitr.
1393 5612 1588 5684 Lttgtl.,
1609 5612 1811 5671 Lovan.
1838 5625 1889 5671 et
1910 5615 2100 5683 Duac.,

579 5697 629 5733 et
656 5695 737 5733 ere
762 5694 840 5731 ur.

513 5694 840 5735 averteretur.

2183 501 2591 569 scandalizatur,
2618 511 2669 558 et
2694 521 2788 575 ego
2816 522 2918 561 non
2943 524 3067 562 uror
3102 508 3121 580 (
3145 510 3186 563 ll
3213 508 3328 565 Cor.
3358 528 3441 578 xI,
3467 512 3537 569 99
3562 513 3628 586 )?

2254 593 2433 663 (Vers.
2460 594 2541 667 5.)
2574 595 2880 652 Percussum
2900 609 2975 653 est
2994 600 3128 654 sicut
3159 603 3332 668 fenum
3353 645 3368 669 ,
3396 611 3444 657 et
3471 606 3607 659 aruit
3635 618 3654 643 ε
3679 623 3773 662 cor

2184 698 2372 737 meum.
2413 683 2589 740 Omne
2633 686 2925 742 humanum
2968 702 3136 759 geuus
3168 692 3219 745 in
3250 692 3419 746 Adam
3442 736 3456 760 ,
3492 708 3520 747 a
3551 709 3659 765 quo
3688 706 3777 751 est

2183 772 2502 827 univerisalis
2526 788 2783 845 propago,
2812 791 3126 845 percussum
3152 788 3235 834 est
3263 798 3277 833 :
3309 792 3364 837 et
3389 782 3457 837 de
3485 783 3631 838 illius
3653 790 3776 839 vut-
3842 766 3847 773 ¹

2198 872 2329 912 nere
2355 868 2578 928 gemunt
2597 862 2689 928 qui
2716 874 2811 928 spe
2834 860 3116 914 salvantur
3137 862 3190 915 in
3208 862 3423 919 Christo
3448 867 3619 935 (Rom.
3650 887 3765 930 vui,

2196 948 2309 1016 24),
2342 964 2451 1003 non
2482 949 2600 1004 sine
2635 950 2875 1005 miseriis
2904 950 3252 1008 mortalitatis
3280 955 3407 1009 inde
3444 967 3758 1015 contractae.

2190 1042 2447 1109 Quoniam
2476 1042 2663 1098 oblitus
2691 1060 2805 1097 sum
2835 1046 3147 1099 manducare
3177 1061 3363 1114 panem
3389 1061 3576 1100 meum.
3604 1051 3773 1103 Accae

2187 1140 2338 1201 perat
2370 1132 2575 1200 primus
2606 1134 2767 1186 homo
2798 1149 2991 1201 panem
3034 1135 3183 1190 verbi
3233 1137 3286 1190 in
3333 1137 3449 1205 lege
3493 1139 3770 1193 mandati:

2185 1223 2283 1279 sed
2311 1224 2535 1279 vetitum
2566 1223 2744 1281 cibum
2786 1240 3008 1281 sumens
3031 1267 3046 1292 ,
3090 1227 3241 1296 panis
3284 1228 3429 1283 illius
3457 1228 3526 1284 de
3553 1246 3660 1299 quo
3688 1232 3774 1285 vi—

2186 1314 2349 1369 vebat
2369 1355 2385 1380 ,
2416 1314 2620 1370 oblitus
2658 1325 2741 1370 est
2768 1333 2781 1368 :
2810 1325 2865 1370 et
2890 1317 2961 1371 ob
3004 1316 3108 1371 hoc
3130 1357 3145 1381 ,
3178 1319 3319 1372 sicut
3348 1332 3663 1386 percussum
3696 1318 3775 1374 fe-

2189 1420 2315 1460 num
2336 1446 2351 1471 ,
2373 1420 2473 1460 cor
2492 1404 2609 1475 ejus
2630 1407 2864 1461 exaruit.
2888 1406 3045 1461 Modo
3067 1422 3197 1477 ergo
3224 1408 3545 1474 reviviscat,
3571 1418 3627 1463 et
3651 1409 3780 1463 edat

2190 1510 2382 1565 panem
2414 1511 2572 1566 quem
2606 1495 2781 1552 fuerat
2806 1497 3044 1563 oblitus;
3086 1500 3175 1568 qui
3203 1498 3313 1569 jam
3352 1500 3404 1553 in
3435 1514 3667 1569 corpore
3694 1509 3780 1555 est

2190 1585 2419 1640 dicentis
2438 1627 2454 1652 ,
2488 1585 2597 1658 Ego
2623 1602 2737 1640 sum
2766 1588 2916 1658 panis
2941 1588 3079 1642 vivus
3099 1631 3113 1657 ,
3142 1589 3231 1658 qui
3269 1589 3334 1643 de
3377 1590 3500 1644 razlo
3535 1589 3779 1645 descendi

2191 1676 2371 1747 (Joan.
2398 1676 2461 1743 6,
2491 1677 2604 1746 51).

2256 1766 2437 1838 (Vers.
2466 1766 2546 1839 6.)
2574 1768 2618 1821 Α
2645 1783 2765 1823 voce
2793 1770 3010 1839 gemitus
3038 1769 3138 1822 mei
3160 1769 3495 1824 adhaeserunt
3522 1786 3640 1823 ossa
3668 1786 3782 1823 mea

2193 1859 2335 1911 carni
2362 1874 2508 1912 mete.
2540 1858 2583 1911 Α
2614 1874 2768 1925 voce,
2800 1858 2976 1929 inquit
2998 1900 3013 1922 ,
3043 1862 3255 1929 gem'tus
3281 1860 3377 1913 mei
3400 1900 3416 1925 ,
3452 1876 3555 1913 non
3586 1875 3618 1914 a
3649 1875 3785 1915 voce

2192 1950 2423 2021 gemitus
2460 1950 2676 2006 illorum
2734 1952 2803 2007 de
2851 1953 3048 2023 quibus
3085 1968 3246 2023 gemo
3286 1954 3427 2024 quod
3472 1970 3577 2009 non
3631 1963 3785 2010 recte

2194 2051 2453 2113 gemunt.
2502 2045 2648 2115 quod
2694 2046 2929 2100 carnalia
2972 2046 3228 2115 cupiunt,
3282 2046 3425 2116 quod
3474 2046 3782 2116 corporalia

2194 2133 2603 2202 concupiscunt.
2636 2133 2743 2190 Sed
2783 2139 2909 2204 quia
2940 2149 3048 2189 non
3081 2134 3271 2191 desunt
3314 2135 3577 2190 validiora
3607 2151 3783 2190 mem-

2197 2222 2290 2277 bra
2322 2239 2442 2293 qua:
2472 2239 2657 2279 curam
2700 2225 2932 2281 habeant
2963 2226 3293 2281 infirmorum
3314 2267 3330 2292 ,
3362 2242 3463 2282 nec
3489 2228 3558 2281 ab
3584 2227 3783 2281 affectu

2195 2312 2389 2381 capitis
2440 2312 2798 2384 discrepent;
2846 2329 2981 2370 voce
3023 2316 3249 2385 gemitus
3298 2317 3409 2370 mei
3459 2316 3785 2371 erudiuntur

2197 2416 2319 2457 ossa
2341 2444 2358 2471 ,
2387 2403 2440 2458 id
2471 2415 2553 2459 est
2582 2446 2598 2472 ,
2630 2405 2855 2459 fortiora
2883 2406 3130 2474 corporis
3158 2423 3173 2473 ;
3204 2415 3258 2460 ut
3290 2406 3601 2461 adhtereant
3628 2408 3778 2461 carni

2197 2509 2367 2559 mete,
2400 2495 2453 2549 id
2495 2504 2616 2560 est,
2660 2496 3046 2553 infirmioribus
3086 2499 3261 2564 meis,
3304 2499 3595 2553 secundum
3633 2499 3778 2569 quod

2197 2586 2455 2653 scriptum
2486 2596 2571 2641 est
2589 2628 2603 2649 ,
2630 2587 2882 2643 Debemus
2904 2590 3038 2643 enim
3062 2606 3152 2643 nos
3170 2590 3309 2659 ﬁrmi
3328 2591 3674 2659 inﬁrmitatem
3700 2593 3779 2645 in.

2197 2677 2462 2746 ﬁrmarunt
2490 2688 2695 2744 portare
2725 2679 2905 2750 (Rom.
2930 2696 3019 2743 xv,
3046 2680 3122 2751 i).

2272 2768 2451 2839 (Vers.
2475 2768 2530 2831 7.
2550 2772 2633 2839 8.)
2658 2769 2857 2826 Similis
2880 2771 3049 2841 {actus
3069 2787 3182 2825 sum
3205 2771 3439 2843 pelicauo
3462 2771 3775 2836 solitudinis,

2198 2864 2365 2931 factus
2393 2880 2506 2917 sum
2534 2865 2665 2917 sicut
2698 2867 2992 2936 nycticoraa:
3029 2869 3084 2921 in
3125 2869 3407 2936 parietinis.
3447 2866 3666 2938 Vigilavi
3686 2907 3699 2929 ,
3732 2876 3779 2918 et

2200 2953 2367 3021 factus
2388 2970 2502 3006 sum
2523 2956 2654 3008 sicut
2682 2972 2859 3023 passer
2883 2956 3162 3027 singularis
3186 2958 3238 3011 in
3265 2966 3413 3015 tecto.
3437 2956 3621 3012 Omnis
3640 2965 3781 3012 stre-

2202 3056 2339 3097 nuus
2366 3052 2420 3097 ει
2462 3044 2689 3099 devotus
2733 3044 3013 3116 Evangelii
3054 3047 3394 3116 praedicator,
3440 3048 3523 3102 his
3567 3047 3777 3112 tribus,

2204 3148 2321 3202 quae
2350 3143 2786 3189 commemorata:
2812 3146 2972 3202 sunt,
3003 3138 3189 3192 avibus
3222 3137 3597 3208 comparabilis
3626 3138 3782 3193 inve-

2204 3222 2369 3287 nitur,
2417 3224 2713 3279 secundum
2740 3241 2932 3281 eorum
2962 3228 3184 3282 formam
3215 3230 3407 3298 quibus
3435 3230 3656 3285 verbum
3684 3245 3780 3286 ve-

2204 3316 2380 3369 ritatis
2403 3319 2708 3371 annuntiat.
2733 3319 2790 3373 Si
2818 3320 2960 3373 enim
2989 3319 3298 3375 inﬁdelibus
3326 3321 3577 3391 loquitur,
3610 3323 3661 3375 in
3691 3336 3784 3375 so-

2205 3407 2428 3461 litudine
2453 3418 2559 3477 est,
2591 3417 2862 3478 tamquam
2893 3410 3186 3480 pelicauus,
3218 3426 3317 3465 nec
3341 3411 3540 3465 fastidit
3565 3412 3780 3467 deserta

2205 3507 2259 3552 ει
2289 3497 2486 3554 inculta
2517 3518 2530 3554 :
2564 3501 2686 3568 quia
2718 3502 2879 3555 etiam
2910 3501 2963 3556 in
2996 3502 3192 3556 talibus
3234 3500 3360 3556 facit
3402 3501 3503 3555 sibi
3544 3501 3779 3570 Spiritus

2204 3599 2420 3644 sanctus
2448 3590 2830 3645 habitaculum.
2880 3591 2937 3648 Si
2964 3600 3144 3646 autem
3184 3591 3269 3645 bis
3298 3591 3664 3662 praadicatqui
3692 3607 3782 3646 ae-

2203 3687 2414 3748 ceptam
2440 3680 2665 3750 gratiam
2691 3680 3041 3749 perdiderunt
3063 3725 3077 3749 ,
3107 3682 3163 3736 iit
3184 3682 3583 3752 quodammodo
3606 3684 3783 3753 nycti-

2203 3786 2364 3828 corax
2394 3773 2447 3827 in
2479 3775 2754 3842 parietinis
2774 3814 2789 3838 ,
2823 3789 2928 3828 non
2950 3774 3209 3829 deserens
3238 3790 3332 3828 eos
3363 3776 3451 3842 qui
3483 3784 3780 3839 corruunt,

2204 3874 2264 3918 ut
2309 3864 2521 3919 aedilicii
2565 3865 2705 3920 bene
2756 3865 2959 3920 fundati
3014 3876 3068 3920 et
3120 3867 3469 3920 stabilitatem
3517 3867 3784 3935 recipiant

2204 3964 2259 4010 et
2297 3955 2570 4010 decorem.
2613 3956 2673 4010 Si
2717 3971 2846 4011 vero
2884 3971 2979 4011 eos
3016 3956 3331 4012 cohortatur
3370 3957 3481 4026 qui,
3522 3972 3644 4011 cum
3698 3958 3781 4011 vi-

2204 4045 2438 4099 deantur
2468 4045 2653 4100 lideles
2677 4086 2691 4111 ,
2720 4046 2882 4115 tepidi
2909 4056 3089 4100 tamen
3118 4057 3247 4101 sunt
3284 4055 3444 4117 atque
3488 4048 3738 4103 carnales
3767 4088 3784 4115 ,

2206 4136 2263 4189 fit
2303 4136 2402 4190 sub
2448 4145 2590 4190 tecto
2629 4135 2852 4205 positis,
2885 4137 2937 4191 id
2967 4143 3084 4203 est,
3117 4138 3216 4191 sub
3253 4137 3434 4192 carnis
3474 4138 3788 4193 infirmitate

2206 4225 2511 4281 viventibus
2534 4266 2549 4290 ,
2583 4227 2797 4296 quidam
2835 4242 3022 4296 passer
3041 4269 3056 4294 ,
3090 4228 3371 4296 increpans
3396 4242 3490 4283 eos
3510 4237 3671 4297 atque
3696 4227 3786 4281 in-

2204 4318 2410 4384 citans,
2442 4326 2499 4371 ut
2527 4318 2580 4372 in
2613 4325 2756 4373 tecto
2784 4319 2894 4372 sint
2924 4319 3103 4387 potius
3131 4334 3289 4388 quam
3333 4319 3433 4373 sub
3474 4328 3643 4382 tecto,
3680 4318 3787 4373 hoc

2205 4419 2326 4474 est,
2361 4417 2417 4461 ut
2454 4409 2746 4478 subjectam
2776 4408 2878 4462 sibi
2909 4423 3124 4464 carnem
3152 4408 3385 4463 habeant
3406 4451 3422 4476 ,
3457 4424 3562 4462 non
3594 4418 3653 4462 ut
3681 4410 3783 4477 ipsi

2127 4472 2178 4531 θ
2205 4501 2255 4555 ei
2283 4502 2656 4570 subjiciantur.
2691 4501 2794 4568 Qui
2819 4501 2963 4555 enim
2992 4502 3044 4554 in
3078 4509 3205 4553 tecto
3232 4510 3341 4564 est,
3377 4515 3480 4553 non
3509 4500 3786 4552 descendat

2203 4593 2380 4646 tollere
2401 4590 2598 4660 aliquid
2626 4592 2689 4644 de
2719 4591 2870 4644 domo
2903 4589 3123 4661 (Matth.
3152 4602 3298 4656 xxtv,
3326 4588 3423 4660 l7)
3447 4605 3462 4653 ;
3492 4598 3540 4642 et
3568 4588 3708 4658 quod
3730 4590 3787 4642 in

2202 4700 2325 4738 aure
2334 4685 2525 4737 auditis
2540 4726 2556 4751 ,
2578 4684 2740 4755 375
2753 4684 3028 4753 praedicate
3047 4700 3200 4751 super
3224 4691 3353 4737 tecta
3378 4682 3396 4754 (
3413 4681 3552 4736 Ibid.
3566 4724 3580 4747 ,
3593 4700 3649 4747 x,
3664 4682 3783 4753 27).

2200 4776 2310 4832 Sed
2362 4775 2554 4829 harum
2603 4774 2951 4829 ail‘ectionum
3008 4774 3346 4830 sedulitatem
3402 4787 3561 4828 nemo
3614 4775 3789 4842 magis

2202 4884 2360 4938 quam
2396 4867 2652 4922 Dominus
2681 4866 2839 4921 Jesus
2868 4866 3118 4922 Christus
3142 4906 3157 4930 ,
3188 4866 3523 4920 voluntarius
3555 4880 3784 4933 pauper,

2204 4959 2549 5029 exsequitur:
2584 4959 2676 5029 qui
2716 4958 2941 5011 veniens
2980 4966 3290 5026 peccatores
3336 4956 3516 5011 salvos
3561 4955 3739 5008 facere
3769 4995 3786 5020 ,

2202 5050 2441 5105 omnium
2471 5049 2686 5105 labores
2716 5048 3166 5117 infirmitatesque
3195 5048 3455 5116 suscepit.
3482 5046 3616 5111 Quia
3645 5044 3787 5099 Deus

2200 5141 2391 5195 eratin
2431 5139 2633 5194 Christo
2671 5139 2922 5192 mundum
2962 5138 3301 5191 reconcilians
3342 5136 3436 5190 sibi
3476 5135 3559 5205 (ll
3584 5133 3702 5188 Cor.
3729 5150 3786 5199 ν,

2203 5229 2293 5297 19)
2323 5248 2335 5282 :
2366 5238 2429 5283 ut
2454 5238 2509 5282 et
2538 5229 2773 5283 solitudo
2801 5228 3030 5282 Gentilis
3056 5230 3329 5297 acciperet
3359 5226 3600 5279 notitiam
3633 5225 3785 5277 veri-

2202 5320 2326 5373 tatis
2356 5337 2368 5370 :
2402 5328 2458 5373 et
2484 5319 2771 5373 obctecatis
2816 5318 3019 5374 Iudaeis
3040 5360 3056 5384 ,
3088 5334 3153 5373 ac
3192 5332 3285 5372 sua
3338 5316 3788 5387 praavarieatione

2200 5411 2435 5465 ruinosis
2457 5451 2472 5475 ,
2498 5419 2554 5465 et
2580 5411 2670 5464 lux
2691 5452 2706 5478 ,
2734 5418 2789 5490 et
2818 5410 3084 5464 stabilitas
3115 5418 3501 5479 priestaretur:
3533 5408 3656 5462 dum
3691 5406 3791 5460 ille

2281 5554 2303 5582 ε
2328 5544 2456 5599 Haec
2482 5545 2665 5607 verba,
2696 5560 2781 5597 cor
2807 5559 2994 5609 meum,
3023 5543 3338 5598 exciderant
3361 5544 3428 5597 ab
3453 5542 3579 5597 edit.
3616 5542 3783 5596 Duae.

2206 5624 2258 5667 et
2288 5615 2508 5695 Colon.,
2543 5615 2856 5685 legebantur
2908 5614 2960 5668 iu
3013 5613 3184 5684 Lugd.
3214 5623 3267 5669 ct
3329 5614 3461 5670 Lov.
3499 5623 3553 5668 et
3595 5612 3647 5667 in
3674 5612 3790 5666 Aut-

2206 5695 2439 5755 gusttuq.
