4026 6176
509 291 635 357 es;

1763 288 1819 345 S.
1862 286 2200 344 PROSPERI
2241 287 2566 355 AQUITANI

3685 292 3795 349 533

527 411 637 457 tem
682 399 905 471 glorias;
954 406 1013 456 ut
1038 399 1270 469 gemitus
1312 407 1650 453 verterentur
1672 397 1724 452 in
1772 397 1963 468 gaudia
1988 438 2003 464 ,
2053 405 2107 451 ct
2134 401 2179 456 Α
2212 406 2475 461 mentum,
2508 411 2680 465 neque
2702 410 2798 465 per
2819 395 3092 452 delectum
3129 400 3292 453 ullam
3342 395 3528 463 recipit
3563 397 3811 453 tnutahio

526 492 816 563 compedes
854 492 907 546 in
939 505 1188 545 coronas.
1237 490 1534 546 Solvuntur
1578 499 1758 544 autem
1798 490 1965 544 etiam
2009 487 2103 542 ﬁlii

526 582 1006 647 mortiﬁcatorum,
1040 582 1091 635 id
1118 590 1233 645 est,
1281 590 1610 650 martyrum,
1654 580 1744 648 qui
1786 580 1971 633 eadem
2023 579 2104 630 itt-

525 673 783 728 llammati
816 672 954 736 ﬁde,
986 673 1325 727 stecularium
1372 670 1721 739 cupiditatum
1772 669 1996 723 vinculis
2040 654 2135 721 li-I

523 762 695 817 berati
740 772 961 831 possunt
1004 760 1186 815 dicere
1211 801 1226 824 ,
1276 760 1555 827 Disrupisti
1600 761 1802 813 vincula
1831 776 1980 822 mea,
2014 761 2103 811 tibi

521 853 825 921 sacriﬁcabo
853 852 1073 906 hostium
1103 852 1276 905 laudis
1306 851 1478 922 (Psal.
1502 867 1632 917 cxv,
1659 853 1724 907 16
1748 863 1794 905 ct
1820 852 1932 920 l7).

593 944 613 1012 (
638 941 793 997 Vers.
820 940 952 1012 Ἡ.)
986 940 1052 996 Ut
1077 943 1410 996 annuntietur
1430 942 1485 995 in
1504 942 1631 996 Sion
1659 958 1839 994 nomen
1864 941 2095 1006 Damiui,

522 1041 572 1085 et
602 1032 715 1085 laus
748 1034 864 1101 eius
885 1033 937 1084 in
971 1030 1284 1087 Jerusalem.
1316 1030 1387 1086 Ut
1416 1032 1604 1085 solutis
1640 1032 1866 1085 vinculis
1914 1047 2072 1099 pecra

522 1130 726 1187 torum,
759 1122 923 1175 libera
960 1119 1199 1176 cbaritas
1229 1121 1430 1175 serviat
1473 1120 1585 1174 Deo
1606 1162 1621 1186 ,
1656 1128 1711 1174 et
1741 1122 1857 1174 l‘aus
1892 1120 2100 1174 Domini

521 1212 909 1280 multiplicetur
951 1212 1005 1267 in
1034 1211 1162 1267 Sion
1182 1252 1198 1277 ,
1232 1212 1282 1265 id
1314 1223 1430 1276 est,
1462 1213 1517 1265 itt
1564 1212 1817 1279 specula,
1849 1228 1967 1280 quae
2016 1221 2102 1289 est

524 1303 787 1369 Ecclesia,
813 1319 933 1373 qua:
976 1320 1080 1358 non
1131 1305 1415 1373 praesentia
1453 1303 1683 1371 diligens
1710 1343 1726 1369 ,
1778 1305 1872 1358 sed
1924 1305 2099 1358 futura

524 1394 858 1463 prospiciens
883 1433 899 1457 ,
930 1393 984 1448 in
1013 1409 1109 1463 spe
1142 1392 1558 1462 promissionum
1588 1393 1821 1447 laetatur.

591 1485 790 1556 (Vers.
818 1484 907 1538 25.
936 1484 954 1554 )
975 1483 1041 1538 In
1065 1473 1408 1540 convenientia
1437 1484 1655 1555 populos
1677 1485 1730 1537 in
1753 1500 1930 1550 unum,
1953 1492 1999 1538 et
2018 1500 2100 1539 re-

519 1591 642 1643 gna,
666 1583 723 1629 ut
744 1577 966 1629 serviant
991 1574 1238 1630 Domino.
1264 1575 1482 1629 Factum
1512 1584 1596 1629 est
1621 1576 1881 1644 sanguine
1898 1588 2100 1645 marty-

519 1680 638 1720 rum
670 1675 726 1720 et
752 1666 1037 1736 gemitibus
1067 1648 1496 1735 coinpeditorum
1522 1706 1536 1731 ,
1581 1675 1638 1720 ut
1674 1668 1941 1724 exauditis
1986 1669 2097 1721 illis

2213 487 2440 542 litatem.
2468 488 2740 542 Creatura:
2768 497 2970 552 autem,
2995 489 3154 542 etiam
3188 488 3293 542 illa:
3334 487 3527 557 quibus
3574 492 3800 543 :t-terni-

2212 584 2373 628 tatem
2400 575 2624 629 Creator
2652 576 2834 641 dedit,
2880 580 2961 631 vel
3001 578 3224 631 daturus
3264 588 3379 641 est,
3425 594 3531 631 non
3582 580 3803 645 penitus

2207 664 2472 717 carebunt
2496 664 2625 729 ﬁne,
2650 665 2775 719 dum
2808 668 2912 720 illis
2948 667 3069 719 ﬁnis
3105 677 3187 719 est
3221 668 3331 734 ipsa
3362 669 3412 719 in
3441 678 3798 736 augmentum

2208 753 2347 807 faeta
2380 756 2605 808 mutatio
2637 756 2897 824 (Sentent.
2927 758 3005 826 5).
3040 759 3103 810 Ει
3134 766 3275 811 terra
3315 774 3445 827 ergo
3469 801 3483 820 ,
3513 774 3672 828 quam
3705 771 3793 826 tu,

2210 844 2455 909 Domine,
2507 844 2765 911 fundasti,
2800 855 2855 900 et
2883 848 3027 911 cmli,
3066 848 3158 916 qni
3180 864 3339 916 opera
3374 859 3499 901 sunt
3531 865 3793 904 manuum

2207 944 2440 1003 tuarum,
2475 939 2611 991 sicut
2646 940 3024 993 vestimentum
3073 949 3127 993 et
3166 942 3500 1008 opertorium
3539 950 3795 996 veteras-

2204 1037 2330 1080 cent
2358 1038 2406 1080 et
2439 1029 2727 1096 peribunt:
2758 1044 2863 1082 non
2890 1041 2941 1081 ut
2975 1046 3077 1081 non
3106 1033 3234 1094 sint,
3259 1031 3352 1084 sed
3385 1037 3442 1082 ιιι
3469 1030 3624 1084 aliter
3639 1031 3789 1095 sint;

2205 1121 2492 1173 novatione
2506 1120 2713 1174 scilicet
2736 1102 3074 1185 substantia},
3094 1137 3198 1174 non
3221 1123 3528 1177 defectione
3553 1134 3785 1177 natum.

2206 1207 2282 1261 Tu
2313 1219 2491 1263 autem
2522 1211 2656 1263 idem
2682 1212 2789 1281 ipse
2808 1228 2882 1273 es,
2916 1227 3019 1267 nec
3046 1214 3112 1267 ab
3142 1213 3251 1266 alio
3278 1213 3330 1267 in
3368 1214 3512 1266 aliud
3540 1216 3735 1268 transis
3760 1233 3778 1278 ;

2202 1298 2323 1367 quia
2354 1309 2410 1353 tn
2434 1314 2493 1355 es
2519 1302 2607 1370 qui
2635 1316 2760 1356 vere
2780 1317 2859 1366 es,
2890 1311 2945 1357 et
2968 1304 3059 1372 qui
3086 1303 3139 1357 in
3160 1304 3330 1372 gloria
3363 1314 3449 1356 tua
3480 1319 3579 1359 nec
3609 1305 3787 1359 minor

2202 1402 2357 1460 potes
2408 1408 2567 1456 esse,
2611 1409 2714 1448 nec
2767 1394 2975 1463 major;
3031 1396 3163 1449 dans
3206 1395 3328 1448 liliis
3355 1410 3634 1449 servorum
3666 1407 3779 1449 tuo-

2202 1498 2353 1547 rum,
2391 1493 2449 1537 ut
2477 1484 2544 1538 ad
2586 1501 2692 1539 non
2723 1486 3041 1542 deﬁcientes
3085 1503 3256 1541 annos
3281 1500 3401 1542 tuos
3422 1488 3634 1542 valeant
3660 1502 3780 1557 per—

2202 1574 2411 1628 venire.

2277 1666 2469 1733 (Vers.
2509 1668 2643 1738 29.)
2676 1668 2805 1723 Filii
2847 1686 3105 1724 servorum
3151 1680 3350 1725 tuorum
3385 1670 3777 1737 inhabitabant,

518 1757 613 1826 qui
658 1766 815 1812 erant
856 1758 908 1812 in
969 1758 1255 1828 gemitibus
1283 1767 1338 1813 et
1382 1774 1632 1827 pressura
1658 1800 1672 1823 ,
1719 1760 1857 1814 hanc
1900 1761 2096 1815 nostris
2127 1758 2171 1817 B
2200 1756 2247 1809 et
2273 1774 2441 1811 scuten
2466 1774 2642 1812 eorum
2662 1763 2715 1813 in
2737 1764 2979 1815 sicculum
3021 1764 3289 1833 dirigetur.
3332 1763 3450 1816 Filii
3501 1777 3781 1816 servorum

518 1848 854 1916 temporibus
885 1848 1105 1903 haberet
1158 1848 1399 1903 Ecclesia
1444 1850 1782 1910 libertatem.
1831 1867 1932 1919 qua
1983 1866 2100 1904 om-

521 1939 668 1997 nium
696 1942 936 2010 gentium
961 1943 1140 2011 populi
1164 1942 1218 1994 in
1248 1941 1374 1995 ﬁdei
1404 1953 1595 1995 coeant
1623 1945 1899 2010 unitatem,
1931 1954 1987 1997 et
2016 1958 2102 1996 re-

518 2046 623 2100 gna
652 2048 771 2101 qua:
814 2035 1275 2102 persequebantur
1321 2033 1675 2101 Christianos,
1723 2036 1851 2104 jngo
1896 2034 2098 2089 Christi

519 2123 764 2191 subjecta
789 2124 913 2177 sint.

593 2215 774 2283 (Vers.
795 2213 912 2285 ει.)
937 2213 1219 2284 Respondit
1241 2216 1287 2267 ei
1307 2214 1360 2267 in
1380 2216 1459 2267 via
1484 2215 1801 2281 fortitudinis
1821 2228 1945 2268 suta.
1974 2214 2099 2269 Sive

521 2306 678 2368 Sion,
705 2307 821 2361 sive
846 2307 1170 2370 Jerusalem,
1202 2322 1322 2375 quae
1349 2316 1432 2361 est
1465 2308 1703 2361 Ecclesia
1722 2347 1736 2369 ,
1768 2308 1819 2360 in
1845 2324 1945 2375 qua
1985 2307 2100 2360 laus

524 2396 740 2449 Domini
768 2396 1116 2462 celebratur,
1162 2398 1440 2465 respondit
1469 2398 1555 2461 ei,
1595 2414 1754 2466 quem
1799 2414 1893 2466 per
1940 2398 2099 2450 tidem

522 2484 728 2549 laudat,
757 2500 853 2554 per
888 2500 1038 2554 spem
1063 2525 1079 2551 ,
1127 2502 1221 2554 per
1259 2487 1604 2541 charitatetn.
1653 2486 1787 2540 Nam
1832 2488 2098 2541 vocationi

522 2574 641 2644 ejus
671 2576 1003 2644 respondere
1023 2617 1038 2641 ,
1091 2585 1174 2630 est
1208 2576 1433 2631 credere
1475 2587 1636 2643 atque
1666 2579 1916 2641 obedire,
1962 2587 2017 2633 et
2048 2580 2099 2632 in

526 2667 810 2736 prteceptis
835 2668 1001 2735 ipsius
1029 2667 1330 2722 ambulare.
1362 2666 1427 2719 In
1461 2669 1542 2721 ria
1573 2669 1894 2739 fortitudinis
1915 2684 1935 2722 :
1978 2670 2100 2737 quia

520 2756 739 2827 abipso
762 2768 846 2812 est
876 2771 928 2810 ut
972 2770 1348 2827 perseveretur
1394 2761 1536 2813 inter
1581 2774 1769 2812 omnes
1817 2760 2102 2815 illecebras

520 2858 575 2903 et
622 2850 853 2903 labores.
916 2848 1266 2918 Exiguitatem
1324 2850 1529 2901 dierum
1566 2864 1800 2901 meorum
1846 2851 2102 2901 annuntio

522 2938 670 2991 mihi.
721 2938 990 3007 Exiguum
1030 2946 1115 2993 est
1156 2953 1314 2993 omne
1358 2938 1499 3005 quod
1540 2938 1722 2991 linitur
1765 2949 1819 2993 et
1868 2939 2099 3005 transit;

521 3029 630 3083 vita
681 3031 826 3083 enim
876 3029 1188 3098 temporalis
1234 3030 1287 3082 in
1328 3031 1735 3096 comparatione
1782 3029 2100 3084 aeternitatis

2204 1847 2321 1911 Dei,
2354 1859 2479 1903 sunt
2508 1850 2603 1904 lilii
2626 1851 2913 1919 iustorum,
2948 1852 3039 1906 ﬁlii
3070 1854 3517 1923 patriarcharum,
3550 1852 3782 1922 prepbe-

2204 1952 2399 2005 turum,
2440 1944 2833 2009 apostolorum,
2880 1955 2935 1998 et
2980 1955 3313 2015 martyrum;
3363 1946 3457 1999 ﬁlii
3507 1952 3782 2012 postremo

2202 2030 2368 2088 totius
2415 2032 2703 2100 Ecclesiae,
2764 2049 2884 2099 qua}
2929 2049 3124 2103 corpus
3153 2048 3237 2089 est
3268 2034 3507 2099 Christi,
3557 2044 3615 2087 et
3662 2049 3779 2103 qua:

2203 2129 2371 2174 mater
2418 2131 2501 2175 est
2551 2124 2786 2175 omnium
2841 2134 3089 2192 patrum,
3140 2125 3493 2190 omniumque
3548 2123 3780 2175 ﬁliorum

2205 2210 2433 2277 (Eli/“’8-
2464 2212 2640 2277 V.33;
2670 2214 2785 2267 Gal.
2812 2230 2887 2277 tv,
2928 2215 3043 2284 96).
3094 2215 3157 2269 ιιι
3206 2230 3337 2283 ergo
3380 2216 3432 2268 in
3479 2214 3785 2268 aeternitate

2202 2314 2465 2355 annorum
2498 2304 2589 2357 Dei
2621 2304 2961 2369 bahitabunt,
2998 2314 3051 2358 et
3085 2318 3271 2359 semen
3308 2320 3497 2359 eorum
3543 2305 3596 2356 in
3626 2316 3784 2359 ater-

2203 2406 2331 2448 ttum
2359 2391 2643 2460 dirigetur.
2673 2395 2870 2449 Semen
2903 2404 3083 2448 autem
3121 2410 3309 2448 eorum
3342 2404 3488 2448 recte
3527 2390 3781 2459 intelligi-

2204 2490 2291 2555 tur
2315 2496 2449 2549 opus
2474 2482 2697 2550 justitiaz
2732 2484 2973 2549 ipsorum
2993 2529 3007 2553 ,
3033 2486 3174 2555 quod
3206 2485 3370 2539 debet
3422 2497 3781 2550 unutnquem~

2202 2586 2308 2638 que
2338 2573 2681 2640 praecedere:
2726 2575 2985 2642 quoniam
3039 2576 3280 2630 sterilem
3310 2585 3365 2629 et
3391 2573 3781 2628 infructuosum

2204 2660 2291 2714 illa
2323 2662 2640 2717 arternitatis
2668 2663 2945 2718 beatitudo
2976 2680 3081 2719 non
3114 2666 3322 2735 recipit.

2758 2755 3074 2810 PSALMUS
3109 2755 3220 2810 Cll.

2274 2840 2475 2913 (Vers.
2520 2843 2622 2913 1.)
2671 2843 2929 2909 Benedic,
2974 2847 3151 2899 anima
3192 2863 3327 2909 mea,
3373 2844 3693 2898 Dominum:
3733 2855 3778 2896 et

2203 2934 2376 2987 omnia
2406 2935 2647 2988 interiora
2688 2952 2798 2987 mea
2848 2952 3033 2989 nomen
3085 2947 3319 2991 sanctum
3349 2940 3479 3007 ejus.
3512 2936 3647 2989 Tota
3679 2936 3778 2990 Ec-

2204 3024 2370 3079 clesia
2396 3040 2519 3079 cum
2542 3040 2641 3078 suo
2667 3028 2864 3095 capite,
2898 3028 3040 3095 quod
3068 3037 3153 3083 est
3180 3028 3430 3083 Christus
3453 3028 3675 3097 (Ephes.
3722 3043 3777 3089 ν,

524 3121 713 3189 exigua
742 3129 854 3173 est:
887 3120 1044 3187 cujus
1064 3120 1181 3173 dies
1205 3120 1326 3173 ideo
1352 3117 1496 3171 sini“
1519 3121 1821 3174 annnntiari
1842 3119 2083 3174 Ecclesia
2123 3115 2170 3179 C
2198 3116 2323 3185 25),
2353 3133 2492 3172 unus
2524 3127 2609 3172 est
2654 3118 2851 3171 homo:
2894 3119 3051 3187 cujus
3102 3120 3375 3188 preprium
3408 3120 3649 3174 ofﬁcium
3699 3108 3782 3175 esi

527 3211 778 3278 postulat,
803 3221 857 3265 ut
887 3212 1099 3266 noverit
1139 3226 1199 3265 se
1239 3225 1409 3280 usque
1448 3211 1500 3264 in
1544 3212 1706 3266 ﬁnem
1752 3214 1934 3267 sa'cnli
1977 3229 2098 3268 esse

524 3316 854 3366 mansuram,
882 3302 1056 3356 donec
1075 3303 1293 3355 veniant
1324 3302 1397 3353 illi
1423 3301 1540 3355 dies
1560 3304 1651 3370 qui
1683 3318 1782 3357 nec
1812 3318 2096 3358 numerum

528 3392 777 3460 poterunt
806 3390 1025 3456 habere,
1048 3391 1077 3430 ι’
1107 3406 1206 3444 nec
1237 3392 1545 3445 terminum.

596 3480 797 3551 (Vers.
827 3481 918 3535 25.
951 3482 970 3551 )
1006 3480 1089 3534 Ne
1126 3497 1324 3533 revoces
1369 3497 1448 3533 me
1495 3482 1549 3533 in
1591 3481 1858 3534 dimidium
1900 3484 2099 3537 dierum

526 3588 777 3625 meorunt.
800 3571 916 3626 Non
943 3572 1350 3635 imminuantur,
1384 3573 1573 3639 inquit,
1598 3572 1714 3626 dies
1737 3574 1874 3638 mei,
1901 3590 2100 3643 quous-

520 3680 627 3733 que
656 3665 711 3718 in
740 3666 1268 3719 consummationem
1308 3665 1495 3718 saeculi
1527 3667 1861 3735 spopondisti
1888 3685 1901 3720 :
1928 3670 2100 3723 donec

523 3755 799 3825 plenitudo
826 3758 1066 3825 gentiunt
1093 3758 1326 3809 introeat
1353 3756 1531 3824 (Rom.
1564 3771 1645 3819 at,
1672 3755 1763 3827 25)
1788 3798 1803 3821 ,
1844 3770 1899 3811 et
1920 3760 2098 3815 omnis

520 3847 683 3902 Israel
711 3846 886 3901 salvus
923 3848 1032 3900 ﬁat.
1060 3845 1124 3898 In
1153 3846 1480 3915 generatione
1500 3854 1547 3898 et
1570 3849 1945 3916 generationem
1976 3850 2099 3902 anni

519 3937 616 3989 tui.
662 3935 747 3990 Ab
793 3936 947 3989 initio
997 3950 1165 4004 usque
1199 3935 1267 3988 ad
1313 3938 1834 3990 consummationem
1883 3948 2099 3995 sanctos

520 4026 618 4081 Dei
648 4028 862 4081 diversa
886 4029 1106 4092 saecula,
1136 4027 1272 4079 alios
1299 4035 1351 4079 et
1378 4028 1513 4079 alios
1543 4030 1873 4093 protulerant
1901 4048 1913 4081 :
1959 4048 2098 4098 quo-

518 4133 637 4172 rum
664 4117 975 4187 justiﬁcatio
1015 4133 1119 4170 non
1161 4116 1374 4169 est'nisi
1417 4116 1468 4169 in
1497 4118 1744 4183 Christo,
1794 4120 1958 4190 378
2006 4137 2099 4189 per

517 4222 679 4276 quem
701 4209 939 4261 omnium
963 4206 1374 4275 generationum
1396 4221 1497 4259 una
1520 4210 1796 4274 generatio
1816 4220 1919 4276 est,
1937 4227 2095 4277 quant

518 4298 666 4351 Deus
715 4297 1031 4351 :eternitatis
1078 4296 1203 4350 facit
1232 4312 1353 4350 esse
1390 4299 1744 4367 participem:
1795 4310 1853 4353 ιιι
1895 4303 2098 4369 absque

517 4387 938 4442 commutatione
964 4388 1035 4441 sit
1056 4388 1234 4441 omnia
1259 4390 1310 4439 in
1342 4389 1593 4440 omnibus
1623 4388 1667 4459 (l
1699 4387 1817 4441 Cor.
1858 4407 1941 4455 xv,
1979 4392 2092 4461 9.5).

2204 3208 2257 3261 in
2285 3211 2430 3261 omni
2454 3216 2696 3278 tempore
2716 3209 3038 3265 benedicere
3061 3210 3366 3275 Dominum,
3390 3225 3555 3279 seque
3583 3215 3637 3265 in
3668 3213 3782 3265 lau-

2201 3298 2324 3353 dem
2379 3298 2515 3367 ejus,
2548 3314 2707 3367 quem
2735 3316 2799 3353 ex
2848 3307 2961 3353 tota
2993 3300 3189 3354 virtute
3221 3315 3319 3354 sna
3338 3300 3532 3371 diligit,
3582 3301 3784 3356 cohor-

2202 3389 2327 3443 tari.
2358 3387 2620 3445 Interiora
2649 3400 2827 3442 autem
2871 3390 2990 3457 eius
3034 3398 3159 3442 sunt
3194 3390 3335 3444 ratio
3386 3390 3780 3459 intelligentiae,

2201 3492 2326 3547 spes
2350 3479 2492 3542 ﬁdei,
2526 3479 2801 3532 humilitas
2831 3480 3063 3546 timoris,
3097 3480 3359 3534 fortitudo
3388 3481 3700 3546 eharitatis;
3726 3489 3784 3535 et

2201 3570 2245 3623 si
2276 3585 2396 3637 qua:
2421 3580 2549 3623 sunt
2574 3570 2693 3623 alite
2741 3570 3055 3624 affectiones
3088 3571 3283 3640 quibus
3325 3578 3480 3627 mens
3509 3574 3563 3627 in
3604 3572 3781 3627 admi-

2201 3661 2463 3716 rationem
2495 3663 2575 3716 sni
2601 3664 2840 3715 auctoris
2866 3664 3111 3731 erigitur.

2272 3757 2290 3822 (
2316 3755 2468 3809 Vers.
2501 3756 2582 3825 2.)
2616 3755 2859 3823 Benedic,
2884 3760 3057 3810 anima
3077 3774 3206 3825 mea,
3235 3757 3545 3811 Dominum:
3587 3769 3638 3811 et
3673 3760 3782 3812 noli

2200 3845 2429 3899 obliuisci
2456 3862 2628 3900 omnes
2662 3847 3014 3901 retributiones
3052 3851 3186 3918 cjns.
3234 3848 3427 3902 lterata
3470 3847 3782 3903 etibortalio

2200 3935 2381 3999 docet,
2433 3951 2721 4004 numquam
2767 3952 2794 3988 a
2856 3937 2948 3990 Dei
3006 3936 3381 3991 benedictione
3432 3937 3776 3991 cessandum.

2201 4027 2315 4081 Erit
2342 4038 2521 4080 antem
2564 4041 2911 4096 perseverans
2935 4028 3097 4097 379
3123 4027 3446 4088 benedictio,
3470 4028 3513 4080 si
3554 4028 3781 4081 retribu-

2202 4119 2407 4170 tionnm
2437 4117 2555 4183 ejus
2592 4118 2734 4171 nulla
2776 4133 3025 4184 umquam
3074 4118 3332 4186 subrepat
3380 4117 3603 4171 oblivio.
3648 4118 3779 4183 Quae

2204 4207 2590 4261 retributiones
2636 4224 2741 4259 non
2789 4210 3081 4260 secundum
3131 4209 3318 4261 merita
3372 4206 3605 4261 humana
3654 4215 3779 4261 sunt

2202 4298 2374 4351 factm.
2422 4296 2554 4351 Nam
2584 4296 2858 4350 damnatio
2885 4296 3259 4365 peccatoribus
3305 4296 3642 4353 debebatur:
3682 4297 3777 4349 sed

2200 4389 2367 4453 gratia
2400 4387 2637 4456 praestita
2667 4397 2747 4439 est
2775 4389 2951 4450 mulis,
2981 4397 3035 4439 et
3057 4388 3200 4439 salus
3234 4386 3473 4453 perditis.
3511 4386 3778 4452 Quoniam

589 4477 781 4545 (Vers.
812 4479 911 4542 26,
950 4479 1018 4531 9.7
1038 4517 1055 4544 ,
1086 4478 1202 4546 23.)
1254 4475 1521 4545 Principio
1542 4519 1558 4543 ,
1601 4476 1823 4533 Domine
1846 4520 1859 4543 ,
1908 4492 2095 4536 terram
2128 4475 2173 4532 D
2206 4478 2371 4531 Filius
2401 4478 2623 4529 hominis
2652 4477 2782 4530 venit
2813 4492 3039 4545 qurere-re
3074 4486 3119 4529 et
3164 4478 3361 4529 salvare
3390 4478 3526 4545 quod
3558 4477 3781 4543 perierat

515 4570 766 4639 fundasti,
793 4582 839 4624 et
861 4588 1015 4642 opera
1039 4590 1283 4627 manuum
1304 4584 1509 4626 tuarum
1540 4584 1661 4627 sunt
1690 4577 1822 4629 caeli.
1862 4574 1977 4641 Ipsi
2007 4595 2095 4647 pe-

513 4662 707 4728 ribunt,
733 4670 787 4714 tu
820 4672 987 4715 autem
1023 4680 1308 4734 permanes,
1357 4674 1405 4718 et
1434 4681 1608 4718 omnes
1648 4666 1779 4719 sicut
1826 4670 2095 4721 uestimen-

514 4761 625 4804 tum
662 4761 986 4816 vetcrasccnt,
1026 4761 1072 4804 et
1113 4755 1242 4806 sicut
1285 4756 1599 4824 opertorium
1636 4756 1852 4809 mutubis
1894 4774 2000 4823 eos,
2047 4768 2094 4810 et

512 4844 882 4900 mutabuntur:
912 4852 966 4895 tu
1010 4844 1145 4896 idem
1187 4846 1297 4913 ipse
1333 4862 1406 4910 es,
1455 4856 1503 4900 et
1547 4850 1671 4901 anni
1711 4849 1785 4901 tui
1822 4866 1922 4902 non
1962 4850 2095 4918 deﬁ-

510 4935 663 4988 cient.
708 4934 844 4989 Vera
866 4935 1168 4997 'aeternitas,
1200 4942 1255 4989 et
1278 4952 1403 4990 vera
1433 4936 1810 4993 immortalitas
1843 4956 1947 4994 non
1981 4950 2085 5007 est,

513 5023 619 5077 nisi
650 5023 704 5078 in
749 5024 957 5079 Deitate
987 5023 1299 5088 Trinitatis,
1341 5026 1427 5077 cui
1458 5028 1599 5094 quod
1647 5040 1731 5081 est
1781 5044 1924 5094 esse,
1968 5047 2091 5099 per-

512 5118 731 5184 petuum
762 5123 846 5170 est
869 5132 883 5168 :
909 5126 959 5169 et
984 5129 1156 5183 neque
1185 5129 1275 5183 per
1306 5115 1545 5181 initium,
1569 5134 1741 5187 neque
1771 5136 1864 5187 per
1911 5121 2088 5175 incre-

584 5260 611 5289 ⁸
640 5252 729 5307 Sic
756 5265 1009 5307 exeusnm
1033 5251 1258 5313 legimus
1287 5248 1342 5303 in
1366 5251 1759 5304 recentioribus
1781 5251 2097 5316 codicibus,

514 5338 634 5376 cum
659 5322 923 5377 editiones
954 5334 1166 5375 veteres
1194 5334 1421 5386 quatuoi-
1450 5321 1554 5371 illa:
1582 5322 1691 5387 jam
1725 5336 1867 5387 Stl'pe
1906 5325 2082 5374 citata:

516 5392 749 5447 habt-aut
772 5398 1110 5457 anmmtiare;
1140 5394 1317 5444 minus
1346 5406 1602 5455 congrue,
1633 5402 1687 5443 ut
1720 5392 1954 5443 videtur.
1976 5390 2085 5443 An-

515 5463 758 5532 gustinns
780 5467 921 5515 enim
945 5472 1179 5516 enarrat.
1202 5462 1258 5532 9..
1276 5463 1324 5515 in
1360 5461 1510 5532 hunc
1526 5460 1773 5532 eumdem
1796 5465 2083 5523 psalmum,

514 5528 661 5584 ῐτιιιιι.
691 5532 747 5595 9,
774 5533 920 5591 dicit,
949 5532 1141 5598 Qutcrit
1170 5548 1201 5583 α
1224 5530 1331 5585 Β(νο
1362 5528 1640 5602 (Ecclesia)
1674 5540 1726 5582 ut
1755 5531 2086 5599 exiguitatem

516 5601 712 5652 dierum
741 5617 950 5653 suorum
980 5604 1247 5655 annuntirt
1275 5603 1389 5654 sibi.

585 5669 613 5708 δ
663 5669 793 5725 Editi
818 5687 1006 5727 omnes
1035 5673 1086 5726 in
1121 5672 1360 5735 margine
1381 5672 1621 5727 indicant
1665 5669 1824 5726 aliter
1873 5670 1981 5736 legi
2025 5670 2076 5723 ιιι

2202 4569 2351 4637 (Luc.
2386 4584 2497 4631 xu,
2538 4568 2629 4637 10)
2652 4584 2671 4631 ;
2696 4577 2743 4620 et
2774 4583 2873 4620 non
2903 4569 3033 4620 venit
3064 4583 3243 4621 uocare
3264 4570 3456 4636 justas,
3480 4566 3571 4619 sed
3600 4582 3774 4634 pecca-

2196 4670 2327 4715 tores
2357 4657 2510 4728 (an.
2542 4676 2604 4721 v,
2638 4659 2751 4728 5‘2),
2802 4659 3213 4713 Benedit'endus
3256 4675 3384 4726 ergo
3424 4670 3504 4711 est
3545 4659 3636 4727 qni
3670 4675 3772 4711 non

2195 4753 2370 4806 solum
2404 4766 2508 4804 non
2539 4752 2724 4818 plectit
2753 4751 2961 4814 malos,
2992 4750 3084 4805 sed
3120 4752 3281 4805 etiam
3315 4750 3450 4804 bona
3492 4764 3588 4818 pro
3620 4748 3774 4802 malis

2196 4844 2394 4908 reddit,
2429 4853 2482 4896 et
2511 4843 2684 4895 bonos
2714 4843 2860 4895 facit.

2268 4937 2448 5003 (\‘ers.
2481 4933 2535 4996 5,
2566 4933 2619 4999 4,
2654 4934 2734 5003 5.)
2767 4933 2869 4996 Qui
2912 4933 3163 5003 propitius
3193 4944 3213 4971 ε
3244 4933 3301 5002 ﬁl
3323 4931 3558 4985 omnibus
3586 4931 3770 4999 iniqui-

2197 5025 2385 5079 tatibus
2418 5025 2539 5086 luis,
2570 5023 2658 5093 qui
2683 5034 2827 5076 sanat
2856 5038 3024 5075 omnes
3053 5023 3329 5093 languores
3376 5035 3509 5074 tuos.
3555 5020 3657 5085 Qui
3696 5035 3771 5072 re-

2196 5120 2351 5172 dimet
2378 5120 2443 5171 de
2478 5116 2802 5186 corruptione
2841 5115 2996 5169 vitam
3043 5124 3215 5182 tuam,
3254 5116 3342 5185 qui
3378 5122 3591 5167 coronat
3638 5122 3686 5167 te
3721 5112 3770 5165 in

2191 5254 2307 5306 aliis
2335 5250 2506 5311 libris,
2540 5248 2767 5311 scilicet,
2802 5266 2895 5302 nec
2922 5249 3176 5302 imminui.

2266 5333 2288 5361 θ
2321 5321 2524 5375 Omnes
2555 5320 2842 5382 editiones,
2876 5320 3129 5388 propitius
3156 5318 3273 5388 fuit.
3303 5316 3372 5370 At
3396 5317 3446 5368 in
3468 5316 3763 5388 explicatio-

2194 5408 2260 5445 ne
2288 5391 2442 5455 paulo
2472 5396 2610 5453 post,
2639 5387 2889 5457 prapitius
2933 5390 3020 5448 sit.
3055 5387 3192 5443 forte
3222 5402 3449 5454 ntroqne
3481 5387 3617 5457 loco
3654 5402 3761 5457 pro.

2190 5454 2449 5532 propitius
2473 5459 2566 5532 fit;
2598 5454 2657 5511 ιιι
2684 5454 2821 5526 apud
2849 5461 3207 5532 Augustinum
3235 5458 3448 5532 legitur.
3481 5454 3690 5532 _Ubiiof
3713 5466 3765 5532 ξι.

2195 5523 2298 5595 Οιιί
2324 5523 2549 5588 redimit.
2588 5545 2683 5594 pro
2712 5523 2777 5582 eo
2809 5523 2955 5594 quod
2972 5527 3184 5583 codices
3207 5523 3379 5582 nostri
3410 5526 3613 5579 habent
3640 5523 3769 5573 retii-

2193 5611 2311 5669 met,
2346 5598 2737 5656 recentioribus
2769 5598 3025 5667 exceptis.
