4026 6176
228 317 325 372 285

1019 319 1436 378 PSALMOBUM
1479 323 1517 373 Α
1550 319 1591 376 C
1633 319 1721 371 AD
1759 317 1842 371 (2L
1884 317 2262 375 EXPOSITIO.
2304 318 2497 375 PSAL.
2537 320 2644 377 Cll.

3359 330 3465 387 236

224 428 527 484 miseratione
555 439 601 483 et
628 431 994 483 misericordia.
1046 433 1148 498 Qui
1175 434 1328 484 satiat
1368 434 1420 484 in
1450 430 1593 483 bonis
1640 430 1775 481 desi-
1809 434 1851 489 Α
1884 428 2035 480 nimis
2061 436 2107 481 et
2133 430 2307 483 multa:
2334 431 2717 485 misericordite.
2752 430 2890 498 Quid
2927 440 3034 487 tam
3066 433 3460 505 longanimum,

220 523 405 573 derium
432 528 573 573 tuum
598 536 617 573 :
653 520 972 573 renovabitur
1013 526 1141 573 sicut
1199 523 1386 589 aquin
1403 522 1643 591 juventus
1671 528 1777 571 tua.

220 612 550 665 Enumeratio
575 613 985 665 retributionutn
1009 613 1099 666 Dei
1124 614 1359 666 ostendit
1378 629 1470 680 per
1496 626 1630 679 quos
1654 626 1778 678 gra-

212 704 302 755 dus
326 701 504 768 gratia:
524 702 700 754 anima
733 701 965 755 humana
994 704 1250 755 salvetur.
1284 704 1383 765 Qui
1417 704 1669 767 prapilt'us
1694 702 1773 767 ﬁt,

213 792 391 860 inquit,
420 792 656 845 omnibus
685 793 1039 861 iniquitatibus
1068 796 1189 845 tuis.
1220 793 1332 845 Non
1362 795 1437 844 ait
1458 833 1473 857 ,
1514 792 1775 846 Omnibus

214 881 482 935 rirtutibus
506 883 649 939 tuis:
681 897 801 951 quae
831 884 1014 949 utique
1050 883 1212 935 nulla:
1250 882 1301 935 ei
1350 882 1624 946 inessent,
1671 881 1772 934 nisi

212 974 350 1027 tieret
370 974 620 1029 remissio
665 983 1029 1044 peccatorum.
1062 975 1192 1038 Quae
1244 990 1310 1027 ne
1352 990 1537 1027 rursus
1576 988 1770 1027 exsur-

210 1070 336 1129 gant,
366 1061 556 1127 Sanat,
588 1064 782 1131 inquit,
814 1079 984 1115 omnes
1024 1062 1293 1132 languores
1339 1073 1474 1116 tuos.
1522 1062 1621 1127 Qui
1678 1077 1771 1115 au-

211 1162 302 1204 tem
330 1151 567 1206 suntisti
599 1150 906 1222 languores,
958 1151 1062 1205 nisi
1099 1152 1548 1219 concupiscentia;
1590 1152 1767 1216 malai,

210 1242 459 1298 desideria
480 1244 738 1308 carnalia,
770 1252 826 1298 et
856 1243 1026 1298 morbi
1057 1245 1294 1297 omnium
1327 1244 1623 1297 vanitatum
1644 1244 1668 1296 ?
1693 1244 1768 1297 De

209 1335 630 1401 quacorruptione
650 1333 932 1388 redimitur
946 1334 1053 1387 vita
1085 1334 1421 1386 infirmorum
1450 1350 1466 1388 ι
1495 1334 1617 1400 quia
1648 1348 1769 1386 cor-

209 1437 292 1490 pus
331 1424 521 1478 mortis
561 1433 762 1478 nostra:
796 1439 995 1486 corpus
1036 1423 1233 1478 factum
1284 1424 1561 1492 estipsius
1603 1424 1764 1488 vitae,

209 1524 257 1567 ut
277 1523 559 1569 emanaret
580 1528 680 1568 nos
708 1515 761 1567 in
788 1515 1112 1568 miseratione
1134 1524 1184 1568 et
1212 1515 1560 1567 misericordia
1580 1529 1599 1567 :
1626 1516 1766 1569 sicut

206 1606 441 1675 scriptum
481 1616 583 1670 est,
614 1607 891 1659 dliserebor
915 1607 999 1659 cui
1030 1608 1269 1659 misertus
1309 1623 1432 1672 ero;
1476 1617 1523 1659 et
1568 1608 1765 1661 miseri-

204 1696 409 1749 cordiam
442 1699 709 1768 prwstabo,
740 1702 823 1750 cui
844 1699 1246 1752 misericordiam
1271 1699 1550 1767 priestitero
1579 1698 1758 1768 (Rom.

204 1799 265 1850 ut,
292 1786 373 1857 15)
400 1805 415 1839 :
444 1798 499 1841 ut
520 1790 901 1858 intelligamus,
935 1805 1031 1858 per
1046 1791 1289 1845 eamdem
1336 1782 1838 1845 misericordiam'B

204 1875 302 1931 dari
328 1892 560 1933 coronas
584 1881 921 1947 meritorum,
946 1896 1041 1949 per
1064 1897 1224 1949 quam
1252 1881 1374 1934 data
1415 1890 1539 1935 sunt
1570 1866 1758 1935 merita

204 1982 527 2025 coronarum.
564 1973 765 2027 Deinde
792 1973 1029 2028 additur.
1067 1973 1170 2040 Qui
1199 1976 1351 2026 satiat
1382 1976 1434 2027 in
1460 1976 1604 2028 bonis
1627 1976 1762 2028 desi-

203 2058 378 2114 derium
406 2072 567 2116 tuum.
609 2063 704 2115 llis
751 2064 894 2116 enim
941 2064 1311 2117 curationibus
1364 2065 1623 2133 perducta
1680 2065 1763 2117 est

203 2151 355 2204 anima
393 2151 463 2205 ad
487 2152 754 2206 desideria
778 2154 939 2219 bona,
970 2163 1025 2206 ut
1068 2155 1265 2219 spretis
1292 2164 1345 2208 et
1377 2154 1602 2223 abjrctis
1645 2169 1761 2208 car-

203 2242 392 2297 nalibus
422 2252 584 2311 atque
634 2245 887 2308 terrenis,
940 2244 1200 2311 Spiritalia
1250 2259 1301 2297 et
1358 2245 1601 2300 cmlestia
1633 2259 1760 2297 con-

202 2333 417 2400 cupiscat
446 2352 458 2385 :
491 2335 747 2403 quoniam
776 2335 923 2388 Beati
947 2335 1035 2401 qui
1062 2336 1292 2387 esuriunt
1327 2336 1607 2406 justitiam,
1639 2335 1760 2403 quia

204 2418 287 2483 ipsi
303 2420 641 2472 satiabuntur
667 2418 877 2487 (Matth.
904 2434 954 2483 γ,
978 2418 1054 2485 6).
1086 2418 1438 2472 Renovabitur
1467 2436 1597 2491 ergo
1622 2424 1754 2475 sicut

204 2509 372 2578 aquila:
412 2511 661 2578 juventus
707 2518 830 2574 tua,
882 2509 987 2563 hoc
1032 2517 1139 2573 est,
1179 2526 1210 2563 a
1259 2519 1526 2566 vetustate
1568 2513 1621 2565 in
1656 2528 1756 2566 no—

199 2596 395 2650 vitatem
425 2640 441 2665 ,
488 2609 543 2651 et
569 2600 620 2652 in
643 2599 920 2667 juventam
950 2616 979 2653 a
1003 2610 1281 2656 senectute
1312 2604 1607 2657 imitaberis
1639 2621 1653 2653 :
1690 2605 1757 2658 ad

196 2685 580 2742 similitudinem
617 2690 832 2759 aquilae,
864 2706 985 2759 qua:
1022 2691 1283 2759 depositis
1332 2694 1430 2747 alis
1474 2702 1757 2764 rostroque

195 2787 404 2844 mutato,
439 2779 491 2832 in
519 2795 688 2833 novas
716 2797 857 2834 Vtres
888 2783 1131 2836 redivivo
1176 2784 1355 2849 vigore
1392 2785 1718 2851 iuvenescit.

252 2868 427 2935 (Vers.
457 2872 537 2940 6.)
567 2871 787 2926 Faciens
812 2875 1189 2928 misericordias
1215 2876 1484 2946 Dominus,
1537 2889 1584 2931 et
1618 2880 1756 2943 iudi-

194 2958 309 3011 ciuin
334 2961 414 3014 Itis
435 2964 524 3031 qui
554 2965 801 3035 injuriam
822 2966 1101 3037 accipiunt.
1124 2966 1283 3021 Novit
1308 2968 1589 3034 Dominus,
1614 2970 1754 3038 quod

192 3046 239 3101 in
262 3050 352 3105 hac
378 3052 490 3105 vita
522 3055 666 3107 servi
684 3054 851 3123 ipsius
879 3057 1151 3111 laboribus
1180 3057 1501 3128 injuriisque
1521 3060 1751 3129 subjecti

1886 519 2009 587 quid
2045 528 2148 572 tam
2174 521 2450 574 abundans
2482 533 2503 561 ε
2538 538 2695 591 quam
2725 523 2894 589 Deus,
2928 523 3020 593 qui
3054 525 3106 577 in
3154 529 3460 582 misericor-

1884 609 1966 661 dta
1990 610 2116 678 Pluit
2139 627 2294 677 super
2314 612 2484 676 justas
2514 623 2557 664 et
2584 614 2819 683 injustas,
2866 625 2913 667 et
2941 614 3097 666 solem
3140 632 3288 668 suum
3333 620 3459 670 oriri

1882 699 2005 767 facit
2048 715 2201 764 super
2240 700 2396 753 bonos
2436 710 2483 754 et
2532 705 2692 756 malos
2720 704 2737 771 (
2770 702 2960 756 Matth.
3004 720 3052 758 ν.
3096 704 3165 760 45
3192 708 3256 774 )‘l
3283 708 3460 764 Parcit

1878 800 2237 859 contemptus,
2266 794 2437 860 parcit
2468 805 2713 863 negatus,
2746 806 2799 849 et
2830 798 3032 850 mavult
3060 800 3219 851 vitam
3268 816 3457 867 pecca-

1878 882 2012 932 toris
2038 897 2195 949 quam
2226 893 2476 937 mortem.
2509 885 2770 949 Quoniam
2799 888 2976 940 omnis
3027 889 3303 957 longitudo
3362 906 3455 959 pa-

1878 970 2077 1025 tientia:
2117 971 2267 1038 ejus,
2318 974 2555 1027 eruditio
2599 985 2682 1029 est
2728 978 3112 1043 plenitudinis,
3157 990 3208 1033 et
3253 980 3454 1036 oblatio

1874 1060 2233 1115 correctionis
2260 1078 2272 1124 ;
2308 1077 2407 1115 nec
2435 1064 2539 1116 ulla
2573 1079 2732 1131 Opera
2766 1066 2934 1133 ipsius
2960 1069 3327 1123 misericordia
3357 1087 3453 1125 va-

1870 1160 2016 1215 cant,
2050 1153 2262 1220 quando
2294 1152 2498 1207 homini
2544 1162 2599 1206 et
2643 1159 3054 1215 mansuetudine
3094 1162 3347 1227 consulit,
3394 1172 3451 1218 et

1870 1239 2082 1308 ﬂagello
2110 1241 2367 1309 (Sentent.
2407 1243 2487 1314 ιι).

1943 1331 2120 1400 (Vers.
2160 1333 2239 1395 9.)
2268 1333 2389 1385 Non
2425 1335 2479 1387 in
2510 1334 2663 1402 ﬁnem
2692 1337 2956 1405 irascetur,
2998 1356 3156 1408 neque
3193 1341 3249 1394 in
3294 1354 3445 1399 ater-

1867 1434 1989 1470 num
2024 1420 2391 1489 indignabitur.
2426 1422 2611 1476 Divina
2648 1425 2860 1479 bonitas
2887 1426 3009 1481 ideo
3041 1428 3292 1483 irascitur
3320 1472 3333 1495 ,
3376 1449 3445 1488 ne

1866 1508 2127 1563 irascatur
2176 1510 2458 1581 (Seutent.
2486 1511 2592 1583 5);
2644 1524 2697 1574 et
2758 1515 3182 1571 misericorditer
3226 1519 3446 1575 adhibet

1867 1602 2217 1669 temporalem
2258 1605 2625 1673 severitatem,
2677 1620 2745 1661 ne
2780 1618 3041 1663 teteruam
3077 1607 3103 1646 ἀ
3133 1609 3333 1666 referat
3362 1614 3445 1667 ul-

1863 1692 2083 1746 tionem.

1939 1780 2118 1847 (Vers.
2154 1784 2239 1849 lO,
2276 1785 2363 1853 ll,
2401 1784 2514 1853 ‘12.)
2542 1784 2662 1838 Non
2703 1788 2985 1840 secundum
3013 1800 3220 1857 peccata
3265 1802 3443 1847 nostra

1866 1870 1986 1938 fecit
2016 1872 2183 1934 nobis,
2208 1890 2367 1941 neque
2396 1879 2675 1928 secundum
2713 1878 3005 1946 iniquitates
3050 1891 3248 1933 nostras
3293 1886 3441 1937 retri-

1865 1958 1969 2010 buit
1999 1960 2162 2013 nobis.
2198 1962 2454 2024 Quoniam
2480 1964 2755 2016 secundant
2780 1966 3100 2019 altitudinem
3127 1971 3239 2022 caeli
3267 1987 3299 2022 a
3341 1981 3440 2025 ter-

1862 2066 1943 2115 ra,
1978 2054 2300 2119 conﬁrmavit
2348 2054 2599 2108 Dominus
2646 2058 3050 2111 misericordiam
3093 2076 3241 2113 suam
3290 2078 3442 2131 super

1863 2142 2095 2196 timentes
2124 2161 2196 2197 se.
2238 2145 2389 2199 Sicut
2420 2147 2650 2210 cmlmn,
2701 2148 2893 2216 inquit,
2943 2150 3173 2217 protegit
3221 2161 3436 2204 terram.

1864 2231 1945 2285 sic
1973 2234 2225 2287 timentes
2253 2250 2310 2289 se
2332 2237 2562 2303 protegit
2596 2239 2755 2303 Deus,
2791 2239 3048 2304 Quantum
3075 2240 3230 2293 distat
3261 2234 3450 2292 Oriens

1861 2322 1923 2373 ab
1958 2320 2254 2387 Occidente,
2286 2326 2437 2395 longe
2467 2329 2586 2395 fecit
2614 2344 2645 2379 a
2676 2328 2820 2381 nobis
2849 2338 3055 2397 peccata
3093 2340 3285 2383 nostra.
3337 2329 3441 2384 Re-

1861 2414 2231 2481 generationis
2263 2416 2376 2469 bmc
2400 2418 2569 2470 virtus
2596 2426 2696 2477 est.
2721 2434 2840 2486 qua:
2871 2419 3116 2473 homines
3151 2421 3294 2474 exuit
3327 2436 3447 2489 pec-

1862 2503 1996 2555 catis
2025 2510 2081 2555 et
2116 2504 2301 2571 gratia;
2346 2504 2519 2559 induit
2565 2506 2756 2571 donis;
2791 2518 2845 2558 ut
2878 2515 3113 2561 vetustas
3133 2509 3341 2563 occidat
3386 2522 3443 2565 et

1858 2592 2061 2646 veritas
2091 2594 2319 2648 oriatur.
2352 2594 2513 2648 Facta
2545 2596 2688 2649 enim
2730 2600 3027 2651 mutatione
3055 2606 3249 2662 status,
3284 2598 3443 2651 inno-

1859 2682 2037 2737 centia
2068 2685 2417 2739 eoostituitur
2454 2684 2508 2739 in
2542 2686 2799 2752 ,oriente,
2832 2698 3048 2755 peccata
3077 2697 3357 2742 remanent
3384 2690 3439 2743 in

1859 2789 2131 2828 occasum.
3356 2786 3362 2793 ”

1931 2865 1950 2934 (
1976 2864 2127 2919 Vers.
2162 2866 2251 2933 l5,
2284 2863 2419 2935 14.)
2453 2864 2599 2921 Sicut
2628 2867 2897 2921 miseretur
2924 2877 3067 2935 pater
3089 2866 3340 2936 ﬁliorum,
3366 2870 3440 2923 ita

1858 2957 2094 3009 misertus
2119 2966 2194 3009 est
2223 2955 2480 3010 Dominus
2511 2960 2790 3012 timentium
2813 2976 2884 3013 se.
2914 2960 3045 3024 Quia
3072 2961 3178 3031 ipse
3205 2964 3438 3031 cognovit

1857 3047 2158 3117 ﬁgmentum
2196 3057 2428 3099 nostrum
2456 3064 2483 3105 ε,
2528 3060 2781 3103 mentento
2828 3051 2962 3119 quod
3021 3052 3184 3119 pulvis
3238 3069 3436 3108 sumus.

191 3149 323 3206 sunt;
370 3141 464 3196 sed
510 3142 623 3196 vult
669 3158 763 3198 eos
788 3158 909 3198 esse
939 3145 1118 3211 mites,
1147 3162 1269 3201 esse
1293 3150 1591 3216 patientes;
1625 3149 1747 3217 quia
1775 3168 1820 3228 ρ
1857 3137 1955 3203 QUi
2011 3152 2296 3206 Personam
2346 3139 2619 3207 δυεοῑρετθ
2663 3141 2911 3215 dignatus
2938 3150 3022 3195 05‘
3066 3142 3254 3209 patris.
3307 3143 3435 3197 "ut"

189 3227 310 3282 sicut
336 3232 642 3287 misericors
681 3245 763 3288 est
790 3235 855 3289 ad
883 3235 1243 3302 liberandum,
1272 3239 1341 3291 ita
1369 3240 1530 3293 etiam
1570 3241 1750 3306 justus

188 3318 246 3371 ad
266 3319 629 3388 judiczmdnm.
662 3324 858 3379 Dicens
880 3326 1024 3379 enim
1055 3328 1308 3382 omnibus
1335 3323 1581 3397 iniuriam
1610 3331 1749 3385 acci-

190 3411 473 3478 pientibus,
496 3414 635 3468 Mihi
660 3408 963 3483 vindictam,
1006 3428 1052 3472 et
1103 3435 1196 3490 ego
1239 3422 1514 3474 retribuam
1551 3421 1743 3489 (Rom.

188 3515 270 3566 xu,
302 3506 430 3575 19),
459 3522 564 3560 non
595 3508 823 3577 denegat
850 3524 1007 3577 opem
1037 3512 1127 3578 qui
1158 3512 1434 3565 denuntiat
1463 3513 1744 3567 ultionem.

188 3589 320 3647 Facit
346 3610 470 3663 ergo
511 3596 772 3651 Dominus
799 3600 1225 3653 misericordiam
1247 3641 1260 3662 ,
1288 3601 1453 3672 380
1511 3603 1640 3656 facit
1693 3615 1747 3657 et

186 3680 447 3747 judicium.
478 3685 586 3740 Sed
622 3688 982 3754 perfectorum
1006 3701 1121 3756 est,
1155 3690 1315 3743 etiam
1357 3692 1442 3745 his
1488 3694 1576 3759 qui
1608 3693 1746 3760 injno

190 3773 307 3828 riam
342 3776 603 3845 fecerint,
653 3780 1081 3835 misericordiam
1124 3782 1295 3851 magis
1340 3798 1500 3852 quam
1549 3795 1745 3853 optare

186 3863 475 3920 vindictam.

243 3955 438 4023 (Vera.
472 3957 567 4027 7.)
637 3958 803 4013 Notas
851 3960 970 4028 fecit
1026 3962 1135 4016 vias
1182 3978 1305 4016 suas
1353 3963 1560 4034 Moysi,
1618 3964 1742 4032 ﬁliis

183 4041 337 4100 Israel
366 4050 647 4104 voluntates
682 4068 827 4105 suas.
870 4052 1115 4121 Magnum
1154 4056 1571 4123 mirandumque
1622 4072 1739 4124 my-

181 4140 383 4193 sterium
411 4152 511 4207 est,
547 4143 670 4196 ideo
693 4143 870 4196 datam
899 4144 1094 4212 legem,
1128 4153 1186 4198 ut
1212 4156 1493 4201 crescente
1520 4155 1741 4214 peccato

180 4226 344 4293 (Rom.
372 4246 420 4295 τ’,
453 4232 522 4288 20
546 4251 561 4296 ;
589 4232 765 4287 Galat.
799 4249 878 4299 ut,
909 4233 1003 4303 22)
1031 4235 1442 4289 humiliarentur
1479 4236 1693 4304 superbi
1723 4276 1738 4301 ,

178 4314 427 4375 humiliati
476 4324 899 4389 conﬁterentur,
944 4326 1178 4380 confessi
1228 4336 1567 4381 sanarentur.
1619 4327 1737 4380 lstze

176 4419 291 4461 sunt
320 4411 411 4465 via:
438 4415 659 4468 occttltte
691 4430 826 4484 quas
858 4425 1015 4470 notas
1047 4416 1172 4470 fecit
1200 4417 1399 4487 Moysi,
1437 4432 1533 4486 per
1578 4433 1736 4485 quem

1854 3231 1998 3285 circa
2019 3231 2160 3285 ﬁlios
2190 3247 2295 3284 non
2320 3232 2743 3287 misericorditer
2762 3233 2907 3287 facit.
2934 3233 3194 3303 Flagellet
3215 3234 3436 3303 adopta-

1856 3329 1959 3385 tos,
1994 3320 2172 3388 potius
2204 3336 2363 3387 quam
2388 3321 2608 3375 deserat
2647 3323 2996 3377 abdicandus.
3041 3324 3200 3378 Novit
3250 3334 3434 3380 autem

1853 3411 1967 3479 ipse
1996 3411 2139 3480 quod
2171 3426 2271 3465 nos
2300 3410 2510 3476 fecerit,
2538 3413 2697 3483 381
2722 3422 2775 3467 et
2800 3414 2865 3467 de
2886 3429 2993 3481 quo
3021 3415 3167 3484 lapsu
3196 3415 3247 3467 in
3275 3431 3433 3484 quem

1851 3509 2050 3555 statum
2079 3503 2474 3566 reformaverit,
2504 3513 2869 3573 quantumque
2918 3521 3016 3558 nos
3056 3504 3233 3573 pultis
3265 3514 3434 3560 terre-

1851 3610 1932 3646 me
1959 3594 2262 3661 fragilitatis
2293 3594 2548 3648 infirmet.
2578 3595 2784 3649 Petitur
2811 3612 2939 3665 ergo
2964 3597 3124 3660 Deus,
3155 3607 3211 3650 ιιι
3248 3599 3435 3652 memi-

1849 3687 1991 3739 nerit
2016 3686 2347 3739 conditionis
2378 3686 2658 3770 humanae,
2685 3687 2736 3740 id
2762 3697 2867 3753 est,
2900 3697 2959 3740 ut
2990 3688 3231 3742 misereri
3265 3690 3433 3757 ipsius

1850 3786 2175 3846 perseveret.
2209 3778 2470 3842 Quoniam
2512 3794 2620 3832 non
2670 3780 2782 3847 ipse
2827 3779 3184 3844 obliviscitur,
3232 3780 3328 3834 sed
3372 3790 3433 3834 ut

1845 3882 1943 3920 nos
1970 3868 2155 3935 gratim
2178 3868 2295 3935 ejus
2326 3884 2429 3922 non
2477 3868 2862 3922 obliviscamur
2899 3868 3047 3925 facit.

1915 3958 2095 4027 (Vcrs.
2131 3958 2239 4029 15.)
2270 3959 2439 4012 Homo
2466 3969 2725 4029 tamquam
2751 3962 2920 4028 fenum
2949 3960 3057 4014 dies
3077 3962 3208 4032 (jus,
3232 3969 3277 4014 et
3298 3961 3429 4015 sicut

1844 4050 1955 4119 agri
1981 4051 2077 4118 [los
2113 4050 2183 4101 ita
2225 4050 2443 4118 ﬂorebit.
2480 4049 2590 4103 Non
2620 4050 2889 4117 superbiat
2922 4050 3105 4115 homo,
3130 4051 3281 4118 cujus
3311 4051 3429 4105 dics

1843 4150 1968 4194 sunt
1995 4141 2133 4194 sicut
2160 4143 2336 4194 fenum
2372 4142 2641 4207 paululum
2677 4142 2891 4205 ﬂorens,
2923 4152 2977 4196 et
3018 4159 3145 4195 mox
3185 4144 3422 4198 arescit:

1840 4233 1935 4286 sed
1978 4249 2080 4286 non
2110 4234 2358 4302 desperet
2385 4236 2543 4287 homo
2566 4276 2579 4298 ,
2618 4236 2769 4302 cujus
2814 4236 3096 4289 infirmitas
3125 4252 3151 4288 a
3182 4235 3276 4290 Dei
3316 4238 3427 4291 vir-

1843 4334 1954 4380 tute
1987 4327 2294 4394 suscipitur.
2336 4325 2554 4379 Verbum
2587 4326 2729 4381 enim
2760 4343 2880 4379 caro
2909 4331 3105 4397 factum
3143 4336 3216 4380 est
3244 4325 3422 4397 (Joan.

1840 4436 1879 4483 ι,
1913 4421 2025 4488 14),
2052 4430 2108 4472 ιιι
2139 4420 2239 4472 ﬂos
2270 4421 2357 4487 qui
2389 4420 2440 4473 in
2472 4421 2638 4473 Adam
2674 4430 2788 4474 erat
2818 4419 3087 4486 caducus,
3120 4419 3170 4471 in
3212 4418 3427 4473 Christo

176 4495 336 4567 legem
362 4503 536 4571 dedit,
569 4505 694 4575 quia
728 4517 1002 4575 peccatum
1037 4517 1062 4543 ἰ
1094 4524 1199 4561 non
1253 4508 1506 4571 haberet,
1545 4519 1603 4561 ut
1645 4502 1733 4562 sit-
1767 4523 1813 4581 ι)
1840 4521 1984 4568 esset
2009 4522 2261 4566 aeternus.

178 4591 553 4653 perahundaret
595 4599 808 4666 gratia:
860 4615 1019 4663 quam
1084 4600 1264 4667 utique
1316 4600 1427 4653 veri
1478 4598 1731 4652 Israelita:

176 4675 557 4748 intellexerunt,
605 4686 709 4741 eth
738 4703 768 4741 a
802 4690 912 4743 Deo
957 4690 1233 4743 revelante
1282 4690 1570 4755 viderunt,
1613 4706 1733 4757 qua:

175 4772 303 4824 ratio
330 4772 757 4843 dispositionum,
788 4779 931 4848 quod
960 4780 1248 4834 consilium
1278 4770 1578 4835 divinarum
1619 4782 1737 4835 fue-

176 4860 243 4914 rit
271 4864 609 4920 voluntatum.

239 4951 407 5023 (Vers.
435 4955 513 5026 8.)
539 4957 815 5011 Miserator
842 4966 892 5012 et
920 4961 1208 5015 misericors
1235 4962 1487 5016 Dominus
1507 4978 1526 5016 :
1558 4964 1729 5034 longa-

246 5162 270 5189 ι
293 5154 361 5209 lla
388 5158 510 5212 editi
541 5159 934 5215 nostriomnes.
958 5159 1122 5215 Forte
1145 5172 1320 5215 tamen
1351 5162 1544 5215 melius
1572 5162 1720 5230 lege.

174 5230 340 5291 retur,
361 5239 415 5299 ut
448 5240 712 5295 peccatum
739 5230 1053 5295 abundaret;
1080 5240 1187 5284 tum
1216 5236 1335 5299 quia
1371 5234 1640 5299 sequitur:
1668 5242 1721 5284 ut

174 5298 593 5369 ftfperabundaret
623 5304 788 5369 gratia
810 5318 845 5364 ,',
868 5316 976 5355 tum
1009 5303 1128 5368 quia
1182 5298 1319 5367 apud
1367 5298 1720 5369 Angustian

177 5363 227 5439 ξιι
256 5365 493 5418 indicatur
516 5408 532 5431 ,
566 5363 686 5422 crint
720 5363 944 5436 dicitur,
993 5363 1123 5435 Quia
1155 5363 1395 5423 nolebant
1419 5363 1476 5423 se
1492 5374 1723 5439 conﬁteri

176 5430 382 5511 Mimnes
404 5430 728 5511 peccatores,
761 5430 942 5493 addita
972 5430 1080 5510 leqe
1109 5443 1232 5509 facti
1256 5452 1373 5495 sunt
1402 5451 1448 5495 et
1475 5430 1721 5511 prmitari-

174 5508 385 5582 lidiores.
507 5508 801 5582 Abundavit
829 5528 949 5582 ergo
977 5508 1263 5578 peccatum,
1299 5521 1354 5563 ut
1400 5508 1723 5582 superabun-

173 5567 307 5648 daret
329 5577 502 5639 gratia.
536 5576 698 5646 Ergo,
732 5589 785 5631 ut
814 5567 987 5633 dicere
1011 5567 1279 5645 cmperani,
1312 5583 1428 5648 quia
1452 5567 1547 5633 itoc
1572 5593 1643 5635 est
1668 5583 1720 5635 in

176 5634 280 5715 lege
306 5634 525 5713 magnum
554 5634 874 5715 musterium,
903 5651 1019 5703 ideo
1047 5634 1157 5703 eam
1188 5634 1384 5710 daim'n.
1416 5659 1468 5701 ut
1493 5667 1723 5705 crescen-

178 5710 226 5755 ιι
249 5710 434 5774 peccato
460 5710 1107 5787 Itumiliarentursuperbi,
1132 5717 1282 5771 Itumt'
1302 5720 1391 5773 luti
1422 5721 1725 5783 cartﬁtereu-

1907 4605 2086 4674 (Vers.
2114 4603 2199 4666 l7,
2235 4604 2350 4667 18.)
2388 4602 2741 4656 Misericordia
2764 4611 2929 4655 autem
2956 4602 3163 4656 Domini
3185 4622 3217 4657 a
3240 4605 3426 4659 saeculo

1836 4705 1883 4749 et
1926 4697 1976 4746 in
2018 4693 2260 4746 sweulum
2306 4710 2459 4759 super
2494 4694 2723 4745 timentes
2750 4708 2904 4744 eum:
2936 4703 2981 4745 et
2998 4694 3204 4767 justitia
3232 4698 3344 4765 ejus
3372 4696 3427 4748 irt

1835 4785 1973 4849 ﬁlios
2003 4782 2253 4851 ﬁliorum.
2282 4783 2616 4836 Timentibus
2660 4782 2940 4835 Dominum
2988 4793 3188 4837 interna
3234 4785 3423 4853 gaudia

1837 4875 2239 4943 pvomittuntur.
2274 4873 2337 4925 Et
2368 4873 2488 4939 quia
2524 4873 2681 4925 timor
2705 4872 3064 4927 obedientiam
3094 4874 3263 4941 parit,
3297 4874 3427 4926 obc-

1837 4967 2038 5021 dientia
2071 4974 2251 5019 autem
2281 4964 2654 5018 mandatorum
2684 4964 2853 5033 gignit
2886 4964 3138 5029 etl'ectus;
3183 4964 3302 5017 ideo
3334 4966 3423 5031 ju-

1834 5172 1940 5226 tur,
1975 5164 2196 5230 confessi
2222 5174 2564 5219 sanarentur:
2595 5166 2708 5220 ista:
2747 5174 2865 5219 sunt
2923 5167 3016 5219 via:
3051 5162 3260 5217 occulta:
3299 5182 3424 5232 quos

1832 5245 1979 5287 notas
2012 5236 2125 5299 {erit
2168 5234 2354 5302 Moysi.

1906 5303 1931 5340 δ
1965 5304 2079 5356 Non
2131 5307 2268 5356 male
2305 5304 2441 5357 forte
2488 5308 2831 5359 mritteretttr
2872 5303 3181 5373 przrpositio
3222 5319 3275 5366 a,
3307 5320 3422 5371 qua:

1834 5374 2031 5441 legitur
2058 5378 2107 5426 in
2134 5375 2382 5427 omnibus
2413 5376 2562 5427 libris
2600 5377 2816 5428 nostris.

1910 5455 1931 5482 ο
1970 5446 2216 5513 Intelligo
2266 5447 2321 5497 in
2372 5446 2721 5498 misericordia
2755 5459 2773 5495 :
2807 5442 2951 5510 quod
3000 5441 3323 5510 exprimitur
3368 5442 3419 5494 in

1835 5513 2153 5582 Augustino.

1901 5580 2016 5636 ἀίει
2075 5587 2211 5637 libro
2266 5585 2663 5637 Sententiarum
2722 5580 2953 5636 habetur
2994 5582 3137 5650 jttste
3180 5580 3416 5649 inferat,

1832 5669 1927 5718 pro
1952 5668 2059 5719 quo
2087 5654 2173 5705 hic
2198 5655 2323 5707 editi
2349 5669 2535 5708 omnes
2561 5653 2935 5722 Prositcrtana:
2955 5695 2970 5719 ,
3005 5652 3207 5707 omisSo
3237 5657 3375 5724 justr
3393 5691 3409 5719 ,

1831 5724 2073 5779 scribunt
2104 5726 2311 5785 referat.
