4030 6178
557 283 662 337 287

1796 278 1852 333 S.
1898 278 2229 334 PROSPERI
2274 279 2599 344 AQUITANI

3725 288 3831 343 εδδ

558 397 706 452 stitia
740 395 835 452 Dei
861 436 876 461 ,
921 395 1022 449 hoc
1060 404 1165 460 εει,
1195 394 1475 450 retributio
1505 406 1663 462 super
1695 393 1830 446 ﬁlios
1860 392 2088 446 ﬁliorum
2115 409 2128 445 :
2160 394 2208 453 Α
2237 392 2380 449 illius
2407 393 2596 462 gloria,
2620 393 2712 449 sed
2737 394 3020 449 admiratio
3041 404 3220 449 nostra
3256 395 3513 464 proﬁciat.
3541 397 3835 469 Confessio.

558 491 651 557 qui
673 488 863 541 melius
885 486 1253 555 intelliguntur
1274 486 1326 540 in
1348 484 1586 554 germine
1611 484 1874 538 bonorum
1899 497 2146 550 operum,

561 593 720 646 quam
765 578 818 631 in
865 577 1015 645 prole
1065 586 1340 640 natorum;
1385 590 1523 644 quos
1571 574 1719 628 multi
1759 572 1888 642 ju.ti
1920 588 2023 626 non
2055 572 2149 624 ha—

563 675 745 726 buisse
772 681 1100 733 noscuntur;
1127 678 1181 723 et
1201 669 1289 738 qui
1315 668 1634 731 habuerunt,
1661 681 1765 720 nou
1789 680 1978 718 omnes
2001 673 2148 728 sunt,

561 773 654 816 aut
683 764 734 816 in
766 761 1014 815 omnibus
1041 761 1279 829 gloriati.
1311 758 1726 812 Custodientibus
1756 765 2110 809 testamentum
2130 793 2145 815 ,

562 864 608 906 et
649 854 895 906 memoria
940 852 1264 905 retinentibus
1307 851 1550 902 mandata
1595 852 1727 920 ejus,
1758 855 1812 900 ut
1846 848 2037 916 faciant
2066 862 2150 899 ea.

565 941 656 998 Ille
687 943 934 996 mandata
967 943 1059 996 Dei
1093 944 1405 996 memoriter
1435 950 1602 1003 tenet,
1632 941 1720 1008 qui
1752 938 1893 1008 quod
1928 937 2149 990 manda-

565 1036 634 1089 tis
663 1035 754 1087 Dei
784 1035 1111 1096 continetur,
1144 1042 1396 1101 operatur
1421 1050 1432 1083 :
1471 1045 1570 1084 nec
1597 1029 1708 1082 falli
1737 1038 1911 1097 poto-st
1941 1027 1994 1080 in
2035 1027 2155 1079 lati-

565 1127 752 1182 tudine
778 1136 1185 1195 przcceptorum,
1220 1139 1339 1177 cum
1377 1123 1431 1176 in
1479 1121 1686 1176 duobus
1734 1119 1998 1173 mandatis
2041 1126 2152 1171 tota

567 1215 676 1272 Lex
705 1218 934 1285 pendeat
959 1225 1014 1271 et
1039 1216 1323 1284 Propheta:
1350 1213 1574 1284 (Matth.
1605 1228 1740 1275 xxii,
1768 1212 1882 1280 40).

638 1308 816 1379 (Vers.
851 1307 962 1376 19.)
983 1307 1232 1360 Dominus
1259 1307 1312 1359 in
1338 1306 1461 1358 caelo
1480 1305 1681 1375 paravit
1705 1303 1946 1355 thronum
1969 1317 2118 1356 suum
2136 1318 2155 1356 :

567 1408 615 1452 et
641 1413 852 1465 regnum
879 1401 988 1468 ejus
1014 1398 1238 1449 omnium
1266 1395 1636 1448 dominabitur.
1664 1393 1801 1458 Quid
1825 1393 1966 1447 aliud
1993 1394 2157 1462 signi-

568 1488 777 1552 ﬁcatur,
810 1489 910 1540 nisi
936 1487 1145 1540 Domini
1169 1487 1475 1549 descensio,
1504 1495 1558 1540 et
1581 1485 1848 1551 ascensio,
1872 1495 1924 1538 et
1945 1499 2159 1537 assum-

567 1583 642 1649 pti
675 1582 910 1636 hominis
934 1581 984 1634 in
1013 1589 1230 1648 paterna
1251 1581 1378 1634 sede
1400 1580 1708 1634 consessio?
1731 1579 1813 1631 cui
1835 1593 1973 1646 genu
1997 1591 2158 1630 omne

570 1674 803 1728 ﬂectitur
829 1675 1149 1737 cu-lesuum,
1181 1673 1515 1726 terreStrium
1543 1712 1557 1735 ,
1589 1681 1643 1724 et
1687 1669 2017 1722 infernorum
2041 1711 2055 1735 ,
2103 1677 2158 1720 et

2249 501 2360 538 nem
2376 494 2424 538 et
2442 487 2671 540 decorem
2692 488 2926 540 induisti.
2949 487 3121 541 Induit
3143 502 3200 542 se
3219 487 3473 542 Dominus
3492 489 3633 544 Deus
3651 501 3838 546 noster

2248 577 2640 632 emite-sionem
2665 588 2718 631 et
2735 578 3002 638 decorem,
3029 578 3080 632 id
3105 587 3207 646 est,
3235 580 3410 634 induit
3428 596 3488 636 se
3515 582 3836 646 Ecclesiam,

2247 681 2367 734 qure
2390 682 2483 735 per
2506 669 2898 724 confessionem
2931 671 3176 737 deposuit
3209 671 3526 737 lmJitatem,
3553 685 3607 727 et
3633 676 3840 744 accepit

2249 757 2499 812 decorem
2523 775 2536 822 ;
2567 763 2681 826 ipsa
2708 761 2850 814 enim
2883 763 3150 816 confessio
3179 774 3520 832 peccatorum
3549 765 3717 820 decus
3757 777 3840 823 est

2249 857 2395 901 recte
2427 848 2707 904 (actorum.

2323 938 2500 1002 (Vers.
2535 940 2615 1009 2.)
2647 941 2670 976 δ
2702 940 3124 995 Circumamictus
3151 941 3363 1008 lumine,
3400 947 3532 999 sicut
3567 950 3839 1004 vestimen-

2260 1042 2333 1086 to.
2376 1029 2491 1098 Ipsa
2537 1039 2618 1086 est
2659 1032 2824 1084 vestis
2853 1033 2995 1099 ejus,
3030 1048 3132 1085 non
3168 1033 3372 1088 habens
3401 1037 3695 1102 maculam,
3749 1055 3843 1093 ne-

2253 1132 2357 1185 que
2381 1133 2588 1186 rugam,
2618 1130 2670 1174 et
2698 1122 2973 1188 splendida
3005 1123 3136 1176 facta
3169 1139 3263 1192 per
3311 1128 3536 1191 gratiam
3561 1168 3576 1192 ,
3627 1146 3749 1197 qua:
3789 1142 3842 1184 et

2253 1207 2344 1261 lux
2391 1219 2650 1275 vocatur,
2702 1211 2915 1267 dicente
2963 1214 3264 1281 Apostolo,
3318 1216 3512 1272 Fuistis
3559 1221 3842 1291 aliquando

2255 1301 2489 1364 tenebrte,
2523 1317 2657 1354 nune
2683 1311 2850 1355 autent
2878 1304 2968 1356 tua:
2991 1305 3042 1357 in
3072 1304 3288 1359 Domino
3319 1307 3535 1378 (Ephes.
3566 1327 3617 1376 v,
3648 1312 3728 1381 8).

2327 1391 2520 1460 (Ibid)
2549 1392 2838 1448 Extendens
2868 1396 3048 1449 (celum
3079 1398 3209 1450 sicut
3238 1399 3438 1468 pellem.
3482 1401 3539 1456 Si
3583 1403 3843 1458 facturam

2256 1481 2376 1535 coeli
2407 1483 2697 1537 secundum
2725 1485 2952 1538 litteram
2977 1488 3276 1555 cogitemus
3303 1501 3324 1527 ε
3352 1490 3406 1544 in
3434 1491 3843 1550 similitudinem

2259 1572 2414 1639 pellis
2463 1582 2696 1627 extensa:
2716 1616 2729 1638 ,
2776 1575 3029 1630 celeritas
3057 1577 3300 1644 quaedam
3333 1580 3704 1637 demonstrata
3733 1599 3842 1652 εει,

2258 1679 2360 1730 qua
2409 1664 2530 1716 sine
2570 1665 2671 1717 ulla
2717 1665 3045 1720 difﬁcultatis
3093 1683 3238 1720 mora
3268 1683 3405 1739 opus
3433 1687 3588 1726 suum
3621 1674 3846 1730 Creator

568 1767 745 1820 omnis
793 1766 966 1835 lingua
1017 1766 1298 1818 cooﬁtetur
1322 1805 1338 1829 ,
1388 1761 1643 1832 quoniam
1695 1759 1951 1813 Dominus
1998 1758 2154 1812 Jesus
2188 1749 2232 1807 Β
2261 1753 2536 1820 explicuit.
2567 1754 2707 1809 Dixit
2736 1757 2912 1821 enim,
2943 1754 3063 1809 Fiat
3084 1758 3460 1826 ﬁrmamentum
3496 1764 3627 1814 inter
3655 1782 3847 1834 aquam

570 1857 816 1910 Christus
863 1859 912 1908 in
960 1857 1126 1925 gloria
1173 1855 1344 1910 Patris
1377 1862 1459 1908 est
1490 1852 1717 1924 (Philip.
1751 1867 1822 1916 ιι,
1857 1851 1922 1906 10
1954 1859 1999 1903 et
2040 1848 2153 1919 11).

640 1947 820 2018 (Vers.
850 1948 964 2018 ΞΟ.)
997 1947 1288 2000 Benedicite
1310 1946 1608 2007 Dominum,
1633 1959 1803 1995 omnes
1825 1941 1995 2008 angeli
2019 1942 2153 2009 ejus,

569 2045 790 2106 potentes
818 2037 1046 2099 virtutes,
1081 2036 1320 2104 facientes
1346 2036 1550 2086 verbum
1593 2033 1704 2101 ejus
1740 2029 1807 2082 ad
1845 2030 2157 2082 audiendam

571 2143 737 2180 vorem
767 2143 1057 2179 sermonum
1081 2129 1214 2197 ejus.
1244 2126 1492 2179 Potentes
1521 2131 1645 2176 sunt
1673 2121 1857 2187 verbo,
1885 2124 1973 2191 qui
2005 2121 2155 2174 verbi

573 2216 900 2270 ianmlantur
943 2217 1206 2286 imperio:
1255 2217 1381 2286 quia
1421 2215 1588 2284 ipsius
1617 2211 1906 2281 implentur
1931 2212 2155 2280 virtute,

573 2309 658 2363 cui
691 2309 948 2362 serviunt.

644 2399 833 2469 (Vers.
871 2399 990 2470 ει.)
1036 2399 1326 2454 Benedicite
1373 2397 1684 2460 Dominum,
1733 2412 1907 2450 omnes
1945 2395 2156 2448 virtutes

572 2507 721 2558 ejus;
751 2491 968 2543 ministri
995 2493 1106 2561 ejus
1134 2491 1374 2560 facientes
1403 2491 1711 2543 voluntatem
1742 2491 1873 2558 ejus.
1904 2487 2045 2541 Vera
2075 2495 2160 2540 est

571 2581 840 2635 confessio
870 2581 1255 2646 benedicentis,
1288 2597 1408 2636 cum
1441 2579 1580 2636 idem
1622 2592 1794 2636 sonus
1836 2586 1922 2631 est
1956 2578 2065 2631 oris
2105 2585 2159 2630 et

570 2669 770 2724 cordis.
829 2670 971 2724 Bene
1011 2680 1190 2724 autem
1238 2671 1384 2739 loqui
1420 2679 1474 2723 et
1505 2669 1644 2722 male
1675 2669 1876 2731 vivere,
1913 2666 1984 2719 nil
2012 2665 2156 2720 aliud

571 2771 654 2815 est
684 2778 844 2831 quam
869 2778 962 2815 sua
993 2777 1050 2816 se
1093 2778 1226 2817 voce
1269 2762 1529 2816 damnare
1559 2760 1795 2832 (Senten.
1824 2760 1900 2826 6).
1931 2758 2162 2812 Benedi-

570 2851 773 2906 cendus
799 2867 928 2920 ergo
961 2861 1044 2906 est
1088 2854 1344 2906 Dominus
1393 2853 1525 2920 ipsis
1575 2851 1812 2904 maxime
1859 2848 2114 2916 cperibus
2141 2889 2157 2913 ,
2196 2847 2202 2852 ⁷

571 2942 765 3010 quilms
788 2945 866 2996 sic
894 2944 1053 2996 debet
1083 2944 1157 2996 uti
1184 2942 1538 3010 conscientia,
1569 2951 1623 2994 ut
1645 2941 1713 2994 de
1741 2941 1869 3009 ipsis
1897 2941 1948 2993 in
1979 2938 2158 2994 Domi-

571 3049 644 3088 no
673 3035 929 3103 glorietur
958 3033 1013 3103 (l
1043 3035 1160 3087 Cor.
1191 3051 1231 3096 ι,
1258 3033 1372 3102 51).

2259 1851 2309 1894 et
2355 1859 2540 1911 aquam
2563 1883 2578 1908 ,
2625 1853 2671 1896 et
2721 1848 2915 1911 factum
2962 1856 3033 1898 est
3059 1850 3133 1898 sic
3166 1847 3378 1917 (Cenes.
3405 1865 3443 1914 t,
3473 1850 3552 1918 6).
3588 1853 3846 1918 Quoniam

2259 1931 2408 1984 verbo
2436 1931 2639 1985 Domini
2665 1934 2776 1986 caeli
2803 1933 2996 2001 ﬁrmati
3017 1947 3154 1999 sunt,
3181 1946 3227 1988 et
3252 1938 3436 2006 spiritu
3458 1941 3559 1994 oris
3588 1946 3701 2012 ejus
3739 1961 3848 1997 om-

2260 2023 2339 2074 nis
2375 2023 2530 2075 nirtns
2567 2039 2744 2076 eorum
2771 2024 2943 2094 (Psal.
2979 2041 3133 2090 xxxi,
3164 2026 3244 2096 6).
3273 2028 3326 2082 Si
3359 2040 3537 2085 autem
3564 2032 3845 2102 ﬁguratam

2260 2111 2702 2180 signiﬁcationem
2749 2116 3057 2170 annitamur
3105 2117 3390 2188 inspicere,
3421 2123 3728 2178 invenimus
3757 2141 3848 2180 ex-

2261 2202 2496 2258 tendisse
2521 2206 2685 2258 Deum
2707 2207 2901 2260 caelum
2923 2207 3062 2262 sicut
3095 2210 3314 2279 pellem,
3344 2227 3464 2267 cum
3495 2213 3848 2285 intelligimus

2257 2309 2499 2351 sanctam
2545 2297 2876 2367 Scripturam
2921 2302 3115 2355 cmlum
3143 2304 3486 2372 appellatam,
3516 2304 3542 2344 ά
3572 2308 3728 2377 cujus
3753 2327 3848 2362 au-

2259 2390 2560 2444 ctoritatem
2589 2391 2760 2460 primo
2788 2392 2936 2462 quasi
2965 2393 3356 2450 ﬁrmamentum
3380 2398 3432 2452 in
3469 2399 3710 2454 Ecclesia
3753 2416 3847 2456 sua

2261 2479 2475 2548 posuit,
2516 2489 2570 2534 et
2617 2496 2772 2550 quam
2804 2496 2967 2551 super
2995 2499 3210 2540 omnem
3241 2487 3428 2542 orbem
3461 2499 3723 2545 terrarum
3754 2507 3850 2560 per

2261 2571 2560 2626 ministeria
2593 2573 3020 2644 prtcdicantium,
3046 2580 3197 2647 quasi
3223 2580 3413 2648 pellem
3439 2583 3701 2638 extendit.
3727 2584 3848 2639 ρει.

2260 2660 2326 2716 lis
2351 2671 2526 2716 autem
2553 2665 2770 2719 nomine
2795 2667 3093 2736 signiﬁcata
3125 2679 3207 2724 est
3243 2673 3539 2726 mortalitas
3575 2677 3847 2732 ministro-

2262 2767 2399 2820 rum,
2423 2766 2671 2808 manente
2694 2758 2926 2823 ipsorum
2949 2773 3134 2826 Opere,
3155 2776 3248 2829 per
3269 2763 3408 2831 quod
3433 2765 3628 2834 ubique
3650 2771 3844 2825 veritas

2261 2844 2546 2898 innotescit
2574 2855 2631 2900 et
2663 2847 3001 2904 invisibilitas
3023 2850 3182 2921 383
3208 2853 3298 2905 Dei
3324 2867 3418 2922 per
3447 2855 3673 2911 visibilia
3707 2857 3848 2912 litteo

2259 2949 2438 2988 rarum
2465 2940 2726 2991 elementa
2756 2939 3018 2994 intellecta
3050 2943 3378 3010 conspicitur
3403 2946 3579 3014 (Rom.
3612 2964 3650 3003 t.
3681 2948 3798 3019 20).

2334 3025 2511 3094 (Vers.
2542 3024 2622 3096 3.)
2656 3028 2756 3092 Qui
2786 3030 3003 3097 protegis
3026 3031 3076 3082 in
3123 3037 3266 3100 aquis
3305 3037 3567 3105 superiora
3605 3039 3736 3107 ejus.
3784 3039 3848 3092 Et

644 3125 835 3195 (Vers.
865 3125 984 3192 Ἠ..)
1013 3124 1302 3178 Benedicite
1326 3124 1620 3185 Dominum,
1645 3121 1815 3175 omnia
1843 3135 2000 3188 opera
2029 3119 2158 3183 eius,
2189 3113 2231 3172 C
2269 3120 2368 3170 hoc
2398 3118 2690 3171 secundum
2722 3119 2951 3173 litteram
2981 3120 3118 3176 bene
3141 3122 3488 3193 intelligitur;
3533 3127 3654 3195 quia
3688 3131 3850 3196 jussit

573 3219 625 3269 in
653 3217 789 3268 onmi
813 3215 925 3266 loco
953 3216 1314 3267 dominationis
1341 3217 1469 3284 ejus.
1503 3215 1654 3267 Sicut
1703 3212 1882 3264 nullus
1906 3221 1990 3263 est
2014 3210 2165 3262 locus

573 3307 664 3374 qui
699 3320 800 3357 non
833 3304 1186 3358 dominationi
1219 3304 1336 3372 ejus
1359 3305 1520 3374 382
1550 3303 1898 3370 subjiciatur,
1941 3300 2010 3351 ita
2041 3297 2162 3350 nul-

576 3398 656 3450 lus
681 3407 766 3450 est
800 3398 948 3449 locus
981 3397 1032 3450 in
1062 3412 1169 3465 quo
1216 3398 1332 3462 ejus
1359 3397 1551 3449 debeat
1579 3407 1798 3447 cessare
1835 3389 2160 3446 benedictio.

574 3487 813 3547 Benedic,
840 3488 1010 3539 anima
1040 3504 1170 3550 utea,
1202 3486 1498 3538 Dominum.
1546 3483 1666 3550 Ipso
1715 3497 1874 3536 versu
1923 3481 2162 3549 ps:tlmus

573 3580 859 3633 cont-lusus
889 3593 964 3631 est
998 3596 1102 3648 quo
1157 3578 1436 3632 inchoatus
1479 3593 1492 3629 :

572 3673 805 3724 severari
836 3671 886 3722 in
917 3669 1006 3723 Dei
1043 3667 1416 3750 l-enedictioqe
1446 3666 1664 3729 debere,
1695 3679 1816 3734 qum
1856 3679 1985 3719 vere
2027 3679 2162 3717 con-

575 3763 833 3830 tinuatur,
861 3763 905 3816 si
933 3763 1048 3816 sine
1075 3762 1381 3815 cessatione
1410 3760 1550 3812 bene
1579 3760 1798 3813 vivitur.

1131 3849 1445 3905 PSALSIUS
1481 3848 1614 3903 CIII.

651 3942 838 4012 (Vers.
870 3942 948 4012 1.)
979 3941 1220 4007 Benedic,
1253 3942 1423 3992 anima
1447 3956 1578 4005 mea,
1612 3939 1902 3993 Dominum.
1934 3938 2080 3992 Sicut
2109 3938 2160 3991 in

575 4034 913 4101 praecedente
945 4035 1170 4099 psalmo,
1200 4034 1270 4084 ita
1298 4033 1457 4083 etiam
1487 4032 1536 4082 in
1569 4033 1693 4093 isto,
1743 4031 1830 4098 qui
1879 4031 2120 4092 sequitur
2143 4069 2158 4095 ,

575 4136 678 4175 vox
702 4131 787 4175 est
808 4122 1172 4174 membrorum
1199 4122 1439 4185 corporis
1455 4118 1677 4171 Christi.
1703 4119 1849 4171 Unus
1871 4129 1950 4171 est
1977 4118 2157 4188 homo,

575 4219 632 4264 et
652 4210 870 4278 cnjnsin
887 4225 988 4262 una
1007 4210 1108 4262 ﬁde
1126 4224 1286 4261 unum
1302 4223 1415 4270 eor,
1433 4216 1486 4259 et
1507 4208 1681 4259 anima
1708 4221 1809 4258 una
1833 4215 1936 4271 est,
1962 4207 2162 4260 cohor-

576 4311 694 4357 tans
723 4310 779 4356 et
805 4303 1048 4355 excitans
1077 4317 1134 4355 se
1167 4301 1219 4354 iu
1251 4300 1461 4354 laudem
1495 4300 1589 4353 Dei
1617 4315 1630 4352 :
1663 4300 1792 4352 utin
1825 4301 2161 4368 contempla-

577 4395 722 4449 tione
753 4404 1119 4450 creaturarum
1154 4395 1530 4462 magniﬁcetur
1580 4392 1826 4445 Creator.
1871 4402 1896 4429 ι
1943 4392 2159 4447 Domine

1543 3584 1600 3628 ut
1634 3573 1996 3642 intelligamus
2044 3588 2165 3641 per-

2276 3208 2414 3262 Deus
2459 3218 2515 3262 ut
2545 3209 2694 3262 ﬁeret
2726 3211 3117 3266 ﬁrmamentum
3149 3213 3289 3269 inter
3335 3231 3499 3286 aquas
3542 3228 3595 3272 et
3642 3235 3844 3288 aquas,

2273 3297 2584 3367 factumque
2601 3303 2687 3355 'est
2707 3303 2783 3355 sic
2803 3304 2952 3372 (Cen.
2975 3321 3011 3368 l,
3034 3306 3117 3372 6);
3142 3315 3194 3358 et
3214 3324 3339 3376 pars
3356 3327 3614 3379 aquarum
3637 3314 3845 3366 resedit

2272 3387 2325 3440 in
2356 3397 2576 3452 terram,
2607 3408 2732 3460 pars
2757 3404 2936 3447 autem
2964 3406 3047 3449 est
3075 3401 3214 3452 ("mlo
3243 3404 3605 3471 superposita,
3632 3414 3842 3456 remota

2269 3478 2337 3530 ab
2359 3488 2580 3546 aspectu
2610 3491 2814 3546 nostro,
2845 3495 2898 3537 ct
2929 3485 3050 3538 ﬁdei
3086 3493 3489 3548 commendata.
3526 3493 3841 3545 Secundum

2267 3582 2393 3621 vero
2422 3568 2665 3636 ﬁguram,
2702 3578 2725 3648 ς
2753 3585 2852 3638 qua
2883 3571 3214 3638 Scripturam
3242 3582 3480 3627 sanctam
3523 3575 3704 3629 divina
3752 3592 3848 3630 au-

2264 3660 2512 3712 ctoritate
2533 3659 2924 3715 ﬁrmamentum
2950 3662 3144 3717 cmlum
3169 3665 3492 3732 accepimus,
3516 3667 3656 3735 quod
3683 3683 3850 3735 super

2263 3754 2449 3808 orbem
2482 3762 2661 3819 terrze,
2695 3754 2837 3807 sicut
2881 3756 3034 3823 pellis
3067 3770 3162 3824 per
3205 3754 3400 3809 famam
3453 3759 3850 3825 pra‘dicationis

2266 3845 2605 3908 ostenditur;
2636 3847 2911 3912 superiora
2940 3847 3060 3900 cali
3095 3847 3300 3914 protegi
3332 3849 3481 3916 aquis
3512 3849 3560 3900 in
3589 3863 3657 3902 eo
3688 3851 3850 3905 intel-

2265 3935 2512 4000 ligamus,
2542 3936 2680 4004 quod
2711 3937 2760 3989 in
2792 3936 2894 3990 hoc
2923 3938 3083 4003 cmlo,
3116 3937 3165 3989 id
3197 3947 3311 4000 est,
3346 3939 3400 3990 in
3437 3939 3668 4006 eloquiis
3707 3957 3850 4009 pra:-

2263 4025 2538 4091 Ceptisque
2563 4025 2782 4086 divinis,
2811 4025 2942 4079 nihil
2973 4037 3050 4080 est
3080 4026 3360 4080 sublimius
3389 4027 3652 4082 charitate
3675 4071 3689 4090 .
3732 4047 3851 4098 qua:

2265 4115 2406 4169 inter
2437 4117 2528 4170 Dei
2556 4117 2731 4169 omnia
2757 4117 2897 4169 dona
2926 4118 3311 4185 supereminet.
3340 4119 3542 4184 Diffnsa
3587 4131 3661 4173 est
3704 4125 3850 4176 enim

2262 4210 2316 4261 in
2347 4207 2580 4260 cordibus
2603 4210 2787 4261 nostris
2813 4226 2900 4279 per
2927 4209 3181 4278 Spiritum
3208 4221 3458 4274 sanctum,
3491 4214 3576 4280 qui
3602 4214 3760 4268 datus
3781 4225 3852 4268 est

2262 4299 2407 4350 nobis
2435 4299 2610 4368 (Hom.
2643 4316 2695 4365 v,
2727 4300 2804 4369 5).
2839 4300 2968 4366 Qua:
2989 4301 3206 4355 dill'usio
3233 4301 3251 4339 ί
3278 4318 3443 4370 aquas
3463 4314 3620 4356 sonat
3647 4304 3715 4359 de
3743 4307 3854 4370 qui-

2263 4389 2362 4441 bus
2404 4390 2628 4456 dicitur,
2661 4390 2726 4442 Et
2762 4393 2812 4444 in
2843 4392 3022 4460 plateis
3053 4393 3153 4445 tuis
3181 4393 3469 4447 discurrant
3491 4411 3673 4463 aquae;
3704 4412 3854 4450 nemo

573 4487 714 4539 Deus
744 4503 904 4549 meus,
938 4485 1294 4554 magniﬁcatus
1333 4500 1384 4536 es
1423 4484 1763 4535 vehementer.
1808 4483 2155 4549 Magnitudini
2185 4472 2237 4530 D
2262 4479 2458 4532 alienus
2499 4481 2830 4534 communicet
2877 4482 2964 4533 tibi
3006 4481 3192 4548 (Prov.
3237 4499 3286 4548 v,
3323 4483 3432 4552 16).
3483 4483 3608 4537 Ilznc
3653 4487 3856 4554 quippe

575 4576 670 4629 Dei
696 4591 795 4629 nec
818 4577 1074 4629 accedere
1104 4574 1326 4644 aliquid,
1368 4588 1468 4627 nec
1497 4573 1757 4628 decedere
1805 4583 2023 4640 potest:
2065 4574 2158 4642 qui

572 4666 714 4734 quod
741 4675 825 4720 est
845 4705 859 4729 ,
891 4666 1395 4718 incommutabilitcr
1425 4678 1638 4731 semper
1658 4671 1762 4716 est.
1791 4663 2157 4732 Magnilicatur

572 4771 704 4825 ergo
732 4771 836 4809 non
869 4755 992 4820 sibi,
1026 4755 1118 4809 sed
1149 4755 1319 4819 nobis,
1355 4763 1502 4806 tanto
1529 4754 1916 4819 vehementius,
1953 4762 2155 4822 quanto

574 4846 744 4914 magis
767 4860 828 4900 se
857 4844 1152 4900 intellectui
1185 4854 1370 4898 nostro
1402 4844 1738 4898 innotescere
1765 4846 1927 4898 iacit:
1966 4855 2154 4899 utnon

646 5066 670 5094 α
705 5056 842 5110 Edit.
875 5055 1039 5108 Duae.
1069 5062 1122 5108 et
1150 5052 1360 5116 COIon.,
1396 5051 1641 5104 Dominus
1673 5049 1804 5102 Deus
1836 5065 1996 5103 mens.

643 5126 671 5164 δ
700 5125 972 5180 Εόίιίυιὶθε
993 5126 1155 5178 Duae.
1188 5135 1238 5175 et
1266 5123 1452 5174 Colon.
1482 5123 1707 5184 habent,
1739 5118 2157 5171 circumamictis.

575 5198 727 5266 Apud
782 5195 1129 5266 Augustinum
1150 5234 1164 5254 ,
1187 5194 1617 5266 _circui_namictus
1654 5189 1816 5266 lucem
1843 5190 1974 5266 uelut
2004 5187 2153 5240 vesti-

576 5257 815 5320 mentum.
844 5257 995 5320 Unde
1025 5267 1155 5316 forte
1187 5262 1468 5328 legendum
1499 5269 1642 5314 esset
1671 5259 1786 5324 hic,
1839 5257 2011 5310 lumen
2059 5270 2156 5324 pro

573 5337 786 5398 lumine,
813 5335 951 5404 quod
987 5333 1266 5404 pratl'erunt
1300 5330 1512 5404 codices
1543 5328 1728 5380 nostri.

649 5419 671 5446 ο
705 5395 862 5459 Forte
901 5407 954 5458 in
988 5395 1334 5456 similitudine
1382 5401 1678 5469 legeretur,
1722 5395 1917 5464 prmvia
1952 5395 2155 5464 virgula

574 5493 690 5548 qua!
721 5477 773 5529 in
803 5475 972 5544 Lugd.
1006 5483 1238 5525 notatur.

644 5546 669 5582 δ
702 5546 775 5599 Ita
802 5545 969 5613 Lugd.
1003 5553 1056 5596 ct
1083 5544 1280 5613 I.0van.
1311 5539 1461 5593 editi.
1494 5541 1579 5613 ‘At
1617 5536 1786 5613 Quae.
1837 5543 1894 5588 et
1937 5534 2153 5613 Gelon”

572 5621 721 5685 cujus
744 5605 1020 5666 auctorem.
1066 5612 1200 5680 Aug.
1223 5653 1236 5674 ,
1262 5627 1436 5685 Anum.
1542 5623 1556 5661 :
1586 5605 1774 5685 ullane
1807 5605 2155 5685 auctoritatem

583 5673 898 5750 scriptum)
929 5685 1092 5750 primo
1121 5673 1290 5750 p'osuit
1327 5680 1463 5734 Deus
1493 5680 1543 5732 in
1575 5676 1807 5732 Ecclesia
1847 5692 1958 5728 sua.
1999 5673 2153 5741 Quod

2263 4584 2397 4638 aqua
2427 4615 2440 4636 ,
2497 4572 2547 4624 id
2597 4581 2710 4637 est,
2763 4574 3000 4626 charitas
3035 4573 3123 4626 Dei
3157 4583 3211 4627 et
3243 4576 3505 4641 proximi,
3540 4577 3758 4644 propria
3799 4586 3854 4631 et

2261 4660 2512 4728 specialis
2540 4661 2709 4714 virtus
2759 4671 2842 4716 est
2871 4665 3077 4729 piorum
3127 4671 3288 4732 atque
3330 4673 3639 4718 sanctorum
3675 4683 3689 4718 :
3722 4680 3846 4720 cum

2261 4760 2471 4804 canora:
2499 4749 2722 4804 virtutes
2748 4761 2802 4806 et
2830 4750 2982 4804 bonis
3011 4761 3063 4805 et
3091 4753 3246 4806 malis
3287 4753 3494 4822 possint
3535 4767 3660 4808 esse
3699 4769 3854 4808 com-

2261 4856 2451 4895 munes
2499 4841 2739 4912 (Senten.
2783 4841 2859 4912 7).
2903 4843 3196 4914 Superiora
3229 4845 3404 4913 itaque
3433 4845 3552 4898 caeli
3581 4845 3668 4900 his
3694 4847 3855 4916 aquis

2259 5045 2407 5101 favet
2434 5045 2703 5113 prioribus
2729 5041 3018 5096 codicibus.

2337 5127 2360 5153 ⁸
2393 5109 2582 5170 (Solon.
2616 5113 2780 5168 editio
2805 5128 2925 5167 cum
2957 5109 3346 5166 recentioribus
3369 5111 3481 5178 illa,
3511 5112 3654 5180 quia.
3686 5113 3848 5181 Aliae,

2297 5202 2380 5238 ua.

2262 5202 2464 5306 quldta
2498 5251 2663 5320 Lugd.
2694 5261 2746 5306 et
2772 5251 2998 5314 Lovan.,
3027 5251 3378 5305 coniormiter
3407 5251 3570 5304 textui
3595 5253 3848 5321 Augnsri.

2264 5325 2423 5377 niano
2448 5339 2461 5375 :
2493 5322 2615 5374 lam
2641 5324 2845 5374 nomine
2871 5321 2974 5386 dif]
2972 5323 3160 5374 usionis
3186 5321 3411 5388 intellige
3436 5337 3595 5389 aquas
3633 5323 3682 5374 in
3721 5323 3853 5375 cha-

2259 5397 2409 5446 ritate
2437 5393 2659 5462 Spiritus
2687 5392 2884 5444 Sancti.
2913 5391 3016 5462 (Hie
3041 5401 3154 5462 sunt
3185 5406 3330 5462 aqua;
3357 5390 3427 5462 de
3451 5389 3626 5454 quibus
3656 5393 3858 5446 dicitur

2262 5465 2315 5516 in
2346 5459 2566 5529 quadam
2592 5461 2963 5527 Scriptura:h‘t
2982 5470 3032 5515 in
3051 5459 3232 5528 plateis
3256 5459 3354 5511 tuis
3377 5459 3666 5529 discurrens
3695 5477 3856 5528 aqua

2263 5527 2382 5586 tum.
2427 5532 2756 5588 Posteriores
2798 5527 3060 5586 editiones
3104 5529 3270 5584 Duac.
3321 5536 3377 5583 et
3419 5527 3633 5592 Colon.,
3681 5527 3852 5600 aquas

2259 5611 2425 5656 sanat.
