4030 6178
237 256 336 311 Ξδο

1002 261 1418 320 PSALMORUM
1461 266 1509 324 Α
1546 266 1587 322 C
1629 266 1720 323 AD
1759 268 1843 323 CL
1885 268 2273 327 E'XPOSITIO.
2314 271 2511 328 PSAL.
2553 273 2686 331 CIII.

3377 289 3486 342 2'30

228 375 581 438 proteguntur,
610 370 730 440 quia
762 381 1088 441 prmeeptnm
1119 375 1396 429 charitatis
1423 390 1584 446 super
1605 392 1795 433 omnes
1826 384 1871 443 Α
1903 381 2036 433 ru‘so
2078 383 2423 449 apparuisse;
2472 394 2527 437 et
2566 386 2789 440 missum
2812 386 2987 457 ignem
3013 389 3266 462 desuper,
3300 406 3355 450 et
3386 401 3486 451 im-

223 458 403 523 ctelns,
436 459 482 510 id
513 468 616 524 est,
648 475 811 529 super
835 477 1023 518 omnes
1054 472 1079 500 ι
1110 464 1273 520 libros
1302 476 1425 531 est,
1468 468 1552 521 cui
1603 469 1787 525 militat

224 550 385 605 omnis
414 550 583 620 lingua
608 566 661 606 et
697 556 873 608 omnis
898 555 1137 611 doctrina
1161 569 1487 614 sanctorum.
1513 561 1790 618 Protectio

222 649 388 694 autem
420 639 574 711 hujus
604 657 757 711 aqua:
800 645 1102 715 subjectum
1146 650 1341 704 caelum
1387 652 1787 721 Scripturarum

221 730 244 770 δ
270 748 369 787 non
399 744 533 802 erat,
565 733 659 789 sed
684 738 997 804 suSpendit:
1028 740 1149 809 quia
1177 741 1231 795 in
1262 743 1477 811 gemino
1511 746 1788 803 charitatis

220 833 471 894 praecepto
527 836 635 880 tota
691 826 804 883 Lex
871 831 1142 900 pendatet
1204 832 1490 903 Propheta:
1552 838 1781 908 (Matth.

222 917 505 988 ιιιγ,40).

280 1009 460 1078 (Ibid)
490 1010 592 1076 Qui
623 1013 770 1079 ponis
814 1013 967 1068 nubes
1012 1032 1276 1071 ascensum
1318 1020 1450 1088 ejus.
1500 1020 1779 1092 Impletutn

220 1100 402 1153 esthoc
428 1102 754 1167 visibiliter,
787 1119 907 1157 cum
958 1107 1008 1159 in
1055 1120 1347 1177 conspecxu
1394 1111 1778 1181 discipulorum

220 1189 457 1245 Dominus
485 1193 628 1247 nube
653 1204 955 1263 susceptus,
985 1200 1222 1253 ascendit
1249 1200 1299 1254 in
1330 1202 1529 1256 caelum
1562 1204 1702 1274 (Act.
1739 1222 1777 1274 ι,

216 1279 373 1349 9):et
401 1282 469 1336 de
516 1286 914 1340 resurrectione
958 1286 1246 1356 Apostolus
1296 1292 1557 1359 loquens,
1607 1295 1775 1363 dicit,

216 1369 389 1423 Deinde
416 1388 511 1424 nos
550 1374 638 1442 qui
663 1375 903 1440 vivimus,
933 1378 1086 1431 simul
1121 1395 1237 1432 cum
1273 1379 1379 1434 illis
1426 1383 1687 1450 rapientur
1725 1387 1777 1439 in

215 1459 399 1513 nubibus
428 1462 630 1515 obviam
658 1463 880 1533 Christo,
911 1477 955 1520 et
983 1468 1054 1521 ita
1076 1485 1274 1537 semper
1294 1487 1406 1523 cunt
1440 1472 1654 1527 Domino
1677 1477 1776 1528 eri-

214 1567 305 1603 mus
332 1551 376 1621 (I
411 1551 593 1606 Thess.
627 1570 695 1620 ιιι,
735 1555 817 1618 IS,
848 1555 1002 1626 elc.).
1046 1557 1148 1612 Sed
1201 1561 1486 1614 videndum
1536 1576 1618 1616 est
1656 1582 1774 1630 qua:

213 1645 301 1694 sint
328 1642 426 1696 illae
456 1644 654 1706 nubes,
691 1647 883 1714 quibus
916 1648 966 1700 in
992 1649 1186 1703 caelum
1213 1651 1507 1705 divinarum
1531 1653 1771 1722 Scriptu.

1897 470 2072 537 plesse
2102 470 2242 540 quod
2285 482 2608 540 praeceptum
2658 483 2742 528 est
2777 476 3077 532 ministerio
3120 485 3488 542 exsecutionis

1891 560 2147 628 angelicae
2196 558 2391 626 (Exod.
2443 576 2533 630 tu,
2576 561 2645 629 2;
2695 563 2825 617 Gen.
2872 581 2985 633 xtx,
3023 568 3121 635 24;
3161 569 3307 625 Levit
3340 590 3394 641 x,
3426 576 3483 638 ει,

1890 657 1938 701 et
1967 648 2136 720 alibi).
2167 649 2422 718 Figurate
2452 665 2579 705 vero
2619 652 2891 720 spiritales
2929 657 3129 726 quique
3161 660 3213 713 iu
3246 660 3483 718 Ecclesia

1887 740 2107 809 spiritus
2136 740 2476 809 appellantur
2501 759 2516 796 :
2537 743 2627 811 qui
2653 743 2785 797 fiunt
2805 745 3117 813 angelicum
3139 750 3271 803 unt
3293 754 3486 818 prsidi-

1887 840 2100 885 catores
2126 842 2178 884 et
2209 831 2382 886 nuntii
2423 833 2687 886 veritatis.
2718 832 2976 903 [demque
3008 845 3133 891 sunt
3156 838 3294 907 ignis
3316 881 3329 905 ,
3361 857 3483 897 cum

1887 920 2095 976 fervent
2130 922 2320 992 spiritu
2340 967 2354 990 ,
2395 932 2447 977 et
2477 938 2571 978 eos
2600 938 2735 992 quos
2763 925 3118 983 exhortantur
3143 932 3440 985 accendunt
3465 950 3482 990 :

1882 1012 2148 1083 duplicem
2174 1014 2435 1069 habentes
2457 1015 2826 1083 eflicientiam,
2856 1025 2916 1071 ut
2949 1026 3004 1073 et
3051 1020 3321 1076 illustrent
3360 1025 3485 1077 ani-

1884 1116 2027 1166 mas,
2066 1112 2120 1155 et
2158 1102 2417 1167 adurant;
2457 1117 2578 1157 cum
2617 1104 2807 1158 eadem
2834 1106 2884 1159 vi
2913 1108 3235 1163 etardorem
3271 1113 3485 1168 virtutis

1881 1190 2151 1261 injiciunt,
2201 1202 2255 1248 et
2297 1200 2641 1261 peccatorum
2687 1195 2868 1263 spinas
2913 1196 3243 1268 tribulosquc
3286 1214 3483 1255 oonsu-

1880 1295 2053 1337 munt.

1947 1373 1967 1445 (
1983 1374 2135 1427 Vers.
2164 1373 2245 1442 5.)
2279 1374 2326 1425 F
2331 1375 2541 1427 undavit
2570 1385 2758 1428 terram
2784 1393 2939 1447 super
2972 1379 3266 1445 [irniitatent
3315 1384 3427 1447 eius
3453 1398 3474 1437 :

1876 1482 1981 1518 non
2006 1466 2334 1518 inclinabitur
2362 1466 2415 1519 in
2444 1465 2692 1519 steculum
2720 1470 2916 1522 saeculi.
2948 1469 3022 1523 De
3046 1481 3187 1524 terra
3213 1474 3310 1525 ista
3336 1472 3481 1527 labo-

1876 1559 2020 1613 riose
2052 1558 2330 1622 asseritur,
2360 1560 2500 1627 quod
2541 1573 2644 1612 non
2676 1560 2976 1616 inclinanda
3006 1563 3077 1616 sit
3124 1564 3177 1619 in
3219 1567 3475 1623 szeculnm

1874 1648 2077 1713 seaculi,
2108 1663 2227 1702 cum
2270 1649 2471 1703 dictum
2516 1652 2605 1717 sit,
2655 1649 2850 1704 Caelum
2899 1661 2946 1706 et
2993 1664 3130 1707 terra
3180 1657 3473 1711 transibunt

213 1747 363 1785 ramm
387 1735 713 1789 ascenditur.
763 1736 1148 1794 Praedicatores
1179 1743 1362 1811 utique
1388 1744 1651 1809 veritatis,
1681 1748 1767 1814 qui

1889 1739 2052 1810 LMatt.
2087 1755 2234 1804 xxiv,
2263 1738 2376 1808 55).
2412 1740 2541 1794 Nam
2574 1740 2849 1795 fundatam
2878 1758 2995 1798 eam
3035 1761 3199 1813 super
3240 1748 3468 1803 firmita-

212 1824 344 1875 c0rda
372 1825 702 1879 audientium
730 1841 759 1879 a
800 1829 1029 1883 terrenis
1069 1832 1316 1886 sensibus
1347 1833 1588 1902 erigunt,
1624 1846 1679 1889 et
1707 1837 1771 1889 ad

213 1912 565 1969 sublimitatem
610 1917 846 1972 caelestis
892 1918 1261 1989 intelligentia:
1309 1924 1639 1980 subvehunt.
1692 1926 1775 1979 Ab

212 2000 305 2054 isus
323 2004 550 2058 nubibus
572 2006 793 2060 verbum
821 2008 907 2062 Dei
931 2008 1351 2067 diliundentibus
1376 2016 1530 2068 vinea
1561 2015 1774 2071 Domini

213 2092 424 2161 sabaoth,
452 2112 577 2164 qua:
606 2106 690 2151 est
731 2099 1006 2165 Ecclesia,
1049 2102 1403 2157 fecundatur:
1452 2114 1507 2158 ut
1550 2118 1770 2174 accepta

216 2184 359 2252 pluvia
381 2228 395 2252 ,
442 2188 570 2242 edat
615 2188 845 2244 fructum
874 2237 887 2259 ,
930 2203 983 2248 et
1004 2194 1126 2248 edat
1152 2211 1303 2262 uvas,
1341 2212 1444 2251 non
1473 2199 1687 2266 spinas;
1720 2209 1775 2253 et

214 2291 300 2330 non
320 2279 383 2331 sit
410 2280 535 2334 talis
566 2282 723 2337 vinea
752 2282 818 2337 de
845 2299 946 2352 qua
978 2284 1108 2339 dicit
1138 2286 1394 2340 Dominus
1423 2303 1518 2356 per
1539 2287 1774 2355 Pr0plte-

215 2377 319 2432 tam,
347 2368 608 2424 Mandubo
635 2374 848 2427 nubibus
869 2376 992 2429 meis
1014 2392 1079 2429 ne
1098 2377 1278 2445 pluant
1300 2394 1454 2449 super
1475 2396 1586 2431 eam
1613 2380 1664 2448 (Ι
1672 2383 1770 2436 sai.

216 2472 262 2523 ν,
286 2458 363 2525 6);
392 2471 445 2515 et
475 2462 656 2531 qualis
685 2465 806 2529 illa,
851 2468 937 2520 cui
972 2467 1226 2521 dixerunt
1267 2469 1526 2538 apostoli,
1568 2470 1650 2523 Ad
1691 2487 1776 2525 vos

214 2549 330 2601 missi
357 2567 595 2615 eramus;
620 2555 709 2606 sed
735 2556 855 2622 quia
881 2555 1142 2626 repulistis
1173 2559 1377 2611 verbum
1406 2557 1521 2627 Dei,
1548 2562 1679 2615 imus
1707 2563 1775 2615 ad

213 2650 353 2706 gentes
381 2639 517 2709 (Act.
554 2658 670 2705 xm,
697 2643 811 2714 46).

270 2729 452 2801 (ιιιιιι.)
490 2733 595 2797 Qui
622 2736 849 2788 ambulat
877 2753 1029 2806 super
1057 2756 1249 2808 pennas
1287 2752 1566 2795 ventorum.
1614 2743 1778 2814 384

216 2815 367 2873 Putest
395 2821 460 2874 ad
492 2823 729 2879 litteram
761 2826 831 2879 ita
876 2828 1084 2898 accipi,
1137 2839 1194 2883 ut
1239 2833 1577 2889 velocitatem
1625 2836 1776 2889 verbi

213 2909 361 2964 omnia
392 2916 736 2983 pchagantis
768 2916 820 2970 in
850 2916 951 2972 hoc
992 2920 1384 2990 intelligamus,
1431 2923 1572 2991 quod
1615 2938 1779 2992 super

214 3009 462 3056 ventorum
518 3019 727 3073 pennas
777 3006 978 3063 dicitur
1013 3011 1327 3070 anrbularo:
1369 3016 1495 3082 quia
1538 3014 1777 3071 velocius

1879 1834 1987 1881 tem
2036 1845 2189 1884 suam
2237 1847 2518 1901 possumus
2567 1834 2637 1887 ita
2684 1834 3016 1902 intelligere,
3045 1848 3102 1889 ut
3131 1837 3217 1890 illa
3256 1840 3335 1893 vis
3368 1857 3472 1910 qua

1876 1929 2205 1974 sustentatur
2238 1930 2290 1975 et
2320 1923 2628 1976 continetur
2678 1924 2902 1978 firmitas
2954 1926 3121 1994 ip~ius
3166 1928 3307 1983 dicta
3359 1931 3468 1984 sit:

1876 2026 1994 2080 qua:
2018 2012 2141 2065 licet
2164 2014 2482 2067 abscondita
2503 2030 2530 2066 a
2555 2016 2710 2069 nobis
2736 2019 2827 2081 sit,
2856 2027 3029 2071 tamen
3062 2032 3206 2074 recte
3232 2021 3473 2077 creditur

1880 2103 1930 2155 in
1961 2103 2221 2169 sapientia
2253 2115 2306 2158 et
2338 2104 2537 2159 virtute
2569 2107 2859 2175 Creatoris,
2889 2111 2985 2176 qui
3006 2112 3182 2164 omnia
3215 2112 3266 2164 in
3296 2127 3355 2167 se
3383 2113 3473 2167 lir-

1878 2192 2059 2251 mavit.
2096 2192 2145 2245 in
2172 2209 2276 2259 quo
2304 2206 2358 2247 et
2384 2196 2560 2247 omnia
2593 2195 2829 2249 condidit
2854 2192 3032 2262 (Hebr.
3051 2200 3237 2265 xt,lo;
3270 2200 3470 2258 Coloss.

1877 2294 1914 2341 ι,
1948 2280 2055 2348 iis).
2089 2281 2310 2351 Mystico
2336 2297 2465 2337 vero
2496 2282 2774 2339 intellectu
2802 2287 3107 2355 accepimus
3136 2298 3337 2344 terram
3369 2292 3471 2347 Ec-

1876 2371 2119 2432 clesium,
2152 2372 2303 2440 cujus
2334 2373 2559 2428 firmitas
2587 2384 2641 2428 et
2673 2376 3080 2432 fundamentum
3120 2380 3267 2449 ejus,
3308 2397 3471 2452 super
3528 2394 3536 2404 '

1876 2460 2019 2529 quod
2054 2461 2272 2516 fundata
2306 2471 2389 2516 est
2417 2473 2588 2529 terra,
2620 2464 2868 2521 Christus
2904 2478 3005 2523 est.
3049 2468 3469 2526 Fundamentum

1876 2551 2038 2621 385
2083 2561 2259 2606 autem
2310 2570 2453 2606 nemo
2506 2564 2669 2624 potest
2704 2572 2895 2625 ponere
2942 2570 3123 2625 praeter
3153 2577 3306 2630 quam
3333 2564 3472 2631 quod

1876 2644 2097 2711 positum
2137 2652 2240 2708 est,
2280 2643 2419 2711 quod
2458 2653 2531 2696 est
2562 2644 2795 2699 Christus
2820 2644 2971 2699 Jesus
3002 2648 3056 2718 (Ι
3083 2649 3207 2703 Cor.
3244 2667 3322 2713 ιιι,
3356 2652 3467 2720 II).

1877 2737 1918 2786 A
1947 2748 2052 2802 quo
2083 2733 2425 2789 fundamento
2451 2752 2555 2790 non
2586 2736 2867 2803 recedens,
2900 2754 3004 2793 non
3038 2742 3383 2797 inclinabitnr
3413 2746 3463 2799 in

1877 2824 2131 2905 sar-quium
2163 2825 2371 2878 smculi.

1948 2912 2130 2985 (Vers.
2167 2913 2247 2983 6.)
2286 2915 2510 2984 Abyssus
2536 2917 2665 2969 sicut
2693 2918 3041 2972 vestimentum
3082 2923 3295 2976 amictus
3319 2926 3433 2995 ejus
3456 2942 3476 2979 :

1877 3021 2032 3076 super
2061 3016 2256 3060 montes
2283 3006 2490 3063 stabunt
2518 3024 2682 3077 aqua.
2717 3008 2897 3064 Terrae
2920 3014 3137 3067 nomine
3168 3014 3467 3071 Ecclesium

214 3088 322 3143 nihil
347 3093 595 3149 novimus
626 3096 819 3163 ventis,
844 3114 1071 3168 quorum
1100 3102 1351 3157 celeritas
1376 3105 1674 3174 significata
1698 3114 1779 3161 est

1889 3093 2245 3150 intelleximus
2262 3098 2662 3166 prOphetatam,
2681 3115 2802 3168 quas
2829 3100 3096 3156 Christum
3123 3102 3326 3160 habens
3356 3106 3469 3160 fun-

215 3183 587 3250 nuncopatione
620 3200 912 3252 pennarum
939 3207 953 3242 :
988 3190 1084 3245 sed
1112 3192 1199 3247 his
1226 3195 1492 3261 pernicior
1521 3206 1606 3250 est
1643 3198 1783 3252 veri-

214 3272 317 3327 tatis
358 3276 699 3331 aununtiatio
718 3317 735 3344 ,
782 3294 904 3350 quia
938 3282 1145 3353 attingit
1168 3300 1200 3336 a
1222 3285 1325 3351 fine
1353 3302 1511 3355 usque
1538 3287 1607 3340 ad
1630 3288 1783 3355 ﬁnem

214 3363 406 3433 fortiter,
431 3376 481 3423 et
507 3368 735 3439 disponit
760 3372 932 3426 omnia
956 3375 1181 3428 suaviter
1217 3375 1372 3447 (Sap.
1407 3392 1521 3444 vm,
1564 3378 1642 3449 I).
1682 3378 1786 3433 Per

214 3453 463 3525 ﬁguratam
488 3474 673 3517 autem
704 3464 1152 3533 significationem
1175 3509 1192 3533 ,
1238 3478 1521 3524 ventorum
1564 3470 1784 3526 nomine

214 3562 302 3603 non
326 3552 553 3609 absurde
575 3554 770 3609 animae
802 3558 1211 3628 intelliguntur:
1244 3576 1350 3616 non
1383 3563 1506 3632 quia
1539 3563 1782 3632 ejusdem

213 3650 392 3697 natura:
414 3644 547 3709 sint,
578 3645 673 3699 sed
714 3648 833 3715 quia
875 3649 1123 3705 similiter
1170 3653 1493 3709 invisibiles.
1545 3655 1780 3721 Quarqu

213 3743 375 3796 pennze
403 3744 530 3789 sunt
558 3735 667 3788 duo
697 3751 962 3807 praacepta
999 3740 1280 3796 charitatis
1300 3784 1312 3805 ,
1340 3744 1535 3811 quibus
1571 3743 1639 3798 ad
1678 3745 1783 3798 Do-

214 3823 387 3879 minum
417 3828 667 3882 tendunt.
696 3829 803 3883 Sed
831 3833 953 3899 quia
985 3831 1156 3901 major
1187 3844 1240 3889 et
1268 3835 1552 3889 sublimior
1576 3844 1659 3890 est
1685 3836 1780 3891 Dei

211 3913 415 3970 Charitas
448 3934 554 3985 qua
584 3918 781 3973 dilexit
810 3936 941 3988 nos,
986 3938 1143 3991 quam
1194 3924 1245 3977 in
1294 3925 1544 3979 eumdem
1596 3938 1781 3980 nostra

211 4003 436 4073 dilectio;
468 4011 594 4065 ideo
619 4027 782 4080 super
804 4028 1006 4083 pennas
1033 4025 1334 4082 ventorum,
1361 4017 1463 4072 hoc
1489 4026 1592 4083 est,
1617 4033 1783 4085 super

211 4097 498 4154 charitatem
526 4104 830 4158 animarum
861 4106 1057 4160 dicitur
1090 4108 1403 4163 ambulare:
1447 4110 1568 4179 quia
1602 4111 1782 4165 chari-

214 4196 349 4241 tatein
374 4204 616 4245 nosmun
642 4195 1045 4264 supergreditur
1064 4198 1298 4251 charitas
1325 4199 1420 4253 Dei
1445 4218 1458 4252 :
1491 4201 1578 4269 qui
1610 4200 1778 4268 ipsam

209 4279 498 4336 cbaritatem
525 4300 631 4352 qua
660 4284 954 4350 diligimus,
978 4287 1187 4340 diITudit
1208 4290 1258 4341 in
1285 4290 1521 4343 cordibus
1545 4307 1634 4361 per
1657 4292 1782 4361 Spi-

210 4372 342 4425 ritum
365 4388 622 4439 sanctum,
656 4379 740 4445 qui
765 4378 913 4431 datus
942 4389 1015 4432 est
1047 4381 1189 4433 nobis
1223 4380 1399 4447 (Rom.
1422 4392 1476 4447 ν,
1500 4382 1578 4450 5).

1884 3187 2235 3255 damentum,
2290 3206 2396 3244 non
2446 3190 2791 3246 inclinabitnr
2841 3194 2890 3247 in
2949 3196 3209 3251 saaculum
3263 3200 3468 3255 saeculi.

1884 3277 2267 3334 Verumtamen
2295 3280 2501 3336 diluvio
2532 3286 2963 3350 persecutionum
3011 3283 3033 3357 (
3056 3300 3178 3355 quae
3206 3288 3385 3359 abyssi
3418 3302 3475 3347 et

1882 3382 2142 3437 aquarum
2172 3371 2392 3425 nomine
2422 3371 2851 3443 przesignantur)
2872 3412 2889 3439 ,
2932 3374 3003 3429 ita
3038 3375 3471 3447 circumtegenda

1886 3458 2194 3526 indicatur,
2242 3468 2300 3515 ut
2348 3461 2501 3531 quasi
2547 3463 2873 3519 vestimento
2920 3465 2990 3521 ab
3037 3467 3473 3538 itnpugnantibns

1884 3551 2176 3620 operienda
2209 3552 2281 3608 sit
2309 3552 2561 3622 populis:
2595 3553 2646 3608 iu
2690 3562 2895 3609 tantum
2938 3560 3316 3625 persecutione
3353 3576 3473 3616 creo

1883 3657 2069 3699 scente
2090 3685 2105 3709 ,
2139 3653 2196 3699 ut
2223 3645 2390 3700 etiam
2423 3659 2586 3714 super
2613 3656 2854 3710 montes‘,
2887 3646 2937 3700 id
2962 3659 3045 3701 est
3065 3688 3081 3713 ,
3111 3650 3473 3705 eminentissi-

1884 3753 1999 3791 mos
2052 3752 2295 3806 qnosqne
2346 3747 2699 3805 sanctorum,
2739 3738 3029 3793 attollenda
3078 3742 3150 3794 sit
3193 3744 3474 3811 oppressio

1886 3829 2317 3896 persequentium
2328 3867 2342 3880 .

1957 3918 2135 3990 (Vers.
2172 3916 2253 3987 7.)
2294 3918 2368 3971 Ab
2394 3918 2744 3987 increpatione
2773 3928 2860 3971 tua
2891 3919 3106 3989 fugient,
3140 3937 3171 3973 a
3195 3936 3312 3975 voce
3338 3925 3474 3978 toni-

1884 4020 1991 4064 trus
2016 4010 2091 4063 tui
2116 4009 2484 4079 formidabant.
2518 4008 2734 4063 Factum
2764 4017 2846 4065 est
2876 4009 2997 4072 hoc,
3028 4025 3150 4066 cum
3179 4012 3321 4067 Deus
3342 4028 3473 4069 con-

1885 4100 2074 4154 terruit
2098 4107 2285 4169 gentcs
2316 4099 2700 4168 increpatiOnis
2722 4115 2832 4154 sum
2861 4102 3083 4158 tonitru.
3112 4101 3473 4159 Cessaverunt

1884 4196 2026 4249 enim
2056 4193 2200 4261 impii
2237 4192 2525 4246 Ecclesium
2559 4206 2841 4259 premere,
2874 4201 2929 4246 et.
2960 4206 3172 4249 montes
3195 4195 3310 4260 Dei,
3339 4212 3473 4262 quo-

1886 4299 2004 4336 rnin
2049 4282 2350 4335 sublimitas
2396 4280 2551 4350 aquis
2617 4284 3051 4350 superstantibus
3100 4285 3472 4354 obtegebatnr,

1885 4374 2073 4429 iisdem
2106 4374 2255 4443 aquis
2288 4373 2700 4439 recedentibus,
2748 4384 3071 4443 receperunt
3104 4378 3469 4433 eminentiam.

266 4462 432 4529 (Vers.
466 4466 551 4533 4.)
584 4465 686 4530 Qui
712 4467 836 4535 facit
859 4471 1068 4538 angelos
1102 4486 1222 4523 suos
1263 4473 1474 4541 spiritus
1500 4514 1514 4537 ,
1546 4482 1593 4526 et
1633 4470 1779 4527 mini-

1890 4465 2133 4518 Tonante
2155 4464 2294 4518 enim
2324 4465 2571 4529 Domino,
2600 4464 3024 4519 formidaverunt
3047 4480 3221 4534 aquas,
3245 4478 3299 4522 et
3319 4484 3475 4523 mon-

210 4562 317 4604 ιιι-οε
343 4570 459 4609 suos
486 4557 660 4627 ignem
693 4567 716 4595 ε
754 4570 995 4612 urentem.
1045 4558 1348 4614 Secundum
1397 4561 1628 4617 litteram
1678 4580 1784 4618 non

210 4642 491 4701 dubitamus
522 4662 646 4701 esse
692 4648 914 4716 spiritus
960 4652 1115 4703 nobis
1165 4651 1458 4706 invisibiles
1508 4655 1784 4709 ministros

212 4732 323 4802 Dei,
350 4738 437 4806 qui
471 4739 543 4793 ab
572 4739 752 4795 cilicio
780 4742 922 4811 quod
955 4750 1137 4812 agunt,
1170 4743 1343 4813 angeli
1388 4758 1782 4813 nuncupantur.

212 4821 415 4890 Spiritus
458 4832 609 4885 enim
658 4842 861 4886 naturae
912 4849 1108 4889 nomen
1146 4842 1250 4901 est,
1282 4836 1501 4905 angelus
1534 4838 1781 4892 actionis.

212 4912 303 4969 llos
331 4917 509 4988 itaque
541 4920 818 4976 ministros
861 4938 987 4979 suos
1036 4925 1181 4978 Deus
1226 4926 1351 4979 facit
1396 4926 1556 4979 etiam
1606 4927 1779 4995 ignem

211 5018 468 5079 urentem,
504 5012 621 5067 sive
652 5012 999 5083 ﬂagrantem:
1032 5015 1172 5069 sicut
1198 5015 1423 5085 legimus
1444 5056 1458 5079 ,
1512 5018 1685 5085 ignem
1722 5016 1784 5091 in

271 5171 295 5199 ⁸
321 5164 549 5221 Codices
576 5168 742 5221 Duae.
767 5176 823 5222 et
849 5167 1064 5233 Colum,
1107 5168 1308 5223 liberos.
1354 5168 1544 5223 Melius
1592 5169 1736 5235 leges
1760 5210 1776 5232 ,

213 5230 370 5303 libros,
412 5236 704 5289 autoritate
733 5237 975 5299 Lugduni.
1008 5230 1061 5292 et
1088 5238 1316 5303 anan.,
1341 5242 1424 5292 cui
1458 5240 1596 5292 favet
1630 5230 1777 5293 locus

210 5302 496 5371 Augustini.
534 5306 674 5387 Ergo
700 5318 1002 5387 prwceptum
1048 5302 1310 5387 chqritatis
1334 5325 1555 5387 insuper.
1589 5310 1738 5387 melos
1764 5349 1778 5373 ,

210 5387 349 5443 super
373 5392 548 5429 omnes
578 5378 762 5439 libros;
790 5390 840 5431 et
862 5379 991 5429 enim
1017 5379 1300 5430 subdantur
1327 5378 1477 5439 libri,
1511 5379 1555 5431 ei
1592 5378 1780 5431 milith

210 5446 358 5496 omnis
394 5448 571 5509 lingua
607 5457 966 5500 sanctorum...
1006 5446 1395 5513 Supereminens
1427 5459 1499 5500 est
1530 5464 1646 5515 ergo
1678 5450 1781 5511 via,

212 5519 255 5587 et
296 5515 469 5588 merito
515 5518 726 5588 prategjl
769 5517 822 5588 iu
868 5518 1028 5588 aquis,
1050 5518 1316 5588 superiora
1329 5517 1475 5588 creti,
1506 5519 1627 5588 quia
1655 5518 1785 5573 nihil

214 5580 392 5634 invenis
419 5580 718 5638 eminentius
742 5580 989 5639 charitnte
1012 5586 1063 5637 in
1092 5580 1275 5639 divinis
1303 5586 1464 5639 libris.

278 5648 303 5688 δ
331 5651 402 5705 ita
434 5653 652 5715 quidem
684 5657 736 5711 iu
762 5656 1013 5712 omnibus
1043 5656 1240 5713 nostris
1260 5654 1560 5712 codicibus.
1586 5658 1653 5712 At
1676 5671 1788 5713 meo

1894 4565 1974 4611 tes
2004 4571 2031 4609 a
2063 4554 2265 4608 diluvio
2295 4556 2438 4609 exuti
2470 4564 2616 4608 sunt.

1963 4647 2143 4718 (Vers.
2175 4645 2254 4714 8.)
2294 4647 2587 4699 Ascendunt
2616 4656 2838 4714 montes,
2868 4655 2913 4698 et
2944 4645 3261 4701 descendunt
3282 4651 3473 4718 campi,

1892 4740 1945 4791 in
1973 4739 2139 4790 locum
2161 4753 2307 4805 quem
2336 4736 2566 4804 fundasti
2586 4736 2677 4788 eis.
2702 4735 2908 4789 Montes
2929 4736 3191 4792 elationes
3215 4753 3475 4808 aquarum

1890 4838 2037 4891 sunt,
2072 4829 2122 4882 id
2154 4836 2257 4892 est,
2291 4828 2483 4881 ﬂuctus
2522 4827 2956 4896 persequentium
2987 4829 3307 4897 populorum
3340 4846 3354 4883 :
3387 4832 3475 4899 qni

1893 4936 2015 4976 cum
2046 4920 2336 4984 saevirent,
2369 4930 2579 4974 montes
2610 4930 2796 4984 erant;
2840 4920 2933 4973 sed
2972 4922 3229 4989 increpati
3259 4924 3478 4990 quieve-

1892 5020 2054 5078 runt,
2089 5020 2145 5066 et
2179 5009 2354 5079 campi
2379 5007 2501 5063 facti
2532 5018 2687 5078 sunt,
2731 5009 2953 5064 fundato
2982 5010 3111 5080 ipsis
3140 5012 3257 5065 loco
3286 5011 3338 5065 in
3370 5027 3478 5081 quo

1887 5166 1991 5220 rito
2023 5163 2357 5232 suspicamur
2388 5163 2487 5231 legi
2518 5162 2791 5223 debuisse,
2824 5178 2923 5215 non
2965 5172 3172 5224 onerat,
3214 5176 3281 5232 ex
3316 5175 3476 5215 sensu

1887 5237 1988 5290 loci
2021 5231 2210 5304 ipsius,
2243 5244 2298 5288 et
2321 5233 2648 5304 auctoritate
2669 5233 2845 5299 operis
2873 5232 3174 5304 Augustini.
3200 5231 3322 5283 Nca
3343 5233 3476 5285 enim

1886 5307 1958 5359 sic
1990 5301 2122 5357 Deus
2150 5304 2389 5373 protegit,
2422 5312 2475 5355 ut
2504 5303 2651 5370 quasi
2677 5312 2981 5373 sustentetur
3007 5301 3069 5353 ab
3099 5317 3158 5353 eo
3184 5315 3333 5367 quem
3356 5316 3451 5367 pro

1885 5375 2006 5445 tegit
2033 5389 2052 5430 :
2077 5372 2303 5449 sublevat
2322 5390 2467 5442 quem
2496 5372 2868 5449 protegit,_.non
2896 5381 3087 5436 onerat,
3316 5438 3327 5449 .

1963 5456 1985 5483 θ
2022 5443 2294 5498 Edlziones
2320 5437 2508 5497 omnes
2539 5443 2592 5494 in
2615 5437 2707 5494 ora
2731 5440 2851 5509 libri
2876 5449 3057 5490 notant
3080 5438 3210 5490 alias
3232 5437 3350 5506 legi,
3376 5440 3474 5509 ﬂa-

1889 5524 2150 5585 grantem;
2176 5516 2358 5585 sicque
2387 5511 2616 5585 habetur
2636 5508 2773 5585 apud
2800 5509 3194 5585 Augustinqmi
3209 5518 3263 5560 et
3284 5508 3475 5564 utrium-

1888 5576 1996 5654 que
2020 5576 2306 5640 lectionem
2337 5582 2571 5638 insinuat
2599 5578 2755 5649 paulo
2779 5585 2900 5647 post
2927 5577 3044 5646 ipse
3067 5577 3126 5633 S.
3156 5576 3408 5648 Prnspcr.
