4030 6178
507 244 606 305 ωι

1728 242 1786 299 S.
1829 237 2165 298 PROSPERI
2200 238 2526 306 AQL‘ITANI

3665 237 3772 296 ξπ

506 359 905 417 cohiberentur.
936 355 1039 422 Qui
1062 354 1213 410 locus
1233 351 1552 423 intelligitur
1571 352 1813 421 quaedam
1838 369 2085 407 mensura
2115 355 2168 412 Α
2194 353 2424 419 majores
2470 351 2828 422 fortioresque
2874 352 3062 407 bestiae
3110 349 3493 418 nominantur,
3540 363 3660 417 qure
3704 350 3776 403 de

507 450 812 506 formidinis
838 488 853 515 ,
890 448 1029 502 intra
1058 460 1217 515 quam
1247 446 1581 499 saevientium
1624 442 1788 497 corda
1824 444 2085 497 conclusa

507 550 662 607 sunt;
695 548 754 596 ut
771 540 932 595 etiam
948 538 992 592 si
1014 537 1187 591 adhuc
1202 536 1436 591 retinent
1462 534 1791 589 inﬁdelitatis
1813 550 1923 588 suae
1944 548 2091 586 ama-

508 632 817 696 ritudinem,
850 644 1015 698 super
1042 628 1226 683 dulces
1256 636 1435 681 tamen
1466 641 1661 695 aquas,
1692 624 1745 678 id
1771 634 1874 687 est,
1906 623 2091 677 ﬁdeles

511 726 737 796 pepulos
770 732 1036 793 nequeant
1064 719 1268 775 elevari
1295 760 1309 783 ,
1342 734 1514 786 neque
1544 726 1881 772 revertentur
1911 726 2090 782 tegere

512 826 712 870 terram
743 815 935 869 ﬂuctus
964 813 1039 866 illi
1071 810 1247 880 magni
1277 819 1329 864 et
1370 808 1560 863 amari.
1607 809 1948 874 Acceperunt
1978 820 2090 857 mo-

509 907 635 961 dum
661 946 676 970 ,
721 920 881 975 quem
918 918 1023 958 non
1064 900 1526 969 trausgredientur
1552 938 1567 964 ,
1618 912 1793 965 neque
1841 904 2093 965 poterunt

509 997 767 1053 Ecclesiae
797 995 998 1050 inferre
1029 993 1307 1048 diluvium.

581 1090 762 1166 (Vers.
798 1086 907 1160 10.)
942 1087 1042 1151 Qui
1066 1087 1243 1140 entittit
1277 1084 1438 1153 fontes
1466 1082 1521 1135 in
1550 1078 1885 1134 convallibus.
1918 1077 2094 1145 Super

509 1184 769 1240 humilem
814 1191 869 1233 et
911 1178 1148 1248 quietum
1190 1173 1481 1242 requiescit
1521 1171 1751 1239 Spiritus
1792 1170 1881 1224 Dei
1937 1168 2090 1237 (Isai.

511 1290 657 1341 vat,
683 1272 735 1341 2)
760 1288 773 1325 :
805 1270 989 1339 et,Qui
1015 1267 1174 1321 credit
1199 1267 1253 1318 in
1284 1280 1361 1317 me
1379 1262 1620 1334 (inquit),
1647 1261 1861 1329 ﬂumina
1887 1259 1949 1312 de
1976 1274 2095 1311 ven-

512 1376 588 1418 tre
620 1364 731 1433 ejus
763 1364 918 1425 ﬂuent
948 1372 1096 1428 aqua:
1133 1356 1256 1408 vitta
1304 1351 1483 1422 (Joan.
1525 1366 1616 1414 vn,
1649 1349 1760 1418 37).
1808 1347 2093 1403 Cunvalles

512 1468 641 1525 ergo
690 1450 1041 1505 humilitatem
1092 1444 1436 1515 signiﬁcant,
1484 1458 1601 1511 quae
1657 1455 1944 1509 numquam
1976 1439 2093 1491 sine

512 1550 659 1601 fume
686 1544 869 1614 gratia:
900 1548 1001 1596 est.
1055 1538 1169 1593 Non
1223 1545 1307 1590 est
1355 1544 1535 1589 autem
1569 1532 1811 1586 insolens
1837 1572 1853 1596 ,
1901 1538 1959 1583 ut
2002 1528 2093 1598 qui

513 1646 724 1693 montes
763 1641 888 1688 sunt
936 1641 1153 1700 propter
1192 1626 1363 1681 sancti
1391 1623 1622 1692 Spiritus
1650 1621 2090 1691 magnitudinem,

2192 443 2343 509 aquis
2375 442 2822 506 prmtereuntibus
2850 450 3054 496 tantum
3087 441 3385 509 suscipiunt
3412 447 3668 509 quantum
3696 443 3773 492 si-

2195 533 2353 585 tiunt.
2398 532 2534 587 Sunt
2564 534 2705 585 enim
2749 548 2900 602 aquae
2944 533 3061 586 istae
3105 532 3175 586 ita
3221 530 3589 588 sufﬁcientes.
3621 538 3680 582 ut
3720 540 3778 582 ct

2198 637 2358 690 parva
2390 633 2444 676 et
2474 638 2661 691 magna
2691 622 2971 688 animalia,
3003 634 3258 691 quantum
3290 636 3359 675 ex
3388 621 3465 675 eis
3495 620 3776 680 desidera-

2192 714 2363 766 verint
2391 753 2407 779 ,
2457 713 2723 767 hauriant.
2778 714 3026 767 Doctrina
3066 714 3261 782 quippe
3289 710 3582 779 apostolica
3607 751 3623 777 ,
3666 721 3775 763 tam

2194 805 2452 868 salubris,
2492 816 2705 873 tamque
2730 804 2907 857 vitalis
2926 844 2941 869 ,
2976 814 3032 857 ut
3062 818 3157 872 pro
3187 802 3480 871 capacitate
3510 800 3774 856 utentium

2194 901 2463 949 neminem
2509 897 2587 949 sui
2620 897 2851 949 dimittat
2885 905 3154 950 exsortem
3200 910 3213 946 ε
3246 894 3369 962 quia
3399 893 3513 947 sive
3545 893 3775 960 parvuli,

2194 989 2312 1042 sive
2342 988 2558 1057 magni,
2592 988 2705 1041 sive
2747 988 2980 1053 infirmi,
3011 990 3125 1042 sive
3169 984 3353 1049 fortes,
3388 984 3584 1039 habent
3624 984 3679 1038 in
3709 999 3775 1039 ea

2195 1078 2337 1131 unde
2364 1078 2605 1144 alantur,
2638 1077 2777 1132 unde
2806 1078 3067 1131 satientur
3096 1074 3267 1142 (Sent.
3304 1074 3383 1141 8).

2265 1169 2443 1240 (Vcrs.
2474 1169 2585 1238 12.)
2627 1170 2798 1237 Super
2824 1170 2941 1222 illos
2968 1168 3198 1221 volatilia
3227 1166 3339 1220 ccli
3367 1163 3722 1218 inhabitabant
3755 1180 3778 1218 :

2195 1260 2258 1313 de
2286 1260 2453 1313 medio
2486 1270 2742 1328 petrarqu
2765 1260 2956 1313 dabunt
2985 1274 3152 1312 vocem
3172 1273 3337 1310 suam.
3366 1256 3503 1312 Sunt
3529 1255 3777 1324 quedam

2196 1351 2428 1405 volatilia
2456 1367 2575 1420 quae
2599 1366 2704 1405 non
2737 1351 2978 1405 habitant
3007 1348 3111 1403 nisi
3140 1363 3303 1416 super
3331 1356 3542 1401 montes
3563 1361 3579 1399 :
3602 1356 3657 1400 et
3678 1345 3780 1399 bo-

2198 1459 2316 1497 rum
2367 1443 2584 1497 nomine
2623 1443 2890 1512 spiritales
2950 1442 3142 1496 animae
3188 1440 3598 1510 signiﬁcantur,
3650 1453 3780 1493 aere

2194 1534 2364 1589 libero
2387 1576 2403 1601 ,
2434 1544 2487 1590 et
2516 1534 2637 1589 caeli
2668 1534 2957 1605 serenitate
3002 1531 3296 1602 gaudentes
3329 1548 3342 1583 :
3372 1529 3562 1599 quibus
3595 1536 3777 1582 tamen

2198 1625 2460 1681 habitatio
2485 1636 2539 1681 et
2567 1637 2749 1695 pastus
2774 1628 2827 1680 in
2852 1625 3122 1679 montibus
3142 1633 3244 1677 est.
3267 1621 3469 1676 Montes
3492 1621 3631 1675 enim
3653 1627 3781 1673 sunt

512 1726 787 1783 convalles
835 1724 940 1777 sint
994 1729 1213 1790 propter
1264 1718 1347 1771 sui
1414 1715 1636 1784 Spiritus
1690 1712 2090 1767 humilitatem:

2212 1718 2497 1785 ltrophetae,
2530 1728 2741 1772 montes
2771 1714 3023 1786 apostoli,
3056 1721 3268 1767 montes
3297 1724 3483 1765 omnes
3514 1709 3779 1779 praedica-

515 1820 654 1874 sicut
700 1816 977 1886 apostolus
1016 1814 1213 1868 Paulus
1264 1826 1417 1865 mons
1456 1817 1612 1874 erat,
1659 1807 1890 1862 dicendo
1920 1821 1941 1860 :
1972 1803 2094 1858 Non

514 1921 684 1964 autem
710 1924 834 1979 ego;
865 1918 920 1961 et
946 1905 1177 1960 habebat
1233 1903 1462 1967 fontem,
1485 1900 1717 1956 dicendo
1749 1916 1762 1952 :
1798 1899 1902 1953 Sed
1929 1898 2095 1968 gratia

515 2000 611 2054 Dei
636 2000 733 2051 mei
760 2013 953 2051 mecum
982 1995 1021 2061 (Ι
1057 1993 1174 2047 Cor.
1210 2008 1302 2057 xv,
1338 1991 1449 2061 ‘10).

587 2090 769 2161 (Ibid)
810 2088 956 2140 Inter
981 2086 1202 2138 medium
1232 2084 1478 2136 montium
1515 2080 1897 2151 pertransibunt
1928 2095 2091 2147 aquas.

517 2181 726 2234 Montes
754 2186 879 2232 sunt
910 2176 1291 2245 praedicatores
1336 2174 1513 2241 magni
1541 2214 1555 2236 ,
1584 2172 1675 2241 qui
1705 2173 1771 2226 de
1800 2171 1962 2241 336
2000 2170 2095 2223 hu-

518 2269 757 2322 militatis
783 2266 1113 2321 convallibus
1139 2278 1304 2329 aquas
1327 2261 1567 2316 veritatis
1587 2262 1858 2315 emittunt.
1892 2260 1968 2313 De
1994 2273 2096 2327 qua

518 2356 838 2411 abundantia
873 2354 1000 2408 nihil
1031 2355 1134 2408 sibi
1157 2353 1455 2417 ascribunt,
1480 2351 1611 2405 nihil
1641 2351 1789 2419 quasi
1824 2351 2098 2419 proprium

518 2448 827 2512 vindicant;
884 2446 978 2501 sed
1024 2446 1327 2500 communis
1380 2454 1435 2498 et
1482 2444 1657 2498 media
1704 2452 1787 2497 est
1834 2443 2101 2497 cumnatio

519 2542 835 2612 spiritalium
867 2539 1211 2593 ﬂuentorum.
1268 2547 1293 2573 ι
1344 2540 1449 2591 Aut
1478 2538 1545 2591 de
1571 2536 1724 2605 aquis
1750 2576 1765 2599 ,
1799 2535 1848 2588 id
1881 2544 1961 2588 est
1986 2575 2000 2597 ,
2033 2533 2101 2588 de

521 2633 899 2702 prmdicatione
924 2670 939 2696 ,
970 2630 1110 2683 nulla
1141 2628 1208 2682 sit
1236 2628 1503 2682 discordia
1536 2626 1794 2680 montium
1822 2668 1836 2691 ,
1869 2625 1964 2679 sed
1998 2638 2099 2693 pax

519 2724 892 2780 consensionis
919 2732 972 2777 et
1002 2721 1234 2776 societas
1277 2719 1558 2774 cbaritatis
1606 2719 1765 2773 faciat
1796 2733 2001 2785 unum,
2049 2725 2103 2770 et

520 2830 805 2870 commune
834 2812 974 2882 quod
1007 2811 1244 2880 profluit.

595 2906 774 2977 (Vers.
810 2902 922 2974 Η.)
966 2902 1219 2956 Potabunt
1248 2915 1421 2954 omnes
1449 2888 1619 2951 bestia
1645 2897 1807 2952 silete.
1860 2896 2103 2950 Vidimus

521 2997 740 3066 quidem
770 2997 871 3047 hoc
895 2993 1053 3047 etiam
1090 2993 1140 3045 in
1171 2991 1270 3045 ista
1301 2997 1546 3045 creatura
1572 3030 1587 3053 ,
1622 2989 1821 3042 bestias
1847 2987 1996 3041 silvae
2023 2984 2103 3038 bi-

2200 1819 2345 1865 tores
2370 1809 2630 1871 veritatis,
2657 1818 2710 1862 et
2729 1807 2985 1861 sublimes
3010 1805 3209 1874 quique
3239 1802 3507 1864 doctores,
3531 1814 3561 1853 a
3586 1799 3781 1869 quibus

2198 1902 2286 1971 qui
2317 1898 2573 1970 spiritalis
2604 1910 2685 1953 est
2730 1914 2833 1951 non
2865 1898 3118 1960 aberrat;
3168 1894 3262 1948 sed
3317 1893 3369 1946 in
3395 1893 3474 1947 eis
3502 1901 3557 1944 et
3600 1891 3781 1943 cibum

2198 1998 2362 2053 sumit
2380 2006 2431 2049 et
2459 1994 2716 2063 requiem.
2746 1990 2904 2061 387
2933 1989 3088 2042 Tales
3110 2000 3237 2057 ergo
3259 1998 3386 2039 aves
3409 1984 3459 2036 in
3485 1981 3781 2043 montibus,

2201 2093 2253 2146 in
2283 2089 2474 2159 quibus
2522 2086 2804 2150 habitant,
2855 2080 3131 2135 inveniunt
3177 2088 3397 2146 petras,
3447 2074 3785 2127 firmamenta

2200 2180 2447 2251 quaedam
2505 2185 2921 2245 praeceptorum.
2973 2171 3123 2225 Sicut
3169 2169 3309 2222 enim
3358 2182 3460 2219 una
3501 2166 3593 2219 illa
3637 2174 3784 2231 petra

2201 2272 2449 2327 Christus
2477 2268 2710 2323 Verbum
2742 2266 2835 2319 Dei
2877 2263 2921 2335 (l
2948 2262 3068 2317 Cor.
3102 2276 3158 2325 ι,
3187 2259 3277 2329 4),
3321 2258 3398 2311 sic
3432 2258 3595 2310 multa
3622 2256 3786 2310 verba

2208 2366 2343 2429 Dei,
2380 2363 2561 2417 multae
2604 2371 2765 2429 petrae
2797 2375 2810 2411 :
2842 2358 2910 2412 de
2948 2371 3171 2425 quarum
3215 2353 3390 2408 medio
3429 2351 3559 2405 dant
3600 2365 3788 2404 vocem

2203 2471 2377 2519 suam,
2407 2463 2460 2507 et
2489 2452 2593 2506 illis
2626 2448 2942 2505 sonantibus
2969 2445 3302 2517 respondent
3326 2454 3380 2499 et
3405 2444 3665 2497 resultant
3699 2458 3790 2511 pe.

2206 2559 2325 2610 trte,
2356 2561 2477 2600 cum
2506 2541 2955 2613 disputationibus
2984 2547 3282 2594 consonant
3308 2537 3610 2592 testimonia
3642 2535 3790 2591 Scri-

2204 2648 2504 2709 pturarum.

2278 2728 2455 2795 (Yers.
2483 2726 2569 2790 15,
2595 2721 2710 2794 M.)
2751 2721 2944 2792 Rigans
2972 2731 3170 2776 montes
3196 2720 3258 2774 de
3283 2719 3631 2789 superioribus
3657 2716 3788 2770 suis.

2206 2819 2414 2874 Montes
2461 2817 2586 2877 isti,
2632 2813 2890 2883 quidquid
2929 2813 2997 2868 de
3023 2812 3354 2867 convallibus
3390 2811 3500 2865 suis
3529 2824 3792 2878 aquarum

2206 2909 2438 2962 tundunt
2458 2950 2473 2975 ,
2507 2903 2764 2975 quidquid
2793 2919 2986 2959 vocum
3016 2903 3083 2958 de
3115 2902 3295 2957 medio
3337 2901 3464 2955 dant
3492 2906 3794 2969 petrarum,

2207 3000 2439 3067 desuper
2468 3004 2822 3065 acceperunt,
2867 3004 2920 3049 et
2957 2994 3134 3049 divina
3164 2993 3331 3063 gratia
3364 3001 3487 3046 sunt
3526 2990 3708 3061 rigati,
3740 3001 3799 3043 ut

522 3088 654 3144 bere
685 3087 751 3141 de
779 3086 1012 3140 fontibus
1038 3125 1053 3150 ,
1082 3092 1136 3138 et
1163 3084 1231 3138 de
1264 3083 1397 3137 rivis
1440 3081 1580 3134 inter
1610 3090 1821 3135 montes
1846 3079 2107 3133 currenti-
2133 3075 2178 3137 C
2209 3100 2264 3145 ει
2288 3088 2440 3157 aquis
2475 3097 2532 3143 ει
2574 3088 2796 3143 vocibus
2839 3086 3175 3141 abundarent
3204 3103 3217 3138 ε
3251 3085 3440 3154 quibus
3464 3094 3519 3140 ει
3552 3084 3800 3137 sitientes

526 3180 647 3233 bus.
670 3177 774 3233 Sed
801 3177 921 3246 quia
954 3190 1047 3244 per
1070 3175 1185 3228 hac
1213 3188 1331 3242 qua:
1358 3171 1607 3226 omnibus
1640 3180 1763 3224 nota
1794 3181 1940 3236 sunt,
1964 3184 2110 3239 qua:-

524 3271 649 3326 dam
680 3269 1052 3339 signiﬁcantur
1081 3265 1415 3333 abscondita,
1454 3265 1643 3333 quibus
1676 3264 1904 3318 inventis
1933 3264 2109 3319 studia

526 3361 845 3430 spiritalium
888 3359 1182 3429 gaudeant;
1230 3357 1429 3411 bestias
1459 3358 1607 3411 silvae
1638 3365 1825 3425 gentes
1857 3355 2113 3424 intelligi-

526 3464 675 3516 mus;
706 3452 955 3520 quoniam
980 3464 1122 3516 saepe
1147 3450 1495 3502 inveniuntur
1518 3448 1570 3500 in
1594 3448 1887 3516 Scriptnris
1909 3449 2111 3501 sanctis

528 3553 717 3612 gentes
748 3542 991 3596 indicata:
1021 3540 1238 3594 nomine
1261 3540 1573 3593 bestiarum.
1599 3540 1750 3595 Sicut
1775 3523 2111 3609 congregata

530 3634 584 3688 in
616 3648 737 3688 arca
771 3632 881 3687 Noe
915 3635 1076 3686 totius
1108 3631 1319 3700 generis
1360 3631 1545 3685 bestiae
1594 3630 1743 3700 (Gen.
1787 3647 1883 3695 vn,
1908 3632 1966 3696 2,
2000 3631 2111 3704 14),

529 3734 585 3779 et
609 3724 789 3779 discus
813 3732 1040 3792 quatuor
1070 3722 1225 3776 lineis
1273 3723 1323 3775 in
1358 3723 1561 3776 visione
1591 3722 1735 3776 Petri
1768 3722 1997 3789 apostoli
2023 3724 2116 3777 de-

530 3818 723 3870 missus
754 3814 819 3868 de
846 3814 1007 3877 ccelo,
1037 3813 1273 3867 omnium
1308 3812 1496 3881 plenus
1528 3812 1837 3866 animalium
1887 3814 2026 3880 (Act.
2058 3828 2111 3877 κ,

531 3905 643 3976 15),
676 3921 778 3960 non
810 3904 955 3958 aliud
988 3903 1293 3957 declaratur
1321 3918 1479 3972 quam
1507 3904 1745 3957 universi
1771 3906 1986 3971 generis
2017 3902 2115 3957 ho-

532 3997 704 4049 mines
747 3994 801 4047 in
850 3998 1053 4048 unitate
1098 3990 1353 4048 Ecclesiae
1399 3995 1824 4062 congregandos.
1857 3994 1885 4032 ι’
1918 3995 1994 4049 De
2035 3995 2117 4049 his

533 4102 664 4153 ergo
689 4085 843 4155 aquis
865 4087 920 4138 in
950 4085 1182 4139 medium
1217 4086 1477 4141 montium
1510 4087 2031 4154 pertranseuntibus,
2066 4089 2115 4141 id

533 4189 639 4244 est,
671 4178 738 4231 de
765 4177 1005 4231 doctrina
1036 4177 1328 4245 apostolica
1361 4177 1413 4230 in
1448 4177 1623 4231 medio
1665 4178 1863 4232 ﬂuente
1892 4188 2118 4246 propter

533 4268 878 4323 concordiam
901 4268 1299 4322 communionis
1320 4269 1495 4322 omnis
1517 4268 1705 4322 besrite
1726 4269 1893 4325 silvae.
1919 4270 2119 4326 Omnes

534 4361 679 4415 enim
708 4369 863 4414 erant
892 4359 944 4413 in
976 4374 1123 4427 arca,
1156 4373 1343 4412 omnes
1374 4359 1425 4411 in
1457 4358 1628 4412 disco.
1667 4360 2119 4417 Pertranseuntes

2213 3183 2505 3250 implerent
2530 3220 2544 3246 ,
2572 3188 2628 3234 et
2658 3180 2940 3234 audientes
2971 3179 3336 3246 delectarent,
3363 3191 3425 3231 ea
3463 3174 3801 3245 proferentes

2210 3290 2329 3343 qua:
2369 3273 2655 3340 unicuique
2684 3272 2975 3325 secundum
3006 3284 3313 3325 mensuram
3343 3269 3656 3338 capacitatis
3685 3283 3803 3321 sum

2212 3372 2594 3431 congruerent.
2670 3361 2747 3415 De
2790 3362 2964 3430 [ructu
3005 3378 3212 3435 operum
3261 3370 3465 3413 tuorum
3524 3358 3804 3413 satiabitur

2213 3465 2370 3508 terra.
2424 3452 2724 3506 Producens
2753 3452 2927 3521 fenum
2948 3452 3225 3523 jumentis,
3260 3460 3305 3505 et
3336 3449 3541 3504 herbam
3566 3452 3806 3503 servituti

2213 3547 2501 3599 hominum.
2531 3546 2698 3599 Nemo
2727 3546 2990 3614 glorietur
3019 3544 3071 3598 in
3100 3542 3355 3611 operibus
3385 3543 3515 3607 suis,
3549 3542 3703 3609 quasi
3735 3541 3807 3594 de

2216 3639 2431 3709 prOprio
2460 3639 2652 3692 habeat
2683 3636 2822 3705 quod
2854 3637 3034 3700 habet,
3068 3636 3163 3691 sed
3194 3636 3279 3704 qui
3307 3634 3577 3706 gloriatur,
3607 3634 3661 3685 in
3694 3633 3809 3687 Do-

2219 3731 2353 3783 mino
2381 3728 2629 3799 glorietur
2680 3728 2735 3796 (l
2765 3726 2883 3780 Cor.
2918 3742 2959 3788 ι,
2991 3723 3131 3796 31);
3177 3725 3295 3793 quia
3339 3740 3443 3778 non
3481 3723 3809 3778 meritorum

2217 3835 2436 3875 suorum
2461 3860 2474 3884 ,
2508 3818 2600 3873 sed
2631 3819 2817 3886 gratiae
2847 3816 3052 3871 fructus
3076 3827 3157 3871 est
3192 3816 3332 3870 unde
3357 3817 3603 3869 satiatur.
3634 3814 3811 3869 Terra

2220 3914 2382 3981 igitur
2412 3913 2699 3980 justilicata
2720 3956 2733 3976 ,
2761 3920 2807 3964 et
2837 3912 3084 3978 supernis
3112 3908 3460 3976 rigationibus
3492 3906 3810 3963 fecundam.

2220 4003 2468 4073 producit
2489 4007 2663 4073 fenum
2675 3985 2943 4072 jumeutis.
2969 4009 3014 4054 et
3030 4000 3232 4053 herbam
3251 3999 3480 4053 servituti
3503 3998 3773 4052 hominum
3796 4014 3811 4062 ;

2221 4105 2279 4149 ut
2303 4096 2413 4164 agri
2438 4094 2697 4147 Domiuiei
2720 4092 3017 4147 cultoribus
3039 4106 3219 4145 semen
3240 4091 3387 4145 verbi
3409 4090 3815 4145 seminantibus

2221 4189 2520 4245 necessaria
2565 4188 2937 4256 prmbeantur,
2980 4197 3033 4242 et
3074 4187 3163 4255 qui
3199 4187 3544 4255 Evangelium
3587 4201 3814 4239 annun~

2224 4283 2388 4345 tiant,
2422 4278 2491 4334 de
2523 4278 2812 4348 Evangelia
2841 4278 3042 4331 vivont.
3086 4277 3431 4345 Perceptores
3460 4275 3602 4329 enim
3640 4274 3815 4344 spiri—

2222 4373 2431 4437 talium,
2461 4370 2735 4425 debitores
2760 4378 2883 4423 sunt
2914 4370 3234 4431 carnalium,
3266 4384 3384 4436 qum
3415 4367 3518 4423 feni
3539 4376 3593 4423 et
3625 4366 3819 4421 herba‘.

536 4460 712 4505 autem
740 4459 864 4504 sunt
891 4465 1042 4519 aqua:
1075 4451 1212 4517 ἰδίω,
1270 4450 1393 4517 quia
1421 4452 1596 4505 omnis
1626 4451 1867 4506 doctrina
1895 4469 2015 4523 qute
2066 4456 2105 4509 ir

2224 4464 2437 4519 nomine
2464 4462 2756 4531 significata
2794 4468 2939 4514 sunt.
2989 4457 3126 4513 Nam
3177 4461 3290 4528 quis
3334 4474 3569 4528 umquam
3622 4458 3819 4511 militat

537 4543 639 4595 hoc
662 4551 902 4611 tempore
927 4543 1289 4609 dispensatur,
1322 4543 1544 4605 transit;
1578 4542 1791 4599 dicente
1819 4546 2075 4613 Apostolo
2101 4564 2116 4598 :

541 4629 604 4684 Et
634 4633 841 4684 scientia
879 4631 1164 4685 destruetur
1187 4675 1202 4698 ,
1234 4642 1281 4686 et
1320 4633 1586 4703 praphetia
1630 4638 1982 4690 evacuabitur.
2033 4638 2119 4692 Ex

537 4730 682 4788 parte
706 4726 835 4775 enim
863 4725 1070 4787 scimus,
1102 4733 1150 4776 et
1178 4740 1241 4777 ea:
1270 4736 1416 4793 parte
1443 4726 1827 4794 praphetatn-trs.
1862 4728 1988 4781 Cum
2028 4748 2124 4783 au-

537 4823 636 4865 tem
662 4814 848 4865 venerit
873 4812 1009 4880 quod
1044 4817 1324 4882 perfectum
1358 4825 1453 4879 est,
1483 4816 1619 4882 quod
1648 4832 1711 4870 es:
1736 4828 1882 4886 parte
1907 4827 1982 4873 est
2008 4837 2125 4873 eva-

535 4903 767 4957 cuabitur
807 4903 851 4972 (1
880 4902 998 4955 Cor.
1030 4919 1147 4969 xm,
1180 4905 1211 4957 8
1247 4913 1294 4956 ct
1323 4908 1482 4973 seq.).

605 4992 788 5059 (lbid.)
832 4993 1124 5055 Suscipient
1166 4995 1349 5062 onagri
1381 5005 1405 5033 θ
1434 4998 1569 5050 sitim
1596 5015 1764 5055 suam.
1820 5002 1879 5058 In
1908 5008 2127 5075 onagris

608 5154 636 5182 ἰ
673 5141 1001 5216 Conjicimus
1024 5144 1131 5216 legi
1162 5144 1478 5216 debere,gut
1504 5147 1567 5199 de
1596 5147 1759 5216 aquis.
1792 5151 1908 5209 Non
1941 5166 2117 5211 muta.

536 5215 710 5286 vimus
725 5225 786 5286 _ta
799 5230 942 5286 men,
970 5214 1342 5286 deﬁcientibus
1377 5214 1524 5286 libris
1554 5214 1808 5286 antiquis.

606 5283 635 5323 ιι
677 5283 769 5337 llic
802 5284 951 5338 locus
972 5322 987 5347 ,
1018 5284 1171 5351 cujus
1200 5283 1500 5337 obscuritas
1542 5283 1837 5342 editionum
1879 5296 2117 5349 auctori-

537 5363 645 5407 tate
672 5354 863 5407 discuti
889 5368 994 5407 non
1022 5354 1215 5421 potuit,
1248 5354 1420 5420 plena:
1459 5353 1561 5407 luci
1593 5355 1853 5420 redditur,
1877 5363 1920 5413 si
1952 5365 2119 5418 addas

537 5423 627 5476 hic
656 5425 906 5486 verbum,
936 5424 1133 5492 bibunt.
1184 5422 1336 5489 Quod
1370 5431 1512 5488 petet
1558 5422 1805 5492 inspecto
1840 5429 2118 5492 Augustini

538 5492 707 5559 ipsius
736 5492 878 5561 loco,
910 5493 998 5561 qui
1026 5491 1147 5547 talis
1172 5502 1285 5558 est,
1314 5506 1479 5547 serm.
1507 5494 1559 5559 2,
1596 5491 1741 5548 num.
1772 5498 1830 5551 Η
1867 5516 1879 5551 ;
1914 5491 1991 5553 De
2016 5504 2121 5557 illis

539 5565 844 5641 tiquisinter
872 5566 1099 5641 metti-um
1125 5567 1377 5641 montium
1404 5563 1908 5641 pertranseuntibus;
1936 5579 1987 5613 tu
2007 5563 2101 5616 illa

539 5627 775 5683 doctrina
812 5632 1100 5700 apostolica
1128 5634 1320 5701 ﬂuente
1354 5627 1412 5687 in
1440 5632 1608 5686 medio
1644 5640 1855 5701 preptcr
1893 5648 2103 5685 contor-

2224 4554 2331 4607 suis
2359 4550 2664 4620 stipendiis?
2698 4555 2785 4601 aut
2816 4551 2928 4617 quis
2957 4548 3156 4620 plantat
3185 4550 3380 4601 vineam
3406 4590 3420 4610 ,
3454 4556 3503 4601 et
3541 4547 3601 4599 de
3633 4548 3820 4617 fructu

2226 4646 2338 4714 ejus
2364 4659 2464 4695 non
2490 4641 2641 4694 edet?
2679 4641 2760 4692 vel
2782 4640 2895 4715 quis
2922 4640 3081 4709 pascit
3102 4655 3306 4711 gregem
3329 4680 3342 4701 ,
3371 4648 3417 4691 et
3444 4639 3507 4690 de
3532 4637 3666 4690 lacte
3697 4655 3822 4708 gre-

2228 4738 2304 4806 gis
2330 4752 2433 4788 non
2464 4733 2679 4804 percipit
2714 4732 2756 4801 (l
2791 4732 2909 4786 Cor.
2935 4748 3005 4794 Ix,
3060 4732 3172 4797 7)?
3211 4732 3503 4785 Prmbenda
3532 4746 3662 4797 ergo
3688 4742 3823 4787 sunt

2231 4827 2420 4896 pabula
2451 4823 2851 4891 praesidentium
2885 4821 3149 4877 servituti.
3191 4823 3453 4888 Quoniam
3492 4822 3825 4890 praedicato-

2232 4934 2320 4973 res
2349 4916 2533 4980 verbi,
2570 4923 2623 4969 et
2646 4914 2885 4983 jumenta
2909 4955 2925 4980 ,
2954 4921 3009 4970 et
3036 4913 3174 4968 servi
3203 4925 3324 4968 sunt
3357 4931 3367 4965 :
3401 4922 3455 4968 ct
3482 4914 3569 4983 qui
3594 4917 3827 4983 suscipit

2222 5012 2426 5082 justum
2463 5007 2517 5059 in
2542 5005 2746 5059 nomine
2762 5006 2897 5077 justi
2922 5044 2939 5072 ,
2972 5008 3253 5059 mercedem
3276 5006 3409 5074 justi
3441 5004 3678 5075 accipiet.
3720 5006 3834 5071 Qui

2223 5158 2363 5210 diam
2387 5154 2759 5209 communionis
2783 5194 2798 5220 ,
2831 5169 3001 5208 omnes
3031 5154 3201 5209 bestiae
3224 5157 3364 5210 silva:
3390 5157 3586 5211 bibunt.
3626 5157 3826 5212 Omnes

2226 5230 2359 5280 enim
2387 5236 2532 5278 erant
2561 5226 2786 5295 inorca,
2822 5241 2994 5277 omnes
3027 5226 3080 5278 in
3115 5228 3277 5279 disco.
3310 5228 3384 5289 Es
3416 5228 3609 5295 quibus
3659 5228 3829 5284 facile

2228 5295 2517 5367 intelligas,
2549 5294 2690 5367 quid_
2715 5294 3102 5367 corrigendum
3119 5305 3210 5350 aut
3239 5296 3365 5364 quid
3406 5294 3835 5367 intelligendum

2228 5365 2367 5419 foret
2397 5361 2450 5416 in
2479 5372 2626 5416 textu
2654 5361 2902 5430 Prosperi
2936 5364 3127 5418 nostri.

2301 5444 2325 5472 ε
2364 5432 2420 5487 In
2447 5432 2745 5501 Augustino
2769 5427 3093 5515 legimus,_et
3116 5433 3204 5515 hic
3228 5434 3513 5503 legendum
3557 5427 3646 5514 vis
3681 5431 3849 5515 dulii-

2227 5515 2403 5558 tamus
2428 5518 2551 5556 eum
2584 5503 2986 5569 praepositione,
3014 5505 3067 5557 in
3094 5505 3234 5557 sitim
3262 5522 3406 5559 suam
3436 5521 3456 5560 :
3485 5503 3588 5559 etsi
3621 5503 3681 5557 in
3712 5508 3834 5559 edi-

2228 5575 2299 5630 tis
2326 5574 2524 5629 nostris
2553 5573 2802 5630 omnibus
2832 5574 2973 5630 desit
3004 5575 3334 5646 praepositio.
