4026 6176
246 210 329 267 293

993 208 1413 269 ΡδΑωιοῐιυδι
1454 210 1492 263 Α
1535 209 1575 263 C
1616 207 1705 262 AD
1743 207 1829 262 CL
1872 206 2251 263 EXPOSITIO.
2296 208 2490 263 PSAL.
2530 207 2660 264 ειη.

3367 209 3477 269 εει

245 320 423 390 suscipit
465 319 766 389 prophetam
810 321 863 374 in
908 321 1111 374 nomine
1156 320 1459 391 prophetae,
1510 320 1790 373 mercedem
1824 325 1860 377 Λ
1893 320 2038 372 celsa
2090 330 2272 376 tenere
2318 336 2423 374 non
2474 327 2725 389 possunt,
2772 320 2967 377 habent
3007 321 3328 379 humilitatis
3363 341 3477 382 sum

244 413 469 483 prophetae
494 414 716 480 accipit;
755 421 803 465 et
834 414 920 482 qui
953 413 1148 466 dederit
1178 414 1383 466 calicem
1410 430 1558 481 aqua:
1589 413 1793 483 frigida:

242 504 315 555 uni
334 519 388 554 es
411 502 491 553 his
521 503 767 566 minimis,
794 512 995 557 tantum
1034 504 1084 555 in
1116 505 1317 555 nomine
1341 504 1617 570 discipuli,
1648 519 1795 555 amen

241 596 332 646 dico
357 594 528 656 vobis,
580 609 682 646 non
724 596 900 663 perdet
946 597 1223 647 mercedem
1268 611 1410 646 suam
1457 594 1693 663 (Matth.
1731 610 1788 659 ι,

242 685 313 747 ll,
333 682 482 752 cita).
825 736 831 742 .
982 692 985 694 ’

295 775 461 846 (Vers.
494 772 610 844 15.)
646 775 713 830 Ut
740 777 917 829 educat
946 793 1129 847 panem
1160 778 1221 831 de
1248 787 1399 839 terra,
1429 788 1476 831 et
1503 779 1676 831 vinum
1704 777 1791 831 Iw-

241 866 367 933 tiﬁcet
392 882 483 918 cor
509 865 755 920 hominis.
796 867 957 920 Terra
990 868 1171 920 fenum
1200 868 1475 935 producit,
1510 878 1568 920 ut
1597 883 1792 936 panem

240 957 292 1010 de
310 967 438 1010 terra
463 956 725 1024 producat
752 974 763 1008 :
790 956 973 1024 plebes
995 957 1203 1010 scilicet
1225 967 1422 1011 sancite
1448 960 1532 1025 pie
1552 958 1793 1011 servien-

242 1047 357 1101 tibus
382 1047 485 1100 sibi
517 1046 791 1108 serviunt;
824 1058 878 1101 et
907 1048 1211 1115 praebentes
1236 1051 1495 1111 carnalia,
1524 1051 1793 1117 accipiunt

241 1136 471 1204 spiritalia
494 1152 523 1188 a
556 1136 997 1202 praedicatoribus
1029 1138 1178 1191 verbi
1210 1139 1302 1192 Dei
1346 1139 1389 1207 (Ι
1418 1139 1533 1191 Cor.
1567 1155 1644 1199 ιι.
1680 1136 1790 1209 ll),

240 1225 405 1294 quiest
448 1228 598 1293 panis
628 1226 719 1293 qui
749 1226 816 1279 de
842 1227 980 1279 caelo
1006 1227 1287 1280 descendit
1325 1226 1521 1299 (Joan.
1556 1243 1629 1293 γι,
1656 1230 1747 1297 41)
1779 1245 1790 1279 :

241 1332 315 1385 per
348 1332 485 1384 quos
518 1317 694 1369 adhuc
726 1319 777 1370 in
824 1328 962 1370 terra
1011 1319 1348 1373 ambulantes
1372 1361 1385 1383 ,
1422 1330 1474 1373 et
1520 1330 1792 1375 terrenum

240 1424 399 1478 corpus
420 1420 719 1477 portantes,
748 1420 965 1478 propter
992 1412 1132 1479 quod
1155 1421 1209 1465 ct
1232 1413 1333 1480 ipsi
1355 1422 1493 1465 terra
1521 1414 1792 1479 dicuntur,

239 1500 348 1552 calix
391 1501 685 1568 przrclarus
727 1511 780 1553 et
829 1501 1100 1555 inebrians
1160 1502 1495 1556 ministratur
1544 1501 1789 1570 (Psalm.

239 1610 343 1659 uti,
372 1596 425 1663 5)
460 1612 473 1648 :
501 1606 558 1649 ut
590 1596 831 1649 bibentes
857 1597 1027 1649 sancti
1058 1596 1293 1664 Spiritus
1326 1597 1504 1650 laetitia
1536 1597 1791 1663 replean-

1898 408 2192 478 refugium;
2234 425 2298 463 ac
2328 410 2449 463 licet
2478 409 2585 463 sint
2629 410 2846 465 minutis
2877 411 3197 479 quibusdam
3244 415 3479 480 peccatis.

1896 500 2094 567 hispidi
2120 509 2175 554 et
2204 501 2405 569 spinosi
2441 501 2614 572 (quod
2647 502 3002 571 signiﬁcatum
3035 512 3119 558 est
3148 503 3476 561 hericiorum

1894 592 2160 662 nomine),
2188 600 2365 647 tamen
2390 604 2441 647 et
2466 595 2565 663 ipsi
2592 595 2959 663 suscipiuntur
2978 611 3007 649 a
3028 605 3197 664 petra,
3222 612 3343 666 qua:
3366 598 3480 653 sive

1894 685 1948 737 in
1980 684 2251 739 montibus
2273 725 2289 750 ,
2318 686 2432 739 sive
2461 688 2511 739 in
2539 687 2704 753 mari,
2738 686 2853 741 sive
2882 688 2935 741 in
2961 688 3331 754 convallibus,
3360 705 3481 744 om-

1895 774 2040 827 nium
2070 783 2156 828 est
2178 775 2375 842 ubique
2406 776 2734 842 prtesidium.

1967 863 2145 934 (Vers.
2176 862 2289 936 19.)
2330 862 2473 919 Fecit
2505 865 2681 919 lunam
2716 868 2768 919 in
2794 874 3039 934 tempore.
3082 865 3347 922 Fundavit
3372 867 3483 922 Do-

1895 956 2076 1010 minus
2122 956 2416 1010 Ecclcsiam
2448 996 2462 1021 ,
2502 973 2622 1026 qua:
2670 972 2765 1026 per
2810 959 3123 1023 temporalia
3172 960 3363 1013 transit
3412 959 3479 1014 ad

1895 1060 2131 1112 acterna;
2175 1058 2230 1103 et
2258 1051 2500 1115 quamvis
2524 1049 2592 1103 ad
2621 1050 2917 1104 claritatem
2948 1052 3211 1104 destinata
3252 1052 3319 1105 sit
3355 1067 3480 1121 per-

1897 1151 2094 1209 petem,
2125 1142 2508 1195 mutationibus
2538 1154 2712 1196 tamen
2741 1183 2756 1207 ,
2786 1143 2910 1196 dum
2943 1143 3029 1197 hic
3056 1144 3223 1214 degit,
3250 1146 3481 1201 obnoxia

1895 1242 1998 1285 est.
2026 1231 2120 1286 Sol
2141 1237 2371 1300 cognovit
2393 1248 2635 1285 occasum
2660 1250 2831 1288 suum.
2856 1234 3104 1287 Cltrisms
3128 1236 3342 1302 agnovit
3360 1250 3484 1304 pas-

1896 1324 2102 1376 sionem
2132 1337 2301 1377 suam.
2356 1323 2591 1377 Occasus
2630 1324 2875 1389 Christi,
2926 1324 3103 1392 passio
3132 1324 3336 1379 Christi
3376 1334 3481 1380 est.

1895 1414 1999 1469 Sed
2040 1414 2298 1481 numquid
2333 1416 2411 1467 sol
2443 1415 2520 1468 sic
2548 1415 2765 1479 occidit,
2801 1424 2858 1468 ut
2893 1430 2997 1468 non
3026 1415 3272 1470 oriatur?
3312 1416 3484 1470 Num-

1897 1503 2019 1571 quid
2040 1504 2125 1571 qui
2146 1504 2353 1565 dormit,
2378 1520 2481 1557 non
2502 1505 2712 1575 adjiciet
2738 1512 2792 1556 ut
2815 1516 3051 1575 resurgat
3076 1504 3247 1574 (Psal.
3272 1523 3359 1571 ιι,
3388 1505 3446 1578 9)
3462 1510 3487 1560 ἲ

1899 1594 2033 1661 Quid
2058 1602 2140 1647 est
2161 1604 2338 1648 autem
2364 1611 2377 1647 :
2407 1595 2626 1664 Agnovit
2649 1612 2883 1649 occasum
2905 1612 3053 1649 suum
3080 1594 3232 1666 (Isai.
3259 1612 3368 1665 LIII,
3393 1598 3449 1667 7)
3468 1638 3484 1661 ,

241 1697 323 1739 tur.
353 1685 415 1740 Ut
456 1687 773 1739 exhilaretur
812 1687 968 1754 [acies
1009 1686 1060 1738 in
1113 1686 1244 1741 oleo.
1296 1686 1476 1740 Gratia
1527 1686 1795 1753 qundam,
1834 1679 1875 1735 Β
1907 1686 2029 1750 nisi,
2065 1686 2264 1753 placuit
2288 1686 2335 1737 ei
2361 1694 2419 1737 ut
2445 1684 2782 1739 moreretur?
2817 1685 3101 1739 Voluntate
3128 1686 3268 1739 enim
3297 1700 3487 1740 susce-

240 1790 335 1840 quaa
361 1785 438 1827 est
478 1774 752 1827 hominum
786 1774 850 1826 ad
886 1774 1167 1837 homines,
1214 1775 1480 1843 prun-ipim
1519 1776 1585 1829 ad
1616 1775 1796 1841 conci-

242 1863 442 1917 liandum
488 1875 730 1918 sanctum
761 1879 997 1919 amorem
1025 1903 1039 1927 ,
1074 1865 1251 1919 oleum
1280 1865 1504 1930 dicitur;
1540 1868 1591 1918 in
1624 1868 1796 1921 nitore

242 1956 424 2019 divino,
464 1971 570 2023 quo
598 1962 766 2009 totum
812 1957 1027 2024 ungitur
1057 1970 1251 2023 corpus
1283 1956 1502 2019 Christi,
1535 1958 1623 2025 qui
1653 1959 1798 2023 prin-

242 2047 454 2113 cipaliter
488 2057 679 2100 unctus
704 2087 718 2111 ,
746 2056 802 2100 et
830 2044 949 2099 fons
982 2046 1136 2114 hujus
1169 2056 1251 2099 est
1279 2047 1402 2100 olei.
1446 2047 1511 2099 Et
1537 2047 1686 2117 panis
1710 2064 1798 2099 cor

242 2138 430 2192 hominis
495 2139 785 2207 conﬁrmat.
837 2138 1194 2191 Manifestavit
1249 2139 1316 2193 de
1368 2154 1475 2208 qtto
1529 2153 1665 2208 pane
1720 2140 1796 2193 lo-

242 2240 489 2297 queretur.
521 2231 681 2285 Pauis
711 2231 851 2285 enim
881 2232 1045 2301 388
1086 2229 1312 2284 visibilis
1344 2242 1583 2286 ventrem
1614 2232 1796 2294 satiat,

242 2322 666 2385 stomachumque
705 2322 1007 2376 confirmat.
1055 2324 1159 2378 Iste
1196 2333 1375 2376 autem
1404 2324 1591 2387 cibus,
1621 2325 1801 2379 cordis

246 2422 382 2468 estet
411 2416 611 2468 animae
663 2414 938 2479 fortitudo,
986 2414 1054 2469 de
1108 2429 1216 2483 quo
1270 2416 1382 2482 ipse
1429 2416 1688 2468 Dominus
1712 2416 1798 2469 di-

222 2502 300 2575 .cit
327 2522 339 2558 :
368 2504 483 2575 Ego
510 2521 623 2559 sum
646 2505 793 2576 panis
824 2505 985 2571 vivus,
1010 2504 1098 2572 qui
1123 2504 1185 2557 de
1203 2504 1329 2557 caelo
1355 2505 1593 2557 descendi
1615 2504 1797 2569 (Joan.

244 2608 304 2657 rt,
325 2596 431 2665 Η).

296 2686 464 2752 (Vers.
505 2687 618 2757 l6.)
661 2687 1045 2742 Saturabuntur
1075 2686 1215 2757 ligna
1237 2689 1422 2757 campi.
1450 2688 1525 2741 De
1557 2687 1655 2740 ista
1683 2702 1799 2755 gra-

246 2774 303 2828 tia
332 2778 713 2831 saturabuntur
750 2778 887 2845 ligna
930 2778 1126 2846 campi,
1157 2778 1206 2830 id
1237 2786 1336 2841 cst,
1373 2778 1555 2845 plebes
1583 2776 1799 2830 Iudaeo-

241 2883 359 2921 rum.
389 2866 455 2921 Et
481 2869 623 2922 cedri
650 2867 852 2931 Libani,
874 2884 1000 2937 quas
1039 2848 1307 2937 plantosti.
1334 2866 1683 2921 Saliabuntur
1704 2867 1802 2919 hac

241 2960 384 3023 gratia
413 2975 521 3015 non
571 2959 742 3013 solum
774 2960 1006 3013 humiles
1035 2958 1192 3025 hujus
1232 2959 1449 3022 mundi,
1498 2958 1591 3012 sed
1641 2959 1799 3011 etiam

1904 1775 1979 1840 pit
2005 1790 2218 1829 crucem
2248 1786 2299 1828 et
2332 1785 2591 1839 mortem;
2639 1786 2692 1827 et
2721 1776 2858 1829 sicut
2895 1775 3066 1830 aliena
3110 1787 3234 1830 sunt
3271 1777 3339 1831 ab
3368 1777 3486 1845 ejus

1901 1866 2085 1918 notitia
2133 1879 2254 1933 qua:
2304 1864 2407 1932 ipsi
2459 1881 2562 1918 non
2598 1865 2839 1932 placent,
2891 1866 2960 1919 ita
2992 1881 3054 1919 ea
3085 1882 3202 1936 quae
3225 1868 3485 1923 voluntati

1900 1955 2069 2024 ipsius
2095 1964 2396 2021 congruunt
2427 1955 2577 2008 novit
2613 1965 2773 2024 atque
2804 1958 3101 2023 cognoscit.

1918 2076 1921 2077 ν
1974 2045 2151 2113 (Vers.
2182 2045 2272 2111 ΞΟ,
2302 2044 2419 2114 2|.)
2466 2044 2692 2098 Posuisti
2723 2046 2985 2112 tenebras,
3017 2056 3063 2099 et
3100 2048 3239 2116 facta
3264 2056 3337 2101 est
3362 2063 3484 2102 uox.

1900 2134 2033 2187 Cum
2062 2149 2248 2203 passus
2279 2145 2423 2189 esset
2452 2137 2728 2201 llomiuus,
2752 2138 3066 2191 conturbata
3097 2146 3219 2191 sunt
3247 2139 3488 2194 tenebris

1903 2226 2207 2280 formidinis
2233 2227 2392 2279 corda
2424 2229 2792 2293 apostolorum
2825 2244 2840 2284 :
2874 2240 2927 2284 et
2956 2230 3198 2298 quardam
3243 2232 3353 2285 illic
3382 2246 3489 2286 nox

1901 2316 2037 2370 facta
2069 2325 2169 2380 est,
2199 2308 2321 2371 cuin
2354 2318 2566 2370 occisus
2595 2328 2680 2371 est
2709 2320 2872 2389 339
2898 2320 2988 2389 qui
3023 2321 3350 2391 Redemptor
3373 2338 3489 2376 om~

1902 2408 2051 2461 nium
2079 2409 2374 2463 videbatur.
2407 2408 2489 2462 Ibi
2520 2412 2904 2478 pertransibunt
2932 2429 3103 2467 omnes
3127 2414 3292 2467 bestia
3320 2415 3485 2470 silra'.

1904 2498 2075 2555 Catuli
2109 2499 2313 2551 leonum
2362 2500 2619 2569 rugientes
2653 2510 2708 2553 ut
2748 2502 2975 2569 rapiant,
3009 2513 3288 2569 qmcrentes
3319 2521 3352 2557 a
3384 2504 3490 2557 Do-

1906 2589 2046 2640 mino
2073 2604 2235 2641 escam
2257 2589 2369 2640 sibi.
2405 2590 2457 2641 In
2483 2588 2583 2643 hac
2615 2602 2773 2643 nocte
2810 2589 3223 2660 desperationis,
3249 2605 3303 2648 et
3327 2595 3376 2647 iu
3406 2595 3490 2650 his

1905 2678 2142 2732 tenebris
2165 2678 2475 2746 ignorantize
2504 2679 2889 2733 insidiabantur
2910 2681 3096 2736 bestia:
3119 2683 3286 2747 silvae,
3309 2684 3359 2737 id
3381 2697 3484 2740 est.

1906 2769 2121 2837 maligni
2153 2769 2403 2834 spiritus;
2435 2778 2487 2822 et
2517 2770 2678 2824 catuli
2706 2771 2945 2835 leonum,
2972 2772 3073 2827 hoc
3102 2780 3203 2837 est,
3229 2774 3489 2829 szeviores

1904 2859 2099 2927 quique
2127 2858 2429 2912 daemonum
2455 2902 2470 2925 ,
2520 2858 2762 2915 furentes
2804 2861 2869 2913 ad
2904 2864 3191 2929 rapiendos
3230 2864 3282 2916 in
3309 2878 3488 2919 escam

1907 2963 2056 3002 suam
2083 2990 2097 3011 ,
2126 2964 2261 3016 quos
2292 2950 2343 3002 in
2375 2950 2609 3004 tenebris
2641 2951 2975 3007 infidelitatis
3007 2953 3329 3008 invenerint.
3362 2956 3489 3021 Qui-

240 3049 418 3103 uobiles
457 3058 624 3119 atque
670 3048 969 3112 sublimes;
1019 3048 1109 3116 qui
1154 3057 1369 3117 propter
1418 3048 1796 3101 excellentiam
1829 3035 1873 3097 C
1907 3039 2004 3093 bus
2051 3047 2228 3094 tamen
2277 3041 2406 3095 nihil
2438 3051 2460 3077 ⁸
2490 3042 2647 3095 noxie
2694 3042 2894 3098 inferre
2930 3054 3174 3112 possunt,
3207 3043 3307 3098 nisi
3348 3045 3490 3099 Dem

241 3154 368 3193 suam
391 3142 650 3195 dlCllnllll'
691 3140 838 3195 cedri
874 3156 891 3195 :
921 3140 1014 3194 sed
1054 3154 1185 3208 quas
1228 3139 1484 3207 plantavit
1520 3139 1799 3201 Dominus,

240 3230 313 3297 qui
353 3233 508 3287 etiam
555 3232 626 3287 de
676 3231 931 3286 divitibus
969 3238 1025 3286 et
1063 3232 1387 3298 illustribus,
1422 3232 1615 3285 multos
1638 3230 1802 3300 justi-

243 3318 413 3376 licavit.

297 3412 465 3480 (Vers.
490 3411 610 3485 Π.)
640 3412 664 3465 Ι
673 3413 761 3467 llic
781 3424 1007 3479 passeres
1032 3414 1365 3481 nidiﬁcabunt
1385 3428 1403 3466 :
1427 3412 1598 3483 fulica:
1621 3412 1803 3475 domus

240 3500 332 3554 dus
352 3513 421 3556 est
448 3520 654 3558 eorum.
687 3504 743 3557 In
771 3504 884 3556 istis
908 3503 1082 3558 cedris
1109 3503 1317 3568 Libani,
1347 3519 1481 3572 quas
1509 3504 1675 3572 gratia
1709 3505 1801 3558 Dei

238 3590 419 3658 plantat
447 3604 497 3649 et
540 3594 743 3657 satiat,
772 3593 1123 3647 nidiﬁcabunt
1164 3607 1406 3659 passeres
1450 3611 1462 3646 :
1506 3593 1557 3646 Ιιί
1599 3594 1805 3649 scilicet

236 3682 312 3749 qui
336 3685 619 3752 elegerunt
652 3683 1035 3749 humilitatem,
1069 3693 1122 3738 et
1145 3684 1344 3737 relictis
1366 3698 1485 3752 qua:
1513 3683 1801 3750 habebant,

236 3783 313 3827 aut
333 3776 564 3831 venditis
594 3814 610 3842 ,
643 3776 774 3828 nihil
814 3776 913 3829 sibi
948 3776 997 3827 in
1037 3776 1137 3828 hoc
1182 3776 1383 3828 smculo
1420 3785 1801 3839 reservarunt;

235 3866 314 3918 sed
332 3867 554 3923 divitum
569 3866 996 3921 Christianorum
1018 3867 1266 3921 domibus
1285 3867 1529 3935 agrisque
1548 3868 1801 3934 suscepti,

236 3959 536 4012 necessariis
587 3958 793 4011 solatiis
838 3956 1175 4024 adjuvantur.
1210 3956 1308 4023 Qui
1356 3966 1553 4018 tamen,
1599 3957 1720 4010 licet
1753 3957 1803 4008 in

234 4047 496 4101 cedi-orum
538 4046 822 4102 altitudine
874 4048 1251 4115 requiescant,
1300 4061 1407 4099 non
1458 4045 1585 4113 ipsis
1628 4046 1807 4099 ecdris

234 4135 437 4192 ducibus
467 4148 735 4201 utuntur;
788 4137 882 4192 sed
926 4137 1101 4205 fulicae
1141 4137 1322 4189 domus
1358 4138 1468 4189 dna:
1496 4145 1567 4188 est
1609 4152 1802 4190 earum.

234 4229 417 4285 Domus
452 4243 636 4287 autem
678 4230 885 4295 fulicae,
931 4246 1050 4298 qua:
1081 4229 1281 4281 marina
1308 4237 1391 4282 est
1416 4227 1556 4293 avis,
1592 4242 1696 4280 non
1727 4236 1806 4280 est

234 4320 279 4374 in
306 4334 455 4376 terra:
489 4323 849 4379 foraminibus
871 4363 886 4386 ,
920 4337 1093 4388 neque
1122 4320 1173 4373 in
1204 4320 1365 4372 ramis
1392 4319 1641 4371 arborum
1665 4333 1679 4381 ;
1714 4318 1804 4370 sed

232 4412 277 4465 in
305 4424 471 4480 petra,
504 4430 628 4483 qua:
654 4415 805 4481 aquis
834 4414 905 4465 sit
933 4412 1279 4465 circumdata.
1312 4410 1463 4462 Petra
1494 4424 1623 4461 vero
1656 4408 1811 4460 iutel-
1839 4390 1885 4446 ί)

234 4504 398 4572 ligitur
422 4507 679 4561 Christus
712 4506 753 4569 (1
783 4504 904 4558 Cor.
946 4520 1001 4568 x,
1034 4502 1115 4573 4),
1144 4502 1237 4571 qui
1265 4502 1575 4568 exemplum
1607 4501 1811 4569 patien-

233 4597 310 4648 tiae
338 4599 571 4664 praebuit
602 4597 891 4649 humilibus
930 4603 985 4648 et
1031 4593 1335 4663 passeribus
1369 4610 1381 4646 :
1422 4608 1649 4662 quorum
1697 4592 1810 4659 ipse

233 4693 309 4738 est
350 4687 656 4751 fortitudo,
705 4695 766 4739 ut
806 4684 1361 4740 circumfrementibus
1414 4684 1664 4737 ﬂuctibus
1705 4700 1810 4736 non

233 4792 581 4842 moveantur;
614 4788 671 4834 et
702 4780 747 4832 si
792 4777 918 4847 quid
958 4780 1012 4832 in
1052 4778 1230 4833 cedris
1277 4778 1463 4831 Libani
1503 4777 1810 4841 ollendet'it,

233 4868 395 4924 fulica:
421 4874 649 4926 domum
673 4882 989 4939 sequantur.

289 4960 473 5029 (Vers.
515 4960 631 5032 ξε.)
676 4960 877 5013 Montes
905 4960 1140 5013 altissimi
1171 4960 1349 5024 corvis,
1385 4968 1525 5027 petra
1556 4960 1810 5030 refugium

224 5049 440 5105 hericiis.
471 5053 634 5107 Cervi
665 5061 794 5106 sunt
822 5052 1000 5121 magni
1041 5061 1094 5108 et
1120 5052 1374 5119 prrecipui
1405 5052 1697 5119 spiritales,
1721 5053 1811 5120 qui

224 5143 599 5198 mandatorum
632 5144 729 5197 Dei
767 5144 1143 5198 sublimissima
1172 5158 1398 5213 qumque
1425 5152 1725 5207 sectantur,
1758 5152 1812 5196 ct

225 5231 271 5281 in
299 5234 586 5287 montibus
615 5232 865 5287 habitant
904 5233 1326 5302 Scripturarum.
1375 5233 1479 5287 Sed
1512 5242 1565 5287 et
1597 5233 1687 5303 qui
1717 5248 1813 5288 ex-

288 5397 313 5425 ·
343 5388 550 5459 Lugd.,
578 5388 707 5459 nihil
742 5402 909 5441 nam.
936 5386 1100 5442 Duac.
1130 5396 1185 5442 et
1208 5387 1427 5455 Colum,
1462 5388 1591 5441 nihil
1621 5388 1808 5442 noxiae.

220 5453 453 5518 Lovam:
466 5458 610 5511 nihil
641 5459 809 5511 noxie.
1414 5453 1421 5455 V
1467 5497 1474 5503 -

288 5528 313 5566 δ
340 5530 635 5584 Editioncs
661 5542 849 5582 omnes
880 5542 977 5595 pro
1020 5528 1168 5581 varia
1198 5528 1429 5583 lectione
1456 5528 1733 5597 assignant
1759 5528 1813 5582 in

222 5602 492 5666 margine,
525 5598 829 5651 cubabant:
863 5612 981 5667 qua:
1027 5613 1129 5654 vox
1174 5598 1399 5654 habetur
1433 5601 1486 5654 in
1535 5599 1812 5667 Augustini

1908 3133 2213 3200 permiserit
2244 3150 2257 3184 :
2288 3142 2340 3186 et
2372 3134 2491 3187 ideo
2520 3135 2587 3188 ab
2618 3136 2734 3203 ipso
2764 3145 2947 3202 petunt
2982 3136 3221 3204 rapiendi
3256 3147 3492 3205 potesta-

1905 3234 2035 3288 tem,
2053 3225 2203 3291 cujus
2223 3224 2419 3293 judicio
2448 3224 2608 3279 homo
2638 3226 2868 3281 inimicis
2894 3227 3007 3282 suis
3032 3237 3125 3282 aut
3152 3229 3493 3298 castigandus

1906 3316 2153 3377 traditur,
2182 3325 2277 3370 aut
2305 3317 2639 3384 probandus.

1975 3407 2150 3475 (Vers.
2178 3408 2293 3479 ‘22.)
2343 3408 2494 3463 Ortus
2520 3420 2589 3463 est
2618 3412 2717 3474 sol,
2750 3419 2794 3465 et
2824 3414 3115 3485 congregati
3152 3422 3269 3467 sunt
3296 3423 3316 3468 .'
3347 3422 3396 3466 et
3426 3414 3479 3466 in

1905 3498 2150 3551 cubilibus
2174 3501 2278 3553 suis
2299 3498 2327 3537 ι)
2360 3501 2770 3555 collocabantur.
2798 3500 2959 3557 Ortus
2990 3513 3071 3557 est
3099 3505 3198 3570 sol,
3235 3504 3355 3574 quia
3389 3518 3485 3558 oc-

1905 3590 2034 3644 cidit
2060 3590 2139 3643 sol
2166 3608 2178 3643 :
2214 3591 2262 3643 id
2295 3601 2396 3657 est,
2426 3593 2675 3647 Christus
2718 3606 2959 3649 mortuus
2985 3596 3241 3660 surrexit,
3274 3606 3329 3651 et
3360 3599 3485 3650 uni-

1906 3693 2117 3732 versum
2166 3680 2419 3733 mundum
2453 3683 2714 3735 claritatis
2762 3699 2875 3736 suae
2920 3685 3350 3739 manifestutione
3383 3686 3484 3738 imo

1908 3770 2108 3837 plevit:
2143 3779 2195 3822 ct
2235 3772 2477 3838 quamvis
2522 3774 2573 3825 in
2608 3773 2859 3827 cordibus
2902 3773 3194 3828 inﬁdelium
3250 3776 3489 3830 tenebrat

1909 3870 2272 3930 perseverent,
2316 3862 2551 3916 Ecclesia
2581 3872 2760 3918 tamen
2795 3874 2906 3918 toto
2928 3865 3059 3918 orbe
3088 3875 3377 3933 terraruut,
3402 3873 3489 3922 cui

1907 3952 1987 4006 Sttl
2018 3960 2099 4005 est
2124 3960 2291 4015 ortus,
2323 3952 2373 4005 iu
2399 3952 2600 4007 lumine
2625 3965 2728 4007 est.
2757 3950 2909 4007 Unde
2939 3954 3012 4006 illi
3044 3954 3281 4022 spiritus,
3304 3956 3392 4025 qui
3419 3956 3484 4009 ad

1907 4045 2305 4115 persequendos
2328 4046 2660 4101 Christianos
2683 4046 2971 4114 impiorum
2997 4049 3205 4101 animos
3234 4047 3482 4113 incitant,

1911 4140 1961 4192 in
1996 4149 2139 4193 tanta
2179 4140 2296 4194 luce
2346 4140 2539 4209 ubique
2588 4150 2818 4209 recepta:
2865 4144 3104 4195 veritatis
3146 4146 3340 4197 saevire
3381 4160 3485 4197 non

1910 4231 2128 4297 audent,
2161 4232 2211 4285 in
2258 4244 2350 4284 sua
2397 4232 2591 4286 cubilia
2642 4234 2970 4303 congregati,
3014 4235 3150 4288 intra
3192 4232 3486 4290 inﬁdelium

1910 4322 2069 4374 corda
2103 4321 2446 4375 cohibentur.

1984 4415 2162 4482 (Vers.
2194 4413 2311 4484 25.)
2358 4413 2523 4467 Excivit
2567 4414 2717 4467 homo
2744 4416 2809 4466 ad
2836 4431 2965 4481 opus
2992 4432 3159 4479 suum,
3195 4424 3241 4468 et
3270 4416 3339 4467 ad
3367 4433 3490 4487 ape-

1912 4508 2160 4558 rationem
2182 4522 2329 4558 suam
2354 4522 2509 4573 usque
2532 4506 2600 4557 ad
2629 4522 2907 4575 vesperam.
2939 4505 3073 4571 Quia
3102 4505 3261 4559 modo
3286 4507 3336 4560 in
3365 4521 3496 4574 pace

1917 4596 2172 4650 Ecclesia:
2222 4597 2382 4650 homo
2426 4596 2543 4659 Dei,
2585 4597 2808 4663 justitizc
2857 4596 2949 4649 Dei
3004 4596 3267 4662 serviens,
3326 4597 3497 4652 libere

1915 4688 2043 4756 agit,
2092 4697 2144 4741 et
2184 4687 2247 4739 ad
2283 4686 2559 4755 profutura
2610 4686 2710 4739 sibi
2751 4701 2911 4753 opera
2962 4700 3185 4739 securus
3228 4688 3501 4756 egreditur

1917 4797 2083 4847 usque
2114 4779 2179 4831 ad
2222 4794 2518 4846 vesperam.
2570 4778 2624 4830 In
2657 4780 2761 4832 line
2809 4782 2951 4831 enim
2986 4778 3167 4831 tnundi
3208 4780 3313 4833 erit
3348 4794 3499 4847 qna:-

1916 4872 2036 4924 datn
2067 4870 2473 4923 Contenebratio
2505 4871 2893 4936 persecutionis
2920 4879 2942 4907 ο
2979 4881 3241 4922 externas.

1989 4961 2166 5031 (Vers.
2190 4960 2306 5027 25.)
2341 4960 2504 5023 Quam
2534 4960 2863 5028 magnificam
2890 4970 3011 5012 sunt
3038 4976 3193 5026 opera
3233 4966 3344 5023 tua,
3394 4956 3499 5011 Do.

1918 5052 2091 5104 mine!
2126 5050 2311 5102 Omnia
2340 5052 2391 5101 in
2420 5050 2671 5119 sapientia
2697 5050 2883 5116 fecisti.
2916 5032 3211 5102 Admiratio
3241 5047 3380 5113 lucc,
3399 5060 3501 5112 qua

1920 5141 2310 5212 magniﬁcentia
2342 5150 2589 5210 stupetur
2610 5156 2833 5211 cperam
2862 5140 3189 5207 divinorum,
3209 5139 3275 5191 ad
3303 5148 3502 5192 utrama

1918 5248 2022 5303 que
2052 5232 2416 5287 conditionem
2449 5232 2701 5303 pertinet,
2732 5232 2784 5286 id
2812 5240 2917 5296 est,
2951 5240 3006 5286 et
3032 5230 3215 5285 mundi
3244 5228 3425 5297 hujus,
3449 5238 3505 5283 et

1920 5388 2261 5442 enarratione
2287 5388 2388 5442 hoc
2420 5388 2540 5441 loco
2569 5402 2734 5441 serm.
2760 5389 2812 5452 5,
2846 5400 2994 5439 num.
3019 5383 3090 5439 ‘25
3118 5391 3173 5439 et
3195 5381 3290 5436 ει.

1998 5468 2020 5495 ο
2054 5458 2146 5512 Sic
2190 5458 2360 5526 Lugd.
2387 5458 2575 5511 editio.
2613 5457 2835 5518 Lovan.,
2887 5455 3052 5508 Duac.
3082 5463 3138 5510 et
3166 5453 3386 5522 Colon.,
3418 5468 3508 5510 ea:-

1923 5535 2097 5595 terna;
2128 5527 2267 5583 forte
2292 5542 2392 5598 pro
2422 5536 2663 5581 extremm
2689 5536 2788 5595 aut
2808 5533 3053 5579 extrema.
