4030 6178
512 241 616 302 εςιδ

1732 221 1791 278 S.
1834 212 2173 274 PROSPERI
2212 210 2538 281 AQUITANI

3672 199 3772 254 ΞΕ)ίί

519 356 792 415 Ecclesiae.
849 352 982 421 Quia
1034 345 1405 419 temporalium
1461 335 1807 413 pulchritudo
1861 332 2089 402 gloriam
2119 336 2164 394 Α
2193 346 2339 384 versa
2375 326 2703 393 rapiebantur
2744 319 2985 374 bonitate.
3020 317 3284 370 Avertente
3308 317 3479 365 autem
3520 316 3567 360 te
3598 309 3776 373 faciem

2501 417 2510 421 “
2566 417 2576 421 ’
2812 413 2825 421 ⁸
2950 410 2981 421 ’⁵
3240 418 3255 421 Α
3291 403 3331 421 τι
3370 402 3381 421 ε
3413 397 3667 421 -η-ΑΙ--ειι
3702 407 3776 421 -..ι

518 450 782 521 significat
823 454 1171 509 aeternorum,
1214 448 1271 494 et
1302 451 1395 505 per
1423 432 1679 497 visibilia,
1724 443 1786 483 ea
1817 441 1938 496 quae
1985 440 2093 479 non

520 516 781 611 apparent
814 533 1084 590 intellecta
1112 528 1513 597 conspiciuntur
1552 523 1725 591 (Rom.
1757 535 1797 587 ι,
1820 518 1921 583 20;
1954 516 2092 570 Πρὸ.

526 609 702 699 1,710;
733 635 781 683 et
810 642 867 693 tt,
892 626 989 690 10;
1022 621 1220 677 Coloss.
1249 620 1311 689 ι).
1346 617 1532 673 Omnia
1563 622 1739 667 autem
1770 613 1824 665 in
1850 609 2099 681 sapientia

525 720 714 790 fecisti,
756 718 807 772 id
838 724 942 782 est,
977 715 1030 768 in
1060 712 1278 768 Christo
1310 711 1445 764 facta
1473 714 1617 771 sunt,
1648 704 1738 774 qui
1766 709 1851 758 est
1879 701 1973 756 Dei
1995 701 2102 789 vir-

527 822 610 867 tus
630 817 686 865 et
722 809 813 863 Dei
861 804 1144 874 sapientia.
1178 802 1400 870 Repleta
1439 807 1513 853 est
1542 806 1677 851 terra
1722 802 1961 848 creatura
1989 776 2099 844 tua.

526 902 658 957 Late
683 899 857 955 oculis
897 904 1143 966 apparet,
1171 901 1228 947 et
1273 888 1643 959 multipliciter
1670 883 1980 956 spectabilis
2021 890 2106 936 est
2136 940 2139 941 ν

528 989 871 1063 pulchritudo
914 986 1201 1046 mundana,
1237 998 1359 1053 quae
1406 980 1724 1051 sapientiam
1770 987 1821 1031 et
1851 975 2106 1030 virtutem

527 1086 607 1140 sui
637 1092 864 1139 testatur
886 1078 1141 1134 auctoris.
1170 1075 1276 1132 Sed
1306 1075 1453 1128 illam
1486 1071 1656 1140 magis
1684 1077 1989 1124 creaturam
2014 1065 2110 1120 de.

531 1177 719 1232 bemus
762 1172 1067 1236 attendere,
1118 1167 1187 1221 de
1234 1180 1338 1235 qua
1378 1163 1508 1218 dicit
1554 1160 1863 1230 Apostolus,
1916 1158 1979 1213 Si
2005 1172 2111 1226 qua

529 1270 687 1339 igitur
715 1268 768 1319 in
794 1264 999 1320 Christo
1026 1278 1156 1316 nova
1183 1269 1439 1321 creatura,
1458 1264 1623 1311 vetera
1645 1256 1975 1317 transierunt,
1996 1267 2113 1305 ecce

532 1364 671 1431 facta
699 1369 819 1412 sunt
848 1367 875 1393 λ
904 1370 1037 1409 nova
1073 1352 1142 1425 (ll
1184 1351 1303 1406 Cor.
1328 1366 1383 1415 v,
1412 1350 1520 1417 l7).
1550 1346 1709 1401 Vertit
1735 1345 1877 1399 enim
1905 1341 1995 1410 qui
2028 1356 2114 1396 re-

532 1456 755 1504 novaret
789 1461 924 1516 opus
953 1459 1130 1510 suum,
1173 1442 1263 1511 qui
1310 1439 1564 1495 conﬁaret
1606 1446 1887 1506 argentum
1932 1447 2110 1498 suum,

533 1540 622 1607 qui
659 1539 914 1591 [armaret
954 1542 1230 1587 monetam
1273 1543 1449 1584 suam.
1501 1527 1567 1581 Et
1610 1526 1852 1579 videmus
1901 1523 2113 1593 plenam

534 1640 731 1684 terram
762 1624 1086 1681 Christianis
1128 1623 1180 1676 in
1224 1636 1346 1675 eum
1388 1617 1750 1684 credentibus,
1782 1625 1836 1669 et
1865 1615 1932 1668 ad
1960 1628 2112 1682 spem

2198 430 2363 485 tuam,
2406 417 2766 471 turbabuntur.
2799 410 3020 481 Apertio
3070 418 3260 461 manus
3291 402 3384 455 Dei
3413 397 3671 453 revelatio
3699 407 3779 451 est

2198 514 2419 573 Christi.
2454 512 2642 567 Manus
2686 507 2831 561 enim
2887 499 3100 556 Domini
3155 497 3400 553 Christus
3430 502 3534 547 est.
3570 488 3635 543 Et
3666 491 3781 542 bra-

2200 605 2373 660 chium
2408 597 2611 656 Domini
2654 600 2737 651 cui
2766 594 3041 650 revelatum
3086 598 3161 644 est
3187 588 3333 660 (lsai.
3364 599 3480 648 Lm,
3512 582 3603 652 1)?
3629 580 3781 648 Quod

2202 696 2287 751 cui
2318 693 2606 750 revelatnr,
2637 689 2710 743 illi
2739 686 3006 756 aperitur;
3036 690 3090 736 et
3115 681 3201 734 cui
3247 677 3510 747 aperitur,
3544 672 3786 726 bonitate

2206 784 2477 853 impletur.
2510 779 2684 849 thue
2716 778 2854 831 hanc
2885 774 3177 829 bonitatem
3231 769 3460 833 desuper
3508 763 3787 831 accepisse

2206 890 2267 931 se
2311 873 2542 939 noverit,
2597 880 2995 935 nonnumquam
3048 864 3303 916 Dominus
3350 857 3549 910 avertit
3594 854 3785 907 [aciem

2208 981 2360 1021 suam
2389 980 2401 1015 ;
2430 973 2480 1018 et
2511 961 2603 1029 qui
2641 958 2920 1013 videbatur
2961 953 3150 1021 plenus
3196 947 3457 1009 bonitate,
3504 942 3785 1003 turbatur;

2211 1065 2273 1112 ut
2302 1072 2395 1125 per
2438 1054 2667 1108 subitam
2697 1051 2856 1121 391
2889 1046 3123 1114 inopiam
3168 1040 3450 1109 intelligat,
3483 1037 3626 1090 illam
3661 1033 3787 1088 boni

2211 1147 2595 1203 abundantiam
2625 1160 2731 1196 non
2758 1142 2858 1195 sibi
2889 1139 3054 1193 fuisse
3082 1136 3150 1188 de
3178 1131 3413 1201 proprio.
3442 1128 3655 1197 Auferes
3683 1126 3793 1195 spi-

2212 1243 2342 1295 ritus
2370 1255 2567 1305 eorum,
2597 1246 2643 1290 et
2679 1232 2945 1303 deﬁcient;
2975 1238 3022 1283 et
3050 1228 3104 1280 in
3134 1224 3396 1296 pulverem
3438 1235 3585 1275 suum
3624 1233 3791 1271 reuer-

2214 1342 2405 1390 tentur.

2285 1423 2386 1490 Qui
2428 1423 2482 1476 in
2531 1435 2591 1476 se
2639 1415 3031 1488 gloriabantur,
3073 1410 3337 1464 docentur
3380 1405 3790 1459 detumescere:

2216 1516 2459 1571 aufertur
2504 1514 2573 1567 ab
2611 1512 2691 1565 eis
2728 1508 2946 1578 spiritus
2989 1502 3277 1573 superbiae,
3310 1505 3370 1551 ιιι
3408 1502 3792 1551 convertantur

2218 1607 2275 1661 in
2315 1616 2591 1675 pulverem
2619 1616 2797 1665 suum,
2842 1604 3198 1667 agnoscentes
3225 1590 3364 1660 quod
3397 1598 3554 1641 terra:
3583 1587 3714 1649 sint,
3744 1595 3796 1637 et

535 1720 660 1774 novi
687 1716 891 1781 saeculi,
922 1716 1104 1770 relicta
1156 1711 1423 1781 prmterita
1455 1709 1709 1773 vanitate,
1753 1705 2112 1762 currentibus.
2145 1704 2190 1763 Β
2222 1674 2537 1767 ρωιιίιθιιιθε
2568 1691 2710 1763 quod
2738 1684 3119 1758 superbierint,
3148 1693 3207 1736 ut
3230 1695 3416 1734 rursus
3441 1674 3684 1732 bonitate
3716 1688 3797 1727 τοι-ι

604 1809 768 1880 390
815 1807 997 1877 (Vers.
1024 1805 1118 1871 25,
1146 1802 1264 1873 26.)
1299 1801 1413 1855 Hoc
1446 1815 1586 1853 mare
1615 1814 1880 1870 magnum,
1926 1805 1973 1850 et
1999 1812 2120 1865 spa-

542 1902 765 1965 tiosum;
795 1899 904 1951 illic
931 1896 1184 1963 repentia,
1211 1908 1430 1960 quorum
1456 1908 1559 1945 non
1583 1901 1656 1944 est
1684 1906 1943 1943 numerus.
1972 1887 2120 1942 Licet

537 1990 605 2044 ad
638 2002 832 2043 novum
863 1985 1118 2040 sarculum
1150 1997 1287 2036 nova
1315 1989 1564 2035 creatura
1606 1980 1890 2047 pertineat,
1923 1978 1977 2032 in
2018 1976 2121 2031 hac

536 2090 714 2134 tamen
746 2079 852 2130 vita
883 2074 1277 2144 peregrinatur,
1324 2081 1377 2126 et
1415 2086 1521 2124 non
1570 2079 1745 2138 potest
1784 2068 1850 2122 ad
1895 2067 2119 2136 patriam

537 2185 721 2232 suam,
753 2168 852 2222 nisi
882 2182 977 2232 per
999 2167 1099 2219 hoc
1130 2178 1379 2232 magnum
1410 2172 1464 2216 et
1486 2161 1784 2231 inquietum
1813 2175 1960 2213 mare
1984 2160 2122 2213 inter

539 2259 777 2330 pericula
821 2257 1072 2326 navigare
1117 2272 1130 2307 :
1183 2238 1472 2308 insidiante
1520 2251 1991 2305 innumerabilium
2037 2264 2123 2303 re-

540 2350 778 2421 pentium
793 2348 942 2411 dolo,
958 2347 1059 2400 hoc
1079 2354 1160 2399 est
1183 2345 1468 2398 multarum
1490 2334 1841 2396 tentatimthm
1865 2340 2119 2394 incursu:

539 2458 570 2496 a
598 2441 789 2511 quibus
820 2437 1121 2494 cavendum
1150 2443 1253 2498 est,
1288 2451 1356 2488 ne
1381 2435 1507 2488 dum
1537 2440 1753 2501 repunt,
1798 2433 2119 2501 subrepant;

540 2543 596 2587 et
623 2548 729 2587 non
762 2529 1121 2585 recedendum
1158 2543 1186 2581 a
1221 2528 1365 2596 ligno
1394 2524 1598 2589 crucis,
1646 2524 1699 2576 in
1730 2536 1838 2592 quo
1876 2521 1978 2576 hoc
2017 2536 2123 2575 saa-

542 2638 665 2677 vum
698 2636 846 2675 mare
874 2620 973 2674 sub
1004 2617 1203 2673 Citriin
1230 2614 1608 2685 gubernaculis
1636 2620 1959 2667 transeatur.
1992 2612 2119 2664 Ani-

541 2715 704 2767 malia
729 2713 923 2783 pusilla
960 2721 1009 2764 et
1039 2723 1265 2781 magna;
1308 2707 1416 2761 illic
1462 2721 1614 2759 nares
1644 2702 2017 2757 commeabant.
2065 2701 2122 2756 In

542 2803 647 2858 hoc
674 2802 809 2856 mari
845 2809 971 2855 sunt
998 2800 1278 2863 infideles;
1310 2807 1364 2852 et
1395 2798 1534 2851 inter
1571 2810 1737 2865 aquas
1764 2808 1976 2847 amaras
2016 2804 2127 2848 ste-

545 2894 781 2963 rilesque
802 2900 1086 2948 versantur
1112 2890 1289 2960 pusilli
1317 2899 1368 2943 et
1392 2887 1593 2957 magni,
1623 2887 1671 2939 id
1701 2896 1805 2952 est,
1828 2893 1882 2940 et
1903 2885 2121 2952 infirmi,

546 2997 600 3043 et
630 2986 886 3056 primates
910 2984 1065 3039 istius
1107 2983 1329 3037 smculi:
1362 2980 1453 3051 qui
1499 2980 1624 3034 licet
1648 2978 1966 3034 Christiana:
1994 2978 2126 3032 reli-

2256 1790 2487 1844 leantur.

2256 1807 2487 1844 teantur.

2221 1807 2252 1859 υ
2291 1879 2471 1950 (Vers.
2502 1873 2619 1944 30.)
2668 1872 2855 1926 Emitte
2901 1868 3156 1940 Spiritum
3191 1872 3354 1927 tuum,
3384 1868 3429 1914 et
3471 1857 3795 1918 creabantur,

2218 1979 2268 2025 et
2290 1968 2549 2024 renovabis
2579 1966 2765 2036 faciem
2790 1973 2958 2016 terrm.
2995 1957 3169 2029 Ipsius
3198 1955 3331 2008 enim
3372 1968 3545 2005 sumus
3592 1951 3801 2020 ﬁgmen-

2220 2073 2347 2127 tum,
2380 2060 2511 2114 dicit
2556 2055 2874 2126 Apostolus,
2919 2049 3076 2103 creati
3108 2050 3160 2100 in
3208 2044 3445 2112 aperibus
3474 2040 3639 2102 bonis,
3688 2052 3801 2105 qua:

2222 2153 2531 2225 preparavit
2562 2151 2720 2215 Deus,
2744 2155 2800 2200 ut
2826 2145 2878 2199 in
2900 2143 3006 2196 illis
3028 2139 3340 2193 ambulemus
3359 2132 3578 2203 (Epltes.
3607 2146 3666 2194 ιι,
3690 2128 3801 2194 10).

2221 2219 2268 2302 Ᾱ
2297 2219 2501 2317 Spiritu
2543 2240 2643 2298 Dei
2677 2242 2983 2307 accepimus
3010 2231 3261 2302 gratiam,
3302 2235 3363 2280 ut
3405 2223 3623 2294 iustitia:
3663 2219 3803 2272 viva-

2223 2352 2365 2392 mus.
2395 2337 2536 2390 Deus
2567 2333 2710 2387 euim
2735 2326 2991 2400 justilicat
3021 2322 3266 2391 impium,
3292 2327 3345 2372 et
3367 2321 3591 2371 renovat
3615 2309 3799 2364 faciem

2224 2439 2404 2493 terrm,
2433 2424 2674 2481 condens
2700 2422 2751 2474 in
2785 2427 2897 2472 toto
2929 2413 3128 2469 mundo
3160 2424 3351 2464 novam
3373 2416 3679 2461 creaturam
3711 2414 3807 2469 per

2223 2520 2468 2588 spiritqu
2497 2515 2704 2585 gratiae,
2733 2519 2789 2564 ιιι
2818 2507 3065 2579 deposito
3094 2514 3282 2559 vetere
3306 2499 3543 2560 homine,
3572 2495 3627 2549 in
3658 2490 3806 2546 novi-

2227 2620 2337 2664 tate
2368 2609 2486 2662 vitar
2512 2603 2872 2659 ambulemus.

2299 2701 2478 2775 (Vers.
2504 2698 2622 2765 51.)
2653 2695 2736 2751 Sit
2764 2691 2931 2764 gloria
2962 2687 3167 2744 Domini
3205 2685 3257 2738 in
3284 2690 3533 2737 wternum
3558 2692 3575 2729 :
3605 2673 3807 2729 la'tabi-

2226 2766 2591 2848 tur‘DOminus
2631 2788 2685 2840 in
2733 2782 2973 2853 operibus
3016 2781 3144 2834 suis.
3188 2778 3299 2831 Deo
3342 2787 3470 2843 ergo
3499 2771 3570 2824 sit
3612 2766 3808 2836 gloria,

2229 2885 2369 2939 Deus
2395 2882 2605 2936 laetetur
2630 2878 2682 2931 in
2712 2874 2968 2944 operibus
2990 2875 3119 2925 suis.
3150 2867 3286 2935 Quia
3330 2864 3378 2919 si
3414 2860 3542 2932 quid
3590 2857 3812 2911 laudan-

2227 2975 2377 3039 dum,
2408 2972 2451 3026 si
2485 2969 2611 3039 quid
2654 2965 2942 3021 laetandum
2973 2961 3041 3015 ab
3066 2960 3283 3014 homine
3321 2957 3517 3024 agitur,
3556 2962 3693 3017 opus
3720 2945 3813 3000 Dei

546 3075 692 3147 gioni
733 3076 1105 3138 adversentur,
1153 3082 1329 3128 tamen
1369 3072 1512 3127 inter
1551 3072 1697 3139 ipsos
1723 3078 1868 3123 tutus
1896 3079 1980 3122 est
2004 3083 2129 3124 nos-
2153 3060 2198 3122 C
2230 3074 2334 3124 esu
2360 3070 2416 3116 et
2451 3072 2644 3114 munus
2682 3056 2870 3127 gratia:
2906 3052 3046 3121 ejus,
3091 3048 3182 3117 qui
3221 3045 3399 3100 aufert
3444 3040 3697 3111 spiritum
3723 3052 3814 3091 su-

548 3180 750 3223 trarum
781 3165 997 3220 navium
1019 3170 1394 3227 commeatus;
1428 3160 1537 3215 hoc
1562 3169 1664 3228 est,
1697 3158 1837 3215 inter
1861 3160 2128 3228 procellas

547 3265 606 3313 et
649 3256 842 3311 ﬂuctus
872 3256 1057 3319 maris,
1103 3254 1435 3324 gubernante
1477 3247 1718 3317 Christo,
1768 3250 2128 3305 Ecclesiarum

551 3357 697 3403 tutus
718 3355 803 3402 est
822 3360 1033 3401 cursus.
1066 3343 1237 3399 Draco
1261 3343 1355 3397 iste
1375 3357 1522 3413 quem
1553 3340 1787 3411 [armasti
1810 3340 1878 3394 ad
1906 3338 2132 3394 illuden-

551 3441 675 3494 dum
704 3438 771 3493 ei.

623 3530 679 3586 in
721 3527 855 3584 mari
897 3526 1002 3582 isto
1031 3539 1246 3595 magno,
1295 3523 1386 3579 ubi
1429 3532 1556 3579 sunt
1594 3521 1859 3591 repentis,
1903 3536 2132 3591 quorum

551 3636 660 3678 non
693 3631 776 3677 est
803 3634 1078 3686 numerus,
1101 3618 1192 3674 ubi
1221 3616 1471 3672 animalia
1502 3616 1696 3686 pusilla
1723 3623 1780 3670 et
1804 3631 2017 3686 magna,
2043 3615 2133 3670 ubi

554 3714 717 3768 etiam
783 3719 1089 3766 nostrarum
1142 3710 1354 3764 navium
1411 3718 1779 3772 commeatus;
1829 3707 1903 3762 ibi
1953 3716 2037 3762 est
2082 3717 2139 3762 et

553 3804 739 3870 draco,
773 3804 864 3873 qui
911 3802 980 3858 de
1026 3802 1253 3857 summis
1283 3802 1335 3855 in
1378 3800 1479 3855 ima
1509 3800 1755 3869 deiectus
1784 3799 1987 3868 judicio
2020 3799 2134 3864 Dei,

553 3895 620 3949 ad
649 3895 751 3949 hoc
782 3909 852 3947 ex
878 3893 1068 3963 angelo
1105 3892 1351 3947 diabolus
1396 3890 1567 3946 factus
1596 3902 1698 3956 εει,
1742 3900 1799 3943 ιιι
1828 3890 2046 3944 malitia:
2086 3898 2141 3944 et

555 3986 805 4056 nequitia:
836 3987 1002 4054 ipsius
1039 4000 1067 4037 a
1095 3986 1297 4040 sanctis
1350 3984 1684 4038 illuderetur.
1720 3983 1821 4049 Qui
1853 3984 1953 4038 etsi
1988 3982 2145 4036 inde-

558 4079 798 4133 sinenter
844 4075 1006 4131 habet
1046 4075 1273 4129 nocendi
1314 4074 1686 4137 cupiditatem,
1734 4074 1933 4127 nemini
1962 4082 2140 4127 tamen

559 4169 679 4239 plus
703 4168 1057 4221 tentationum
1085 4175 1260 4231 potest
1282 4163 1483 4219 inferre
1507 4180 1667 4232 quam
1696 4164 1912 4218 sinitur.

630 4257 811 4327 (Vers.
833 4255 924 4321 27,
952 4255 1043 4320 es,
1070 4254 1192 4325 ‘29.)
1217 4254 1406 4307 Unmia
1429 4270 1461 4305 a
1491 4263 1537 4306 te
1566 4262 1883 4323 exspectant,
1906 4253 2143 4317 Domine,

559 4359 615 4404 ut
640 4348 729 4401 des
756 4346 860 4401 illis
900 4346 1067 4399 cibum
1097 4347 1150 4398 in
1178 4355 1400 4416 tempore
1427 4353 1741 4416 Opportuna.
1777 4344 1945 4399 Dante
1974 4356 2043 4409 te,
2068 4347 2147 4398 illi

2229 3154 2473 3226 porbum,
2497 3163 2552 3207 et
2572 3151 2666 3205 dat
2693 3149 2951 3217 Spiritum
2975 3152 3239 3198 sanctum.

2303 3248 2483 3320 (νει-ε.
2506 3243 2622 3314 '52.)
2654 3242 2753 3307 Qui
2772 3238 2954 3309 aspicit
2980 3245 3189 3300 terram,
3212 3240 3261 3285 et
3286 3228 3408 3300 facit
3435 3241 3547 3280 eam
3569 3233 3817 3283 tremere;

2230 3314 2322 3413 qui
2345 3339 2507 3411 tangit
2535 3345 2755 3399 montes,
2782 3341 2831 3386 et
2856 3327 3198 3401 funtigabunt.
3225 3323 3351 3376 Ηωο
3374 3332 3540 3388 Opera
3561 3314 3658 3369 Dei
3685 3327 3817 3365 con-

2232 3406 2494 3491 vertentis
2515 3441 2758 3489 aversos,
2788 3434 2847 3478 ut
2874 3419 3111 3491 aspiciat
3132 3415 3197 3470 ad
3225 3425 3424 3469 terram
3450 3406 3818 3479 praefidentem

2234 3524 2358 3591 sibi,
2391 3538 2455 3579 ac
2484 3522 2552 3576 de
2575 3519 2686 3576 suis
2718 3516 2922 3571 viribus
2949 3516 3392 3581 praesumentem,
3425 3510 3479 3557 et
3507 3500 3671 3555 faciat
3698 3510 3817 3549 eam

2236 3629 2493 3680 tremere,
2521 3623 2575 3668 et
2598 3612 2738 3666 bane
2757 3608 2859 3663 sibi
2883 3620 3003 3660 esse
3025 3614 3241 3658 causam
3272 3594 3522 3651 tremoris
3540 3595 3822 3659 agnoscat,

2237 3709 2358 3780 quia
2396 3707 2537 3761 Deus
2565 3702 2594 3741 δ
2627 3702 2679 3756 in
2725 3700 2843 3768 ipso
2881 3702 3135 3766 Operatur
3177 3699 3237 3744 ut
3277 3687 3416 3741 bona
3466 3683 3556 3747 sit,
3608 3693 3718 3749 quo
3766 3691 3827 3730 se

2240 3777 2518 3853 avertente
2546 3791 2841 3849 defecerat.
2874 3787 3075 3841 Eodem
3108 3791 3289 3835 autem
3329 3790 3493 3845 opere
3532 3777 3827 3839 tanguntur

2241 3899 2295 3947 et
2322 3897 2558 3950 montes,
2587 3884 2638 3939 id
2670 3890 2773 3949 est,
2815 3877 3162 3935 sublimiores
3184 3870 3428 3942 quidam,
3469 3874 3525 3920 et
3554 3859 3825 3933 potentio-

2242 3997 2329 4036 res
2359 3980 2516 4048 hujus
2553 3973 2737 4030 saeculi
2771 3989 2783 4025 ε
2816 3981 2862 4025 et
2893 3965 3236 4038 funtigabunt,
3268 3964 3318 4015 id
3345 3970 3450 4022 εει,
3477 3956 3682 4011 dabunt
3711 3952 3823 4005 Deo

2243 4069 2662 4133 confessionem,
2696 4073 2750 4117 et
2782 4075 2969 4131 preces
2995 4060 3232 4128 ipsorum
3260 4052 3327 4108 ad
3358 4052 3545 4112 Deum,
3577 4044 3669 4115 qui
3702 4042 3832 4096 illos

2246 4162 2439 4232 tetigit,
2465 4159 2617 4229 quasi
2650 4157 2830 4210 fumus
2851 4149 3116 4206 ascendit.

2320 4230 2500 4328 (Vera.
2532 4253 2646 4318 53.)
2675 4246 2916 4303 CantabO‘
2948 4242 3166 4297 Domino
3195 4240 3248 4292 in
3278 4238 3381 4291 vita
3411 4251 3562 4301 mea;
3607 4230 3834 4302 psallam

2250 4322 2358 4400 Deo
2384 4359 2517 4405 meo,
2546 4339 2790 4409 quamdiu
2825 4352 2961 4392 sum.
3013 4330 3228 4393 Omnia,
3274 4327 3470 4397 inquit,
3515 4324 3583 4379 ad
3614 4322 3831 4376 laudem

561 4438 821 4509 colligent.
852 4436 1130 4493 Universis
1176 4435 1514 4504 repentibus,
1559 4440 1768 4490 cunctis
1800 4437 2142 4501 animalibus,
2173 4432 2222 4491 D
2249 4438 2343 4493 Dei
2376 4436 2628 4496 referam,
2660 4442 2713 4486 et
2743 4430 3031 4485 Dominum
3063 4425 3117 4479 in
3147 4420 3401 4477 omnibus
3431 4416 3687 4489 operibus
3716 4414 3834 4468 suis

561 4540 721 4598 atque
746 4528 845 4595 ipsi
871 4526 1091 4582 draconi
1119 4542 1224 4580 non
1250 4525 1487 4595 suppetit
1511 4526 1683 4590 cibus,
1725 4526 1824 4580 nisi
1857 4542 2014 4596 quem
2040 4527 2147 4581 Do-

562 4622 741 4676 minus
768 4618 997 4674 dederit.
1020 4617 1276 4685 Quamvis
1298 4616 1442 4673 enim
1470 4616 1635 4671 draco
1660 4631 1875 4687 semper
1894 4620 1966 4671 sit
1994 4620 2147 4685 cupi-

561 4712 664 4765 dus
711 4708 777 4762 ad
824 4708 1150 4773 vorandum,
1191 4722 1382 4763 vorare
1436 4717 1612 4763 tamen
1645 4723 1750 4762 non
1800 4718 1994 4778 potest,
2042 4709 2147 4763 nisi

562 4800 703 4871 quod
736 4801 876 4854 Dens
912 4799 1087 4867 justus
1116 4798 1356 4852 ciborum
1397 4798 1635 4853 omnium
1683 4798 2002 4855 distributor
2032 4800 2146 4853 esui

561 4892 680 4961 ejus
703 4890 995 4945 addixerit.
1030 4889 1126 4943 Est
1152 4899 1331 4943 autem
1363 4904 1485 4944 esca
1534 4890 1701 4958 ipsius
1746 4900 1889 4945 terra
1938 4890 2144 4960 (Cenes.

565 4999 645 5048 ιιι,
678 4982 786 5055 14).
822 4983 938 5038 Νοιι
978 4983 1138 5052 igitur
1180 4982 1422 5036 edendos
1462 4982 1699 5046 dabitur,
1729 4985 1818 5049 qtti
1868 4994 2007 5037 terra
2042 4999 2145 5037 non

566 5074 750 5141 fuerit,
792 5074 896 5130 hoc
942 5083 1047 5139 est,
1090 5074 1181 5143 qui
1225 5088 1332 5127 non
1376 5087 1437 5127 se
1478 5072 1708 5127 terrenis
1760 5072 2150 5141 cupiditatibus

564 5167 880 5237 nutibusque
916 5166 1202 5222 dediderit.
1234 5166 1505 5238 Aperiente
1533 5177 1581 5219 te
1603 5181 1810 5219 manum
1837 5174 1999 5232 tuam,
2032 5169 2151 5219 uni-

642 5361 671 5391 ι
709 5351 809 5407 Hie
868 5350 1199 5406 recentiores
1262 5346 1528 5403 editiones
1587 5345 1907 5400 addiderunt
1954 5360 2143 5400 vocem

572 5424 746 5478 omnia
776 5437 895 5490 qua:
911 5422 1065 5474 abest
1084 5435 1113 5473 a
1136 5427 1364 5490 quatuor
1385 5415 1657 5490 veteribus
1674 5457 1688 5477 ,
1705 5428 1759 5468 et
1779 5431 1936 5490 quam
1959 5416 2150 5469 abesse

574 5494 753 5548 solere
778 5484 808 5544 ἁ
831 5505 961 5571 mss.
987 5484 1227 5543 notatum
1258 5487 1490 5571 legimus
1509 5486 1570 5571 in.
1593 5484 1998 5567 Augustino'hic
2020 5486 2148 5551 loci,

576 5572 633 5618 et
648 5575 820 5638 supra
842 5560 953 5638 jam
985 5576 1089 5638 non
1120 5556 1495 5638 semel'omi'tti
1521 5556 1947 5610 observavimus.

648 5629 676 5669 δ
703 5623 887 5695 Forte,
926 5628 981 5683 in
1008 5631 1158 5697 ipsa;
1188 5623 1396 5684 scilicet
1423 5636 1585 5691 terra,
1630 5635 1684 5681 ut
1725 5627 1854 5681 bona
1880 5624 1966 5680 sit.
2000 5623 2151 5691 Quod

2248 4530 2365 4585 sine
2394 4528 2500 4582 line
2531 4524 2785 4578 laudabo.

2323 4619 2505 4691 (Vers.
2528 4613 2644 4683 ⁸54.)
2674 4613 2860 4667 Suavis
2890 4610 2956 4663 sit
2978 4609 3025 4662 ei
3054 4604 3335 4672 disputatio
3366 4615 3508 4664 mea;
3535 4612 3630 4669 ego
3660 4604 3839 4648 autem

2241 4687 2569 4783 jucundubor
2596 4708 2651 4759 in
2680 4704 2921 4757 Domino.
2954 4699 3145 4755 Suavis
3181 4707 3260 4750 est
3295 4693 3520 4747 Domino
3543 4687 3841 4756 disputatio

2252 4776 2394 4857 illius
2458 4799 2546 4865 qui
2599 4812 2693 4865 per
2750 4792 3008 4847 humilem
3067 4784 3467 4842 confessionem
3525 4794 3585 4832 se
3633 4776 3843 4830 indicat

2253 4892 2440 4948 scienti
2473 4891 2602 4951 Deo,
2642 4895 2698 4941 et
2717 4885 2803 4940 cui
2833 4900 2892 4938 se
2922 4882 3122 4935 indicat
3149 4875 3409 4931 nescienti
3440 4873 3600 4925 Deus.
3633 4868 3709 4921 De
3734 4866 3844 4920 hic

2254 4996 2434 5040 autem
2474 4983 2563 5035 tali
2607 4976 2967 5047 disputatione
2996 4972 3169 5026 oritur
3195 4966 3484 5024 delectatio
3510 4981 3523 5015 :
3557 4961 3680 5030 quia
3705 4974 3848 5013 con-

2256 5076 2420 5131 fessio
2465 5088 2571 5128 non
2603 5072 2655 5125 in
2703 5083 2762 5123 se
2791 5063 3097 5137 gloriantis,
3124 5062 3179 5116 in
3218 5058 3545 5129 agnitionem
3591 5051 3683 5106 Dei
3712 5062 3851 5119 pro-

2260 5168 2392 5220 ficit.

2253 5345 2296 5398 si
2330 5342 2399 5398 de
2439 5353 2656 5395 nomine
2690 5336 2782 5391 illa
2822 5344 2962 5390 terra
2993 5338 3179 5386 notato
3218 5328 3393 5398 primo
3435 5337 3597 5398 sensu
3640 5315 3855 5398 exponi

2255 5391 2753 5473 delt-cretidisi—sset
2780 5417 2949 5469 certe,
2991 5405 3044 5456 in
3078 5404 3191 5473 ipso
3221 5391 3461 5473 operatur
3484 5393 3721 5473 ut_bonus
3753 5391 3856 5473 sit:

2257 5457 2891 5538 iiiiialhéQ'ﬁbéiEtéh’d
2937 5457 3039 5530 hoc
3081 5457 3304 5527 dubium
3332 5462 3654 5522 solvendum
3707 5457 3857 5514 nihil

2257 5552 2564 5610 conferunt.
