4026 6176
272 228 366 286 297

333 340 505 414 (Vers.
525 337 643 407 35.)
673 335 925 404 Deﬁcient
959 346 1246 407 peccatores
1288 352 1321 389 a
1346 345 1504 399 terra,
1546 342 1595 386 et
1624 330 1828 396 iniusti,
1860 333 1899 387 Α

1038 214 1456 275 PSALMORUM
1498 214 1539 267 Α
1581 212 1623 267 C
1662 210 1753 267 AD
1790 208 1877 265 CL
1915 204 2294 262 ΕΧΓΟδιἸΊΟ.
2339 203 2531 258 Ρδιι.
2570 201 2697 257 ειν.

3411 203 3516 260 298

2007 326 2197 393 (Vt-rs.
2230 323 2308 394 7.)
2341 320 2461 392 Ipse
2490 320 2738 375 Dominus
2764 318 2902 373 Deus
2923 325 3112 384 noster,
3135 333 3190 371 in
3218 314 3357 372 omni
3385 326 3515 372 terra

269 405 413 486 ita‘ut
449 443 552 482 non
580 405 705 481 sint.
752 405 1048 481 Iracundia:
1092 436 1149 481 et
1192 426 1300 479 odii
1337 427 1551 479 videtur
1577 437 1700 478 esse
1731 436 1834 473 vox
1927 415 2133 485 judiria
2160 414 2295 484 ejus.
2327 411 2684 466 Manit'estavit
2721 409 2863 479 quod
2908 409 2958 462 hi
2997 416 3184 462 essent
3214 406 3309 461 ﬁlii
3350 405 3510 461 Abra-

268 522 356 575 ista
381 535 394 571 :
421 516 517 573 sed
540 524 624 572 est
650 517 932 584 praecipuae
954 514 1262 569 charitatis.
1284 514 1395 568 Hoc
1423 514 1567 567 enim
1594 511 1670 564 ait
1689 508 1832 578 quod

267 618 315 664 et
337 621 515 677 supra,
551 612 609 659 ut
635 604 907 658 auferatur
935 603 1157 669 spiritus
1181 602 1560 671 superborum,
1609 608 1667 653 et
1699 598 1835 651 deﬁ-

268 697 399 751 ciant
427 713 441 749 :
473 704 527 750 et
558 694 801 748 mittatur
829 693 881 747 in
910 693 1031 748 illos
1060 693 1296 761 Spiritus
1326 693 1489 763 392
1515 691 1631 756 Dei,
1656 698 1715 743 ut
1746 688 1836 741 ﬁat

265 801 391 841 nova
413 792 687 845 creatura,
709 782 995 837 deﬁciente
1024 782 1249 848 malitia,
1282 795 1387 835 ItOtt
1412 788 1677 850 pereunte
1702 779 1832 830 sub-

262 875 475 929 stantia.
507 874 608 939 Qui
639 874 809 940 enim,
840 888 962 927 cum
992 881 1139 927 esset
1168 870 1705 939 impiusjustiﬁcatus
1724 876 1831 932 est,

264 980 355 1018 non
385 964 495 1017 erit
522 962 741 1030 impius,
767 961 863 1016 sed
890 963 992 1016 erit
1010 962 1210 1030 justus.
1232 959 1477 1027 Benedic,
1502 960 1673 1012 anima
1696 974 1829 1023 mea,

265 1054 553 1108 Dominum.
581 1052 873 1106 Benedicat
906 1053 1082 1104 anima
1128 1050 1303 1104 ﬁdelis
1334 1050 1386 1102 in
1417 1048 1667 1103 omnibus
1696 1046 1828 1112 Deo,

262 1157 308 1203 et
332 1146 416 1216 qui
442 1146 719 1217 gloriatur,
752 1146 804 1197 in
837 1144 1059 1197 Domino
1084 1144 1334 1214 glorietur
1360 1140 1401 1212 (Ι
1427 1139 1544 1194 Cor.
1572 1155 1609 1206 ι,
1640 1138 1758 1208 51).

802 1254 1121 1311 Ρειιιιυε
1156 1253 1288 1308 CIV.

266 1351 460 1403 Primus
486 1349 568 1401 hic
607 1349 833 1417 psalmus
874 1356 1189 1416 prwtmlatur
1213 1346 1541 1405 Ηιιιεωιι.
1574 1344 1711 1411 quod
1737 1352 1827 1409 est,

423 1427 451 1455 ⁸
476 1418 713 1471 Laudate
754 1418 1028 1469 Dominum
1055 1432 1071 1468 :
1104 1416 1215 1468 ideo
1243 1433 1275 1469 a
1306 1418 1459 1468 laude
1485 1417 1652 1483 carpit.

326 1511 505 1581 (Vera.
544 1510 619 1578 1.)
669 1507 992 1576 Conﬁtemini
1034 1507 1277 1572 Domino,
1307 1516 1355 1559 et
1395 1507 1625 1559 invocate
1650 1521 1829 1558 nomen

262 1608 375 1674 ejus.
410 1601 675 1666 Laudate,
705 1600 897 1669 inquit,
935 1599 1259 1668 Dominum‘
1286 1607 1339 1651 et
1369 1598 1646 1660 invocate;
1691 1612 1834 1648 sein-

1938 503 2083 569 ham,
2110 503 2199 571 qui
2231 509 2415 555 essent
2445 499 2539 553 ﬁlii
2581 497 2958 568 promissionis
2988 496 3166 565 (Rom.
3204 511 3281 561 ιι,
3311 494 3399 565 8),
3429 493 3511 549 di-

1935 593 2127 657 cendo,
2183 589 2251 644 In
2298 592 2436 645 omni
2486 601 2621 643 terra
2666 590 2862 653 iudicia
2917 590 3029 656 ejus
3070 602 3088 642 :
3126 587 3247 656 quia
3287 586 3354 663 in
3407 594 3515 641 tota

1937 683 2137 737 mundo
2179 683 2394 736 fuerant
2442 682 2535 735 lilii
2568 681 2817 746 Abrahzr,
2848 692 2981 749 quos
3006 692 3147 731 nunc
3183 691 3365 731 sermo
3397 691 3514 744 pro-

1937 775 2179 843 pheticus
2218 773 2532 828 cohortatur
2572 782 2628 825 ut
2659 772 3002 826 meminerint
3035 769 3358 823 mirabilium
3396 768 3514 823 Dei.

2009 866 2195 936 (Vers.
2220 864 2396 935 8-H.)
2423 864 2621 918 Memor
2641 865 2739 936 fuit
2761 865 2811 917 in
2834 863 3077 917 saeculum
3099 862 3390 917 testamenti
3414 865 3513 929 sui,

1932 958 2067 1012 verbi
2092 957 2231 1028 quod
2256 958 2516 1010 mandarit
2540 958 2593 1009 in
2614 954 2754 1009 mille
2774 955 3156 1026 generationes;
3185 954 3322 1023 quod
3343 953 3515 1019 dispo-

1933 1052 2035 1103 suit
2066 1050 2344 1109 Abraham,
2376 1049 2732 1117 etjuramenti
2779 1047 2859 1100 sui
2900 1046 2969 1099 ad
3012 1044 3186 1100 Isaac.
3226 1044 3292 1098 Et
3338 1043 3515 1097 statuit

1933 1140 2068 1193 illud
2111 1138 2272 1191 Jacob
2303 1139 2354 1190 in
2381 1146 2718 1207 priet-cptum,
2760 1147 2807 1190 et
2853 1135 3018 1189 Israel
3061 1136 3113 1189 in
3163 1144 3514 1188 testamentum

1934 1243 2210 1293 aeternum,
2228 1228 2423 1291 dicens,
2447 1225 2560 1279 Tibi
2580 1226 2712 1279 dabo
2734 1235 2920 1279 terram
2941 1224 3207 1286 Chanaan,
3232 1226 3514 1295 funiculum

1935 1320 2249 1374 hereditatis
2279 1328 2478 1373 uestris.
2511 1315 2615 1372 Per
2658 1332 2720 1371 ea
2762 1332 2880 1385 qum
2924 1315 3275 1377 transierunt,
3317 1315 3514 1384 signiﬁ~

1934 1423 2126 1465 cantur
2164 1426 2226 1466 ea
2265 1425 2385 1480 qua:
2413 1408 2732 1471 manebunt;
2775 1416 2828 1461 et
2866 1421 2962 1476 per
3007 1406 3289 1475 imaginem
3318 1408 3516 1459 veteris

1936 1502 2284 1565 testamenti,
2345 1500 2663 1554 conﬁrmata
2714 1506 2797 1552 est
2843 1498 3131 1566 promissio
3184 1497 3516 1553 haereditatis

1934 1603 2170 1655 aeterna),
2222 1605 2315 1658 per
2353 1590 2580 1644 verbum
2610 1589 2745 1658 quod
2790 1589 3055 1641 mandavit
3096 1587 3232 1642 Deus
3277 1589 3331 1642 in
3377 1588 3516 1644 mille

261 1710 341 1762 per
369 1695 520 1747 enim
554 1692 947 1746 invocationem
992 1688 1156 1744 debet
1181 1691 1371 1758 prurire
1417 1687 1671 1753 laudatio,
1715 1702 1832 1754 qua:
1868 1690 1909 1744 Β
1936 1682 2304 1753 generationes,
2338 1680 2438 1736 hoc
2464 1690 2568 1746 est,
2611 1681 2661 1734 in
2693 1694 2903 1735 omnes.
2934 1680 3066 1733 Nam
3112 1689 3168 1733 ut
3209 1680 3337 1733 nihil
3365 1683 3515 1736 vacui

262 1784 335 1839 hic
360 1784 507 1839 dicta
533 1781 806 1837 confessio
836 1792 940 1835 est.
985 1778 1297 1832 Annuntiate
1333 1778 1385 1830 in
1416 1776 1646 1847 gentibus
1676 1792 1830 1847 Opera

262 1877 376 1945 ejus.
420 1873 787 1944 Evangelistis
835 1874 935 1924 hoc
979 1869 1177 1924 dicitur
1209 1870 1260 1923 in
1300 1867 1580 1937 propheta,
1627 1876 1685 1921 ut
1714 1865 1833 1920 uni-

264 1980 400 2019 verso
431 1964 638 2018 mundo
668 1962 916 2017 Christus
945 1960 1315 2014 annuntietur.

323 2056 505 2125 (Vers.
536 2056 595 2119 2,
621 2055 675 2117 3,
702 2054 781 2122 4.)
818 2050 1030 2106 Cantate
1054 2051 1123 2116 ei,
1173 2060 1219 2104 et
1257 2048 1461 2120 psallite
1490 2048 1556 2100 ei.
1591 2046 1704 2101 Hoc
1727 2053 1828 2110 est,

1937 1774 2396 1843 praetermitteret,
2428 1787 2552 1827 eum
2580 1787 2861 1826 numerum
2887 1772 3065 1840 posuit
3083 1772 3514 1841 generationum,

1932 1881 2091 1936 quem
2137 1872 2352 1921 constat
2381 1878 2482 1919 nec
2527 1864 2595 1918 ab
2640 1864 2759 1933 ipso
2798 1864 2968 1919 Adam
3016 1880 3186 1934 usque
3236 1865 3304 1919 ad
3352 1865 3514 1920 ﬁnem

1934 1956 2123 2012 mundi
2156 1970 2313 2025 pOSse
2354 1956 2637 2026 compleri,
2689 1956 2863 2010 donec
2910 1972 3098 2011 omnes
3138 1957 3515 2025 generationes

1932 2047 2212 2115 liniantur,
2236 2062 2357 2118 qua:
2377 2063 2446 2103 ex
2466 2048 2764 2103 abundanti
2791 2048 3096 2103 millenario
3120 2064 3345 2104 numero
3370 2065 3514 2106 com-

266 2147 415 2201 verbo
471 2155 524 2199 et
566 2160 733 2215 opere
785 2143 1072 2211 prtedicate
1108 2160 1119 2193 :
1154 2141 1407 2210 quoniam
1456 2154 1551 2193 ore
1597 2139 1829 2204 canitur,
1892 2141 2216 2210 /prebens:e
2259 2150 2405 2194 sunt.
2436 2138 2667 2195 Verbum
2700 2141 2934 2194 mandati
2965 2150 3246 2209 permanet
3278 2159 3292 2195 :
3324 2141 3377 2197 id
3413 2149 3515 2209 est,

266 2238 503 2291 manibus
549 2247 726 2289 autem
772 2234 1038 2304 psallitur.
1088 2232 1316 2285 Narrate
1360 2231 1532 2283 omnia
1579 2230 1836 2284 mirabilia

266 2331 377 2396 ejus.
406 2325 723 2379 Laudamini
748 2326 801 2377 in
827 2325 1027 2377 nomine
1049 2334 1227 2377 sancto
1257 2323 1390 2391 ejus.
1413 2320 1613 2390 Opera,
1641 2320 1832 2389 inquit,

268 2417 347 2472 Dei
375 2418 688 2474 conﬁtendo
730 2424 948 2470 narrate
986 2433 998 2467 :
1032 2425 1087 2469 et
1130 2416 1182 2468 in
1229 2414 1483 2483 operibus
1528 2413 1723 2468 vestris
1755 2414 1834 2469 sic

267 2519 421 2564 estote
453 2508 775 2567 laudabiles.
802 2516 857 2560 ut
889 2508 1027 2560 Deus
1058 2506 1303 2559 laudetur
1331 2507 1380 2558 in
1412 2504 1583 2558 vobis.
1612 2503 1836 2559 Laetetur

269 2616 347 2652 cor
368 2602 711 2670 querentium
740 2598 1036 2653 Dominum.
1065 2597 1287 2663 Qutrrite
1319 2595 1623 2663 Dominum,
1646 2606 1695 2650 et
1714 2613 1837 2650 con-

269 2691 563 2758 ﬁrmamini.
827 2697 839 2708 ⁸

327 2783 615 2839 Dominum
667 2794 933 2851 quaerens,
982 2778 1232 2849 gaudium
1279 2781 1472 2848 quaerit
1517 2795 1530 2832 :
1580 2778 1660 2834 sic
1707 2793 1839 2848 ergo

267 2884 555 2944 quaeratur,
590 2881 647 2927 ut
670 2888 776 2926 non
797 2871 865 2926 de
888 2884 968 2935 se,
998 2870 1092 2925 sed
1120 2870 1186 2924 de
1216 2870 1325 2924 Deo
1353 2869 1585 2938 gaudeat
1624 2878 1679 2924 et
1704 2884 1836 2924 conv

270 2967 511 3021 lortetur.
562 2963 883 3019 Accedendo
919 2962 1062 3016 enim
1110 2960 1176 3015 ad
1218 2960 1527 3025 Dominum,
1560 2970 1613 3015 et
1644 2961 1840 3015 illumi-

1936 2232 2161 2286 verbum
2206 2230 2362 2298 ﬁdei,
2413 2231 2497 2286 cui
2546 2232 2812 2299 promissa
2851 2242 2931 2287 est
2975 2232 3261 2287 hmreditas
3292 2244 3515 2289 aeterna.

1936 2324 2088 2390 Quod
2110 2324 2253 2379 enim
2279 2324 2373 2389 ait,
2407 2322 2523 2377 Tibi
2552 2323 2684 2377 dabo
2706 2335 2894 2378 terram
2924 2322 3194 2390 Chanaan,
3227 2342 3333 2379 non
3365 2341 3519 2379 man-

1937 2417 2116 2471 datum
2149 2425 2262 2478 est,
2294 2415 2389 2469 sed
2435 2417 2757 2484 promissum
2789 2433 2803 2470 :
2839 2417 3145 2470 mandatum
3193 2424 3373 2472 autem
3414 2426 3519 2481 est,

1939 2508 2193 2576 utjustus
2226 2522 2292 2561 ex
2323 2506 2426 2560 ﬁde
2457 2507 2599 2561 vivat
2644 2505 2887 2578 (Ilabac.
2936 2523 2997 2572 tt,
3048 2507 3156 2579 ι),
3212 2509 3297 2563 cui
3348 2511 3521 2579 patria

1940 2608 2141 2662 aiterna
2175 2600 2504 2668 promittitur
2547 2598 2764 2654 nomine
2806 2600 3081 2668 cujusdam
3132 2610 3317 2667 terras,
3368 2603 3520 2671 cujus

1940 2690 2068 2745 dum
2098 2704 2202 2744 non
2232 2698 2315 2745 est
2337 2699 2591 2761 perpetua
2616 2690 2911 2760 possessio,
2935 2700 3139 2746 certum
3164 2698 3249 2746 est
3271 2692 3393 2762 quia
3414 2693 3520 2747 alia

1940 2781 2290 2853 signiﬁcatur.

2012 2876 2193 2947 (Vers.
2225 2871 2443 2944 £9.45.)
2468 2869 2598 2928 Cum
2617 2882 2780 2926 essent
2802 2888 3007 2926 numero
3030 2872 3183 2939 breui,
3209 2875 3522 2945 paucissimi,

1946 2976 1992 3021 et
2022 2965 2206 3020 incolae
2233 2965 2286 3019 in
2318 2981 2398 3030 ea,
2429 2964 2483 3019 id
2514 2972 2618 3028 est,
2650 2963 2703 3018 in
2734 2972 2875 3018 terra
2906 2964 3181 3029 Chanaan,
3215 2970 3528 3021 transierunt

270 3059 476 3113 habitur
523 3056 825 3128 ignorantia
844 3096 858 3119 ,
921 3066 975 3110 et
1025 3054 1465 3109 corroborabitur
1518 3053 1834 3117 inﬁrmitas;
1866 3053 1911 3113 C
1944 3060 2007 3113 de
2033 3069 2179 3130 gente
2204 3060 2255 3111 in
2282 3066 2503 3129 gentem,
2529 3058 2591 3112 de
2614 3073 2769 3127 regno
2792 3056 2844 3108 in
2865 3054 3114 3127 populum
3138 3059 3377 3112 alterum.
3404 3057 3529 3113 Non

273 3150 385 3203 data
432 3150 544 3204 sibi
597 3157 651 3203 et
694 3148 1044 3217 intelligentia
1093 3162 1194 3216 qua
1240 3148 1437 3211 videat,
1486 3156 1543 3203 et
1585 3147 1848 3201 cbaritatc

274 3237 410 3309 *qua
443 3241 654 3294 ferveat
680 3238 856 3309 (Sent.
895 3238 974 3307 9).
1013 3237 1237 3304 Quaarite
1266 3239 1448 3308 faciem
1476 3240 1589 3305 eius
1626 3255 1843 3308 semper.

274 3331 452 3387 Facies
504 3347 603 3401 pro
652 3332 937 3401 praesentia
994 3331 1241 3398 ponitur,
1291 3331 1433 3385 sicut
1488 3329 1652 3385 facies
1700 3330 1848 3385 venti

273 3420 434 3491 (Psal.
475 3438 608 3487 xvn,
638 3423 757 3491 45),
788 3432 839 3476 et
861 3421 1023 3476 facies
1045 3421 1181 3489 ignis
1209 3419 1378 3490 (Psal.
1408 3437 1573 3485 uvu,
1604 3420 1681 3491 ⁸5).
1706 3421 1846 3476 Pran-

274 3514 434 3567 sentia
474 3527 607 3581 ergo
637 3513 726 3566 Dei
768 3527 981 3580 semper
1008 3510 1291 3579 quaerenda
1324 3518 1408 3565 est
1444 3527 1458 3564 :
1502 3520 1559 3565 et
1599 3526 1851 3581 perseve-

274 3606 405 3658 ranti
449 3605 632 3659 studio
677 3603 938 3673 agendum
968 3614 1023 3656 ut
1061 3604 1148 3673 qui
1181 3611 1496 3672 praesentem
1539 3618 1598 3657 se
1628 3603 1845 3669 tribuit,

278 3710 373 3751 non
418 3696 663 3751 recedat.
717 3696 830 3749 Hoc
865 3704 1041 3749 autem
1088 3695 1142 3748 in
1193 3696 1293 3748 ista
1323 3694 1429 3748 vita
1469 3694 1599 3749 ﬁdes
1630 3695 1845 3763 quierit,

275 3800 391 3854 spes
422 3788 652 3850 invenit,
698 3787 934 3842 charitas
963 3800 1091 3841 vero
1138 3787 1344 3841 obtinet
1390 3786 1441 3840 in
1472 3787 1581 3839 vita
1625 3795 1848 3851 aeterna,

274 3877 357 3931 ubi
387 3894 545 3932 amor
574 3894 715 3932 veru:
746 3876 1044 3946 praesentiae
1073 3892 1170 3930 nec
1198 3878 1478 3941 minuitur,
1510 3892 1609 3931 nec
1642 3878 1845 3931 linitur.

336 3968 522 4038 (Vere.
548 3969 601 4033 5,
633 3968 716 4036 6.)
749 3967 1054 4021 Mementote
1082 3968 1394 4020 mirabilium
1422 3970 1533 4038 ejus
1561 3984 1675 4037 qua:
1709 3971 1848 4038 fecit,

273 4063 507 4131 prodigia
549 4064 659 4132 ejus
701 4069 749 4113 et
784 4060 989 4129 judicia
1033 4061 1135 4112 oris
1181 4061 1312 4131 ejus.
1356 4060 1544 4114 Semen
1592 4060 1851 4114 Abraham

271 4153 395 4204 seroi
437 4151 575 4221 ejus,
621 4151 717 4218 ﬁlii
745 4149 905 4203 Jacob
952 4149 1097 4203 electi
1132 4155 1265 4222 ejus.
1318 4152 1451 4217 Quia
1500 4153 1726 4206 multum
1768 4164 1849 4207 est

272 4243 562 4310 paucisque
590 4242 844 4310 possibile
869 4251 974 4301 est.
1013 4241 1304 4295 secundum
1337 4243 1387 4296 id
1430 4256 1647 4312 semper
1677 4245 1848 4298 Deum

272 4345 539 4397 qumrere,
592 4331 734 4400 quod
792 4334 905 4399 ipse
949 4330 1017 4385 de
1065 4346 1125 4384 se
1163 4332 1260 4397 ait,
1306 4331 1417 4403 Ego
1458 4350 1571 4386 sum
1616 4336 1704 4405 qui
1739 4352 1851 4388 sum

268 4418 462 4486 (Exod.
490 4436 573 4484 tu,
609 4420 730 4488 M);
763 4421 1055 4475 secundum
1104 4421 1155 4475 id
1192 4425 1382 4478 saltem
1412 4440 1441 4478 a
1492 4426 1728 4490 parvulis
1770 4438 1850 4482 est
1882 4417 1926 4475 ί)

269 4512 615 4578 quaerendus,
649 4512 789 4581 quod
822 4512 934 4580 ipse
980 4512 1073 4577 ait,
1111 4512 1221 4584 Ego
1250 4531 1362 4567 sum
1394 4515 1527 4571 Deus
1569 4518 1849 4581 Abraham,

267 4612 313 4655 et
350 4602 502 4655 Deus
532 4600 700 4665 Isaac,
730 4612 776 4655 et
806 4603 939 4655 Deus
975 4601 1159 4666 Jacob,
1208 4604 1306 4657 hoc
1332 4606 1455 4658 mihi
1482 4623 1663 4661 nomen
1694 4618 1769 4661 est
1798 4611 1851 4662 in

269 4700 521 4745 retensum
548 4691 736 4762 (Ibid.,
770 4691 878 4759 15).
912 4693 1218 4749 Mementote
1241 4710 1370 4764 ergo
1398 4697 1713 4751 mirabilium
1741 4702 1853 4770 ejus

268 4799 380 4845 qua:
408 4785 556 4850 fecit,
584 4786 672 4852 qui
699 4784 860 4854 393
884 4797 1069 4839 semen
1098 4784 1234 4838 estis
1258 4785 1518 4851 Abrahm;
1542 4798 1595 4843 et
1622 4789 1716 4843 ﬁlii
1736 4791 1852 4857 ejus

269 4869 433 4926 Jacob
464 4887 622 4940 quem
652 4873 814 4939 elegit
848 4874 1003 4926 Deus.
1041 4866 1179 4927 Ut‘si
1209 4874 1371 4929 altius
1402 4876 1564 4931 Deum
1599 4895 1705 4932 non
1756 4895 1850 4947 po-

270 4963 430 5017 testis
471 4962 804 5027 desiderare,
836 4964 917 5016 vel
947 4964 1240 5018 secundum
1290 4981 1352 5019 ea
1393 4983 1513 5036 qua:
1540 4983 1658 5023 cum
1688 4973 1855 5039 patri-

270 5051 367 5106 bus
409 5055 613 5109 vestris
656 5064 908 5124 operatus
941 5065 1043 5123 est,
1090 5058 1435 5127 praesentiam
1484 5061 1651 5130 ipsius
1689 5078 1853 5134 expe-

270 5147 415 5199 tatis.

336 5336 364 5364 ι
389 5327 501 5405 seu
539 5329 738 5396 potius,
771 5338 830 5383 ut
867 5331 1004 5399 apud
1036 5332 1387 5402 Augustinum
1422 5335 1507 5392 hic
1534 5336 1661 5405 loci,
1704 5339 1846 5395 Lau-

267 5400 385 5450 date
415 5395 603 5451 Deum.

336 5465 365 5502 δ
397 5467 573 5538 [milia
601 5468 871 5538 Lugdun.,
892 5487 993 5537 qun
1020 5473 1225 5527 serviat.

340 5546 365 5622 ξ
398 5534 541 5622 pditi
568 5534 737 5622 n‘ost'ri
765 5541 829 5622 ad
852 5534 1020 5622 unum
1047 5557 1235 5622 omnes
1268 5544 1495 5622 habent,
1526 5552 1809 5621 nmlignare
1835 5569 1852 5605 :

269 5617 370 5672 pro
390 5619 503 5674 quo
520 5612 863 5678 inAngustini
883 5615 1247 5682 enarratione,
1264 5617 1390 5673 utin
1410 5612 1627 5690 Vulgata
1648 5612 1853 5690 nostra,

553 5701 834 5762 Ρλτιιοι..
885 5702 989 5762 ιιι.

1950 3151 2152 3220 reliquit
2172 3150 2423 3203 hominem
2454 3163 2631 3201 nocere
2656 3147 2781 3211 illis,
2810 3157 2858 3200 et
2886 3148 3132 3214 corripuit
3154 3165 3248 3218 pro
3271 3151 3345 3203 eis
3366 3166 3526 3220 reges.

1954 3242 2138 3297 Nolite
2170 3252 2378 3309 tangere
2413 3239 2631 3292 christos
2662 3254 2817 3303 meos,
2847 3247 2892 3291 et
2922 3238 2974 3290 in
3006 3240 3264 3307 prop/retis
3289 3241 3411 3293 meis
3438 3257 3530 3294 no-

1953 3335 2043 3388 lite
2075 3344 2101 3372 ε
2140 3333 2447 3401 malignare.
2492 3328 2738 3396 Quando,
2786 3329 2981 3399 inquit,
3018 3330 3070 3383 in
3103 3339 3243 3386 terra
3276 3331 3528 3388 Chanaan

1954 3426 2336 3480 habitaverunt
2382 3432 2561 3493 patres
2602 3421 2894 3486 Abraham,
2946 3430 2999 3475 et
3033 3421 3203 3487 ISaac,
3248 3434 3298 3478 et
3342 3425 3532 3488 Jacob,

1952 3516 2225 3586 peregrini
2256 3524 2409 3569 erant
2435 3514 2567 3578 illic,
2603 3513 2750 3582 prius
2785 3528 2942 3581 quam
2973 3514 3119 3568 illam
3150 3515 3454 3581 accipereut
3481 3520 3531 3569 in

1954 3607 2325 3662 hzrreditatem
2353 3620 2368 3659 :
2392 3614 2445 3660 et
2468 3621 2582 3657 cum
2605 3616 2765 3658 essent
2792 3606 3113 3674 paucissimi,
3140 3611 3451 3660 transierunt
3471 3606 3536 3661 de

1954 3710 2100 3770 gente
2129 3701 2183 3753 in
2212 3707 2407 3770 gentem
2436 3698 2552 3751 sine
2581 3710 2746 3751 noxa.
2778 3696 2894 3751 Non
2933 3699 3077 3752 enim
3110 3699 3352 3765 permisit
3390 3700 3533 3754 Deus

1953 3800 2008 3845 ut
2050 3790 2332 3860 quisquam
2380 3788 2484 3840 illis
2516 3793 2770 3841 noceret:
2801 3786 2872 3840 ita
2904 3796 2958 3839 ut
2992 3786 3104 3853 ipsa
3144 3791 3406 3855 proxectio
3439 3790 3533 3844 Dei

1950 3881 2131 3936 dicere
2159 3878 2186 3916 ά
2220 3878 2516 3942 videretur,
2550 3875 2729 3930 Nolite
2756 3884 2964 3946 tangere
3004 3875 3218 3929 christos
3263 3894 3428 3944 meos,
3477 3890 3534 3935 et

1952 3982 2166 4027 caetera.
2201 3968 2365 4040 394
2394 3969 2523 4035 Quae
2552 3967 2713 4021 verba
2748 3969 2845 4021 etsi
2876 3983 2982 4021 non
3024 3976 3149 4021 sunt
3188 3967 3240 4021 in
3284 3968 3531 4034 historia,

1954 4065 2168 4118 luerunt
2200 4073 2377 4117 tamen
2408 4063 2461 4115 in
2489 4062 2605 4128 ipso
2632 4076 2813 4114 rerum
2845 4060 3040 4116 et't‘ectu
3072 4080 3084 4112 :
3122 4075 3243 4115 cum
3274 4061 3533 4114 divinitus

1955 4154 2057 4209 hoc
2085 4163 2336 4225 ageretur
2384 4152 2437 4206 in
2484 4151 2735 4206 cordibus
2778 4152 3227 4220 alienigenarum,
3276 4162 3333 4206 ιιι
3374 4153 3533 4208 electi

1954 4247 2051 4301 Dei
2101 4255 2286 4302 essent
2328 4245 2505 4299 illaesi.
2537 4243 2638 4310 Qui
2684 4243 2806 4298 ideo
2844 4245 2955 4312 jam
3004 4256 3132 4299 tunc
3175 4245 3362 4300 christi
3404 4246 3534 4301 dicti

1953 4347 2101 4402 sunt,
2132 4353 2255 4392 cum
2285 4336 2460 4390 adhuc
2488 4337 2542 4389 in
2571 4351 2670 4389 usu
2698 4335 2933 4390 chrisma
2971 4350 3074 4389 non
3118 4346 3262 4392 esset
3291 4354 3304 4389 :
3336 4339 3457 4405 quia
3482 4347 3537 4394 et

1954 4429 2053 4498 ipsi
2082 4430 2133 4484 in
2163 4444 2223 4483 ea
2256 4428 2507 4482 vivebant
2539 4428 2640 4481 ﬁde
2679 4442 2796 4496 qum
2842 4435 2957 4481 erat
2987 4428 3295 4481 novissimis
3326 4439 3533 4499 tenipo-

1953 4525 2101 4577 ribus
2130 4521 2440 4577 revelanda.
2467 4522 2546 4575 Ab
2569 4521 2719 4574 initio
2748 4521 2890 4573 enim
2921 4520 3171 4575 omnibus
3202 4521 3403 4576 sanctis
3429 4539 3533 4578 non

1956 4616 2055 4669 nisi
2085 4616 2139 4668 in
2169 4612 2406 4677 Christo,
2434 4611 2743 4682 iustiﬁcatio
2775 4611 2893 4665 fuit.

2029 4704 2207 4774 (Vers.
2234 4704 2320 4769 16,
2355 4702 2469 4772 17.)
2514 4701 2579 4754 Et
2607 4703 2800 4755 uocauit
2829 4703 3016 4771 famem
3058 4721 3212 4775 super
3256 4717 3463 4774 terram,
3488 4721 3538 4765 et

1956 4813 2103 4850 omne
2126 4796 2507 4865 ﬁrmamentum
2536 4795 2683 4862 panis
2722 4796 2976 4849 contriuit.
3010 4797 3153 4852 Misit
3182 4808 3299 4854 ante
3328 4818 3411 4855 eos
3456 4803 3536 4855 vi—

1954 4906 2090 4955 rum,
2135 4889 2188 4941 in
2240 4904 2437 4941 servum
2483 4888 2817 4943 venumdatus
2864 4898 2940 4943 est
2986 4888 3200 4961 Ioseph.
3252 4891 3355 4948 Per
3397 4894 3537 4948 hanc

1956 4977 2367 5045 d.spositionem
2413 4975 2608 5030 factum
2654 4986 2736 5032 est
2782 4987 2840 5033 ut
2868 4981 3159 5035 transirent
3190 4981 3257 5036 de
3291 4993 3451 5052 gente
3485 4986 3536 5037 in

1956 5076 2193 5137 gentem,
2222 5077 2245 5105 ο
2273 5068 2340 5123 de
2363 5083 2527 5138 regno
2551 5070 2600 5122 in
2625 5071 2877 5139 populum
2902 5073 3148 5128 alterum.
3177 5076 3328 5141 Quod
3356 5087 3534 5131 autem

1956 5163 2172 5215 vocavit
2208 5160 2401 5216 l‘amem
2430 5201 2445 5226 ,
2492 5176 2599 5216 non
2631 5164 2709 5219 sic
2753 5165 3121 5235 accipiendum
3171 5169 3319 5238 quasi
3372 5169 3539 5224 fames

1952 5340 2163 5415 legitur,
2195 5344 2489 5415 malignari.

2025 5411 2051 5450 ἀ
2089 5414 2230 5468 Editi
2261 5411 2497 5479 veteres,
2523 5416 2692 5467 dicere
2724 5414 2945 5468 videtur.
2983 5413 3340 5482 Posteriores,
3373 5417 3536 5473 ridere

1956 5494 2070 5544 tur;
2102 5499 2199 5539 nec
2226 5486 2363 5538 male
2389 5485 2753 5539 emendatum.

2035 5565 2057 5591 ο
2090 5554 2164 5609 lta
2196 5554 2441 5626 Liiigdun.
2490 5563 2548 5609 et
2588 5555 2804 5626 Lovan:
2823 5554 2974 5613 editi.
3009 5562 3069 5608 ιιι
3115 5569 3274 5625 supra
3318 5558 3537 5626 legitur.

1960 5626 2125 5680 Duae.
2158 5636 2209 5681 et
2235 5625 2453 5693 Colon.,
2479 5634 2525 5678 et
2570 5640 2750 5694 regno.
2780 5623 3134 5694 Posteriores,
3164 5623 3212 5683 et
3250 5629 3315 5682 de
3356 5623 3531 5700 regno.

2918 5718 2993 5777 ιθ
