4026 6176
394 294 502 354 239

1618 271 1676 325 s.
1720 264 2051 322 rnosreut
2095 258 2427 329 AQUI'I‘ANI

3556 245 3661 303 300

395 412 572 480 aliqua
612 416 841 477 persona
868 398 967 463 sit,
1006 393 1093 451 vel
1129 405 1219 449 res
1256 384 1625 446 substantialis
1660 392 1715 439 et
1757 383 1964 446 vivens,
1997 388 2045 445 Α
2075 375 2292 447 ﬁrmavit
2315 388 2428 426 eum
2466 384 2618 441 super
2643 367 2875 421 inimicos
2903 367 3035 437 ejus.
3062 361 3214 430 Quod
3247 360 3481 415 breviter
3523 376 3661 431 pra:-

1489 478 1497 480 -
1717 476 1747 480 --
1774 474 1807 480 --
1865 474 1895 480 -.
1960 472 1973 480 .
2138 469 2153 480 .
2396 473 2408 480 .
2466 462 2525 480 n-
2548 479 2555 480 ,
2576 462 2722 480 _____:.
2755 457 3003 480 _,_....I....
3035 469 3185 480 -..η-..ι
3219 467 3381 480 ...ι-..ι-
3408 451 3442 480 ε.
3468 451 3653 480 In“--.

397 451 572 480 ....,....
616 451 841 477 ,ψη-η

397 517 520 576 qua:
545 497 774 568 imperio
797 490 1037 547 vocantis
1063 494 1182 542 acta
1209 484 1300 553 sit,
1328 496 1452 537 cum
1479 478 1649 532 fames
1679 474 1810 530 nihil
1833 472 1977 533 aliud
2080 469 2301 525 missum
2332 473 2435 532 est,
2466 462 2728 517 Firmavit
2754 457 3005 528 populum
3035 469 3187 509 suum
3218 467 3381 522 super
3408 451 3658 507 inimicos

1518 571 1529 576 ’
1745 567 1757 576 ³
1932 574 1938 576 ’
2091 559 2127 576 “”
2175 573 2193 576 ‘
2284 567 2547 576 ““‘-‘---
2600 561 2960 576 --η--ι--ιι-ιι--ε
3008 544 3274 576 ιηηηηηιιη
3324 542 3520 576 ("Mum
3571 544 3639 576 εἰ,

400 567 472 650 sit
506 604 665 663 quam
697 600 764 641 ex
786 581 980 651 inedia
1020 584 1298 633 contracta
1331 570 1596 641 pernicies
1624 586 1635 621 :
1666 567 1759 621 sed
1792 574 1977 619 vocata

401 661 607 741 dictum
632 686 735 741 est,
759 687 857 744 pro
879 672 1036 724 facta.
1067 666 1229 722 Vocat
1251 662 1391 719 enim
1423 661 1559 715 Deus
1579 671 1693 728 qua:
1713 670 1817 709 non
1839 661 1980 718 sunt,

402 787 663 845 tamquam
690 781 803 836 qut:
830 764 930 818 sint
968 760 1155 831 (Rom.
1181 771 1257 819 tv,
1294 752 1415 823 i7);
1449 766 1568 821 qua:
1604 762 1709 802 non
1741 746 1863 801 ideo
1893 760 1983 797 vo-

403 880 522 923 cata
554 869 677 917 sunt
703 860 829 928 quia
866 859 1050 915 erant,
1098 846 1193 903 sed
1240 845 1364 900 ideo
1402 851 1429 880 ι
1457 848 1617 897 erunt
1642 836 1764 908 quia
1796 845 1985 889 vocata

406 967 569 1016 sunt:
604 953 659 1008 id
684 925 789 1014 est,
818 947 1051 1003 existere
1076 940 1224 1009 iussa
1273 943 1399 990 sunt
1429 948 1526 1002 per
1569 946 1691 985 eum
1738 927 1823 996 qui
1870 925 1988 996 fecit

413 1065 526 1122 qua:
553 1052 732 1118 futura
757 1047 874 1095 sunt
894 1034 1047 1107 (Isai.
1074 1046 1198 1095 xu,
1218 1028 1304 1092 ll,
1325 1041 1427 1080 sec.
1456 1020 1650 1091 LXX).
1684 1019 1741 1074 In
1764 1033 1830 1071 eo
1858 1029 1989 1070 vero

408 1140 550 1213 quod
582 1136 716 1191 misit
744 1138 863 1186 ante
889 1142 975 1182 eos
1004 1124 1189 1185 virum,
1231 1120 1285 1172 in
1331 1128 1530 1171 servum
1554 1108 1890 1165 venumdatus
1918 1112 1991 1157 est

408 1197 625 1297 joseplt,
655 1224 882 1294 diligens
906 1213 1175 1285 inspectio
1211 1207 1515 1264 necessaria
1543 1210 1646 1265 est,
1678 1214 1781 1270 qua
1814 1197 1993 1251 videa-

412 1291 548 1378 mus-
564 1291 837 1388 quomodo
858 1306 1015 1364 malis
1035 1301 1290 1374 operibus
1319 1297 1592 1351 hominum
1617 1291 1756 1347 bene
1776 1298 1954 1343 utatur
1977 1301 1992 1338 :

415 1426 537 1467 cum
569 1384 813 1461 liumines
842 1400 981 1454 bona
1012 1406 1174 1462 Opera
1206 1389 1294 1443 Dei
1326 1384 1390 1441 ad
1439 1384 1853 1439 instrumentum
1882 1389 1997 1430 ma-

417 1500 542 1558 litize
574 1513 684 1551 suae
715 1488 1064 1546 transferant.

493 1589 671 1663 (Vere.
700 1584 790 1650 i8,
820 1579 934 1647 i9.)
970 1570 1385 1629 Humiliaucrunt
1411 1566 1465 1618 in
1496 1559 1825 1630 compedibus
1848 1554 2003 1629 pedes

2080 559 2227 627 ejus,
2284 567 2549 624 tamquam
2597 561 2962 621 quaereremus
3007 544 3275 616 quomodo
3324 542 3520 597 factum
3570 544 3662 607 sit,

2083 651 2270 716 incipit
2296 648 2495 712 dicere,
2527 644 2702 698 donec
2729 641 2780 695 id
2811 640 2974 695 etiam
3004 635 3270 692 narrando
3311 635 3661 688 determinet.

2158 743 2335 814 (Vers.
2367 739 2485 811 25.)
2512 738 2576 791 Et
2616 735 2860 789 convertit
2887 749 2973 786 cor
2996 744 3197 792 eorum,
3234 736 3291 781 ut
3320 726 3544 780 odissent
3576 741 3670 794 po-

2084 837 2263 908 pulum
2303 848 2475 897 suum,
2518 842 2573 883 nt
2611 827 2789 881 dolum
2834 826 3058 895 facerent
3104 822 3158 874 in
3195 834 3363 873 servos
3402 818 3533 889 ejus.
3563 817 3669 872 Cor

2087 884 2475 996 liﬁlgyptiorum'
2494 934 2599 974 non
2632 918 2772 971 Deus
2799 884 3111 983 depravavit
3148 925 3180 964 a
3211 920 3358 964 recto
3382 922 3398 973 ;
3422 884 3521 962 sed
3546 920 3671 961 cum
3698 884 3704 889 ’

2089 1024 2277 1085 sponte
2305 1013 2429 1068 mali
2459 1020 2661 1072 essent,
2690 1016 2744 1061 et
2768 1007 2902 1060 tales
2939 1013 2995 1058 ut
3027 1010 3249 1072 possent
3278 999 3526 1053 invidere
3556 997 3676 1052 fe|i~

2090 1110 2270 1171 cibus,
2300 1104 2356 1159 in
2386 1103 2565 1157 odium
2611 1100 2733 1153 illos
2773 1097 3123 1151 llebrtcorum
3163 1091 3429 1146 convertit
3471 1089 3675 1143 benefl-

2093 1199 2269 1255 cenlia
2298 1210 2415 1258 sua,
2444 1209 2546 1263 qua
2581 1191 2829 1262 populum
2854 1202 3009 1241 suum
3056 1182 3471 1252 multiplicabat.
3503 1182 3675 1235 Bene-

2095 1287 2341 1343 faciendo
2372 1293 2550 1339 autem
2581 1282 2714 1343 suis,
2747 1277 3027 1348 [Egyptios
3058 1274 3122 1328 ad
3154 1287 3340 1329 eorum
3373 1270 3681 1324 inimicitias

2097 1377 2368 1440 incitavit;
2403 1388 2510 1427 non
2552 1373 2697 1439 ipsos
2737 1369 2905 1422 malos
2952 1364 3221 1429 faciendo,
3250 1360 3349 1416 sed
3389 1358 3508 1415 istis
3534 1359 3675 1415 bona

2099 1484 2218 1539 qua:
2248 1465 2421 1520 malos
2448 1469 2666 1518 urerent
2690 1456 2989 1527 largiendo.

2173 1557 2358 1630 (Vers.
2391 1554 2484 1619 26,
2509 1549 2626 1620 27.)
2658 1549 2801 1604 Misit
2832 1546 3044 1616 Moysen
3073 1556 3275 1597 servum
3304 1555 3476 1609 suum,
3508 1548 3554 1593 et
3580 1538 3687 1592 Aa-

493 1630 513 1663 \
537 1630 671 1643 ἰυιυ·
705 1630 790 1650 ’ν’
825 1630 932 1647 -ν-ι

422 1684 532 1749 eius
557 1694 573 1732 :
606 1677 798 1748 ferrum
828 1663 1154 1739 pertransivit
1174 1660 1402 1713 animum
1430 1659 1576 1724 ejus;
1608 1650 1782 1704 Donec
1813 1646 2002 1701 veniret
2104 1665 2219 1713 ron,
2256 1657 2278 1686 ο
2311 1654 2359 1699 et
2385 1660 2531 1713 quem
2563 1641 2711 1711 elegit
2726 1640 2920 1708 ipsum.
2953 1634 3131 1689 Posuit
3153 1634 3207 1687 in
3236 1633 3309 1685 eis
3339 1630 3487 1685 verba
3512 1631 3689 1699 signo-

1629 1747 1637 1749 -
1849 1743 1879 1749 ,ρ
2032 1747 2061 1749 _
2586 1744 2596 1749 -
2754 1732 2796 1749 J'
2836 1731 2994 1749 3-.--.-“
3028 1729 3077 1749 Ξ..
3126 1734 3261 1749 1-....-
3517 1720 3680 1749 “nll..l

422 1720 532 1749 ww
557 1720 568 1732 ·
606 1720 796 1748 l""""
828 1720 899 1739 r"
1457 1720 1469 1724 ν

422 1775 625 1832 uerbum
652 1773 785 1842 ejus,
804 1761 1061 1835 eloquium
1084 1753 1293 1811 Domini
1322 1747 1657 1821 inﬂammavit
1680 1760 1816 1799 cum.
1841 1743 2003 1797 Com-
2031 1747 2079 1807 B
2105 1757 2220 1795 rum
2268 1753 2499 1802 suorum,
2550 1744 2597 1788 et
2645 1731 2997 1801 prodigiorum
3026 1729 3079 1780 in
3124 1734 3263 1780 terra
3304 1721 3485 1777 Citam.
3516 1720 3683 1775 Multa

1619 1837 1632 1842 -
1708 1837 1719 1842 -
1986 1832 2001 1842 ι
2141 1836 2153 1842 -
2286 1830 2338 1842 ιε.
2494 1827 2508 1842 ι
2533 1827 2547 1839 ο
2607 1824 2631 1842 ιι
2668 1831 2736 1842 -.-
2788 1830 2905 1842 Au...
2971 1818 3053 1842 ---I
3084 1818 3226 1842 ..ε-η..
3294 1814 3377 1842 mn‘
3409 1827 3568 1842 nne-nn
3599 1826 3683 1842 ac,

422 1868 589 1940 pedes
633 1832 846 1931 quidem
894 1832 1094 1921 loseph
1141 1843 1415 1914 accepisse
1461 1855 1569 1895 non
1618 1837 1868 1906 legimus,
1909 1832 2006 1888 sed

424 1928 777 2015 dubitandum
809 1962 915 2003 non
955 1951 1040 2000 est
1073 1941 1139 1996 de
1168 1953 1257 2003 eo,
1287 1933 1429 2007 quod
1459 1932 1586 1987 licet
1614 1928 1839 1983 historia
1871 1940 2009 1997 prae-

426 2047 739 2110 termiserit,
771 2053 951 2096 tamen
991 2035 1252 2106 propheta
1279 2044 1386 2083 non
1420 2024 1604 2079 tacuit.
1636 2022 1694 2077 In
1733 2021 1878 2075 ferro
1916 2031 2011 2070 au-

427 2158 559 2208 tem,
590 2137 732 2211 quod
764 2126 1143 2204 pertransiisse
1183 2121 1417 2177 animam
1445 2115 1564 2185 ejus
1593 2112 1752 2177 dixit,
1784 2107 2010 2163 tribula-

429 2238 630 2292 tionem
651 2230 798 2284 dura:
825 2215 1160 2279 necessitatis
1185 2212 1443 2268 debemus
1465 2206 1737 2274 accipere.
1755 2200 1885 2269 Quae
1912 2198 2006 2252 tri-

429 2325 635 2385 bulatio
667 2332 771 2375 tam
803 2314 894 2370 diu
936 2308 1150 2371 mansit,
1181 2304 1355 2359 donec
1398 2297 1751 2366 implereutur
1780 2288 2012 2354 somnia,

432 2431 553 2490 quin
595 2410 764 2467 verbo
793 2404 961 2474 ipsius
1013 2399 1223 2453 fuerant
1262 2392 1639 2458 interpretata,
1672 2393 1727 2438 et
1756 2397 1851 2452 per
1895 2394 2015 2450 qua:

434 2470 842 2565 commendatus
864 2500 948 2550 est
975 2488 1110 2559 regi,
1136 2494 1195 2540 ut
1224 2484 1387 2539 etiam
1413 2478 1516 2549 ipsi
1550 2476 1725 2530 futura
1754 2470 2015 2540 pradica-

436 2560 705 2665 ret(Cen.
734 2584 960 2650 11.1.25,
989 2578 1145 2649 etc.).
1176 2575 1254 2632 Ne
1280 2571 1402 2643 quis
1444 2578 1624 2623 autem
1656 2564 1771 2619 haec
1814 2560 2018 2615 homini

439 2653 732 2751 tribueret,
783 2692 890 2733 non
936 2669 1122 2744 gratiae
1169 2665 1297 2729 Dei,
1345 2666 1710 2730 congruenter
1752 2653 2019 2723 adjectum

439 2791 541 2849 est,
573 2773 832 2846 eloquium
874 2764 1081 2821 Domini
1104 2755 1436 2831 inﬂammavit
1461 2767 1610 2818 eum;
1642 2757 1699 2804 ut
1722 2748 1883 2803 etiam
1911 2745 2023 2814 ipse

440 2847 769 2937 intelligatur
794 2870 982 2917 sancto
1010 2854 1217 2923 Spiritu
1239 2848 1268 2887 δ
1306 2847 1558 2902 l’eruisse.

512 2931 700 3033 (Veis.
729 2953 848 3021 20.)
882 2946 1023 3003 Misit
1052 2959 1145 2998 rex
1173 2951 1221 2997 et
1247 2938 1394 2993 solvit
1424 2950 1560 3000 eum,
1589 2931 1825 3005 princeps
1860 2942 2028 2997 popu-

444 3023 631 3118 lorum,
662 3057 706 3102 ct
736 3040 926 3099 dimisit
955 3052 1089 3092 cum.
1115 3034 1235 3102 lpse
1256 3037 1341 3085 est
1360 3042 1469 3091 rex,
1493 3025 1583 3094 qui
1611 3023 1844 3094 princeps
1865 3033 2028 3090 popu-

447 3149 613 3202 lorum
638 3158 655 3196 :
686 3138 832 3194 solvit
863 3146 984 3189 eum
1008 3123 1403 3195 compeditum,
1431 3116 1624 3171 dimisit
1652 3113 1938 3167 inclusum.

520 3235 699 3308 (Vers.
717 3230 808 3294 2i,
834 3222 952 3295 22.)
970 3216 1249 3275 Constituit
1271 3228 1385 3267 eum
1407 3210 1670 3263 dominum
1692 3206 1872 3257 domus
1900 3216 2029 3266 suae,

450 3338 499 3384 et
529 3323 810 3395 principem
840 3314 1000 3370 omnis
1025 3304 1359 3383 possessionis
1385 3316 1529 3365 sum;
1555 3308 1608 3354 ut
1636 3298 1863 3352 erudiret
1891 3295 2035 3363 prin-

451 3421 586 3490 cipes
611 3416 719 3485 ejus
736 3412 863 3465 sicut
885 3404 1228 3474 semetipsum,
1256 3407 1303 3451 et
1328 3396 1552 3451 seniores
1573 3395 1683 3465 ejus
1709 3388 2035 3455 prudentiam

454 3479 675 3566 doceret.
728 3498 888 3574 395
934 3495 1013 3552 Ne
1060 3494 1161 3547 hoc
1202 3488 1416 3559 quidem
1468 3487 1519 3539 in
1571 3484 1659 3538 illa
1706 3479 2036 3538 Sublimitatc

453 3600 649 3669 Joseph
674 3571 896 3650 historia
914 3586 1103 3650 refert,
1125 3580 1264 3652 quod
1290 3576 1566 3648 (Egyptios
1592 3588 1750 3628 senes
1774 3571 2035 3640 sapientia

456 3665 706 3750 imbuerit
741 3679 989 3754 spiritali.
1023 3674 1131 3731 Sed
1166 3674 1252 3742 qui
1283 3668 1401 3724 fieri
1442 3672 1621 3737 posset
1650 3673 1705 3717 ut
1730 3665 1811 3717 vir
1838 3670 2037 3724 tantus,

459 3784 615 3839 unius
646 3777 757 3832 veri
778 3753 881 3829 Dei
905 3770 1099 3833 cultor,
1122 3762 1329 3820 alendis
1357 3756 1729 3815 tantummodo
1759 3753 2042 3824 Egyptio-

460 3891 579 3930 rum
600 3865 938 3937 corporibus,
962 3870 1018 3916 et
1046 3858 1177 3914 solis
1210 3853 1441 3910 terrenis
1464 3850 1625 3905 rebus
1651 3845 2041 3918 prospiciendis

462 3970 609 4021 esset
658 3961 894 4014 intentus
919 3995 934 4020 ,
977 3966 1086 4006 non
1124 3955 1302 4002 autem
1347 3948 1560 3998 curaret
1609 3949 1666 3993 ut
1693 3952 1879 3994 eorum
1908 3950 2044 4006 quos

461 4053 697 4112 bibebat
722 4047 963 4103 subditos
995 4042 1158 4097 etiam
1189 4037 1397 4091 animos
1424 4030 1699 4088 erudiret'!

537 4146 715 4217 (Vers.
742 4136 860 4209 25.)
884 4134 951 4188 Ει
974 4130 1182 4187 intravit
1210 4126 1376 4181 Israel
1396 4126 1448 4176 in
1475 4122 1785 4193 /Egyptum,
1809 4129 1857 4173 et
1883 4116 2045 4171 ,Ιαεοὺ

467 4212 642 4295 areola
688 4233 785 4305 fuit
828 4231 881 4283 in
926 4237 1061 4283 terra
1090 4220 1272 4277 Cliam.
1314 4217 1465 4285 Quod
1496 4224 1578 4270 est
1610 4213 1801 4275 Israel,
1837 4212 1938 4265 hoc
1965 4217 2049 4262 est

468 4299 746 4393 Jacoh;et
773 4319 911 4394 quod
955 4323 1037 4373 est
1076 4312 1362 4383 Aﬁgyptus,
1412 4308 1513 4361 hoc
1556 4315 1694 4359 terra
1741 4302 1931 4357 Cham.
1972 4299 2048 4354 De

470 4422 673 4480 semine
693 4416 832 4472 enim
856 4410 1019 4467 Cbam
1044 4404 1137 4460 lilii
1158 4404 1269 4459 Noe
1293 4410 1478 4455 exorta
1499 4406 1582 4451 est
1610 4409 1744 4466 gens
1771 4393 2052 4463 Egyptia—

472 4531 615 4580 rum,
643 4509 780 4580 apud
808 4520 942 4578 quos
970 4495 1292 4574 peregrinati
1321 4499 1449 4548 sunt
1471 4489 1748 4545 Israelita.
1773 4487 1832 4543 Si
1868 4493 2044 4540 autem
2076 4479 2126 4539 D

472 4577 728 4679 quaeritur
772 4577 1041 4669 quomodo
1090 4592 1157 4647 de
1206 4601 1374 4657 regno
1418 4584 1473 4638 in
1522 4581 1777 4652 populum
1824 4577 2050 4633 alterum

475 4695 754 4756 transiisse
784 4691 1047 4753 dicantur,
1077 4699 1197 4740 cum
1227 4690 1428 4735 terram
1459 4675 1713 4731 Chanaan
1740 4672 1967 4728 necdum
2001 4671 2053 4725 in

476 4802 700 4859 regnum
744 4777 1110 4848 accepissent;
1155 4780 1329 4841 potest
1378 4784 1475 4837 per
1503 4765 1967 4833 anticipationem,
2003 4761 2055 4814 id

478 4857 582 4943 est,
612 4874 925 4950 prolepsim,
955 4870 1033 4923 sic
1081 4866 1285 4921 dictum
1313 4861 1503 4931 accipi,
1532 4869 1588 4914 ut
1621 4857 1763 4929 quod
1818 4857 2054 4911 futurum

481 4981 620 5033 erat,
653 4966 803 5039 quasi
836 4964 1026 5017 laetum
1054 4956 1253 5011 dictum
1283 4954 1374 5006 sit.

554 5060 733 5135 (Vers.
767 5053 883 5125 2i.)
916 5049 981 5105 Et
1009 5048 1153 5103 auxit
1180 5043 1425 5117 papulum
1455 5056 1604 5094 suum
1644 5038 1979 5103 uehementer,
2011 5044 2059 5089 et

557 5230 585 5260 ι
619 5219 781 5273 Duae.
804 5221 860 5269 et
883 5210 1074 5266 Colon.
1103 5200 1388 5266 editiones,
1418 5207 1583 5252 crant.
1607 5193 1851 5264 Lugdun.
1881 5202 1936 5247 et
1956 5192 2059 5247 Lo-

893 5358 953 5425 εξ
974 5348 1177 5425 [.ovan:
1221 5343 1403 5425 legunt
1430 5336 1658 5425 Ῑιεγιιὶξιεἔ
1684 5334 1850 5390 Duae.
1877 5341 1929 5385 et
1953 5329 2060 5384 Co-

490 5405 1074 5499 ιοιι,ἶεῗῑέρῖξέὲ;.ι’ςῖυε
1096 5432 1124 5469 ²
1154 5405 1327 5499 ξθεξιδν
1351 5405 1515 5499 “Et?”
1534 5405 1842 5499 .df'lvi‘“?
1878 5408 2065 5499 "“l‘m‘

491 5470 1179 5572 giXiii'iiigitiéifUEideépuo
1201 5470 1421 5572 rei—iant.
1441 5480 1493 5531 in
1524 5474 1750 5545 Adelph.
1782 5470 2063 5543 Sperabam

496 5556 603 5635 iam
630 5565 910 5636 deferuissc
922 5556 1353 5636 adolescentiam.

569 5611 603 5677 ἶ
624 5611 901 5702 ilignea;
922 5611 1124 5683 Levan.
1155 5634 1215 5702 et
1244 5625 1428 5702 Duae"
1457 5619 1509 5671 in
1535 5630 1700 5697 quem.
1729 5611 1914 5667 Colon.
1942 5624 2064 5702 cum

499 5680 904 5779 poste-tigribus,
924 5680 1159 5769 etqueut.
1191 5693 1341 5763 Apud
1375 5680 1749 5759 Augustinum.
1791 5697 1936 5735 quem
1968 5680 2067 5733 ele-

2109 1836 2227 1888 sine
2249 1830 2372 1885 ullis
2399 1827 2578 1882 verbis
2606 1824 2743 1879 facta
2784 1830 2929 1885 sunt,
2971 1818 3056 1874 vel
3084 1818 3251 1883 virga,
3294 1814 3379 1869 vel
3409 1827 3569 1866 manu
3598 1826 3691 1865 ex-

2111 1935 2279 1987 tenta,
2309 1921 2391 1976 vel
2423 1918 2600 1972 favilla
2631 1916 2684 1970 in
2725 1914 2919 1968 coelum
2953 1909 3135 1963 missa.
3173 1904 3277 1961 Sed
3307 1904 3432 1974 quia
3461 1903 3549 1956 illa
3578 1901 3692 1969 ipsa

2110 2014 2138 2053 ἀ
2160 2016 2276 2071 sine
2298 2014 2460 2067 verbo
2483 2009 2619 2064 facta
2644 2014 2789 2071 sunt,
2814 2018 2923 2057 non
2953 2010 3105 2055 erant
3124 1999 3190 2052 ab
3207 1995 3474 2066 aliquibus
3495 1992 3696 2062 signiti-

2112 2106 2412 2162 cationibus
2459 2116 2648 2163 vacua,
2698 2099 2837 2152 sicut
2882 2092 3050 2148 verba
3095 2105 3214 2159 qua:
3263 2087 3498 2157 loquitur
3534 2083 3697 2137 :ideo

2115 2199 2275 2253 etiam
2306 2198 2418 2263 ipsa
2446 2192 2587 2246 dicta
2610 2198 2732 2244 sunt
2759 2184 2941 2247 verba,
2972 2196 3076 2236 non
3106 2193 3299 2233 vocum
3331 2184 3387 2231 et
3413 2189 3696 2234 sonorum,

2117 2289 2213 2344 sed
2245 2287 2519 2356 signoruni
2552 2289 2607 2335 et
2637 2276 3020 2347 prodigiorum.

2190 2355 2369 2445 (Vers.
2398 2370 2515 2440 28.)
2563 2367 2709 2423 Misit
2754 2364 3000 2422 tenebras.
3048 2368 3093 2413 et
3140 2355 3457 2418 obscuravil;
3503 2363 3551 2407 et
3600 2367 3700 2405 non

2117 2467 2545 2526 exacerbaverunt
2565 2474 2823 2515 sermones
2848 2458 2981 2525 ejus.
3006 2450 3058 2506 ld
3082 2458 3186 2511 est,
3211 2448 3425 2517 Moysen
3449 2456 3501 2499 et
3523 2445 3702 2498 Aaron

2128 2743 2552 2813 complerentur.

2197 2809 2375 2905 (vers.
2402 2831 2497 2894 29,
2513 2826 2629 2899 50.)
2646 2820 2900 2878 Convertit
2926 2832 3088 2887 aquas
3118 2827 3294 2868 eorum
3310 2812 3363 2864 in
3385 2809 3707 2880 sanguinem,

2129 2937 2175 2982 et
2206 2923 2393 2979 occidit
2418 2921 2577 2989 pisces
2602 2929 2799 2969 eorum.
2832 2909 2993 2981 396
3024 2906 3174 2960 Dedit
3195 2913 3329 2956 terra
3357 2917 3526 2954 eorum
3558 2913 3713 2952 ranas

2130 3019 2184 3071 in
2228 3012 2568 3086 penetralibus
2601 3022 2781 3077 regum
2818 3005 3068 3073 ipsorum.
3097 2994 3485 3067 llypcrbolicos
3514 2992 3713 3046 dictum

2056 3112 2101 3172 C
2135 3118 2238 3172 est,
2269 3116 2538 3174 tamquam
2588 3100 2755 3169 ipsam
2792 3108 2990 3150 terram
3034 3104 3220 3146 eorum
3261 3086 3620 3141 convertisset
3662 3083 3716 3138 in

2138 3215 2321 3257 ranas.

2208 3291 2396 3365 (Vers.
2421 3281 2728 3355 3i.)Dixit,
2760 3277 2959 3333 etvenit
2987 3270 3291 3342 canomyia,
3318 3278 3365 3324 et
3396 3264 3636 3339 ryniphes
3664 3265 3720 3318 in

2138 3357 2371 3441 omnibus
2402 3378 2587 3450 finibus
2620 3388 2817 3430 eorum.
2857 3370 2912 3426 Si
2943 3366 3208 3437 quaeritur
3234 3360 3449 3432 quando
3482 3357 3720 3421 dixerit,

2139 3482 2194 3535 in
2215 3477 2378 3531 verbo
2403 3473 2519 3542 ejus
2541 3475 2660 3525 erat
2687 3475 2972 3531 antequam
3009 3459 3195 3523 lieret;
3241 3466 3297 3512 et
3328 3456 3447 3510 sine
3479 3463 3725 3521 tempore

2140 3570 2210 3624 ibi
2244 3574 2382 3631 erat,
2410 3578 2516 3631 quo
2547 3571 2787 3627 tempore
2818 3553 2989 3608 fieret.

2213 3658 2395 3730 (Vers.
2426 3654 2517 3718 32,
2546 3649 2661 3720 ‘53.)
2707 3648 2891 3703 Posuit
2934 3642 3133 3716 pluvias
3180 3653 3358 3693 eorum
3396 3633 3724 3707 grandinem,

2142 3755 2313 3824 ignem
2339 3746 2707 3802 comburentem
2744 3742 2799 3793 in
2827 3749 2960 3791 terra
2989 3737 3239 3805 ipsorum.
3274 3728 3345 3783 Et
3374 3725 3623 3800 percussit
3653 3724 3728 3776 vi-

2145 3860 2265 3897 neas
2297 3854 2495 3902 eorum,
2538 3842 2586 3889 et
2628 3831 2876 3900 ﬁculneas
2932 3840 3131 3891 eorum,
3170 3830 3217 3876 et
3250 3818 3487 3873 contrivit
3531 3817 3729 3885 lignum

2146 3933 2330 4003 ﬁnium
2353 3941 2549 3981 eorum.
2576 3923 2687 3976 Hoc
2722 3919 2775 3973 vi
2812 3915 3089 3987 grandinis
3111 3919 3165 3966 et
3190 3906 3502 3963 fulminibus
3531 3904 3731 3958 factum

2146 4001 2249 4081 est.
2281 4020 2434 4077 Unde
2465 4026 2519 4071 et
2554 4017 2729 4085 ignem
2761 4010 3013 4064 dixerunt
3040 4001 3475 4058 comburentem.

2220 4112 2400 4185 (Vers.
2429 4107 2546 4175 54.)
2577 4103 2742 4166 Diait,
2780 4108 2826 4152 et
2855 4097 2991 4151 venit
3020 4094 3214 4146 locusta
3241 4098 3287 4143 et
3312 4087 3550 4153 bruchus,
3582 4085 3735 4155 cujus

2151 4224 2255 4261 non
2285 4214 2391 4258 erat
2421 4213 2682 4254 numerus.
2712 4192 2829 4248 Una
2858 4189 3010 4259 plaga
3048 4190 3132 4240 est
3161 4183 3385 4235 locustae
3426 4187 3480 4233 et
3509 4175 3729 4241 bruclii;

2150 4297 2400 4371 quoniam
2424 4293 2591 4346 altera
2622 4294 2703 4341 est
2730 4296 2946 4353 parens,
2975 4278 3141 4331 altera
3172 4270 3338 4327 fetus.

2224 4389 2404 4458 (\‘ers.
2450 4381 2565 4449 '55.)
2600 4378 2667 4432 Et
2700 4371 2919 4429 comedit
2968 4382 3113 4422 omne
3142 4365 3314 4435 fenum
3354 4368 3507 4414 terra:
3534 4371 3732 4411 eorum.

2154 4482 2325 4539 Etiam
2355 4476 2532 4530 fenum
2577 4474 2779 4524 fructus
2806 4471 2912 4526 est,
2944 4459 3088 4513 sicut
3123 4456 3268 4524 loqui
3298 4452 3572 4521 Scriptura
3602 4463 3733 4503 con-

2155 4574 2350 4635 suevit,
2376 4584 2494 4639 quae
2521 4563 2682 4619 etiam
2711 4566 2920 4629 segetes
2944 4554 3158 4620 frugum
3190 4548 3371 4603 fenum
3404 4543 3665 4614 appellat.

2229 4631 2409 4733 (Vers:
2454 4654 2571 4724 56.)
2614 4650 2683 4705 Et
2730 4644 2976 4718 percussit
3015 4655 3214 4694 omnem
3256 4634 3645 4707 primogenitum
3684 4631 3739 4685 in

2156 4767 2294 4811 terra
2320 4765 2518 4815 eorum,
2545 4742 2797 4813 primitias
2818 4736 2980 4790 omnis
2998 4731 3185 4786 laboris
3212 4742 3408 4781 eorum.
3437 4724 3560 4778 llaec
3583 4721 3739 4791 plaga

2161 4846 2453 4905 novissima
2490 4849 2593 4903 est,
2626 4841 2848 4900 excepta
2876 4837 3050 4883 morte
3093 4825 3145 4876 in
3188 4820 3322 4875 mari
3358 4817 3564 4871 Rubro.
3609 4814 3743 4880 Qllze

2162 4941 2332 5012 plagae
2360 4949 2481 4989 cum
2526 4928 2635 4982 siut
2672 4924 2881 4983 decem,
2926 4932 3026 4972 nec
3067 4924 3260 4967 omnes
3304 4914 3744 4962 commemoratae

2164 4996 2311 5097 sum,
2332 5040 2429 5082 nec
2448 5021 2635 5079 eodem
2659 5016 2844 5071 ordine
2865 5024 2971 5082 quo
2986 5007 3039 5063 in
3062 5005 3243 5076 Moyse
3263 5002 3532 5071 leguntur.
3551 4996 3744 5051 Libera

2164 5188 2259 5259 git,
2286 5184 2401 5259 sine
2428 5181 2509 5259 in,
2528 5177 2612 5259 vel
2643 5183 2709 5227 et.
3064 5188 3067 5191 ν

2237 5227 2264 5291 ἆ
2287 5224 2592 5308 iliiéiié'iiic'
2599 5224 2900 5312 paucarum
2927 5248 3119 5289 vocum
3136 5229 3420 5312 additione
3446 5224 3607 5312 Illeret
3633 5228 3745 5281 cla-

2165 5296 2414 5382 riorfCui
2436 5320 2513 5373 rei
2533 5296 2848 5386 praestandae
2864 5321 2985 5386 cu_m
3008 5319 3113 5358 non
3130 5303 3378 5386 iuvarent
3396 5296 3527 5386 editi
3551 5299 3745 5386 nostrji,

2170 5365 2570 5456 delicatamque
2599 5365 2697 5438 nos
2730 5393 2884 5456 mss,
2930 5377 3104 5456 ipsum
3131 5365 3747 5456 'éttgusti‘nijlocumde

2170 5434 2688 5520 'iér'biiin
2730 5434 2907 5520 placet
2946 5434 3326 5520 transcribere.
3360 5434 3750 5520 Sedquiailla

2170 5466 2338 5520 verbo
2368 5461 2434 5514 ad
2466 5452 2688 5512 verbum
2730 5452 2907 5520 placet
2946 5452 3326 5499 transcribere.
3360 5452 3465 5491 aea
3543 5452 3629 5488 uta
3658 5452 3749 5489 tua

2168 5538 2280 5607 ipsa
2302 5546 2434 5607 gnte
2448 5529 2592 5607 facta
2610 5530 2731 5607 sunt
2772 5452 3749 5607 non;{qn-tilumngsigygcationi;

2171 5579 2522 5671 iiaii‘bﬁiéui
2550 5605 2595 5651 et
2620 5591 2769 5648 verba
2793 5601 2905 5658 quae
2931 5583 3207 5653 loquimur,
3231 5579 3374 5646 ideo,
3404 5585 3512 5630 etc.
