4026 6176
260 264 357 324 301

257 388 339 430 est
393 374 537 431 enim
598 374 908 446 prophetica
963 374 1201 430 laudatio
1248 391 1281 430 a
1338 376 1456 447 lege
1504 377 1911 442 narrationisA

255 468 551 523 historiae.

323 558 508 625 (Vers.
532 556 653 627 37.)
678 556 746 611 Et
765 558 943 612 eduxit
987 574 1072 612 eos
1098 558 1152 613 in
1178 566 1391 629 argento
1416 564 1461 613 et
1490 573 1641 613 auro.
1672 559 1835 615 Dolus

253 645 472 716 quidem
510 662 618 716 quo
658 646 902 718 ASgyptii
944 647 1153 715 decepti
1192 657 1317 702 sunt
1354 656 1416 702 ut
1462 657 1740 718 argentum
1780 658 1837 705 et

251 752 446 791 aurum
472 738 715 792 Hebrteis
742 737 1149 793 discedentibus
1176 739 1367 793 darent
1387 738 1584 810 (Exod.
1616 750 1691 806 ιι,
1717 741 1834 810 35),

249 842 363 882 non
395 826 463 881 ad
493 836 845 896 praceptum,
891 842 988 883 nec
1020 829 1087 882 ad
1114 829 1519 898 inspirationem
1567 829 1657 883 Dei
1700 831 1837 883 refe-

249 918 457 974 rendus
485 926 598 983 est;
622 918 718 973 sed
741 919 807 972 ad
831 918 1241 988 promissionem
1264 928 1491 984 tantum,
1514 935 1614 988 qua
1644 935 1835 974 carna-

248 1010 328 1065 les
360 1024 577 1080 quoque
598 1008 699 1064 hac
720 1011 895 1079 decipi
915 1012 1208 1079 cupiditate
1239 1021 1532 1080 pateretur.
1554 1012 1833 1067 Verumta-

249 1118 375 1157 men
398 1101 595 1156 babeat
614 1102 813 1171 aliquid
835 1102 979 1156 fraus
1007 1102 1104 1158 ista
1126 1102 1371 1172 iustitiae,
1398 1120 1516 1173 quae
1543 1105 1611 1159 ab
1634 1105 1836 1173 iniquis

251 1192 358 1247 hoc
387 1191 789 1261 quodammodo
808 1193 1052 1261 abstulit,
1086 1194 1227 1262 quod
1252 1209 1347 1262 pro
1370 1197 1619 1250 mercede
1643 1197 1838 1250 multo-

250 1298 373 1336 rum
403 1297 627 1352 operum
668 1282 982 1338 debebatur.
1012 1282 1080 1336 Et
1101 1299 1202 1336 non
1231 1294 1303 1337 est
1330 1286 1382 1337 in
1413 1284 1641 1339 tribubus
1663 1304 1837 1340 eorum

249 1373 509 1440 inﬁrmus.
540 1373 712 1426 Etiam
742 1373 843 1427 hoc
869 1388 1123 1443 magnum
1155 1374 1474 1429 beneﬁcium
1499 1376 1594 1431 Dei
1631 1377 1747 1442 fuit,
1783 1388 1839 1431 ut

250 1461 301 1517 in
326 1462 417 1516 illa
445 1461 783 1531 profectione
804 1463 985 1519 nullus
1008 1472 1154 1519 esset
1176 1463 1443 1532 inﬁrmus,
1477 1481 1705 1536 corpore
1735 1470 1838 1521 sci~

251 1555 399 1623 licet,
429 1570 538 1608 non
570 1555 773 1608 animo.

319 1646 512 1717 (Vers.
565 1646 690 1714 58.)
738 1641 933 1698 Ltetata
978 1654 1053 1699 est
1103 1639 1365 1719 ﬁgyptus
1418 1647 1472 1700 in
1521 1643 1838 1718 profectione

1077 265 1484 322 PSALMURL’M
1523 267 1568 322 Δ
1604 265 1645 321 C
1684 268 1774 323 AD
1811 266 1898 324 CL
1936 268 2318 327 EXPOSITIO.
2358 269 2553 327 PSAL.
2594 269 2704 325 CV.

3406 270 3514 327 303

2500 379 2812 436 PSALMUS
2833 380 2942 438 CV.

2561 484 2876 523 HALLELUIA.

2007 558 2186 631 (Vers.
2219 558 2296 630 l.)
2322 559 2645 630 Conﬁtemt’m’
2670 558 2912 624 Domino,
2932 561 3170 629 quoniam
3186 562 3366 629 bonus,
3392 579 3516 632 quo.

1936 650 2077 702 niam
2100 648 2152 703 in
2194 650 2437 705 sarculum
2477 652 2824 705 misericordia
2847 652 2976 721 ejus.
3029 653 3146 706 Duo
3191 654 3274 707 isti
3327 655 3512 722 psalmi

1936 752 2022 792 etv
2041 749 2092 791 et
2115 753 2179 793 cv
2210 739 2281 792 ita
2327 739 2470 793 inter
2498 751 2559 792 se
2578 738 2846 807 conjuncti
2875 746 3020 802 sunt,
3044 740 3170 791 utin
3194 755 3299 793 uno
3328 755 3513 795 eorum

1937 830 2028 897 qui
2058 830 2330 898 praecedit,
2364 830 2768 884 commendetur
2816 829 3040 898 populus
3083 830 3173 882 Dei
3220 831 3271 883 in
3328 832 3517 885 electis

1938 920 2087 988 ejus,
2113 921 2179 975 de
2201 922 2395 989 quibus
2421 921 2562 974 nulla
2594 919 2812 990 querela
2842 928 2943 984 est,
2978 929 3031 972 et
3061 921 3112 972 in
3139 919 3332 988 quibus
3360 920 3517 975 bene-

1941 1012 2194 1081 placitum
2225 1021 2307 1065 est
2332 1011 2556 1065 Domino
2608 1011 2660 1081 (ι
2697 1010 2814 1064 Cor.
2846 1026 2901 1076 ι,
2928 1009 2983 1078 5)
3016 1024 3030 1062 :
3082 1010 3134 1063 in
3172 1009 3277 1063 isto
3333 1018 3512 1065 autem

1939 1101 2030 1169 qui
2060 1100 2301 1170 sequitur
2342 1099 2396 1153 hi
2442 1109 2933 1153 commemorantur
2963 1098 3051 1166 qui
3095 1099 3149 1152 in
3179 1100 3367 1154 eodem
3422 1115 3517 1170 po-

1942 1193 2067 1260 pulo
2093 1192 2543 1254 amaricaverunt;
2572 1204 2670 1244 nec
2713 1198 2888 1243 tamen
2918 1191 3077 1244 etiam
3124 1190 3255 1259 ipsis
3308 1192 3519 1246 miscri-

1942 1282 2127 1337 cordia
2150 1282 2243 1335 Dei
2268 1281 2455 1335 defuit.
2486 1280 2739 1334 Dicuntur
2763 1288 2941 1334 autem
2967 1281 3067 1333 ista
3095 1295 3160 1335 ex
3188 1295 3376 1335 eorum
3403 1296 3519 1351 per-

1940 1390 2075 1430 sona
2119 1375 2210 1444 qui
2254 1374 2467 1429 veniam
2511 1371 2762 1427 conversi
2808 1383 3123 1441 precantur;
3165 1381 3220 1427 et
3274 1375 3517 1443 exempla

1940 1463 2671 1519 commemoranturillorum
2718 1463 2770 1516 in
2819 1477 2955 1532 quos
2985 1464 3145 1517 etiam
3208 1474 3520 1533 peccatores

1940 1557 2089 1611 dives
2116 1556 2363 1624 apparuit
2421 1554 2786 1609 misericordia
2828 1553 2945 1608 Dei.
3004 1552 3197 1623 incipit
3241 1570 3369 1626 ergo
3418 1557 3520 1612 iste

1943 1647 2204 1715 psalmus,
2238 1647 2377 1699 sicut
2428 1646 2539 1709 ille,
2572 1642 2897 1714 Confitemini
2922 1644 3168 1709 Domino;
3191 1646 3283 1700 sed
3312 1647 3383 1700 ibi
3436 1665 3521 1702 se-

253 1754 426 1790 corum
448 1753 467 1791 .'
496 1737 619 1806 quia
642 1736 867 1789 incubuit
906 1738 1055 1789 timor
1090 1753 1269 1791 eorum
1308 1755 1466 1805 super
1493 1756 1598 1792 eos.
1638 1738 1837 1794 lntelli—
1868 1750 1912 1808 Β
1943 1738 2139 1805 quitur,
2172 1745 2217 1789 et
2240 1738 2470 1789 invocate
2491 1751 2673 1788 nomen
2701 1736 2811 1804 ejus
2840 1751 2858 1787 :
2901 1736 2986 1791 hic
3031 1745 3233 1803 autem,
3264 1738 3519 1801 Quoniam

253 1828 484 1894 gendum
518 1826 662 1895 quod
692 1826 794 1881 hoc
818 1834 941 1880 tunc
972 1827 1169 1882 factum
1194 1830 1293 1894 sit,
1332 1830 1547 1898 quando
1574 1844 1836 1899 Oppresso

254 1917 405 1985 aquis
432 1916 714 1973 Pharaone
743 1934 865 1974 cum
897 1920 1133 1973 exercitu
1157 1935 1280 1984 suo,
1314 1922 1515 1976 residui
1546 1921 1832 1992 Egyptio-

253 2025 369 2062 rum
406 2012 598 2066 timere
614 2021 896 2077 potuerunt
919 2029 988 2069 ne
1015 2011 1081 2065 ad
1104 2011 1364 2066 delendas
1381 2013 1601 2068 eosdem
1624 2014 1837 2069 llebmi

250 2106 665 2153 reterterentur
712 2099 961 2168 :quibus
1001 2100 1263 2169 profectis
1311 2104 1366 2157 in
1421 2102 1828 2173 longinquiora,

250 2205 442 2243 causas
488 2188 804 2242 habuerunt
848 2191 1089 2243 laetandi.

322 2276 519 2343 (νει-ε.
573 2278 661 2341 59,
714 2275 839 2347 40.)
892 2276 1154 2345 Expendit
1202 2282 1384 2334 nubem
1429 2282 1481 2334 in
1528 2284 1837 2354 protectione

254 2381 464 2430 eorum;
490 2374 537 2417 et
567 2368 751 2436 ignem,
778 2376 831 2419 ut
870 2369 1055 2422 luceret
1081 2371 1153 2424 eis
1186 2388 1275 2440 per
1308 2380 1524 2426 noctem.
1546 2371 1833 2441 Petierunt,

255 2468 297 2508 ct
320 2458 460 2509 venit
481 2460 735 2511 coturnix.
767 2462 897 2525 Quae
928 2463 1110 2530 utique
1140 2478 1267 2517 caro
1298 2473 1401 2518 est.
1433 2472 1459 2501 ι
1490 2464 1619 2531 Quae
1648 2467 1835 2535 petitio

254 2564 356 2601 non
383 2550 547 2620 397
577 2550 944 2619 querulorum,
990 2554 1084 2608 sed
1133 2556 1429 2610 electorum
1458 2557 1694 2627 praestita
1724 2565 1832 2624 est,

252 2638 313 2691 ad
352 2642 651 2694 carnalium
697 2658 968 2697 murmura
997 2648 1417 2716 comprimenda.
1452 2649 1713 2716 Quoniam
1746 2650 1832 2705 hic

250 2731 492 2797 psalmus
514 2747 620 2786 non
644 2733 711 2789 de
738 2735 816 2789 eis
838 2735 1071 2806 loquitur
1113 2739 1164 2791 in
1202 2740 1394 2805 quibus
1420 2757 1524 2795 non
1553 2751 1636 2796 est
1667 2741 1830 2798 bene-

248 2821 505 2888 placitum
556 2823 696 2889 Deo;
743 2827 836 2881 sed
881 2827 948 2881 de
998 2828 1101 2882 fide
1152 2830 1379 2885 filiorum
1433 2833 1824 2900 promissionis.

248 2923 472 2983 propter
491 2930 623 2985 quos
652 2917 809 2971 etiam
840 2919 913 2972 illi
935 2919 1279 2987 juvabantur.
1308 2923 1371 2982 Et
1398 2942 1528 2993 pane
1549 2926 1661 2979 caeli
1688 2936 1829 2981 sctu-

245 3006 368 3057 ravit
396 3020 506 3058 eos.
537 3004 594 3061 .ld
621 3016 724 3069 est,
758 3023 972 3064 manna.

1938 1830 2115 1894 bonus,
2139 1830 2380 1899 quoniam
2402 1828 2452 1880 in
2471 1827 2713 1881 steculum
2740 1828 3091 1880 misericordia
3132 1832 3264 1899 ejus.
3296 1828 3520 1884 Confes-

1935 1921 2017 1975 sio
2038 1921 2195 1989 igitur
2212 1928 2545 1986 peccaturum
2564 1918 2721 1973 habet
2738 1918 3099 1973 laudationem
3122 1920 3216 1975 Dei
3237 1924 3516 1993 :quuniatn

1935 2014 2024 2082 qui
2046 2012 2427 2081 indulgentiam
2470 2012 2625 2080 petit,
2660 2026 2779 2065 cum
2806 2026 2899 2081 spe
2930 2013 3086 2067 debet
3117 2031 3291 2079 orare,
3320 2026 3368 2070 et
3394 2031 3516 2069 cum

1936 2104 2095 2175 398
2134 2103 2292 2158 laude
2314 2103 2430 2172 eius
2454 2105 2839 2159 misericordia:
2858 2122 3012 2174 quam
3041 2108 3208 2160 credit
3237 2120 3514 2162 aeternam.

2007 2195 2186 2266 (Vers.
2212 2195 2292 2266 2.)
2326 2197 2455 2259 Quis
2485 2196 2718 2263 loquetur
2754 2198 3004 2265 potentias
3050 2197 3290 2264 Domini,
3315 2201 3517 2254 auditas

1936 2287 2088 2356 faciet
2113 2304 2285 2341 omnes
2308 2288 2485 2341 laudes
2517 2290 2628 2359 ejus
2652 2289 2676 2341 ἶ)
2697 2288 2827 2355 Quis
2856 2290 3126 2343 ettarraltit
3158 2307 3208 2354 οι
3228 2305 3317 2345 era
3347 2294 3518 2346 omni-

1938 2379 2171 2447 potentis
2212 2379 2598 2433 misericordia:
2657 2379 2791 2447 Dei,
2844 2380 2926 2434 vel
2973 2381 3169 2448 poterit
3230 2382 3406 2438 facere
3462 2396 3518 2439 ut

1939 2484 2127 2523 omnes
2151 2470 2334 2524 laudes
2362 2471 2531 2539 ipsius
2558 2470 2874 2524 audiantur?
2913 2471 3043 2538 Quia
3074 2471 3215 2539 quod
3246 2488 3340 2528 ore
3385 2465 3516 2542 pro-

1934 2560 2119 2624 mitur,
2150 2570 2196 2610 et
2224 2562 2361 2629 quod
2393 2576 2554 2628 opere
2576 2562 2775 2627 agitur,
2829 2562 2880 2615 in
2915 2561 3124 2616 laudem
3182 2562 3278 2616 Dei
3332 2565 3516 2617 dicen-

1934 2649 2060 2703 dum
2090 2662 2193 2714 est,
2221 2662 2380 2719 atque
2412 2650 2737 2704 faciendum.

2003 2740 2181 2811 (Vers.
2209 2741 2287 2812 5.)
2317 2741 2459 2795 Beati
2483 2743 2575 2812 qui
2599 2743 2889 2796 custodiunt
2922 2744 3201 2816 judicium,
3239 2755 3288 2800 et
3317 2747 3515 2815 [aciunt

1928 2832 2180 2899 iustitiam
2209 2832 2261 2883 in
2306 2832 2717 2900 omnitempore.
2747 2832 2963 2887 iustitia
3008 2845 3060 2889 et
3101 2836 3360 2903 judicium
3403 2847 3511 2891 tam

1929 2926 2125 2979 similia
2164 2926 2265 2979 sibi
2296 2935 2425 2978 sunt
2472 2936 2632 2994 atque
2672 2926 2867 2995 vicina,
2900 2937 2957 2981 ut
2999 2929 3281 2997 quodlibet
3324 2946 3511 2985 eorum

1929 3031 2026 3085 pro
2048 3017 2219 3071 altero
2242 3016 2365 3086 poni
2390 3017 2580 3085 possit.
2606 3016 2983 3072 Verumtamen
3015 3020 3058 3072 si
3090 3022 3387 3088 proprietas
3421 3038 3513 3077 eo-

309 3093 508 3165 (Vers.
537 3096 652 3168 M.)
681 3095 917 3170 Disrupit
959 3113 1173 3171 petram,
1226 3116 1274 3158 et
1316 3108 1576 3175 ﬂuxerunt
1623 3124 1768 3176 aqua
1798 3126 1816 3163 :
1845 3103 1889 3164 C
1923 3123 2040 3161 rum
2055 3108 2362 3176 diligentius
2378 3108 2638 3161 servanda
2655 3108 3019 3177 sit,jutlicium
3036 3111 3311 3167 custodire
3326 3114 3511 3169 dicen-

244 3182 476 3237 abierunt
504 3185 561 3238 in
586 3187 718 3239 sicco
737 3189 974 3255 ﬂumina.
1003 3192 1095 3246 His
1115 3195 1363 3249 omnibus
1393 3197 1666 3253 beneﬁciis
1697 3200 1816 3267 Dei,

243 3271 361 3329 ﬁdei
383 3274 619 3329 Abrahae
646 3280 895 3333 meritum
927 3284 1356 3340 commendatur.

307 3364 510 3434 (Vers.
544 3365 634 3430 42,
675 3366 766 3433 43,
817 3369 954 3440 44.)
1004 3372 1257 3438 Quoniam
1298 3392 1488 3430 memor
1533 3376 1633 3449 fuit
1683 3381 1820 3435 verbi

241 3455 401 3506 sancti
426 3454 530 3520 sui,
563 3457 699 3524 quod
726 3458 922 3513 locutus
950 3472 1020 3514 est
1042 3464 1111 3516 ad
1132 3465 1391 3519 Abraham
1408 3485 1622 3537 puerum
1644 3488 1815 3525 suum.

242 3542 305 3595 Et
355 3546 539 3597 eduxit
573 3550 823 3615 papulum
864 3568 1011 3604 suum
1039 3554 1093 3607 in
1134 3556 1491 3623 exsultatione,
1543 3568 1591 3613 et
1636 3560 1818 3616 electos

240 3647 353 3686 suos
375 3634 431 3686 in
446 3634 651 3687 latitia.
674 3636 739 3689 Et
752 3638 891 3691 dedit
912 3639 1016 3694 illis
1044 3644 1274 3713 regiones
1289 3648 1534 3715 gentium,
1551 3661 1595 3702 et
1620 3649 1817 3705 labores

240 3722 549 3790 populorum
570 3726 922 3795 possederunt.
942 3730 1235 3803 Tamquam
1263 3752 1650 3806 quaereremus,
1674 3740 1701 3778 δ
1732 3744 1817 3797 cui

237 3809 375 3867 bono
392 3814 500 3868 ista
528 3816 651 3868 data
683 3817 817 3871 sint:
842 3835 909 3873 ne
928 3820 1031 3877 hoc
1052 3822 1229 3892 ipsum
1254 3835 1531 3894 putaretur
1551 3844 1815 3887 summum

237 3899 461 3970 bonum,
494 3905 636 3975 quod
664 3907 765 3961 ista
807 3908 1034 3966 felicitas
1061 3918 1438 3984 temporalium
1484 3936 1663 3976 rerum
1695 3925 1815 3978 data

238 4001 344 4059 est;
369 3997 631 4052 continuo
660 4014 777 4053 eam
809 4002 875 4056 ad
914 4004 1057 4059 aliud
1082 4009 1282 4078 retulit,
1314 4012 1401 4066 ubi
1424 4027 1692 4070 summum
1721 4016 1818 4072 bo-

236 4096 359 4136 num
390 4094 612 4153 Oportet
640 4087 853 4157 inquiri.

301 4174 491 4243 (Vers.
521 4175 651 4246 45.)
690 4178 757 4233 Ut
801 4183 1094 4238 custodiant
1132 4188 1528 4259 justificationcs
1573 4199 1720 4267 ejus,
1769 4209 1815 4251 ct

233 4263 394 4333 legem
412 4269 527 4338 ejus
552 4271 832 4337 requirant.
864 4274 1005 4344 Ergo
1022 4276 1421 4348 intelligendum
1449 4295 1553 4352 est,
1582 4263 1673 4341 Dei
1698 4304 1815 4342 ser-

232 4367 345 4424 vos,
380 4365 442 4412 et
481 4358 685 4414 electos
725 4362 868 4417 filios
898 4368 1289 4436 promissionis,
1338 4372 1607 4430 imitantes
1657 4378 1814 4433 [idem

1921 3199 2020 3253 dus
2050 3208 2151 3266 est,
2171 3201 2262 3269 qui
2298 3208 2443 3255 recte
2466 3200 2705 3270 judicat;
2727 3203 2991 3270 justitiam
3022 3219 3154 3260 vero
3199 3206 3396 3273 lacere,
3414 3211 3506 3278 qui

1922 3300 2071 3343 recte
2098 3290 2226 3359 agit.

1994 3380 2174 3451 (Vers.
2207 3378 2287 3450 4.)
2312 3378 2563 3436 Munatio
2586 3382 2766 3447 nostri,
2800 3380 3021 3439 Domine
3042 3427 3056 3449 ,
3108 3387 3162 3440 in
3192 3387 3508 3457 beneplacito

1919 3467 2096 3539 pepuli
2125 3470 2215 3522 tui.
2250 3469 2304 3522 id
2336 3479 2441 3534 est,
2491 3478 2549 3524 ut
2579 3472 2630 3524 in
2680 3471 2757 3525 eis
2803 3471 2971 3527 simus
3011 3475 3063 3528 in
3095 3477 3291 3545 quibus
3341 3480 3507 3535 bene-

1921 3560 2174 3628 placitum
2203 3568 2288 3614 est
2312 3561 2443 3614 tibi:
2474 3562 2597 3630 quia
2624 3578 2732 3617 non
2757 3564 2808 3615 in
2840 3566 3090 3621 omnibus
3122 3568 3227 3621 illis
3254 3569 3507 3640 benepla-

1918 3653 2085 3704 citum
2104 3662 2185 3705 est
2213 3652 2325 3706 Deo
2350 3650 2403 3723 (l
2428 3650 2548 3706 Cor.
2581 3670 2634 3718 ι,
2664 3655 2744 3723 5).
2768 3654 2936 3709 Visita
2961 3674 3050 3711 nos
3067 3660 3121 3711 in
3147 3660 3364 3715 salutari
3393 3671 3503 3720 tuo.

1919 3742 2033 3797 iloc
2060 3750 2163 3810 est,
2188 3743 2242 3797 in
2273 3743 2488 3798 Christo
2515 3754 2626 3809 tuo,
2658 3747 2712 3800 in
2735 3762 2843 3815 quo
2886 3759 3102 3816 peccata
3133 3750 3497 3821 dimittuntur,

1917 3842 1973 3887 et
1995 3833 2191 3886 animae
2208 3843 2490 3900 sanantur,
2515 3843 2574 3888 ut
2600 3837 2908 3891 custodiant
2948 3838 3231 3908 judicium,
3277 3844 3503 3901 faciant-

1918 3939 2022 3994 que
2050 3924 2334 3992 justitiam.

1989 4012 2168 4085 (Vers.
2195 4012 2271 4084 5.)
2303 4014 2383 4067 Ad
2411 4016 2687 4069 videndum
2730 4018 2783 4070 in
2809 4018 3029 4073 bonitate
3056 4020 3331 4078 electorum
3382 4037 3498 4083 tuo-

1915 4121 2052 4171 rum,
2086 4107 2152 4159 ad
2180 4106 2457 4160 lwtandum
2485 4110 2538 4161 in
2568 4109 2745 4162 lwtitia
2781 4113 2943 4180 gentis
2982 4123 3104 4170 tum.
3161 4116 3328 4174 Visita
3376 4137 3495 4188 nos,

1916 4198 2112 4265 inquit,
2137 4197 2203 4251 ad
2227 4198 2545 4262 videndum,
2580 4200 2631 4253 id
2655 4211 2769 4268 est,
2804 4202 3041 4259 illumina
3066 4221 3185 4273 nos,
3217 4224 3286 4263 tte
3332 4211 3499 4266 simus

1916 4288 2065 4353 cmci,
2091 4299 2147 4343 et
2195 4298 2343 4343 extra
2374 4290 2664 4345 bonitatem
2718 4292 3009 4349 electorum
3065 4304 3303 4355 tuorum.
3357 4303 3500 4370 Quo-

1919 4378 2059 4432 niam
2083 4380 2223 4434 oculi
2250 4380 2533 4434 interiores
2556 4390 2701 4437 recta
2723 4384 2925 4454 vident,
2956 4390 3261 4457 aequitatem
3294 4394 3492 4464 vident,

232 4448 490 4544 Abrahae,
513 4460 803 4544 propterea
828 4455 930 4509 ista
972 4457 1107 4513 bona
1141 4469 1355 4517 terrena
1387 4480 1600 4522 sumere
1647 4484 1676 4524 a
1707 4471 1814 4526 Do.
1842 4463 1892 4521 D
1920 4468 2054 4523 bona
2078 4472 2482 4537 concupiscunt.
2513 4473 2569 4527 lu
2600 4473 2699 4527 hac
2750 4490 2879 4544 ergo
2914 4448 3168 4535 bonitate
3203 4482 3288 4539 fac
3314 4497 3367 4540 et

232 4538 402 4604 mino,
427 4548 497 4593 ut
522 4555 629 4595 non
661 4542 714 4596 in
760 4545 839 4598 eis
893 4546 1022 4601 lusu
1079 4548 1348 4621 dtfﬂuant,
1401 4557 1517 4613 sive
1558 4574 1812 4627 perversa

230 4629 529 4684 securitate
551 4640 861 4699 torpescant
889 4651 903 4688 :
927 4636 1021 4690 sed
1061 4638 1181 4693 ideo
1211 4642 1439 4699 habeant
1466 4647 1582 4702 haec
1631 4653 1809 4707 omnia

232 4732 295 4772 ex
316 4720 503 4775 divina
534 4724 900 4780 misericordia
951 4743 1278 4799 praeparata,
1324 4736 1378 4789 in
1427 4740 1620 4806 quibus
1665 4758 1813 4812 qure-

227 4811 415 4864 rendis
437 4824 660 4879 possent
715 4818 1164 4884 negotiosissimis
1208 4821 1484 4881 laboribus
1537 4811 1808 4901 occupari;

226 4907 285 4951 ut
305 4900 374 4953 ad
405 4899 513 4954 hoc
535 4912 750 4966 vacent,
775 4906 917 4961 unde
965 4908 1162 4963 bonum
1194 4921 1456 4969 mternum
1513 4899 1688 4986 possit
1721 4937 1812 4976 ac-

226 4990 393 5057 quiri.
428 4990 542 5046 Hoc
569 5002 672 5059 est,
711 4993 779 5047 Ut
816 4998 1104 5053 custodiant
1145 5004 1544 5072 justi/icationes
1597 5014 1732 5083 ejus,
1765 5022 1814 5067 et

226 5080 387 5147 legem
406 5082 522 5152 ejus
544 5084 826 5152 requirant.

296 5220 687 5307 -‘Aug‘ttstinus
714 5221 815 5307 hac
836 5223 962 5305 loco
985 5243 998 5279 :
1025 5224 1149 5280 Non
1171 5231 1480 5307 coturnicem
1509 5237 1810 5307 concupisco

222 5295 365 5373 runt,
394 5289 487 5373 sed
516 5305 713 5343 carnes.
733 5291 879 5373 .Quia
909 5311 1025 5373 vero
1053 5300 1366 5373 et'coturnix
1390 5320 1509 5357 caro
1530 5289 1808 5373 “(Stin

220 5357 331 5438 illo”
360 5357 563 5425 psalmo
592 5376 694 5438 non
726 5361 950 5438 loquitur
977 5368 1040 5419 de
1064 5371 1446 5438 _amaricatione
1483 5357 1716 5438 illorum,

221 5428 412 5495 quibus
436 5441 630 5509 nonest
652 5428 1022 5511 beneplacitum
1050 5433 1191 5511 Deo,
1207 5441 1295 5491 sed
1318 5442 1382 5493 de
1402 5443 1507 5511 ﬁde
1531 5428 1805 5502 electorum

288 5534 302 5547 .
466 5498 561 5583 ipsi
588 5500 907 5570 intelligendi
933 5514 1051 5583 sunt
1088 5498 1271 5575 petisse
1302 5519 1357 5583 u_t
1397 5498 1619 5583 ueniret,

222 5567 628 5649 amaricantium
647 5567 879 5649 murmur
898 5567 1289 5649 opprimeretur.
1318 5580 1394 5632 Ex
1418 5567 1619 5649 quibus,
1640 5567 1799 5640 uitii:

224 5634 361 5703 ligas
394 5640 697 5695 necessario
742 5634 987 5696 substitui
1018 5646 1272 5702 debuisse
1307 5634 1503 5706 voceiu
1530 5634 1798 5710 murmura

1911 4559 2113 4626 videre,
2160 4568 2215 4613 et
2256 4561 2421 4614 lauari
2454 4563 2506 4615 in
2540 4565 2722 4617 Imtitia
2758 4567 2935 4634 populi
2964 4572 3058 4635 tui,
3104 4588 3223 4640 qua:
3263 4592 3368 4630 non
3412 4588 3498 4634 est

1914 4661 2109 4719 prmter
2137 4661 2187 4705 te
2215 4670 2227 4702 :
2258 4653 2380 4722 quia
2410 4669 2598 4708 omnes
2631 4657 2705 4709 tui
2751 4674 2855 4710 non
2882 4660 3118 4727 gaudent
3171 4665 3273 4720 nisi
3304 4668 3371 4723 de
3418 4678 3494 4725 te.

1916 4742 1985 4797 Ut
2012 4742 2239 4796 lauderis
2263 4759 2377 4796 cum
2402 4743 2700 4800 haereditate
2720 4756 2823 4801 tua.
2841 4748 2896 4802 Id
2916 4761 3022 4817 est,
3054 4762 3113 4806 ut
3144 4756 3321 4810 omnia
3352 4760 3490 4816 bona

1914 4833 2246 4888 lia-reditatis
2271 4844 2395 4897 tute,
2423 4850 2582 4904 quam
2618 4838 2823 4907 elegiSIi
2852 4854 2904 4894 et
2930 4844 3215 4913 adoptasti.
3249 4848 3315 4901 ad
3350 4862 3492 4906 tuam

1912 4925 2140 4993 gloriam
2172 4924 2489 4993 laudemque
2522 4928 2841 4983 referantur.
2868 4932 2997 4998 Quia
3046 4950 3179 5005 quos
3210 4938 3395 4994 visitas
3443 4946 3494 5000 in

1912 5014 2130 5068 salutari
2164 5023 2275 5079 tuo,
2304 5015 2506 5068 laudari
2548 5016 2654 5070 nisi
2695 5020 2745 5073 in
2779 5032 2865 5074 tua
2895 5023 3053 5079 laude
3103 5043 3210 5081 non
3240 5043 3489 5098 possunt,

1912 5108 2000 5175 qui
2029 5120 2122 5161 eos
2143 5106 2439 5162 laudabiles
2466 5108 2616 5164 facis.

1918 5242 2372 5329 insequentibus,
2415 5263 2513 5317 pro
2560 5268 2693 5309 voce
2738 5273 2978 5324 munera,
3010 5278 3127 5329 qua:
3172 5264 3397 5323 habetur
3438 5272 3489 5324 iu

1916 5315 2071 5369 editis
2094 5317 2362 5371 omnibus.

1984 5383 2013 5423 δ
2043 5385 2321 5466 Editiones
2362 5402 2559 5445 nostra
2597 5393 2861 5463 legebant,
2908 5401 2989 5452 cui
3016 5401 3146 5455 bona
3174 5404 3292 5459 ista.
3330 5412 3396 5462 At
3423 5425 3488 5466 ex

1912 5457 2419 5549 tu
2467 5478 2626 5549 sensu
2649 5457 2764 5544 loci
2787 5457 2891 5549 id.
2911 5472 3184 5549 exigente,
3201 5457 3487 5549 icui-{agr};

2051 5526 2431 5622 dubitavimus,
2465 5533 2549 5583 cui
2567 5535 2704 5622 bon:
2733 5536 2831 5622 istq
2856 5538 2977 5619 data
3001 5526 3126 5595 ἶὶηι.
3159 5526 3484 5622 lites-liquo

1912 5595 2016 5649 line
2045 5595 2189 5663 data,
2221 5611 2315 5652 seu
2343 5602 2429 5654 cui
2462 5602 2578 5655 usui
2603 5617 2632 5656 a
2663 5604 2771 5660 Deo
2799 5606 3088 5668 destinata.
