4030 6178
460 249 564 305 303

1687 244 1745 298 S.
1789 241 2127 297 PROSPLRI
2168 240 2492 307 AQUITANI

3635 252 3734 307 505

532 358 711 428 (Vers.
738 357 819 427 6.)
848 357 1177 411 Peccavimus
1208 370 1321 409 cum
1364 352 1594 424 patribus
1623 354 1830 419 nostris,
1857 353 2044 423 injuste
2073 357 2117 414 Α
2148 351 2441 407 secundum
2478 350 2623 420 quod
2660 350 2938 407 rationalis
2982 361 3066 408 est
3092 352 3256 419 dixit,
3303 355 3399 410 sed
3439 358 3730 413 secundum

459 450 669 521 egimus,
700 448 1017 518 iniquitatem
1055 446 1286 516 fecimus.
1322 445 1613 514 Dupliciter
1665 444 1891 514 intelligi
1941 458 2041 513 po-

456 548 583 603 test,
625 536 764 607 quod
816 534 1159 606 peccaverint
1190 535 1393 604 posteri
1439 548 1562 589 cum
1610 534 1858 605 patribus
1908 532 2041 594 suis.

455 639 603 685 tanto
647 628 1044 699 antiquioribus
1088 645 1102 682 :
1144 629 1259 682 sive
1305 627 1429 697 quia
1476 628 1531 681 in
1586 628 1783 683 lumbis
1828 638 2039 698 patrum

452 732 627 787 erant,
658 722 868 789 quando
899 722 971 781 illi
1005 722 1055 775 in
1084 720 1318 791 Egypto
1348 719 1562 775 fuerunt
1591 736 1605 784 ;
1663 722 1788 790 quia
1811 731 1865 775 et
1913 721 2040 775 Levi

445 829 571 869 cum
606 813 883 867 Abraham
918 812 1223 866 decimatus
1255 819 1340 866 est
1366 810 1553 881 (Hebr.
1580 810 1678 883 vn)
1709 828 1721 864 :
1754 813 1868 867 sive
1901 812 2030 882 quia

446 905 754 958 imitatores
790 902 1016 957 fuerunt
1047 916 1149 971 per
1180 900 1600 955 similitudinem
1644 900 2025 965 contumacim,

443 1005 501 1049 et
552 1010 676 1050 cum
721 994 831 1048 illis
879 1002 1271 1064 peccaverunt,
1326 1008 1465 1064 quos
1517 993 1633 1048 suis
1662 992 1909 1048 moribus
1938 1008 2027 1048 re-

443 1085 718 1139 tulerunt.

511 1178 691 1250 (Vers.
721 1176 800 1248 7.)
838 1177 1021 1233 Patres
1052 1179 1216 1232 nostri
1256 1180 1309 1232 in
1360 1178 1593 1250 rEgyplo
1634 1194 1737 1231 non
1766 1179 2035 1233 intellexe-

438 1280 560 1325 runt
598 1270 858 1324 mirabilia
886 1280 1003 1337 tua,
1046 1288 1148 1325 non
1173 1272 1379 1341 fuerunt
1408 1288 1654 1325 memores
1683 1271 2032 1325 multitudinis

436 1364 802 1418 misericordiae
838 1374 959 1418 tute.
1002 1364 1068 1419 Et
1104 1365 1434 1419 intellectum
1470 1366 1783 1435 redarguit,
1829 1374 1881 1419 et
1916 1380 2029 1419 me—

434 1460 684 1511 moriam.
718 1456 997 1511 Intellecta
1032 1456 1229 1524 quippe
1251 1457 1435 1511 videre
1460 1456 1764 1511 debuerunt
1802 1456 1869 1510 ad
1902 1473 2029 1526 quo-

432 1564 549 1603 rum
582 1549 847 1604 bonorum
890 1550 1248 1604 mteruitalem
1282 1563 1374 1617 ρετ
1408 1550 1500 1603 illa
1532 1549 1844 1618 temporalia
1875 1565 2025 1604 voca-

431 1651 651 1705 rentur;
685 1641 943 1695 memoria
976 1654 1105 1693 vero
1134 1640 1200 1693 ad
1232 1642 1331 1694 hoc
1374 1643 1558 1696 saltem
1601 1640 1793 1693 instrui
1816 1639 2016 1695 debue-

2147 443 2198 496 id
2230 443 2371 512 quod
2405 453 2430 480 ι
2461 446 2753 498 animatum
2787 459 2987 514 corpus
3030 446 3205 500 anima
3253 446 3375 502 facit
3411 464 3427 502 :
3468 449 3535 503 ad
3580 453 3730 521 cujus

2145 533 2397 587 animalis
2424 535 2874 589 sustentationem
2901 536 3127 604 pertinet
3153 537 3305 591 cibus
3334 546 3389 593 et
3418 547 3600 608 potus.

2214 624 2404 695 (Vers.
2439 625 2526 693 16,
2564 625 2684 695 17.)
2718 625 2784 679 Et
2811 627 3145 681 irritaverant
3187 628 3399 699 Moysen
3443 632 3495 684 in
3522 634 3725 700 castris,

2142 724 2189 768 et
2214 715 2383 768 Aaron
2413 726 2646 770 sanctum
2676 717 2903 773 Domini.
2939 719 3005 773 Et
3047 731 3225 788 aperta
3253 731 3325 775 est
3355 732 3521 789 terra,
3568 735 3616 777 et
3638 726 3728 779 de-

2139 805 2343 877 glutivit
2384 809 2625 879 Dathan,
2654 821 2699 864 et
2727 810 2753 849 ὶ)
2780 814 3139 883 superOperuit
3182 830 3336 883 super
3375 819 3727 889 congregatio-

2139 912 2252 949 nem
2279 898 2487 953 Abirou.
2509 901 2660 963 Quod
2683 910 2763 955 est
2788 902 3073 971 deglutivit,
3095 902 3194 957 hoc
3215 914 3319 970 est,
3338 909 3726 974 superoperuit:

2137 987 2422 1042 amhorum
2439 1000 2616 1045 autem
2638 1006 2740 1044 una
2773 1004 3085 1057 eratCausa,
3117 994 3185 1047 ob
3215 995 3433 1064 impium
3463 999 3721 1053 schisma.

2206 1079 2369 1151 400
2388 1084 2403 1151 (
2414 1082 2563 1137 Vers.
2588 1084 2702 1152 18.)
2722 1082 2789 1137 Et
2807 1087 3000 1139 exarsit
3026 1087 3155 1156 ignis
3173 1090 3223 1141 in
3243 1104 3505 1159 synagoga
3522 1107 3720 1155 eorum,

2132 1178 2180 1222 et
2208 1173 2416 1240 flamma
2444 1173 2718 1227 combussit
2749 1186 3064 1246 peccatores.
3098 1178 3245 1232 Licet
3268 1180 3399 1248 justi
3426 1195 3642 1250 quoque
3667 1193 3721 1237 et

2132 1260 2475 1317 laudabiliter
2528 1265 2771 1320 viventes
2805 1307 2821 1333 ,
2893 1280 2999 1320 non
3068 1268 3176 1322 sint
3227 1269 3430 1339 absque
3496 1280 3720 1339 peccato

2128 1350 2405 1419 Scriptura
2450 1363 2626 1408 tamen
2660 1366 3006 1424 peccatores,
3056 1372 3161 1411 non
3195 1358 3389 1413 levium
3437 1364 3715 1430 culparum

2129 1441 2397 1510 homines,
2439 1444 2533 1499 sed
2567 1447 2855 1501 multorum
2883 1446 3182 1503 facinorum
3212 1459 3267 1504 et
3294 1449 3577 1519 profunda:
3615 1452 3715 1508 iui-

2127 1534 2371 1603 quitatis,
2406 1534 2509 1589 hoc
2536 1538 2757 1592 nomine
2786 1538 3062 1606 appellare
3091 1540 3388 1593 consuevit.

2197 1623 2218 1694 (
2238 1623 2388 1679 Vers.
2424 1626 2512 1690 19,
2542 1626 2658 1698 20.)
2705 1626 2769 1680 Et
2810 1628 3038 1697 fecerunt
3079 1629 3291 1682 vitulum
3319 1630 3374 1682 in
3414 1628 3632 1695 Choreb,
3663 1639 3712 1686 et

430 1742 579 1800 runt,
617 1742 676 1785 ut
718 1732 1043 1786 mirabilium
1084 1731 1175 1784 Dei
1214 1746 1323 1784 non
1364 1731 1855 1785 obliviscerentur:
1899 1746 2011 1784 cum

2125 1716 2464 1771 adoraverunt
2489 1717 2744 1787 sculptile.
2774 1719 2843 1771 Et
2874 1728 3193 1773 mutaverunt
3232 1721 3450 1791 gloriam
3474 1739 3621 1776 suam
3656 1724 3709 1777 in

428 1822 493 1875 ad
551 1823 1013 1877 confirmationem
1080 1822 1243 1893 399
1306 1836 1492 1876 eorum
1552 1822 1779 1876 multum
1840 1830 2023 1889 posset

435 1913 605 1969 calere
638 1914 1022 1968 beneﬁciorum
1062 1915 1149 1965 llei
1184 1912 1357 1965 tidelis
1386 1912 1712 1967 recordatio.
1746 1914 1811 1966 Et
1839 1915 2018 1966 irrita-

426 2016 623 2074 verunt,
641 2007 973 2061 ascendentes
1001 2007 1054 2058 in
1084 2021 1253 2067 mare,
1286 2006 1338 2057 in
1367 2021 1507 2057 more
1537 2004 1791 2060 Rubrum.
1820 2008 2021 2060 Ascen-

425 2099 616 2153 dentes
661 2097 863 2150 dictum
909 2109 991 2149 εει
1035 2112 1129 2163 pro
1164 2105 1323 2149 terra:
1376 2096 1674 2163 positione,
1732 2112 1851 2164 qua:
1898 2097 2018 2150 talis

424 2197 533 2255 est,
568 2189 930 2243 ntdescensio
961 2189 1172 2241 dicatur
1205 2187 1254 2239 in
1288 2186 1579 2258 Egyptum
1605 2188 1672 2243 de
1703 2196 1844 2243 terra
1877 2188 2018 2243 Cha-

424 2294 559 2333 naan
579 2320 592 2341 ,
618 2287 673 2332 et
700 2280 750 2332 in
779 2294 895 2332 eam
928 2280 994 2333 de
1024 2278 1259 2349 Egypto
1289 2281 1557 2334 ascensio.

493 2368 681 2440 (Vers.
710 2370 762 2433 8,
799 2370 882 2437 9.)
918 2367 983 2420 Et
1012 2370 1220 2421 saluauit
1249 2384 1332 2422 eos
1375 2378 1584 2437 prOpter
1627 2387 1812 2424 nomen
1841 2387 2011 2434 suum,

422 2469 475 2513 ut
508 2470 678 2513 notam
709 2460 899 2529 faceret
948 2460 1225 2529 potentiam
1270 2477 1435 2512 suam.
1469 2460 1536 2512 Et
1580 2460 1831 2533 increpuit
1876 2479 2015 2515 mare

421 2552 678 2619 Rubrum,
730 2563 776 2606 et
813 2554 1063 2605 siccatum
1090 2560 1181 2605 est.
1216 2551 1332 2605 Non
1367 2552 1563 2621 legitur
1595 2554 1699 2607 ulla
1738 2569 1840 2608 vox
1874 2554 2009 2609 facta

420 2659 520 2711 qua
567 2645 864 2699 siccarctur
909 2657 1095 2696 mare:
1128 2642 1366 2711 potentia
1418 2659 1547 2712 ergo
1577 2660 1680 2714 qua
1728 2646 1777 2699 id
1813 2646 2008 2700 factum

419 2745 501 2789 est
532 2736 831 2805 increpatio
855 2734 996 2788 dicta
1027 2746 1126 2789 εει.
1159 2733 1223 2787 Ει
1245 2735 1419 2788 eduxit
1456 2752 1540 2789 eos
1562 2737 1615 2788 in
1640 2736 1856 2805 abyssis,
1881 2739 2011 2791 sicut

418 2828 469 2877 in
498 2825 718 2880 deserto.
744 2825 878 2890 Quia
906 2825 1149 2878 siccitate
1175 2823 1371 2879 factum
1397 2835 1512 2880 erat
1541 2828 1681 2882 sicut
1708 2827 2005 2892 desertum,

418 2918 506 2972 ubi
532 2917 744 2971 fuerunt
776 2918 978 2988 abyssi.

490 3008 681 3077 (Vers.
714 3007 837 3076 10.)
888 3007 954 3060 Et
983 3008 1195 3061 saluauit
1224 3024 1306 3062 eos
1335 3008 1397 3061 de
1432 3026 1590 3063 manu
1620 3011 1928 3079 odientium,
1960 3020 2006 3065 et

2120 1808 2509 1863 similitudinem
2537 1812 2685 1864 vituli
2710 1811 3020 1865 comedentis
3049 1812 3243 1882 fenum.
3278 1811 3419 1867 Deus
3441 1824 3558 1868 erat
3589 1814 3706 1883 glo-

2123 1899 2203 1953 ria
2231 1915 2440 1965 eorum,
2468 1901 2513 1955 si
2545 1901 2660 1970 ejus
2680 1903 2971 1956 consilium
2995 1902 3354 1968 susunerent;
3379 1904 3468 1957 cui
3489 1904 3703 1970 dicitur,

2118 1988 2298 2044 Gloria
2345 2009 2473 2060 mea,
2524 2002 2570 2046 et
2598 1994 2834 2047 exaltans
2880 2005 3038 2064 caput
3082 2011 3253 2049 meum
3295 1996 3469 2067 (Psal.
3500 2013 3578 2064 tu,
3622 1998 3699 2068 4).

2121 2080 2279 2136 Istam
2311 2083 2537 2152 gloriam
2580 2100 2757 2149 suam,
2788 2084 2839 2138 id
2883 2096 2983 2151 est,
3021 2087 3252 2153 Domini,
3284 2088 3705 2146 immolaverunt

2117 2173 2171 2227 in
2205 2176 2611 2231 similitudinem
2654 2177 2807 2232 vitttli
2845 2180 3177 2236 comedentis
3214 2182 3432 2237 fenum:
3465 2193 3519 2238 ut
3543 2186 3612 2240 ab
3639 2200 3703 2241 eo

2114 2267 2526 2322 comederentur
2555 2284 2583 2322 a
2615 2285 2720 2337 quo
2748 2271 3105 2326 comeduntur
3130 2275 3216 2342 qui
3251 2276 3468 2344 sapiunt
3506 2293 3701 2332 secun-

2114 2358 2241 2413 dum
2274 2374 2512 2415 carnem.
2540 2359 2718 2416 Omnis
2748 2363 2891 2416 enim
2922 2379 3041 2417 caro
3070 2365 3241 2434 fenum
3263 2364 3447 2432 (Isaia
3468 2383 3552 2431 xL,
3584 2368 3661 2439 6).

2189 2452 2374 2523 (Vers.
2406 2453 2496 2521 2|,
2528 2455 2643 2525 22.)
2675 2454 2838 2509 Obliti
2862 2467 2983 2509 sunt
3006 2455 3193 2524 Deum,
3222 2460 3311 2527 qui
3335 2459 3562 2514 liberavit
3590 2478 3695 2526 eos,

2111 2547 2199 2617 qui
2225 2547 2342 2617 fecit
2365 2549 2624 2616 magnatia
2649 2550 2699 2601 in
2722 2546 2977 2620 Egypto,
3004 2550 3258 2605 mirabilia
3279 2553 3331 2605 in
3358 2561 3494 2606 terra
3514 2552 3692 2617 Citam,

2112 2639 2363 2693 terribilia
2386 2641 2439 2692 in
2469 2642 2598 2692 mari
2644 2640 2836 2694 Rubro.
2868 2642 2996 2708 Quae
3040 2652 3165 2696 sunt
3193 2642 3477 2708 mirabilia,
3507 2642 3694 2698 eadem

2110 2729 2396 2785 terribilia.
2430 2730 2585 2783 Nulla
2617 2730 2814 2799 quippe
2845 2740 2928 2785 est
2971 2731 3258 2785 admiratio
3303 2732 3419 2788 sine
3459 2732 3689 2803 quadam

2110 2819 2419 2874 formidine.

2182 2910 2372 2979 (Vers.
2414 2908 2505 2973 25,
2534 2908 2668 2977 Ἡ.)
2709 2908 2780 2963 Et
2817 2910 2951 2964 dixit
2997 2911 3292 2984 disperdere
3332 2930 3452 2981 eos,
3504 2916 3551 2969 si
3593 2931 3692 2969 non

2110 3001 2318 3071 Moyses
2341 3002 2529 3056 electus
2546 3005 2660 3075 ejus
2681 3004 2897 3057 stetisset
2919 3004 2972 3057 in
2990 3005 3339 3075 confractione
3358 3007 3411 3059 in
3427 3016 3694 3073 conspectu

416 3100 628 3151 redemit
658 3115 743 3152 eos
775 3099 838 3153 de
867 3115 1023 3151 manu
1044 3099 1259 3155 inimici.
1290 3098 1429 3166 Quid
1453 3101 1611 3170 pretii
1634 3101 1816 3155 datum
1841 3114 1920 3157 est
1951 3104 2003 3158 in

2124 3098 2242 3166 ejus.
2278 3095 2394 3148 Non
2427 3094 2499 3148 ita
2540 3095 2697 3162 dixit,
2725 3097 2779 3148 in
2818 3097 3189 3166 confractione,
3224 3099 3375 3167 quasi
3409 3108 3466 3153 ut
3508 3111 3529 3137 ε
3561 3115 3691 3153 con-

416 3196 517 3243 hac
548 3189 954 3258 redemptione?
1002 3193 1079 3243 Au
1109 3189 1391 3259 prophetia
1439 3200 1542 3257 est,
1574 3193 1714 3261 quod
1759 3194 1810 3248 in
1840 3193 2005 3263 figura

416 3279 667 3348 baptismi
714 3279 816 3334 hoc
861 3278 1060 3334 factum
1093 3282 1184 3346 sit,
1237 3282 1324 3336 ubi
1372 3283 1690 3337 redimimur
1737 3284 1801 3338 de
1848 3301 2007 3340 manu

415 3371 618 3425 diaboli
642 3385 835 3441 magno
858 3373 1051 3441 pretio,
1077 3373 1217 3441 quod
1240 3384 1323 3427 est
1350 3376 1566 3443 sanguis
1595 3376 1827 3431 Christi?
1854 3376 2009 3433 Unde

415 3462 803 3516 convenienter
828 3463 931 3517 hoc
957 3466 1125 3533 magis
1154 3466 1286 3518 mari
1323 3465 1506 3518 Rubro
1536 3466 1815 3535 figuratum
1849 3479 1951 3522 est.

488 3553 681 3627 (Vers.
728 3555 817 3622 11,
861 3554 975 3624 12.)
1018 3555 1082 3609 Et
1129 3559 1329 3624 operuit
1375 3576 1510 3628 aqua
1565 3560 1865 3614 tribulantes
1896 3578 2002 3626 eos,

414 3665 550 3702 unus
593 3665 655 3702 ex
706 3649 777 3703 eis
809 3665 908 3702 non
954 3651 1222 3705 remansit.
1260 3649 1325 3703 Et
1372 3653 1698 3706 crediderunt
1744 3654 1797 3706 in
1846 3655 2006 3709 verbis

415 3744 547 3811 ejus,
577 3749 624 3793 et
653 3739 993 3795 laudauerunt
1036 3742 1242 3796 laudem
1285 3745 1415 3815 ejus.
1451 3743 1595 3797 Talis
1644 3741 1850 3799 locutio
1898 3754 2003 3811 est,

415 3849 537 3887 cum
584 3833 800 3897 dicitur,
855 3834 1003 3889 lianc
1048 3840 1361 3891 servitutem
1409 3837 1650 3905 servivit,
1694 3848 1806 3908 aut,
1843 3841 2002 3895 talem

414 3924 581 3976 vitam
610 3920 768 3977 visit.
798 3922 1036 3978 Laudem
1066 3941 1196 3981 vero
1238 3926 1337 3982 Dei
1366 3927 1508 3982 illam
1540 3928 1677 3983 dixit
1713 3944 1835 3999 quae
1877 3945 2005 3985 can-

416 4016 524 4069 tico
550 4014 715 4069 Exodi
741 4016 1050 4069 continetur
1076 4018 1278 4085 (Exod.
1306 4035 1397 4085 xv,
1428 4019 1502 4089 1).

484 4102 679 4171 (Vers.
712 4102 826 4173 15.)
857 4102 970 4157 Cito
999 4106 1261 4175 fecerunt,
1293 4109 1437 4161 obliti
1466 4118 1585 4163 sunt
1626 4126 1835 4180 operum
1868 4114 2003 4183 ejus;

415 4212 515 4250 non
544 4197 899 4251 sustinuerunt
928 4199 1203 4252 consilium
1233 4203 1365 4272 ejus.
1401 4201 1815 4257 Festinaverunt
1863 4205 2005 4261 beati

416 4288 533 4343 ﬁeri
588 4287 977 4357 temporalibus
1028 4289 1227 4355 rebus,
1284 4301 1338 4345 et
1394 4292 1563 4361 magis
1616 4295 2004 4362 concupierunt

414 4376 707 4446 prmsentia
733 4394 891 4448 quam
922 4378 1093 4433 futura
1120 4397 1131 4432 :
1159 4396 1278 4434 eum
1302 4380 1584 4436 debuerint
1602 4382 1669 4437 de
1694 4385 1854 4439 tantis
1873 4401 1998 4455 erga

2114 3186 2384 3256 frangeret
2415 3188 2546 3241 iram
2588 3188 2682 3242 Dei
2717 3206 2728 3242 :
2760 3187 2853 3243 sed
2889 3189 2941 3243 in
2970 3190 3120 3260 plaga
3145 3204 3251 3261 qua
3280 3201 3437 3246 erant
3464 3192 3538 3247 illi
3566 3208 3693 3247 eon—

2110 3281 2344 3343 terendi,
2378 3281 2429 3333 in
2462 3296 2564 3350 qua
2592 3280 2805 3353 Moyses
2832 3282 3029 3351 objecit
3068 3284 3303 3352 seipsum
3355 3299 3451 3353 pro
3478 3285 3580 3339 eis.
3630 3286 3691 3339 Et

2109 3372 2536 3426 demonstratum
2575 3382 2658 3426 est
2695 3383 2953 3442 quantum
3000 3388 3099 3445 pro
3130 3375 3288 3431 malis
3327 3375 3511 3431 valeat
3552 3378 3693 3445 apud

2111 3462 2397 3516 Dominum
2436 3474 2745 3518 sanctorum
2793 3465 3131 3519 intercessio.
3181 3463 3248 3521 Ut
3290 3478 3534 3521 averteret
3560 3469 3691 3520 iram

2107 3554 2237 3621 ejus,
2271 3569 2334 3608 ne
2368 3555 2677 3623 disperderet
2708 3571 2791 3609 eos
2814 3572 2833 3609 :
2858 3564 2907 3609 et
2951 3573 3043 3623 pro
3074 3557 3237 3609 nihilo
3269 3558 3555 3612 habuerunt
3585 3567 3690 3613 ter-

2106 3662 2214 3698 ram
2244 3647 2654 3711 desiderabilem,
2704 3664 2794 3701 nec
2839 3649 3345 3703 credideruntverbis
3371 3650 3501 3721 ejus.
3535 3651 3692 3704 Nullo

2106 3736 2267 3791 modo
2298 3738 2386 3792 isti
2433 3737 2804 3807 culparentur,
2850 3741 2973 3809 quia
3024 3755 3119 3810 pro
3169 3741 3334 3795 nihi'o
3387 3742 3693 3797 habuerunt

2108 3838 2328 3896 terram,
2355 3830 2512 3899 cujus
2536 3831 2831 3897 temporale
2854 3847 3075 3901 regnum
3100 3834 3258 3886 etiam
3283 3848 3381 3886 nos
3403 3849 3501 3903 pro
3526 3833 3693 3888 nihilo

2106 3918 2307 3975 habere
2336 3920 2622 3975 debemus:
2662 3922 2762 3976 nisi
2795 3930 2937 3977 terra
2966 3923 3051 3977 illa
3079 3939 3198 3993 quae
3219 3922 3493 3977 dicebatur
3518 3923 3692 3977 ﬂuens

2106 4011 2186 4067 lac
2218 4022 2272 4066 et
2303 4014 2405 4068 mel
2430 4014 2624 4081 (Exod.
2650 4030 2728 4077 ιιι,
2756 4016 2836 4081 8),
2865 4017 3037 4083 magni
3062 4019 3381 4073 sacramenti
3412 4018 3695 4073 habuisset

2104 4103 2570 4173 signiﬁcationem.
2604 4105 2755 4171 Quod
2801 4122 2908 4160 non
2939 4107 3321 4173 intelligentes,
3353 4122 3451 4161 nec
3480 4109 3691 4164 deside-

2102 4208 2306 4262 rantes,
2337 4196 2430 4251 sed
2460 4199 2513 4251 in
2545 4199 2775 4252 terrenis
2806 4205 3013 4252 tantum
3041 4199 3351 4254 felicitatem
3376 4216 3527 4254 suam
3555 4217 3690 4254 eon-

2104 4290 2416 4359 stituentes,
2443 4305 2550 4344 non
2584 4291 2931 4344 crediderunt
2953 4291 3133 4345 verbis
3158 4291 3287 4356 Dei;
3320 4304 3372 4346 et
3398 4306 3494 4361 pro
3522 4292 3692 4346 nihilo

2110 4381 2412 4436 habuerunt
2456 4391 2651 4436 terram
2700 4381 3139 4447 desiderabilem,
3187 4380 3239 4435 id
3284 4390 3386 4448 est,
3432 4391 3690 4436 aeternam

413 4482 474 4522 se
504 4467 783 4523 beneficiis
812 4469 1131 4540 intelligere,
1180 4470 1323 4542 quod
1371 4473 1436 4526 ad
1486 4472 1715 4543 aliquam
1749 4478 1865 4532 sine
1896 4477 2001 4532 line
2026 4458 2076 4517 υ
2103 4482 2262 4542 atque
2292 4474 2590 4528 cmlestcm-

413 4560 803 4617 beatitudinem
845 4572 1189 4618 vocarentur.

386 4656 389 4657 ⁷
492 4652 513 4721 (
528 4650 683 4707 Vers.
710 4650 824 4722 14.)
848 4653 1223 4723 Concupierunt
1249 4657 1684 4726 concupiscentias
1709 4659 1757 4711 in
1780 4660 1999 4727 deserto,

412 4751 458 4794 et
483 4750 799 4796 tentaverunt
825 4742 1100 4796 Dominum
1135 4745 1185 4797 in
1209 4746 1479 4814 inaquoso.
1500 4746 1651 4800 Talis
1674 4749 1871 4803 locutio
1893 4762 1999 4818 est,

412 4831 815 4900 Concupierunt
857 4834 1350 4903 concupiscentiam
1370 4878 1385 4904 ,
1418 4838 1589 4907 qualis
1620 4847 1703 4894 est
1731 4841 1996 4909 superior,

408 4925 797 4980 Laudaverunt
824 4924 1058 4979 laudem.

481 5016 674 5087 (Vers.
708 5013 831 5086 15.)
868 5015 931 5069 Et
970 5017 1109 5070 dedit
1141 5017 1211 5069 eis
1254 5019 1518 5087 patitiones
1549 5035 1746 5086 eorum,
1778 5030 1828 5075 et
1865 5022 2001 5076 misit

409 5108 733 5161 saturitatem
761 5108 811 5161 in
841 5109 1066 5161 animam
1087 5124 1280 5162 eorum.
1312 5110 1557 5162 Animam
1589 5110 1690 5165 hoc
1717 5111 1864 5177 loco,
1894 5128 1999 5166 non

484 5313 509 5340 ι
544 5304 792 5359 Fortasse
820 5303 1109 5372 scripserat
1141 5303 1196 5358 S.
1230 5302 1483 5372 Prosper,
1517 5312 1572 5356 ut
1605 5304 1657 5357 in
1690 5303 1990 5372 Augustino

412 5373 626 5442 legitur,
648 5375 927 5430 secundum
954 5375 1007 5427 id
1031 5374 1169 5443 quod
1198 5375 1429 5427 animans
1456 5389 1642 5441 corpus
1671 5374 1865 5427 animal
1907 5376 1990 5443 fa-

412 5444 477 5494 cit
502 5459 519 5496 :
542 5460 661 5498 cum
684 5448 861 5499 statim
882 5445 948 5498 de
971 5445 1186 5498 animali
1215 5443 1543 5513 subjungens
1565 5445 1731 5508 dicat,
1754 5445 1821 5497 ad
1844 5453 1993 5514 cujus

411 5515 649 5567 animalis
671 5517 1109 5568 sustentationem.
1142 5514 1258 5569 Non
1290 5518 1613 5570 mutavimus
1636 5524 1834 5576 tamen,
1867 5516 1993 5583 quia

414 5601 517 5637 non
555 5584 801 5638 favebant
834 5585 962 5638 editi
1000 5586 1204 5652 nostri,
1247 5600 1345 5640 nec
1383 5601 1575 5642 sensus
1601 5586 1777 5642 omnis
1804 5585 1993 5641 aberat

411 5669 441 5706 a
476 5653 704 5709 lcetione
731 5654 907 5708 solita.

2177 4564 2366 4635 (Vers.
2395 4564 2623 4633 35-23.)
2658 4564 2727 4618 Et
2770 4574 3214 4619 murmuraverunt
3255 4564 3312 4618 in
3351 4562 3693 4617 tabernaculis

2102 4657 2227 4719 suis,
2262 4670 2362 4708 non
2391 4656 2730 4707 exaudierunt
2762 4670 2930 4707 vocem
2960 4654 3189 4707 Domini.
3240 4652 3306 4707 Et
3334 4653 3537 4706 eleuarit
3570 4669 3685 4704 ma-

2103 4763 2225 4798 rtum
2254 4761 2401 4798 suam
2431 4761 2586 4813 super
2612 4761 2717 4813 cos,
2751 4754 2804 4798 ut
2834 4754 3171 4813 prosterneret
3212 4760 3297 4797 eos
3345 4745 3398 4796 in
3444 4744 3643 4796 deserto
3670 4759 3690 4797 :

2106 4834 2173 4890 Et
2201 4837 2442 4907 dejiceret
2471 4851 2640 4890 semen
2676 4852 2853 4890 eorum
2874 4836 2928 4889 in
2955 4836 3269 4899 nationibus,
3301 4844 3346 4888 et
3378 4834 3693 4904 dispergeret

2102 4946 2187 4985 eos
2216 4931 2266 4982 in
2292 4930 2543 5001 gentibus.
2574 4927 2640 4982 Et
2670 4929 2953 4982 consecrati
2976 4938 3092 4980 sunt
3119 4925 3409 4997 Belpltegor
3430 4968 3446 4992 ,
3478 4938 3520 4978 et
3546 4942 3694 4976 man.

2106 5024 2418 5075 ducnverunt
2447 5021 2702 5090 sacriﬁcia
2733 5030 3067 5076 mortuorum.
3109 5017 3175 5071 Et
3204 5020 3533 5072 irritaverant
3570 5031 3692 5069 enm

2108 5114 2163 5166 in
2187 5112 2629 5167 adinventionibus
2657 5111 2784 5177 suis,
2808 5120 2854 5165 et
2876 5110 3220 5180 multiplicata
3243 5118 3316 5163 est
3338 5112 3390 5161 in
3419 5110 3490 5162 eis
3510 5108 3687 5159 ruina.

2167 5305 2196 5346 δ
2226 5307 2365 5362 Editi
2397 5307 2631 5375 simplici
2654 5308 2841 5374 verbo,
2869 5308 3088 5378 aperuit.
3123 5306 3385 5363 Substitui
3419 5308 3694 5374 Composi—

2098 5385 2231 5443 tum,
2262 5379 2636 5449 supemperujt,
2664 5380 2807 5447 cogit
2831 5377 3098 5445 expositio
3120 5380 3472 5447 subsequens.

2172 5458 2195 5486 ο
2228 5447 2536 5516 δίοιηςάη
2561 5447 2787 5510 Lovan.,
2824 5449 2984 5501 Dnac.
3010 5459 3063 5501 et
3090 5449 3308 5507 Coton.,
3334 5463 3428 5515 pro
3454 5447 3696 5512 confrin.

2100 5528 2233 5589 geret
2260 5534 2280 5572 :
2307 5519 2463 5586 cujus
2493 5518 2617 5572 loco
2645 5519 2972 5589 posteriores
3005 5518 3248 5589 ~editores
3279 5531 3505 5585 posuere
3546 5516 3697 5585 freno

2102 5587 2258 5657 geret,
2293 5589 2435 5657 quod
2467 5589 2659 5658 legitur
2685 5588 2846 5645 etiam
2878 5587 3019 5657 apud
3047 5588 3428 5659 Augustinum.
