4030 6178
302 250 399 310 505

1086 246 1510 305 PSALMORUM
1548 246 1593 299 A
1630 244 1671 298 C
1711 242 1803 297 AD
1840 238 1924 294 CL
1963 234 2344 292 EXPOSITIO.
2387 232 2583 291 PSAL.
2624 230 2735 287 CV.

3450 225 3556 283 306

299 371 566 433 Suspenss
593 362 767 418 fuerat
805 362 888 417 ira
923 361 1165 432 justitire,
1194 372 1249 417 et
1287 364 1342 416 in
1373 368 1688 428 peccatores
1713 355 1879 409 dilata
1907 355 1955 413 Α
1984 352 2092 405 nati
2120 358 2237 403 sunt
2264 364 2441 403 eorum
2467 346 2555 417 qui
2577 347 2792 400 oderunt
2832 358 2938 397 eos.
2966 340 3036 396 Et
3082 338 3447 395 tribulavorunt
3472 356 3558 394 eos

300 454 556 510 vindicta.
577 453 683 509 Sed
726 463 910 523 postea
938 468 1096 522 quam
1124 459 1582 507 consecraverunt
1605 464 1664 503 se
1693 447 1875 509 idolis,

296 558 347 601 et
378 545 843 600 manducavcruut
900 543 1161 598 sacriﬁcia
1209 542 1368 613 ἀοι
1419 550 1782 601 mortuorum,
1824 535 1876 590 id

296 651 395 701 est,
414 654 537 708 quas
559 637 787 693 mortuis
805 637 1113 691 hominibus
1133 636 1511 697 immolabant;
1536 628 1878 685 fornicationi

296 745 508 799 quoque
532 730 959 797 alienigenarum
1004 727 1288 782 mulierum
1319 727 1671 790 miscuerunt,
1698 722 1881 776 multi-

301 826 491 889 plicata
531 836 611 876 εει
635 823 688 875 in
718 822 799 876 eis
834 821 1009 887 ruina,
1040 830 1099 873 ut
1122 821 1191 874 ob
1219 827 1561 889 augmentum
1589 816 1879 871 criminum

298 914 517 982 gtavius
563 922 927 966 vastarentur.
974 911 1033 965 In
1088 926 1191 980 qua
1250 912 1547 963 vastatione
1599 907 1880 961 Dominum

302 1006 533 1059 Phinees
555 1004 808 1058 sacerdos
838 1003 1109 1073 placavit:
1140 1002 1263 1069 quia
1307 1001 1604 1055 masculum
1644 1008 1697 1052 et
1729 996 1885 1051 temi-

300 1112 445 1163 nam,
474 1097 526 1148 in
546 1094 834 1163 complexu
862 1093 1166 1147 adulterino
1181 1092 1566 1161 deprehensos,
1586 1090 1784 1157 pariter
1803 1087 1884 1141 in-

302 1186 548 1250 teremit;
580 1195 634 1240 et
651 1186 962 1254 deputatum
976 1194 1058 1239 est
1085 1184 1187 1239 hoc
1205 1185 1252 1239 ei
1277 1184 1341 1237 ad
1364 1181 1789 1250 justitiam,quia
1805 1179 1885 1233 vi-

301 1279 369 1333 dit
396 1278 658 1330 Dominus
675 1276 814 1341 quod
842 1276 941 1329 hoc
968 1274 1131 1328 totius
1160 1273 1339 1343 populi
1368 1274 1629 1327 charitate
1643 1270 1881 1323 fecisset.

367 1374 384 1434 (
418 1367 576 1423 Vers.
608 1365 835 1429 50-55.)
864 1365 929 1418 Et
974 1368 1107 1420 stetit
1148 1364 1365 1418 Pltinees
1390 1404 1406 1429 ,
1455 1374 1502 1417 et
1538 1362 1793 1433 placavit;
1843 1369 1888 1413 et

302 1458 515 1513 cessavit
544 1457 833 1527 quassatio.
866 1456 931 1508 Et
958 1463 1249 1525 reputatum
1283 1463 1357 1508 est
1397 1454 1444 1508 ei
1467 1454 1534 1507 ad
1552 1453 1812 1526 justitiam
1832 1451 1886 1505 in

302 1550 626 1621 generatione
671 1559 719 1602 et
762 1547 1165 1617 generationem,
1198 1563 1356 1613 usque
1403 1548 1455 1599 in
1501 1546 1882 1615 sempiternum.

306 1643 366 1695 Et
400 1642 730 1695 irritaverant
750 1653 866 1693 eum
886 1638 953 1689 ad
977 1654 1162 1707 aquam
1193 1637 1632 1705 contradictionis,
1664 1644 1709 1689 et
1732 1650 1889 1689 vexa-

1980 445 2175 499 inimici
2223 458 2398 496 eorum
2423 456 2442 494 :
2488 438 2746 492 humiliati
2772 446 2889 491 sunt
2934 435 3028 490 sub
3071 434 3306 488 manibus
3349 447 3549 487 eorum.

1981 536 2204 605 Quando
2233 549 2328 591 eos
2360 533 2725 588 haereditatem
2757 528 2854 584 Dei
2882 536 3062 592 vocat,
3087 541 3193 581 non
3217 525 3283 579 ad
3310 523 3559 593 perditio-

1983 648 2129 696 nem,
2154 631 2245 686 sed
2269 630 2334 683 ad
2362 626 2701 693 disciplinam
2726 623 2843 677 haec
2867 619 3196 677 abominatio
3227 617 3348 672 fuit.

2052 726 2069 789 (
2108 722 2264 777 Vers.
2296 716 2535 785 43-45.)
2574 717 2724 787 Saepe
2780 714 3010 769 liberavit
3061 726 3190 767 eos:
3230 711 3333 783 ipsi
3389 719 3561 763 autem

1983 812 2410 867 exacerbaverunt
2438 824 2553 863 eum
2572 810 2623 860 in
2655 805 2872 860 consilio
2901 819 3016 858 suo.
3050 802 3416 857 Perniciosum
3435 814 3563 853 con-

1983 903 2160 957 silium
2189 911 2272 955 est
2300 900 2531 953 hominis
2560 897 2661 966 ipsi
2712 894 2938 959 homini,
2986 909 3093 963 quo
3136 908 3197 947 ea
3223 892 3414 962 quaerit
3444 906 3563 959 qua:

1984 1012 2078 1050 sua
2106 1003 2250 1062 sunt,
2289 1010 2392 1047 non
2424 1008 2542 1062 qum
2571 991 2663 1045 Dei
2690 1007 2703 1055 ;
2737 1002 2787 1044 et
2818 989 2939 1043 ideo
2962 987 3254 1042 exacerbat
3278 984 3564 1041 consilium

1984 1088 2105 1152 Dei,
2132 1088 2219 1156 qui
2248 1086 2483 1153 seipsmn
2512 1082 2623 1137 suis
2660 1080 2921 1150 promittit
2951 1078 3341 1143 hatreditatcm,
3372 1085 3429 1129 ut
3456 1089 3563 1128 non

1990 1178 2379 1247 temporalibus
2411 1175 2551 1231 beati
2587 1172 2702 1227 ﬁeri
2731 1174 2969 1241 cupiant,
2994 1169 3086 1224 sed
3115 1169 3353 1222 aeternis.
3379 1166 3444 1219 Et
3469 1165 3564 1217 ltu-

1986 1271 2170 1326 miliati
2199 1279 2317 1324 sunt
2343 1270 2397 1322 in
2436 1267 2791 1338 iniquitatibus
2830 1265 2957 1318 suis.
2988 1261 3056 1315 Et
3084 1262 3210 1315 vidit
3240 1275 3355 1311 cum
3406 1258 3566 1310 tribu-

1987 1366 2239 1427 larentur,
2280 1377 2397 1414 cum
2450 1358 2654 1412 audiret
2692 1357 2975 1409 orationem
3020 1366 3214 1404 eorum.
3259 1349 3327 1404 Et
3375 1364 3566 1401 memor

1988 1458 2084 1524 fuit
2114 1453 2400 1508 testamenti
2430 1451 2512 1504 sui
2546 1466 2563 1515 ;
2591 1458 2637 1503 et
2660 1446 2894 1518 panituit
2924 1461 3036 1498 cum
3072 1442 3349 1496 secundum
3394 1439 3567 1492 multi-

1988 1548 2215 1600 tudinem
2244 1540 2611 1597 misericordia:
2636 1555 2762 1594 suae.
2788 1535 3068 1600 Ptenituit,
3096 1534 3292 1587 dictum
3318 1540 3420 1595 est,
3444 1530 3568 1599 quia

1990 1641 2312 1693 sententiam
2343 1651 2445 1705 qua
2477 1650 2568 1687 eos
2607 1631 2890 1701 puniturus
2919 1627 3200 1682 videbatur
3254 1623 3306 1679 iu
3357 1621 3570 1676 miseri-

303 1744 381 1788 tus
411 1745 487 1786 est
520 1731 727 1801 Moyses
752 1742 959 1797 propter
1012 1746 1099 1783 eos
1124 1745 1142 1783 :
1170 1732 1292 1800 quia
1330 1728 1752 1783 exacerbaverunt
1774 1726 1884 1795 spi-
1920 1714 1965 1773 Β
1991 1731 2227 1784 cordiam
2260 1727 2413 1781 vertit
2441 1740 2455 1778 :
2489 1723 2627 1792 quod
2653 1722 2794 1775 Deus
2823 1720 2940 1775 sine
2965 1715 3387 1771 commutatione
3436 1726 3569 1765 con-

304 1826 454 1877 ritum
486 1826 619 1894 ejus.
647 1819 715 1875 Et
756 1822 988 1874 distinxit
1011 1821 1063 1873 in
1092 1820 1240 1873 labiis
1259 1822 1387 1873 suis.
1418 1820 1648 1875 Sanctus
1677 1818 1886 1888 Moyses

305 1915 649 1985 perturbatus
701 1928 980 1966 murmure
1024 1912 1201 1980 populi
1232 1954 1245 1978 ,
1279 1927 1384 1963 non
1430 1914 1599 1964 tenuit
1631 1909 1882 1962 ﬁduciam

305 2006 517 2075 qualem
569 2004 778 2069 debuit,
803 2012 860 2057 et
890 2002 1203 2057 dubitanter
1252 2012 1457 2071 petram
1487 2003 1631 2070 virga
1666 2015 1887 2066 percus-

305 2099 391 2161 sit,
427 2094 761 2163 distinguens
805 2094 907 2147 ltoc
936 2093 1249 2146 miraculum
1279 2107 1307 2145 a
1338 2093 1573 2157 caeteris,
1600 2091 1754 2161 quasi
1779 2106 1883 2145 non

306 2196 509 2253 posset,
561 2187 648 2254 qui
702 2193 897 2239 caetera
953 2183 1175 2247 fecerat,
1230 2184 1392 2237 etiam
1455 2183 1594 2236 istud
1644 2181 1883 2237 efﬁcere.

307 2280 440 2335 llinc
476 2295 607 2353 ergo
636 2279 830 2334 meruit
870 2280 1012 2347 prior
1060 2280 1216 2345 mori,
1248 2293 1406 2347 quam
1450 2286 1647 2332 terram
1697 2292 1885 2346 repro-

308 2372 581 2426 missionis
605 2371 849 2426 intraret.
882 2371 976 2427 Cui
1006 2380 1187 2425 tamen
1232 2371 1370 2425 Deus
1401 2380 1667 2439 tamquam
1715 2371 1889 2425 electo

308 2479 421 2529 suo,
458 2464 622 2518 etiam
670 2471 791 2531 post
832 2471 1078 2527 mortem,
1108 2462 1305 2517 bonum
1348 2462 1594 2530 perhibet
1643 2462 1888 2516 testimo—

310 2554 457 2606 nium
493 2570 505 2605 :
543 2561 600 2605 ut
631 2552 991 2622 intelligamus
1045 2567 1168 2607 eum
1220 2552 1381 2621 hujus
1424 2562 1631 2606 tantum
1664 2552 1893 2607 haeredi-

314 2646 435 2700 tatis
471 2644 771 2712 privatione
798 2645 1138 2707 mulctatum,
1165 2659 1269 2698 non
1303 2654 1478 2698 autem
1509 2646 1647 2699 illius
1675 2656 1893 2699 aeternae

308 2751 468 2805 quam
500 2735 835 2805 signiﬁcabat
862 2737 1173 2804 temporalis
1204 2744 1259 2790 et
1286 2744 1493 2790 terrena
1523 2738 1816 2806 possessio.

379 2826 590 2895 (Vers.
632 2826 854 2895 5456.)
888 2826 1011 2880 Non
1053 2827 1471 2897 disperdiderunt
1520 2838 1715 2899 gentes,
1765 2844 1895 2895 quas

308 2920 437 2973 dixit
472 2918 719 2972 Dominus
748 2919 871 2973 illis.
901 2918 1175 2974 Commia‘ti
1220 2929 1341 2973 sunt
1386 2938 1501 2975 cum
1544 2922 1795 2991 gentibus,
1845 2932 1895 2975 et

308 3012 603 3064 didicerunt
626 3026 781 3077 apera
808 3026 1024 3065 eorum:
1054 3021 1100 3065 et
1125 3014 1405 3066 servierunt
1444 3014 1767 3081 sculptilibus
1811 3030 1895 3067 eo-

308 3118 443 3163 rum,
480 3113 529 3156 et
573 3107 767 3172 factum
816 3113 888 3156 est
929 3104 1032 3157 illis
1082 3105 1135 3157 in
1177 3105 1507 3159 scandalum.
1561 3106 1718 3169 lllttd,
1750 3106 1890 3174 quod
1922 3083 1968 3147 δ

309 3200 502 3259 gentes
558 3206 664 3245 non
718 3191 1179 3262 disperdiderunt,
1230 3206 1284 3248 et
1334 3194 1473 3264 quod
1522 3197 1602 3251 eis
1648 3198 1896 3265 permixti

310 3290 457 3347 sunt,
495 3280 697 3337 factum
722 3291 804 3336 est
829 3283 932 3336 illis
957 3284 1008 3336 in
1040 3284 1371 3337 scandalum.

379 3373 397 3443 (
434 3371 602 3426 Vers.
632 3370 817 3427 57-59.
844 3371 861 3442 )
892 3371 955 3425 Et
978 3374 1365 3428 immolaverunt
1391 3376 1525 3443 ﬁlios
1552 3393 1670 3431 suos
1696 3388 1744 3432 et
1763 3377 1900 3447 ﬁlias

308 3479 429 3516 suas
458 3463 753 3517 dwmoniis.
790 3461 857 3516 Et
886 3464 1175 3531 effuderunt
1226 3469 1530 3539 sanguinem
1556 3470 1896 3540 innocentem,

309 3555 622 3623 sanguinem
652 3554 881 3622 ﬁliorum
921 3571 1132 3609 suorum
1175 3566 1223 3611 et
1250 3558 1481 3627 ﬁliarum
1503 3577 1738 3629 suarum,
1772 3578 1901 3631 quas

308 3645 1081 3715 sacriﬁcaveruntsculptilibus
1112 3646 1381 3702 Chanaan.
1420 3651 1655 3704 Historia
1686 3653 1899 3718 quidem

314 3736 513 3790 talium
551 3736 1052 3792 sacriﬁciornmnon
1084 3740 1360 3805 meminit;
1388 3742 1481 3795 sed
1511 3758 1670 3795 nemo
1696 3743 1904 3796 dubitet

309 3830 588 3895 psalmum
642 3842 765 3881 vera
818 3844 1056 3884 narrare.
1101 3831 1167 3885 Et
1216 3833 1483 3902 interfecta
1536 3841 1608 3886 est
1663 3844 1800 3886 terra
1850 3836 1903 3887 in

307 3919 661 3990 sanguinibus
692 3961 708 3983 ,
752 3929 799 3971 et
853 3922 1196 3975 contaminata
1236 3931 1308 3976 est
1334 3924 1384 3974 in
1429 3923 1666 3993 operibus
1703 3940 1899 3977 eorum.

306 4007 559 4078 Tropica
589 4009 788 4063 locutio
810 4017 912 4074 est,
932 4027 1035 4079 qua
1065 4013 1397 4080 signiﬁcatur
1426 4029 1520 4082 per
1544 4014 1591 4067 id
1618 4014 1757 4083 quod
1782 4032 1905 4068 con-

307 4100 446 4155 tinet
512 4102 561 4153 id
614 4102 755 4169 quod
829 4106 1171 4169 continetur;
1233 4106 1372 4160 sicut
1419 4106 1649 4161 dicimus
1708 4107 1901 4161 malam

304 4194 544 4245 domum
564 4194 615 4244 in
643 4207 744 4261 qua
770 4196 890 4247 mali
918 4194 1183 4261 habitant,
1213 4205 1266 4249 et
1297 4197 1488 4250 bonam
1523 4198 1574 4250 in
1613 4214 1713 4267 qua
1750 4198 1901 4252 boni.

306 4294 330 4320 ⁶
368 4284 671 4340 Interfecta
704 4301 831 4355 ergo
862 4294 1001 4341 terra
1036 4288 1086 4341 in
1129 4290 1502 4357 sanguinibus,
1535 4306 1655 4342 cum
1684 4289 1785 4358 ἱρμὶ
1814 4290 1905 4360 qui

304 4391 427 4430 eam
484 4376 753 4444 habitant,
806 4377 1067 4433 interfecti
1100 4390 1223 4432 sunt
1272 4382 1323 4433 in
1356 4384 1587 4434 animam
1636 4391 1690 4435 et
1719 4393 1905 4436 conta-

1988 1822 2091 1875 silii
2116 1821 2197 1873 sui
2223 1818 2370 1871 facit.
2401 1816 2554 1882 Quia,
2582 1813 2684 1868 etsi
2714 1810 2853 1880 apud
2885 1823 2986 1863 nos
3014 1807 3255 1876 quaedam
3284 1804 3460 1873 ipsius
3483 1803 3571 1871 ju-

1988 1915 2124 1969 dicia
2156 1923 2207 1967 et
2236 1926 2401 1979 opera
2428 1910 2721 1970 variantur,
2760 1904 2899 1974 apud
2921 1904 3090 1973 ipsum
3117 1911 3293 1954 tamen
3326 1896 3566 1952 omnium

1990 2021 2166 2059 rerum
2207 2007 2382 2057 exitus
2427 2000 2827 2069 przescientem,
2875 1994 3007 2048 nihil
3039 2006 3175 2047 nova
3215 1989 3569 2061 dispositione

1988 2096 2181 2164 agitur,
2207 2094 2295 2163 qui
2327 2091 2450 2145 fecit
2478 2105 2596 2160 quze
2636 2087 2810 2142 futura
2840 2094 2983 2140 sunt.
3012 2084 3144 2139 Cum
3176 2096 3303 2151 ergo
3337 2080 3569 2152 paenituit

1988 2204 2104 2241 eum
2150 2186 2429 2240 secundum
2474 2182 2855 2237 multitudinem
2884 2176 3246 2232 misericordia:
3292 2189 3418 2239 sum,
3470 2174 3572 2227 hoc

1993 2281 2119 2335 fecit
2146 2281 2285 2350 quod
2315 2279 2675 2345 diSposucrat,
2708 2284 2763 2328 ut
2810 2271 3133 2327 concederet
3158 2268 3297 2337 quod
3330 2281 3389 2321 se
3437 2282 3570 2321 con-

1989 2386 2266 2427 cessurum
2307 2385 2424 2424 esse
2450 2367 2775 2437 pratscierat.

2064 2464 2249 2535 (Vers.
2276 2463 2345 2519 46
2366 2464 2404 2529 ).
2442 2460 2508 2514 Ει
2539 2461 2679 2514 dedit
2718 2475 2803 2513 eos
2831 2459 2885 2511 in
2916 2455 3314 2520 misericordias,
3356 2454 3408 2505 in
3443 2468 3571 2505 con-

1992 2566 2168 2621 spectu
2206 2555 2432 2608 omnium
2460 2553 2546 2621 qui
2574 2560 2809 2618 ceperant
2838 2565 2939 2602 eos.
2980 2548 3124 2600 Bene
3157 2545 3259 2599 hoc
3285 2545 3348 2597 ad
3381 2556 3575 2595 omnes

1994 2650 2132 2702 ﬁlios
2146 2646 2520 2717 promissionis
2533 2644 2844 2708 referretur,
2866 2638 3306 2709 quiredimuntur
3336 2650 3429 2701 per
3452 2649 3576 2688 san-

1995 2740 2228 2808 guinem,
2284 2746 2340 2792 et
2384 2746 2646 2791 eruuntur
2679 2735 2744 2787 de
2779 2740 3044 2802 potestate
3093 2729 3433 2784 tenebrarum
3467 2746 3480 2781 :
3515 2736 3575 2780 ut

1996 2832 2315 2900 resipiscam
2363 2830 2428 2883 de
2468 2827 2667 2882 diaboli
2725 2825 2948 2895 laqueis,
2981 2839 3007 2875 a
3038 2836 3143 2890 quo
3186 2820 3440 2887 captivati
3494 2828 3576 2871 te-

1998 2933 2216 2991 nentur,
2252 2921 2315 2974 ad
2342 2920 2510 2989 ipsius
2543 2915 2907 2983 voluntatem(
2940 2912 2981 2966 Il
3010 2911 3148 2966 Tim.
3184 2910 3334 2970 11.96
3367 2910 3405 2978 ).

2071 3015 2252 3085 (Vers.
2271 3014 2359 3075 47,
2379 3011 2496 3081 48.)
2530 3008 2714 3063 Salvos
2738 3008 2818 3075 fac
2842 3022 2952 3069 nos,
2984 3003 3198 3057 Domine
3220 3000 3354 3055 Deus
3382 3008 3575 3065 noster;

1999 3120 2042 3161 et
2070 3124 2317 3176 congrega
2354 3121 2443 3158 nos
2467 3104 2529 3157 de
2558 3102 2844 3155 nationibus
2871 3115 2889 3151 :
2921 3107 2973 3149 ut
3005 3095 3339 3162 conﬁteamur
3381 3092 3577 3143 nomini

1999 3210 2177 3254 sancto
2204 3210 2307 3262 tuo,
2355 3209 2398 3250 et
2429 3195 2777 3269 gloriemurin
2804 3192 2957 3244 laude
2983 3199 3087 3242 tuo.
3126 3187 3430 3240 Denedicms
3468 3184 3577 3236 Do-

2000 3294 2165 3344 minus
2217 3289 2350 3344 Dtus
2397 3288 2565 3342 Israel
2609 3304 2639 3339 a
2681 3286 2868 3339 sa'culo
2914 3293 2961 3337 σε
3005 3298 3163 3349 usque
3195 3280 3250 3333 in
3289 3278 3576 3343 scutulam;

2002 3386 2052 3440 id
2086 3396 2187 3449 est,
2220 3385 2287 3438 ab
2316 3396 2518 3438 :eterno
2559 3397 2726 3451 usque
2770 3382 2821 3432 in
2866 3387 3148 3431 :rternum.
3176 3374 3309 3439 Quia
3332 3372 3449 3428 sine
3477 3374 3581 3426 ﬁne

2003 3479 2305 3533 laudabitur
2334 3476 2402 3530 ab
2444 3478 2520 3530 eis
2551 3475 2617 3527 de
2653 3474 2853 3542 quibus
2872 3469 3083 3531 dicitur,
3110 3465 3270 3538 403
3318 3464 3465 3518 Beati
3492 3467 3581 3535 qui

2002 3570 2230 3622 habitant
2282 3569 2335 3621 in
2357 3568 2505 3620 domo
2534 3575 2645 3630 tua,
2678 3563 2896 3617 Domine
2916 3580 2933 3615 :
2956 3565 3009 3616 in
3040 3563 3225 3617 srecula
3272 3560 3579 3615 saeculorum

2003 3662 2283 3714 laudabunt
2328 3668 2373 3712 te
2422 3658 2609 3728 (Psal.
2642 3672 2871 3719 mxxm,
2902 3655 2935 3710 5
2965 3654 3005 3725 ).
3041 3655 3188 3709 Tunc
3245 3654 3388 3707 enim
3424 3650 3581 3720 perﬁ-

2003 3751 2176 3804 cietur
2201 3750 2341 3814 quod
2375 3749 2424 3801 in
2464 3747 2762 3815 primordio
2805 3745 2991 3813 psalmi
3039 3744 3199 3812 hujus
3227 3750 3436 3795 oratum
3470 3748 3579 3803 est,

2007 3840 2260 3895 Memento
2304 3838 2487 3902 nostri,
2532 3836 2769 3900 Domine,
2816 3838 2868 3888 in
2899 3835 3211 3906 beneplacito
3260 3833 3435 3904 populi
3461 3834 3535 3885 tui
3562 3847 3581 3886 :

2006 3931 2153 3985 visita
2182 3946 2272 3982 nos
2301 3929 2354 3981 in
2381 3927 2595 3981 salutari
2630 3934 2751 3979 tuo:
2779 3923 3143 3978 Advidendum
3168 3924 3222 3977 in
3248 3924 3469 3977 bonitate
3482 3924 3582 3976 ele-

2007 4030 2202 4074 ctorttm
2233 4028 2457 4083 tuorum,
2484 4019 2552 4071 ad
2581 4016 2861 4071 lwtandum
2893 4017 2944 4068 in
2972 4016 3152 4071 lcetitia
3192 4016 3357 4089 gentis
3379 4025 3499 4080 tute,
3526 4022 3583 4068 ut

2004 4111 2233 4165 lauderis
2286 4126 2399 4163 cum
2438 4108 2736 4163 htereditate
2767 4117 2873 4161 tua.
2900 4106 3015 4162 Non
3060 4107 3205 4162 enim
3239 4107 3307 4162 de
3330 4107 3582 4176 gentibus

2006 4204 2148 4259 Solos
2199 4211 2489 4273 congregat
2533 4216 2663 4256 oves
2704 4216 2823 4271 qua:
2872 4200 3152 4269 perierunt
3176 4200 3368 4253 domus
3415 4199 3583 4253 Israel

2007 4296 2025 4364 (
2054 4294 2243 4348 Matth.
2276 4311 2330 4357 χ,
2359 4294 2471 4363 6);
2501 4294 2594 4347 sed
2626 4292 2788 4346 etiam
2830 4291 2947 4346 illas
2969 4308 3085 4360 qua:
3114 4307 3216 4345 non
3234 4300 3359 4344 sunt
3388 4290 3455 4345 de
3477 4290 3581 4345 hoc

2010 4385 2134 4439 ovili
2165 4383 2346 4445 (Joan.
2379 4400 2434 4445 ι,
2471 4383 2596 4452 16);
2629 4393 2687 4436 ut
2715 4383 2785 4436 sit
2808 4398 2944 4436 unus
2965 4397 3117 4452 grex,
3149 4392 3207 4435 ut
3247 4381 3445 4436 dictum
3478 4392 3582 4441 est.

303 4468 508 4520 minati
568 4468 621 4520 in
664 4468 917 4533 Operibus
947 4470 1076 4523 suis.
1119 4469 1280 4541 402
1325 4469 1390 4523 Ει
1417 4472 1660 4541 fornicati
1696 4483 1812 4527 sunt
1846 4475 1901 4527 in
1930 4456 1981 4514 D
2007 4485 2059 4530 et
2090 4491 2225 4530 unus
2256 4485 2437 4543 pastor
2471 4476 2489 4545 (
2518 4473 2711 4527 Ibidem
2733 4474 2772 4543 ).
2816 4472 2985 4527 Jud:ei
3012 4488 3137 4527 vero
3163 4480 3477 4541 computant
3515 4473 3581 4527 ad

302 4559 770 4613 odinventionibus
812 4561 937 4613 suis.
967 4561 1083 4615 Non
1116 4564 1192 4615 sic
1224 4563 1381 4616 dicta:
1408 4574 1531 4617 sunt
1561 4564 1900 4619 adinventin-

303 4665 406 4705 nes
438 4651 713 4719 ipsorum,
762 4652 914 4720 quasi
959 4652 1027 4706 ab
1054 4652 1188 4721 ipsis
1212 4664 1463 4720 repertae,
1499 4656 1645 4708 nullo
1696 4672 1899 4725 praece-

303 4742 506 4808 dente,
540 4744 685 4811 quod
716 4755 1093 4813 sequerentur,
1128 4747 1412 4816 exemplo;
1446 4749 1540 4802 sed
1573 4750 1623 4802 in
1658 4765 1722 4803 eo
1746 4750 1901 4804 dicta:

300 4845 438 4889 sunt
466 4840 738 4904 ipsorum,
768 4838 889 4906 quia
919 4839 1037 4892 illas
1058 4854 1185 4892 suas
1207 4841 1466 4894 imitando
1494 4841 1755 4895 fecerunt.

370 4927 584 4997 (Vers.
621 4926 873 4996 κιο-η).
926 4928 989 4981 Et
1036 4930 1199 4983 iratus
1243 4941 1318 4985 est
1363 4933 1536 5001 furore
1563 4933 1816 4987 Dominus
1847 4938 1901 4988 in

290 5020 572 5091 populum
600 5034 771 5071 suum.
804 5020 1142 5075 Perturbatio
1171 5022 1261 5075 ira:
1292 5024 1341 5075 in
1368 5024 1535 5077 Deum
1578 5040 1682 5079 nOn
1716 5026 1857 5080 cadit
1886 5044 1900 5089 ;

295 5112 396 5164 sed
434 5112 492 5163 in
522 5111 917 5166 consuetudine
962 5113 1234 5181 loquendi,
1270 5117 1503 5182 potentia
1548 5118 1798 5171 vindictae
1822 5118 1902 5170 in-

294 5200 660 5257 declinabilis
688 5202 789 5255 hoc
805 5216 1049 5259 vocatur.
1090 5202 1152 5256 Et
1183 5206 1508 5259 abominatus
1535 5220 1605 5260 est
1624 5207 1902 5261 Itwredita-

294 5301 400 5347 tem
422 5309 619 5357 suam;
645 5301 695 5344 et
724 5294 936 5346 tradidit
961 5310 1046 5347 eos
1072 5296 1121 5348 in
1153 5314 1335 5350 manus
1380 5300 1631 5368 gentium,
1658 5311 1703 5352 et
1734 5302 1901 5353 domi—

368 5460 397 5488 ι
442 5450 608 5521 Hanc
633 5449 914 5504 lectionem
947 5458 1132 5505 tuetur
1170 5462 1389 5507 sanctus
1432 5452 1763 5521 Augustinus
1790 5454 1889 5510 hoc

291 5520 455 5585 loco,
492 5520 585 5573 bis
612 5520 801 5594 verbis
814 5522 1090 5594 disserens
1120 5540 1132 5575 ε
1165 5520 1474 5577 Putaremus
1515 5526 1779 5594 scriptoris
1820 5543 1902 5579 er-

293 5605 508 5671 rorem,
528 5603 743 5671 euntque
770 5591 1055 5671 diceremus
1101 5609 1194 5663 pro
1241 5596 1459 5671 ecquod
1483 5605 1553 5671 est
1589 5591 1796 5671 inffcta,
1830 5598 1901 5664 fe-

296 5662 438 5713 cisse
487 5660 775 5727 interfecta,
821 5664 921 5718 nisi
951 5660 1249 5719 haberemus
1295 5660 1593 5733 beneﬁcium
1643 5660 1757 5732 Dei,
1787 5660 1902 5735 qui

2005 4584 2160 4623 stium
2209 4584 2431 4637 regnum
2479 4567 2690 4621 visibile
2722 4570 2874 4619 istam
2902 4564 3174 4634 pertinere
3215 4564 3580 4632 prophetiam:

2007 4659 2128 4726 quia
2162 4675 2257 4727 spe
2290 4657 2638 4711 invisibilium
2663 4657 2924 4708 bonorum
2956 4654 3188 4723 gaudere
3219 4672 3323 4708 ttnn
3359 4664 3578 4721 norunt,

2002 4755 2057 4807 in
2098 4753 2317 4820 laqueus
2358 4751 2499 4803 illius
2538 4749 2735 4802 ruituri
2770 4756 2894 4799 sunt
2932 4748 2997 4800 de
3043 4762 3149 4815 quo
3188 4748 3441 4800 Dominus
3486 4748 3581 4809 ait,

2008 4844 2120 4910 Ego
2173 4844 2282 4895 veni
2331 4849 2385 4893 tu
2434 4842 2640 4893 nomine
2678 4839 2869 4903 Patris,
2902 4848 2950 4893 et
2979 4855 3079 4890 non
3123 4838 3417 4904 suscepistis
3469 4852 3582 4901 me;

2003 4936 2137 4989 aiius
2152 4936 2308 4987 veniet
2332 4935 2383 4986 in
2400 4933 2599 4985 nomine
2613 4948 2725 4992 suo,
2744 4931 2878 4983 lianc
2898 4931 3178 4993 suscipiatis
3197 4926 3374 4999 (Joan.
3400 4942 3457 4989 ν,
3472 4926 3582 4994 45).

2078 5030 2095 5090 (
2123 5023 2281 5093 Ibid.)
2314 5023 2379 5076 Et
2405 5025 2535 5078 dicet
2566 5024 2732 5076 omnis
2759 5024 3010 5093 populus,
3044 5021 3094 5075 id
3124 5030 3235 5086 est,
3265 5021 3440 5073 omnis
3470 5020 3585 5072 ele~

2005 5118 2112 5171 ctio
2155 5115 2682 5185 prindesﬁnatorum,
2716 5130 2908 5168 omnes
2952 5114 3043 5167 ﬁlii
3074 5113 3461 5181 promissiOnis,
3491 5112 3583 5181 qui

2006 5219 2132 5263 sunt
2163 5225 2225 5260 σοι
2263 5207 2700 5265 circumcisione,
2737 5218 2790 5261 et
2824 5211 2875 5259 in
2910 5206 3173 5275 praeputio
3213 5219 3344 5274 gens
3373 5212 3580 5271 sancta,

2005 5302 2229 5370 pupulas
2262 5299 2585 5365 adoptionis.
2617 5297 2757 5356 Fiat.
2781 5300 2889 5366 ﬁat.

2002 5455 2302 5522 Scripturas
2326 5472 2444 5508 suas
2474 5456 2527 5507 in
2554 5458 2729 5507 inuitis
2753 5456 2939 5524 linguis
2968 5471 3073 5507 esse
3118 5454 3292 5512 voluit.
3328 5465 3478 5524 atque
3514 5459 3585 5513 ita

2008 5543 2114 5579 esse
2143 5529 2388 5597 scriptum
2413 5541 2432 5578 :
2457 5524 2733 5597 Interfecto
2773 5538 2845 5597 est
2891 5536 3025 5577 terra
3055 5526 3109 5579 in
3127 5527 3482 5597 sanguinibus,
3502 5530 3586 5583 in-

2008 5598 2195 5682 spectis
2221 5594 2414 5717 611017658
2453 5596 2711 5647 codicibus
2756 5596 3059 5650 videremus.
3106 5594 3293 5653 ϐαλέω
3338 5598 3589 5667 habetur,

2008 5688 2299 5717 εωονοκτθνη
2333 5689 2381 5717 η.

2007 5688 2381 5738 εφονοκτονηυη.
