4026 6176
320 289 424 344 509

315 493 363 564 (ἰ
384 492 506 547 Cor.
534 505 609 556 st,
634 489 726 560 19)
749 528 764 555 ,
791 498 846 543 et
872 496 936 541 ut
963 487 1078 557 ipse
1105 487 1157 540 in
1186 489 1458 555 pressuris
1478 500 1507 538 a
1538 485 1787 538 ﬁdelibus
1812 484 1894 537 in-

311 594 560 638 vocetur.

386 674 568 742 (Vers.
595 670 815 742 που.)
870 670 1048 734 Dixit,
1102 675 1149 721 et
1191 668 1329 721 stetit
1373 667 1586 735 spiritus
1626 662 1892 736 procella.

307 765 366 820 ld
392 776 476 821 est
506 765 803 835 permansit
828 769 882 816 et
907 761 1246 831 perduravit,
1276 768 1334 813 ut
1376 757 1573 811 turbati
1604 756 1896 809 vehemen-

307 859 421 912 tius
455 857 836 926 supplicarent.
865 851 935 906 Et
962 852 1173 906 exaltati
1201 860 1321 904 sunt
1339 853 1524 919 ﬂuctus
1549 850 1679 918 ejus.
1714 847 1897 898 Ascen-

306 949 448 1001 dunt
477 963 634 1017 usque
661 951 730 998 ad
745 942 918 1007 celos,
951 952 996 997 et
1028 942 1341 996 descendunt
1364 955 1518 1007 usque
1543 939 1613 990 ad
1640 937 1846 1006 abyssos
1874 952 1893 989 :

304 1041 490 1094 anima
512 1053 688 1092 eorum
711 1039 762 1089 in
796 1034 1265 1088 malistabescebat.
1289 1029 1504 1083 Turbati
1534 1037 1682 1090 sunt,
1711 1036 1756 1079 et
1772 1026 1898 1078 moti

305 1140 436 1185 sunt
461 1132 591 1183 sicut
605 1128 771 1182 sbrius
791 1142 810 1180 :
839 1135 886 1179 et
908 1125 1071 1178 omnis
1083 1122 1339 1194 sapientia
1360 1137 1532 1174 eorum
1561 1128 1585 1155 ⁸
1605 1128 1782 1172 exorta
1799 1126 1892 1170 est.

302 1222 409 1289 Qui
445 1221 638 1275 sedent
675 1219 742 1271 ad
772 1216 1153 1287 gubernacula,
1181 1223 1235 1268 et
1259 1228 1448 1266 navem
1479 1209 1709 1264 ﬁdeliter
1733 1206 1898 1278 406

300 1320 512 1375 amant,
527 1311 635 1363 vim
658 1307 818 1378 huius
841 1304 1259 1376 perturbationis
1277 1308 1595 1371 agnoscunt.
1629 1299 1894 1367 Quoniam

301 1401 627 1470 plerumque
670 1397 863 1451 talibus
903 1393 1171 1450 scandalis
1200 1394 1503 1458 exagitator
1541 1390 1806 1454 Ecclesia,
1840 1399 1898 1443 ut

301 1489 716 1562 praesidentium
753 1487 918 1542 corda
945 1485 1223 1541 deﬁciant.
1271 1484 1338 1538 Et
1372 1481 1497 1552 quid
1544 1489 1746 1544 restat,
1792 1480 1895 1533 nisi

298 1584 448 1652 quod
477 1580 764 1650 sequitur?

373 1673 564 1744 (Vers.
594 1669 819 1736 28-31.)
851 1668 919 1723 Et
945 1667 1295 1723 clamauerunt
1333 1666 1402 1719 ad
1434 1665 1710 1719 Dominum
1733 1703 1746 1727 ,
1771 1678 1886 1715 cum

1111 280 1534 338 PSALMORUM
1574 280 1619 336 Α
1656 280 1697 336 C
1737 281 1829 336 AD
1867 277 1953 334 CL
1992 273 2374 334 EXPOSITIO.
2417 275 2606 332 PSAL.
2648 274 2782 330 CVI.

313 404 497 456 sinere
537 409 592 454 ut
633 398 748 452 haec
798 395 959 460 ﬁant,
1013 403 1069 451 ut
1111 396 1320 464 probati
1364 394 1759 448 manilestiores
1789 393 1897 446 sint
1924 398 1970 453 Α

3477 278 3581 335 3ιο

2070 411 2249 482 (Vers.
2274 405 2399 479 37.)
2448 408 2513 461 Et
2545 409 2915 462 seminaverunt
2942 423 3122 477 agros,
3149 416 3197 460 et
3221 407 3580 478 plantaumnt

1997 504 2191 566 uineas,
2220 510 2266 556 et
2296 505 2522 572 fecerunt
2565 501 2785 567 fructum
2814 503 3076 568 frumenti.
3147 497 3224 554 De
3252 514 3359 568 quo
3386 500 3579 569 gaudet

1999 593 2089 646 ille
2117 591 2416 661 operarius,
2449 590 2538 660 qui
2564 590 2714 654 dicit,
2762 587 2886 642 Non
2915 589 3036 658 quia
3060 605 3236 659 quiero
3265 591 3463 657 datum,
3488 591 3577 643 sed

1995 686 2196 752 requiro
2225 687 2450 753 fructum
2474 680 2693 752 (Philip.
2725 695 2800 744 tv,
2822 681 2910 748 i7)
2923 720 2937 734 .

2068 775 2250 844 (Vers.
2282 774 2398 843 58.)
2448 773 2513 826 Et
2544 773 2802 826 benedixit
2853 789 2958 836 eos,
2991 781 3039 826 et
3087 772 3420 840 multiplicati
3458 783 3579 828 sunt

1997 865 2149 917 nimis
2180 881 2200 918 :
2226 873 2272 918 et
2287 866 2523 933 jumenta
2550 879 2726 916 eorum
2751 878 2851 915 non
2882 872 2998 916 sunt
3029 863 3302 918 diminuta.
3351 863 3576 919 lumen-

1998 965 2047 1008 ta
2081 965 2136 1008 et
2159 969 2352 1022 pecora
2381 953 2632 1007 dicuntur
2661 953 2712 1006 in
2759 952 2998 1007 Ecclesia
3039 953 3355 1023 simpliciter
3387 955 3576 1008 ambu-

1997 1044 2185 1110 lantia,
2216 1045 2313 1098 sed
2347 1044 2497 1097 utilia
2524 1061 2536 1095 :
2569 1059 2675 1096 non
2703 1042 2928 1096 multum
2950 1041 3110 1113 507
3137 1043 3319 1109 docta,
3352 1044 3446 1098 sed
3472 1043 3576 1099 ﬁde

1998 1134 2173 1201 plena.
2210 1135 2350 1202 Ergo
2389 1143 2444 1187 et
2471 1131 2737 1201 spiritales
2761 1141 2816 1187 et
2848 1133 3096 1186 carnales
3129 1133 3401 1188 benedixit
3431 1133 3574 1189 Deus

1996 1233 2052 1279 et
2074 1223 2468 1293 multiplicavit,
2501 1223 2576 1277 ita
2603 1231 2660 1277 ut
2687 1238 2795 1276 non
2826 1223 3216 1277 minuerentur.

2070 1313 2248 1383 (Vers.
2279 1313 2396 1384 39.)
2447 1311 2515 1366 Et
2536 1315 2688 1382 pauci
2708 1314 2833 1382 facti
2853 1324 2994 1380 sunt,
3022 1324 3068 1367 et
3096 1314 3269 1369 vexati
3283 1324 3402 1369 sunt
3429 1332 3460 1368 a
3485 1317 3576 1369 tri-

1996 1404 2255 1458 bulatione
2281 1404 2539 1459 malorum
2565 1413 2609 1458 et
2631 1402 2889 1459 dolorum.
2960 1404 3202 1460 Ecclesia
3228 1407 3490 1460 catholica
3514 1410 3566 1461 in

1995 1495 2181 1550 electis
2209 1495 2350 1559 suis,
2402 1494 2744 1563 praecognitis
2770 1510 2801 1549 a
2830 1495 2964 1559 Deo,
3010 1495 3136 1550 ﬁliis
3174 1497 3568 1564 promissionis,

1997 1587 2252 1642 membris
2275 1589 2521 1656 corporis
2545 1584 2768 1655 Christi,
2802 1602 2906 1640 non
2932 1586 3209 1658 minuitur,
3235 1603 3336 1642 nec
3359 1587 3424 1641 ad
3444 1603 3575 1656 pan.

1995 1679 2210 1734 citatem
2260 1679 2550 1748 redigitur,
2605 1680 2728 1748 quia
2777 1679 2879 1749 ipsi
2933 1694 3064 1734 vere
3094 1689 3260 1744 sunt;
3312 1691 3404 1734 aut
3447 1695 3568 1734 cum

297 1766 721 1828 tribularenlur;
765 1771 816 1815 οι
845 1762 909 1815 de
936 1760 1326 1814 necessitatibus
1353 1773 1526 1811 eorum
1573 1757 1749 1810 eduxit
1773 1772 1881 1811 £08.
1917 1749 1964 1810 Β
1994 1771 2128 1840 lapsi
2159 1771 2382 1840 fuerim,
2427 1780 2753 1840 reparantur
2779 1787 2842 1826 ac
2873 1782 3190 1841 permanent
3222 1791 3234 1826 ς
3275 1782 3328 1826 εί
3359 1787 3571 1842 semper

299 1855 365 1909 Et
389 1855 665 1924 imperavit
696 1852 952 1922 proccllw,
979 1861 1024 1905 et
1053 1853 1192 1904 stetit
1217 1851 1270 1902 in
1299 1865 1512 1914 auram,
1563 1856 1611 1899 et
1642 1847 1890 1900 siluerunt

298 1949 494 2015 fluctus
549 1947 680 2015 ejus.
735 1942 802 1996 Et
835 1940 997 1996 laetati
1047 1949 1167 1994 sunt
1217 1940 1459 2008 quoniam
1512 1937 1764 1990 siluerunt
1789 1934 1811 2001 ,'
1846 1944 1894 1989 et

298 2038 516 2090 deduxit
545 2053 631 2090 eos
661 2037 714 2089 in
744 2046 949 2108 portum
981 2035 1260 2088 voluntatis
1293 2048 1487 2086 eorum.
1536 2030 1891 2098 Conﬁteantur

301 2127 526 2181 Domino
560 2127 912 2180 miserationes
942 2125 970 2164 δ
993 2167 1008 2192 ,
1055 2133 1103 2177 et
1131 2125 1392 2177 mirabilia
1431 2127 1544 2193 ejus
1575 2123 1695 2188 ﬁliis
1727 2121 1894 2174 homi-

297 2235 442 2270 num.
473 2218 680 2288 Ubique
707 2217 926 2270 omnino
940 2217 1281 2285 confiteantur
1307 2213 1550 2281 Domino,
1571 2228 1682 2265 non
1697 2215 1885 2266 merita

299 2319 509 2374 uestra,
546 2324 653 2363 non
682 2310 828 2362 vires
855 2315 1071 2370 nostras,
1109 2321 1213 2359 non
1247 2305 1510 2374 sapientia
1541 2315 1720 2356 nostra
1749 2320 1763 2368 ;
1794 2304 1888 2358 sed

298 2400 654 2452 miserationes
678 2399 810 2464 eius.
850 2396 946 2451 Ille
974 2403 1184 2450 ametur
1212 2396 1262 2449 in
1295 2395 1438 2447 omni
1469 2404 1651 2448 nostra
1683 2393 1888 2448 libera-

299 2493 466 2552 tione,
500 2490 702 2559 quiest
731 2491 1010 2541 invocatus
1041 2486 1094 2540 in
1123 2486 1267 2539 omni
1299 2485 1660 2539 tribulatione.

365 2580 553 2650 (Vers.
578 2579 693 2649 32.)
752 2578 994 2632 Exultant
1021 2595 1132 2632 eum
1173 2579 1223 2630 in
1251 2578 1473 2630 ecclesiis
1518 2577 1728 2645 populi,
1763 2585 1809 2629 et
1836 2577 1888 2630 in

296 2673 550 2724 cathedra
591 2673 849 2724 seniorum
898 2669 1110 2723 laudent
1141 2685 1271 2721 eum.
1339 2667 1454 2722 Jam
1498 2682 1627 2737 ergo
1667 2667 1888 2722 dubium

296 2781 402 2818 non
435 2773 522 2819 est
554 2764 696 2834 quod
726 2779 913 2819 omnes
949 2777 1109 2832 supra
1141 2763 1301 2815 dictae
1335 2762 1658 2815 tentationes
1679 2802 1693 2825 ,
1719 2760 1890 2814 tribu-

295 2858 556 2924 lationes,
614 2856 996 2920 liherationes,
1053 2856 1106 2908 in
1139 2854 1383 2908 Ecclesia
1427 2862 1674 2923 agantur.
1749 2852 1888 2918 Quid

293 2962 423 3016 ergo
457 2947 510 3000 in
547 2946 647 2999 hac
674 2946 912 3000 Ecclesia
941 2954 1193 3013 operatus
1220 2955 1300 2996 est
1329 2944 1618 3008 Dominus,
1678 2942 1778 2995 nisi
1820 2952 1879 2996 ut

291 3036 556 3104 superbis
591 3035 904 3101 resisteret,
940 3034 1232 3087 humilibus
1270 3044 1445 3085 autem
1478 3032 1629 3086 daret
1659 3034 1886 3102 gratiam

294 3126 437 3199 (Jac.
473 3143 549 3193 tv,
582 3126 688 3198 6)?
741 3128 830 3196 qui
871 3125 1086 3180 Iudaeos
1127 3125 1447 3178 extollentes
1487 3138 1548 3177 se
1592 3123 1660 3176 de
1689 3139 1888 3192 genere
1914 3107 1960 3171 C

293 3219 561 3282 Abrahae,
587 3229 640 3273 et
669 3219 739 3273 de
770 3219 902 3288 legis
925 3216 1152 3286 eloquiis
1175 3257 1188 3280 ,
1223 3215 1427 3283 Sprevit
1454 3234 1468 3278 ;
1515 3225 1570 3270 ct
1598 3221 1888 3286 amputatis

296 3311 641 3366 naturalibus
692 3311 858 3363 ramis
882 3351 896 3376 ,
951 3309 1241 3362 oleastrum
1273 3308 1406 3360 oleae
1454 3307 1698 3367 inseruit,
1731 3317 1782 3361 et
1821 3306 1889 3362 de

295 3402 558 3456 omnibus
609 3403 857 3470 gentibus
907 3400 1137 3455 Abrahae
1191 3397 1433 3467 spiritale
1489 3413 1673 3454 semen
1730 3399 1891 3468 elegit

292 3495 484 3565 (Rom.
516 3509 593 3559 XI,
618 3493 735 3566 20).

366 3586 566 3657 (Vers.
613 3585 703 3651 55,
749 3583 865 3653 54.)
923 3583 1105 3637 Posuit
1144 3584 1361 3653 ﬂumina
1404 3583 1456 3634 in
1497 3583 1788 3648 desertum,
1843 3592 1890 3636 et

295 3680 472 3729 exitus
501 3692 752 3744 aquarum
774 3677 826 3727 in
852 3675 1030 3727 sitim:
1082 3673 1291 3726 Terram
1321 3674 1642 3744 fructiferam
1673 3683 1693 3708 ο
1728 3675 1780 3726 in
1806 3689 1891 3726 sa-

296 3768 447 3830 linis,
479 3781 511 3817 a
545 3763 1152 3817 malitiaiuhabitantium
1180 3765 1232 3815 in
1265 3779 1344 3815 ea.
1392 3763 1620 3830 Propter
1650 3763 1785 3816 hanc
1802 3778 1891 3816 su-

300 3859 533 3926 perbam
561 3855 814 3910 malitiam
835 3897 849 3918 ,
893 3855 1108 3910 Judaaos
1139 3855 1376 3909 deseruit
1403 3857 1612 3924 gratia,
1658 3866 1710 3908 et
1742 3854 1883 3909 facta

223 3965 229 3972 ·
295 3959 381 4004 est
415 3957 564 4002 terra
593 3962 780 4003 eorum
811 3947 1012 4001 sterilis
1048 3954 1211 4016 atque
1239 3946 1477 4000 deserta.
1532 3946 1666 4013 Quia
1713 3947 1891 4000 omnis

294 4038 592 4109 prOphetia
618 4076 634 4102 ,
663 4052 823 4091 omne
853 4036 1174 4092 sacriﬁcium
1193 4075 1210 4101 ,
1237 4036 1419 4089 omnia
1461 4035 1532 4089 ibi
1555 4043 1890 4090 sacramenta

295 4138 608 4194 cessarunt,
635 4138 690 4183 et
718 4129 784 4182 ad
811 4130 1166 4183 humilitatem
1192 4132 1430 4197 gentium
1461 4129 1816 4182 transierunt.

367 4220 564 4288 (νει-ς.
591 4219 683 4285 35,
713 4219 828 4286 56.)
856 4218 1039 4272 Posuit
1065 4220 1314 4272 desertum
1344 4220 1396 4271 in
1418 4228 1600 4288 stagna
1619 4235 1888 4288 aquarum,

297 4321 343 4364 et
379 4320 579 4363 terram
613 4311 724 4362 sine
761 4325 894 4379 aqua
931 4313 984 4362 in
1007 4311 1172 4362 exitus
1210 4325 1485 4379 aquarum.
1544 4309 1610 4362 Et
1662 4309 1893 4363 habitare

297 4403 422 4471 fecit
453 4400 562 4453 illic
585 4401 868 4454 esurientes.
898 4399 1071 4469 Opera
1106 4401 1288 4467 gratia:
1317 4410 1620 4464 narrantur,
1654 4415 1773 4469 qua:
1808 4401 1888 4453 el-

1992 1862 2143 1915 multi
2177 1870 2304 1916 sunt
2333 1903 2347 1928 ,
2381 1863 2503 1931 quia
2532 1862 2600 1915 de
2627 1876 2855 1916 numero
2885 1877 3071 1917 eorum
3105 1863 3234 1916 nihil
3263 1864 3420 1932 perit.
3470 1864 3570 1930 Qul

1991 1969 2119 2024 ergo
2161 1954 2213 2007 in
2245 1954 2382 2008 hanc
2425 1953 2752 2009 soliditatem
2799 1963 3018 2008 aeterna:
3075 1955 3451 2021 multitudinis,
3481 1964 3573 2008 aut

1992 2061 2096 2099 non
2136 2043 2480 2108 introierunt,
2518 2053 2611 2098 aut
2661 2058 2781 2098 cum
2823 2044 3133 2099 viderentur
3164 2044 3456 2110 iutroiisse,
3504 2047 3572 2098 ali

1989 2135 2173 2189 eadem
2200 2145 2556 2198 recesserunt,
2591 2136 2689 2204 ipsi
2720 2134 2870 2202 pauci
2899 2135 3020 2189 lacti
3052 2145 3206 2189 sunt:
3237 2136 3357 2204 quia
3382 2136 3450 2188 ab
3481 2136 3572 2190 illa

1997 2243 2118 2297 qua:
2160 2239 2435 2298 permanet
2479 2228 2762 2297 multiplici
2802 2229 3004 2282 unitate
3038 2227 3190 2282 divisi
3221 2238 3364 2281 sunt.
3410 2227 3575 2282 Num-

1990 2335 2148 2388 quam
2179 2321 2318 2374 enim
2359 2322 2510 2374 multi
2545 2328 2689 2385 sunt,
2730 2321 2819 2388 qui
2849 2319 2913 2372 ad
2933 2335 3036 2372 non
3067 2334 3187 2374 esse
3218 2319 3462 2373 tendunt.
3506 2319 3574 2372 Et

1993 2412 2120 2480 quid
2168 2422 2272 2465 tam
2297 2411 2587 2465 obnoxium
2638 2411 2889 2480 paucitati
2929 2425 3089 2480 quam
3127 2409 3269 2480 quod
3308 2417 3392 2465 est
3427 2409 3575 2465 debi-

1993 2512 2100 2556 tum
2131 2502 2414 2570 perditioni
2452 2501 2624 2573 (Sent.
2658 2502 2793 2571 ll)?

2064 2593 2244 2664 (Vers.
2276 2594 2391 2664 60.)
2433 2594 2644 2661 E/fusus
2672 2603 2987 2664 contemptus
3018 2603 3092 2649 est
3110 2611 3266 2663 super
3291 2594 3568 2664 principes.

1992 2684 2242 2738 llxretici
2289 2694 2344 2739 et
2390 2684 2724 2738 schismatici
2770 2685 2838 2737 ab
2882 2685 3121 2738 Ecclesia
3155 2683 3479 2752 reprobati:
3519 2693 3574 2738 et

1991 2774 2119 2828 ideo
2149 2775 2315 2844 magis
2343 2774 2799 2844 contempti,quia
2820 2775 3089 2843 principes
3116 2787 3242 2829 esse
3263 2773 3570 2829 voluerunt.

1994 2866 2061 2920 Et
2094 2867 2295 2920 seduxit
2319 2883 2404 2922 eos
2431 2867 2485 2920 in
2513 2867 2681 2931 invio,
2719 2876 2767 2921 et
2795 2883 2895 2920 non
2921 2867 2974 2919 iu
3001 2867 3102 2920 via.
3171 2863 3252 2919 llli
3285 2865 3374 2934 qui
3402 2864 3468 2918 ad
3499 2865 3574 2918 ci-

1994 2959 2216 3012 vitatem
2247 2957 2596 3013 habitationis
2643 2956 2955 3022 tendebant,
3015 2956 3207 3010 directi
3246 2963 3372 3010 sunt
3399 2965 3453 3010 et
3473 2957 3573 3008 de-

1992 3049 2137 3104 ducti
2165 3066 2179 3104 :
2213 3048 2302 3103 isti
2328 3057 2506 3104 autem
2533 3047 2805 3103 civitatem
2837 3054 3110 3112 sanctam,
3144 3046 3195 3100 id
3241 3055 3342 3112 est,
3386 3044 3573 3099 Eccle-

1991 3140 2125 3191 siam
2149 3137 2472 3193 catholicam
2499 3139 2840 3203 deserentes,
2874 3153 2972 3207 per
3010 3135 3214 3191 erroris
3243 3136 3330 3189 sui
3369 3135 3570 3189 invium

1990 3232 2139 3285 abire
2181 3231 2436 3301 permissi
2467 3240 2624 3296 sunt,
2670 3240 2726 3285 et
2750 3246 2858 3284 sua:
2903 3239 3029 3284 sunt
3074 3227 3252 3282 traditl
3285 3227 3571 3281 voluntati.

1991 3322 2132 3376 Deus
2179 3323 2320 3377 enim
2369 3337 2474 3376 non
2505 3322 2838 3391 deceptionis
2883 3321 3216 3391 malignitate
3245 3330 3269 3358 °
3315 3318 3569 3386 seducit,

1992 3413 2084 3468 sed
2113 3413 2300 3481 judicii
2329 3413 2558 3468 veritate
2579 3413 2858 3468 discernit.

2062 3503 2241 3576 (Vers.
2269 3503 2388 3574 ll.)
2445 3502 2514 3557 Et
2554 3504 2751 3577 adjuvit
2803 3517 3076 3573 pauperem
3124 3501 3188 3556 de
3225 3501 3573 3555 mendicitate.

1991 3603 2201 3674 Pauper
2255 3613 2307 3659 ct
2354 3604 2633 3659 mendlcus
2663 3611 2744 3659 est
2776 3604 2868 3658 ille
2923 3603 3012 3673 qui
3047 3602 3176 3656 nihil
3212 3600 3314 3655 sibi
3342 3600 3568 3663 tribuit,

1993 3705 2086 3758 sed
2129 3711 2298 3758 totum
2332 3704 2400 3759 de
2447 3702 2818 3758 misericordia
2841 3701 3041 3758 Christi
3089 3709 3387 3771 exspectat,
3445 3712 3596 3757 ante

1995 3803 2326 3856 Dominicam
2372 3806 2591 3873 januam
2643 3802 2886 3871 quotidie
2931 3803 3193 3867 clamans,
3251 3808 3304 3855 et
3332 3801 3569 3870 pulsans,

1994 3903 2052 3947 ut
2076 3895 2123 3948 ei
2149 3893 2424 3963 aperiatur
2447 3934 2463 3962 ,
2496 3903 2549 3949 et
2576 3905 2630 3947 ut
2663 3894 2780 3962 ejus
2812 3893 3025 3947 nuditas
3051 3897 3332 3948 vestiatur.
3386 3892 3452 3946 Et
3482 3911 3573 3962 po-

1993 3994 2094 4048 suit
2122 3995 2249 4048 sicut
2277 4009 2388 4048 oves
2422 3991 2441 4032 ί
2475 3991 2720 4063 familias.
2775 3993 2927 4048 llunc
2965 3994 3116 4064 quasi
3157 4008 3323 4048 unum
3367 4008 3568 4064 paupe-

1996 4110 2143 4162 rem,
2173 4104 2226 4150 et
2255 4109 2419 4148 unum
2472 4093 2777 4149 mendicum
2806 4092 3010 4162 adjuvit
3038 4091 3202 4157 Deus,
3239 4108 3468 4163 eumque
3520 4094 3572 4145 iu

1995 4195 2228 4250 familias
2261 4192 2655 4263 multiplicavit,
2677 4192 2728 4247 id
2753 4204 2857 4260 est,
2885 4207 3042 4246 unam
3070 4191 3389 4258 Ecclesiam,
3414 4206 3570 4246 unam

1997 4297 2226 4366 plebem,
2258 4311 2415 4350 unam
2450 4310 2601 4350 ovem
2646 4295 2700 4348 in
2745 4293 3080 4348 latitudinem
3111 4293 3275 4349 totius
3305 4292 3454 4348 orbis
3481 4307 3574 4347 ex-

1997 4397 2184 4450 tendit.

295 4493 417 4545 lusa
446 4499 529 4545 est
556 4490 608 4544 in
631 4491 873 4545 nationes
893 4491 1196 4544 immundas
1227 4492 1394 4558 prius,
1427 4500 1584 4559 atque
1608 4492 1849 4546 desertas
1869 4536 1884 4560 ,
1915 4481 1967 4540 D
2063 4487 2244 4558 (Vers.
2273 4484 2388 4556 42.)
2454 4484 2710 4539 Videbunt
2749 4486 2913 4548 recti,
2960 4495 3008 4538 et
3037 4483 3460 4554 jocundabuntur
3479 4522 3495 4548 ,
3525 4490 3574 4536 et

296 4595 351 4638 et
388 4597 420 4636 a
464 4581 611 4636 cultu
647 4581 883 4634 veritatis
921 4582 1141 4636 alienas.
1196 4581 1259 4635 Et
1300 4583 1665 4635 constituerunt
1709 4585 1889 4636 eivita-

296 4685 397 4726 tem
427 4672 780 4725 habitationis.
824 4671 1084 4738 Quoniam
1122 4672 1398 4726 cmlcstem
1439 4671 1734 4726 Jerusalem
1776 4673 1886 4741 jam

298 4762 322 4800 δ
346 4771 548 4833 sponte
573 4763 799 4830 obtinet,
831 4767 918 4831 qui
949 4762 1054 4817 ﬁde
1077 4762 1400 4832 justiﬁcatus
1429 4772 1532 4817 est.

374 4990 399 5017 "
434 4987 596 5056 Lege,
630 4989 869 5056 absorpta
891 4996 984 5042 est.
1039 4988 1403 5056 Erroremque
1445 5001 1675 5055 agnosce
1707 4987 1756 5037 in
1792 5003 1886 5040 nn-

302 5064 466 5114 tehac
490 5059 649 5113 editis
674 5076 688 5119 ;
718 5062 793 5114 sic
818 5060 960 5113 enim
991 5060 1259 5128 legitpost
1280 5057 1634 5128 Augustinum
1669 5058 1887 5126 Vulgata

301 5139 514 5184 nostra.

373 5199 403 5236 δ
437 5200 634 5252 Iterum
659 5198 916 5252 omissum
940 5203 1070 5270 ejus,
1103 5206 1161 5251 ut
1185 5213 1344 5270 supra
1375 5199 1426 5252 in
1457 5198 1613 5270 editis
1640 5199 1889 5270 omnibus

301 5270 631 5337 antiquioris
661 5270 868 5322 uitatis:
903 5268 1025 5323 cum
1058 5279 1234 5322 tamen
1274 5269 1484 5338 legatur
1525 5268 1720 5336 ubique
1750 5268 1888 5337 apud

302 5340 688 5408 Augustinum.

381 5407 408 5447 ε
438 5409 767 5477 Augustinus
798 5407 943 5476 legit,
973 5409 1026 5461 in
1054 5409 1267 5462 salinas.
1303 5407 1449 5460 Libri
1485 5409 1648 5460 nostri
1674 5423 1885 5471 omnes,

305 5480 359 5532 in
380 5480 604 5543 salinis;
643 5492 741 5532 nec
771 5477 1082 5547 infrequens
1109 5478 1417 5532 auctoribus
1449 5478 1682 5545 antiquis
1705 5494 1886 5532 casum

307 5560 518 5604 sextum
551 5563 809 5615 usurpare
851 5565 944 5616 pro
972 5557 1186 5618 quarto.
1245 5549 1408 5618 Quod
1440 5549 1564 5618 alihi
1602 5548 1737 5616 apud
1777 5552 1886 5602 Att-

309 5631 510 5674 ctorem
545 5629 787 5672 nostrum
822 5617 1006 5672 notare
1037 5635 1143 5672 non
1175 5620 1278 5672 erit
1308 5617 1548 5670 difﬁcile.

380 5689 406 5726 ἀ
435 5688 553 5744 Νοη
595 5689 902 5745 dubitamus
947 5687 1034 5744 hic
1059 5705 1156 5759 pro
1183 5701 1362 5759 sponte
1391 5689 1576 5742 obtinet
1609 5688 1885 5758 legendum

1993 4580 2155 4633 omnis
2190 4578 2431 4646 iniquitas
2457 4575 2704 4646 oppilabit
2729 4592 2783 4629 os
2821 4592 2988 4628 suum.
3030 4575 3284 4644 lniquitas
3314 4573 3403 4627 illa
3442 4587 3569 4642 gar-

1994 4671 2141 4725 riens
2168 4676 2356 4721 contra
2387 4667 2642 4720 unitatem
2669 4705 2682 4730 ,
2713 4665 2962 4719 convicta
2991 4679 3019 4718 a
3046 4665 3300 4731 veritate,
3327 4663 3575 4719 obstruet

1993 4779 2054 4817 os
2084 4775 2262 4826 suum,
2287 4774 2393 4813 non
2419 4758 2620 4814 habens
2652 4757 2791 4828 quod
2823 4759 3089 4827 loquatur.

1990 4985 2104 5041 fore
2127 5002 2215 5055 spe
2242 4985 2465 5055 obtinet,
2521 4984 2563 5037 si
2591 4984 2716 5038 editi
2749 4985 3184 5053 sull‘ragarentur.
3243 4985 3570 5054 Augusﬁnus

1993 5058 2134 5111 enim
2155 5053 2235 5108 ait
2263 5095 2279 5118 ,
2335 5053 2550 5107 Interim
2583 5055 2912 5109 habitationis
2941 5058 2991 5109 in
3013 5072 3133 5124 spe,
3163 5053 3399 5124 quoniam
3420 5096 3436 5121 ,
3469 5056 3572 5120 Qui

1993 5144 2072 5180 me
2098 5127 2275 5186 audit,
2299 5126 2460 5194 inquit
2479 5127 2764 5197 ,habita’bit
2788 5129 2840 5179 in
2862 5144 2950 5197 spe.
2976 5144 2989 5179 :
3032 5134 3084 5180 ct
3113 5127 3404 5195 Apostolus
3424 5165 3438 5192 ,
3468 5125 3607 5197 Spe.

1993 5199 2120 5250 salvi
2141 5197 2263 5266 facti
2286 5211 2460 5248 sumus
2500 5195 2681 5266 (Rom.
2707 5213 2820 5260 vttt,
2861 5196 2975 5266 24).

2072 5276 2094 5304 θ
2132 5271 2202 5320 Ita
2236 5265 2517 5319 manifeste
2556 5267 2835 5335 legendum
2872 5265 3062 5320 suadet
3103 5281 3291 5320 sensus
3333 5265 3466 5330 loci,
3520 5274 3575 5319 et

1996 5352 2186 5391 versus
2233 5338 2422 5403 psalmi
2465 5337 2555 5405 qui
2596 5338 2937 5405 explicatur:
3000 5351 3102 5389 non
3146 5352 3292 5396 vero,
3327 5345 3383 5388 ut
3414 5345 3569 5390 antea

1994 5408 2154 5470 editi,
2185 5407 2526 5477 malignitates
2557 5408 2760 5470 educit,
2804 5405 2944 5475 quod
2970 5422 3154 5460 errore
3186 5407 3571 5475 typographico

1994 5479 2044 5531 in
2070 5476 2627 5546 pritnam’editionetn
2665 5478 2818 5531 facile
2845 5481 3134 5546 invectum,
3163 5477 3214 5530 in
3255 5478 3574 5546 posteriori.

1993 5549 2091 5602 bus
2121 5549 2368 5600 omnibus
2399 5548 2794 5600 inemendatum
2832 5545 3109 5600 remansit.

2067 5616 2086 5656 τ
2123 5618 2400 5672 Editianes
2428 5628 2624 5670 nostra:
2654 5631 2841 5670 omnes
2865 5617 2949 5670 hic
2981 5618 3031 5669 in
3057 5632 3148 5670 ora
3173 5616 3290 5671 lihri
3325 5619 3566 5673 indicant

1992 5689 2148 5742 aliam
2183 5689 2485 5751 lectionem,
2516 5702 2614 5756 qua
2646 5703 2739 5758 pro
2765 5688 3017 5758 familias,
3053 5689 3256 5760 legatur
3283 5695 3516 5761 patrium.
