4026 6176
478 246 579 301 5H

1712 245 1771 300 S.
1812 241 2152 299 PBOSPERI
2189 241 2522 310 AQUITANI

3638 252 3753 308 513

544 374 725 445 (Verg.
754 373 873 444 ιδ.)
928 374 1054 439 Qui,
1080 374 1309 444 “piem,
1359 382 1405 427 ει
1431 375 1682 429 cumdie,
1704 374 1832 443 hac,
1863 374 2052 428 εηηιιί,
2077 356 2128 414 Α
2155 365 2433 423 gnaverunt
2454 371 2532 410 me
2555 357 2734 426 gratis.
2766 357 2845 413 Illi
2867 359 2956 428 qui
2973 359 3330 418 doloseantea
3354 362 3744 435 loquebantur,

471 482 597 534 gens
616 466 965 519 miserationes
994 465 1236 519 Domini?
1260 465 1399 531 Quid
1443 467 1812 522 custoditurus
1841 476 1925 522 est
1967 481 2054 519 sa-

464 556 649 625 piens,
674 556 774 609 nisi
803 564 863 608 ut
886 554 958 608 sit
981 553 1146 626 nos
1170 570 1391 624 pauper,
1411 572 1521 610 non
1545 556 1717 622 dives,
1738 557 1787 610 id
1817 566 1919 624 est,
1947 572 2053 610 non

471 646 541 700 sit
569 646 860 714 superbus,
889 660 995 699 non
1027 649 1100 700 sit
1128 646 1386 701 innatus?
1429 648 1563 713 Quia
1595 647 1711 703 haec
1740 649 2051 703 custodiens

469 736 725 806 intelliget
757 736 1135 792 miserationes
1160 736 1372 791 Domini
1396 753 1413 804 ;
1442 754 1548 793 non
1581 740 1771 794 merita
1799 753 1917 803 sua,
1943 755 2049 793 non

469 829 607 883 vires
635 843 784 894 suas,
816 829 911 883 sed
956 828 1331 884 miserationes
1363 829 1573 884 Domini
1602 848 1615 883 :
1646 831 1739 901 qui
1778 842 2051 886 errantem

462 926 519 971 et
556 926 803 987 egentem
833 917 886 972 in
917 919 1061 972 viam
1099 919 1350 984 deduxit,
1382 929 1435 974 et
1465 924 1646 990 pavit;
1695 922 1785 990 qui
1813 937 2054 991 pugnan-

457 1019 572 1065 tem
600 1011 884 1066 adversum
930 1011 1304 1067 difﬁcultatem
1332 1024 1700 1082 peccatorum,
1751 1025 1806 1069 et
1831 1016 2052 1085 colliga-

474 1112 585 1154 tum
617 1102 844 1156 vinculis
874 1112 899 1138 ει
926 1102 1333 1169 sollicitudinis,
1358 1104 1520 1159 solvit
1554 1115 1608 1159 et
1637 1106 1920 1173 liberavit;
1962 1108 2050 1177 qui

468 1190 685 1246 fastidio
739 1193 1077 1263 languentem
1126 1204 1182 1249 et
1219 1210 1354 1265 pene
1409 1199 1727 1253 morientem
1758 1242 1773 1267 ,
1815 1196 1844 1237 δ
1884 1200 2050 1255 missa

465 1283 614 1336 verbi
656 1284 921 1338 suavitate
964 1286 1272 1352 recreavit;
1325 1288 1414 1357 qui
1466 1288 1859 1358 periclitantem
1909 1292 2051 1346 inter

464 1371 738 1442 naufragia
761 1374 1159 1441 scandalorum,
1184 1392 1211 1429 a
1230 1377 1543 1433 discrimine
1565 1381 1729 1435 maris
1752 1381 1804 1434 in
1836 1390 2047 1450 portum

466 1465 691 1519 deduxit
720 1466 1160 1535 tranquillitatis;
1190 1470 1285 1537 qui
1329 1484 1452 1524 eum
1495 1470 1728 1539 denique
1771 1472 2051 1527 constituit

464 1557 515 1611 in
546 1572 612 1613 eo
643 1558 838 1628 populo
860 1558 951 1614 ubi
995 1559 1294 1615 humilibus
1321 1561 1413 1615 dat
1440 1564 1665 1631 gratiam
1696 1561 1834 1634 (Jac.
1859 1579 1936 1630 tv,
1965 1562 2045 1631 6),

464 1664 569 1703 non
598 1649 650 1703 in
680 1650 774 1703 illo
798 1650 885 1705 ubi
909 1651 1159 1719 superbis
1181 1653 1381 1707 resistit
1407 1670 1420 1705 :
1454 1662 1509 1709 et
1538 1654 1665 1709 fecit
1712 1670 1833 1709 eum
1863 1671 2042 1719 suum,

2157 453 2341 510 postea
2378 445 2433 500 in
2475 463 2560 503 me
2593 449 2763 517 aperti
2801 450 2914 504 odii
2954 451 3177 507 vocibus
3224 454 3517 510 saevierunt
3534 459 3747 525 gratis,

2154 536 2275 604 quia
2308 550 2526 592 causam
2570 539 2869 596 inimicitia:
2899 558 3005 597 non
3036 543 3339 600 habuerunt
3361 590 3376 616 ,
3412 548 3513 604 nisi
3541 549 3749 620 iniqui-

2157 635 2319 683 tatem
2349 643 2524 698 suam,
2555 639 2611 686 et
2649 632 2802 688 nullo
2831 634 2932 689 sibi
2956 638 3233 706 proposito
3274 639 3578 707 commodo,
3607 657 3745 712 gra-

2154 718 2292 773 tuito
2320 721 2539 788 maligni
2563 730 2618 776 et
2643 722 2889 778 crudeles
2915 723 3162 781 luerunt.

2227 812 2406 883 (Vers.
2428 814 2511 885 4.)
2533 813 2638 869 Pro
2656 832 2714 870 eo
2735 826 2791 869 ut
2815 817 3082 886 diligerent
3106 835 3205 885 me,
3227 820 3560 875 detrahebant
3586 823 3743 876 mihi.

2165 908 2279 962 Non
2313 924 2531 976 parvum
2559 910 2761 980 aliquid
2790 912 2963 980 putari
2994 913 3178 976 debet.
3204 915 3328 982 quia
3359 930 3465 969 non
3490 916 3598 980 ait,
3630 916 3745 971 Pro

2153 1016 2219 1055 eo
2246 1011 2303 1055 ut
2331 1001 2612 1069 diligerent
2652 1018 2740 1057 me
2760 1043 2774 1069 ,
2811 1003 3205 1059 interﬁciebant
3243 1020 3357 1071 me;
3386 1006 3515 1070 sed,
3544 1006 3742 1060 detra-

2154 1090 2338 1144 hebant
2388 1092 2534 1145 mihi.
2588 1091 2717 1148 ldeo
2764 1094 2960 1164 quippe
2998 1095 3419 1159 interfecerunt,
3460 1096 3585 1165 quia
3635 1097 3742 1150 de-

2153 1189 2450 1247 traxerunt,
2482 1191 2740 1251 negantes
2763 1182 2957 1237 Filium
2989 1183 3115 1248 Dei,
3148 1193 3204 1238 et
3231 1184 3471 1240 dicentes
3499 1184 3642 1251 quod
3680 1187 3741 1238 in

2151 1274 2380 1343 principe
2402 1274 2766 1327 dwmoniorum
2796 1276 2933 1344 eiicit
2956 1276 3211 1330 damonia
3239 1275 3388 1346 (Luc.
3408 1276 3623 1346 ιι,15);
3655 1285 3733 1344 et,

2152 1362 2464 1417 dwmonium
2508 1365 2653 1420 habet
2681 1373 2729 1420 et
2758 1367 2982 1429 insanit;
3012 1367 3135 1436 quid
3165 1382 3283 1420 eum
3318 1366 3512 1421 auditis
3551 1364 3730 1436 (Joan.

2153 1470 2206 1517 ι,
2228 1455 2364 1523 20)?
2402 1464 2456 1509 et
2482 1467 2674 1511 czetera
2705 1457 2850 1514 talia.
2898 1459 3011 1523 Qua
3039 1457 3377 1512 detractione
3418 1460 3736 1514 avertebant

2152 1546 2222 1599 ab
2262 1559 2328 1599 eo
2367 1560 2596 1614 quorum
2648 1548 3058 1602 conversionem
3108 1548 3199 1602 ille
3246 1547 3551 1616 quaerebat;
3587 1548 3734 1615 quod

2149 1637 2434 1693 nocentius
2461 1646 2581 1693 erat
2605 1653 2763 1708 quam
2785 1640 2925 1709 quod
2959 1655 3083 1693 mox
3112 1648 3544 1695 resurrecturum
3574 1654 3733 1708 para-

462 1746 522 1792 ut
552 1739 693 1793 intus
724 1754 947 1794 manens
977 1741 1441 1811 multiplicaretur,
1468 1758 1573 1799 non
1603 1752 1662 1799 ut
1688 1743 1835 1799 {oras
1859 1745 2034 1800 exiens

2150 1728 2281 1782 bant
2329 1728 2597 1783 occidere.
2652 1725 2766 1798 Ego
2826 1738 2996 1782 autem
3039 1729 3269 1782 orabam.
3339 1728 3456 1783 Non
3513 1728 3730 1798 quidem

471 1831 770 1884 minucretu
781 1846 825 1886 r.

1003 1944 1321 2004 PSALMUS
1366 1946 1520 2003 CVII.

532 2101 778 2155 Psalmus
799 2110 977 2155 autem
1001 2103 1332 2157 centesimus
1362 2105 1624 2172 septimus
1649 2105 2045 2174 prmtermissus

461 2200 582 2259 est,
631 2193 831 2260 quiain
867 2191 1154 2259 postremis
1194 2192 1618 2263 quinquagesimi
1665 2194 1849 2260 sexti,
1890 2204 1944 2247 et
1990 2195 2044 2249 in

460 2280 893 2350 quinquagesimi
918 2282 1074 2345 noni,
1110 2292 1132 2320 ο
1162 2283 1370 2339 videtur
1391 2287 1694 2353 expositus.
1745 2286 1929 2356 itaque
1954 2284 2039 2339 in-

458 2373 592 2439 cipit

969 2484 1291 2542 PSALMUS
1336 2483 1510 2541 CVIII.

533 2634 707 2706 (Vers.
743 2635 778 2687 2
806 2634 826 2705 )
857 2635 1017 2701 Deus,
1058 2636 1261 2690 laudem
1296 2653 1459 2692 meam
1487 2655 1549 2692 ne
1574 2642 1813 2708 tacueris,
1838 2643 1960 2712 quia
1984 2659 2039 2697 os

463 2727 747 2796 peccatoris
773 2735 820 2779 et
840 2726 1005 2782 dolosi
1030 2744 1185 2796 super
1206 2744 1283 2780 me
1301 2738 1532 2800 apertum
1556 2741 1648 2784 est.

526 2817 802 2871 Psalmum
832 2819 991 2872 istum
1044 2819 1110 2872 dc
1163 2818 1379 2874 Christo
1431 2820 1631 2877 habere
1677 2823 2035 2892 pmpbetiam,

456 2908 701 2978 quisquis
728 2910 897 2963 Actus
919 2908 1303 2978 Apostolorum
1334 2911 1562 2967 ﬁdeliter
1595 2914 1723 2983 legit
1751 2919 1995 2985 agnoscit
2021 2931 2037 2982 ;

455 3002 547 3056 ubi
591 3002 869 3057 evidenter
894 3004 1197 3059 ostenditur
1238 3005 1307 3059 de
1345 3005 1479 3061 Juda
1523 3008 1783 3064 traditore
1820 3010 2033 3065 Domini

2147 1818 2318 1886 dixit,
2352 1818 2476 1887 quid
2515 1818 2731 1886 orabat;
2782 1819 2876 1873 sed
2906 1819 3035 1873 illud
3084 1818 3431 1889 intelligimus
3478 1818 3620 1886 quod
3654 1820 3729 1873 in

2146 1922 2307 1963 cruce
2338 1908 2574 1976 pendens
2603 1910 2713 1977 ait,
2740 1908 2917 1977 Pater,
2950 1911 3154 1979 ignosce
3183 1911 3310 1970 illis,
3346 1910 3467 1979 quia
3495 1911 3732 1964 nesciunt

2146 2000 2272 2067 quid
2300 2001 2496 2069 faciunt
2540 1998 2692 2069 (Luc.
2718 2015 2872 2067 mn,
2898 2000 3014 2070 54).
3059 1999 3078 2039 ί
3105 2002 3273 2068 Quam
3304 2003 3441 2056 bene
3474 2001 3729 2070 intelligi.

2148 2099 2234 2144 tur
2263 2106 2357 2159 pro
2386 2091 2666 2160 discipulis
2694 2094 2805 2147 suis
2834 2106 3041 2154 orasse,
3079 2092 3221 2162 quod
3251 2093 3415 2147 etiam
3446 2102 3574 2148 ante
3605 2107 3727 2160 pas-

2145 2183 2352 2237 sionem
2384 2198 2532 2235 suam
2566 2183 2730 2248 dixit,
2766 2199 2832 2237 ne
2859 2185 3116 2239 deficeret
3161 2185 3299 2239 ﬁdes
3337 2198 3527 2239 eorum
3572 2183 3723 2252 (Luc.

2145 2286 2284 2337 nu,
2325 2272 2442 2338 ΕΞ),
2476 2273 2700 2342 quando
2739 2270 2855 2343 ipse
2888 2275 3024 2328 ﬁxus
3056 2275 3107 2328 in
3146 2275 3294 2344 bgno
3328 2289 3435 2329 non
3479 2275 3730 2329 utebatur

2141 2364 2380 2432 potentia
2410 2378 2526 2429 sua,
2551 2364 2645 2418 sed
2674 2364 2943 2432 patientia:
2970 2365 3248 2434 praebebat
3274 2365 3579 2429 exemplum
3612 2383 3623 2417 :
3661 2382 3729 2421 ne

2139 2455 2386 2511 inimicos
2417 2470 2544 2510 suos
2574 2455 2754 2511 divina
2804 2466 3069 2525 potestate
3116 2458 3371 2523 delenda,
3399 2458 3466 2510 ad
3497 2457 3602 2512 hoc
3629 2472 3727 2512 nos

2139 2548 2461 2613 aediﬁcaret,
2491 2556 2549 2602 ut
2576 2548 2917 2615 impatienter
2958 2548 3339 2604 lestinaremus
3373 2548 3441 2603 de
3471 2548 3558 2601 his
3589 2564 3723 2616 quos

2140 2639 2311 2693 malos
2356 2639 2589 2709 patimur
2621 2639 2917 2706 vindicari;
2952 2655 3071 2695 cum
3116 2641 3373 2708 scriptum
3401 2640 3503 2707 sit,
3539 2638 3727 2693 Melior

2148 2741 2225 2787 est
2253 2734 2449 2798 patiens
2474 2748 2624 2800 quam
2651 2732 2800 2799 fortis
2828 2731 3016 2803 (Prov.
3041 2748 3151 2798 va,
3181 2730 3297 2801 52).

2211 2823 2399 2890 (Vers.
2433 2824 2529 2894 5.)
2577 2824 2642 2876 Et
2682 2835 2963 2895 posuerunt
3011 2824 3283 2879 adversum
3325 2838 3407 2875 me
3452 2823 3590 2875 mala
3632 2838 3725 2891 pro

2142 2914 2306 2979 bonis,
2336 2924 2382 2967 et
2411 2915 2587 2967 odium
2622 2930 2714 2981 pro
2740 2913 3010 2967 dilectione
3037 2930 3165 2967 mea.
3195 2912 3451 2979 Quamvis
3477 2912 3725 2967 volunta-

2141 3006 2220 3059 ria
2251 3008 2322 3059 sit
2351 3020 2504 3074 poena
2538 3004 2806 3074 patientis,
2837 3004 2938 3059 hoc
2962 3015 3048 3059 est
3074 3013 3255 3059 tamen
3280 3003 3570 3057 maximum
3600 3017 3725 3069 per-

459 3091 859 3160 propbetatum,
892 3094 1035 3162 quod
1065 3095 1151 3149 hic
1175 3093 1438 3163 scriptum
1467 3104 1586 3162 est,
1616 3098 1773 3152 Fiant
1802 3099 1908 3154 dies
1924 3101 2037 3169 eius
2060 3079 2104 3141 (ἶ
2139 3098 2476 3167 sequentium
2507 3095 2711 3150 crimen
2734 3140 2748 3163 ,
2781 3096 2922 3165 quod
2954 3095 3182 3150 bonitati
3226 3093 3522 3156 malitiam,
3554 3101 3610 3146 et
3637 3091 3719 3145 di-

457 3183 605 3248 pauci
632 3180 805 3251 (Psul.
835 3197 983 3250 cvm,
1016 3184 1081 3249 8)
1111 3225 1126 3247 ,
1179 3192 1225 3238 et
1255 3185 1607 3256 episcopatum
1659 3190 1768 3258 ejus
1815 3191 2035 3259 accipiat

457 3274 585 3326 alter
638 3275 773 3344 (Act.
804 3290 841 3341 ι,
864 3274 981 3344 20).
1035 3276 1140 3330 Sed
1186 3278 1233 3331 si
1266 3277 1334 3331 de
1363 3294 1469 3333 uno
1493 3276 1517 3316 ἀ
1550 3280 1641 3334 illa
1667 3283 1864 3348 omnia,
1916 3295 2035 3352 qua:

459 3364 545 3418 hic
572 3366 624 3417 in
654 3365 793 3419 malo
823 3366 960 3418 dicta
991 3379 1113 3419 sunt
1142 3408 1157 3433 ,
1188 3383 1449 3423 conemur
1476 3372 1721 3437 accipere
1746 3412 1762 3436 ,
1821 3373 2036 3441 exposi-

462 3459 623 3512 tionis
668 3459 809 3512 ratio
838 3459 1128 3513 vacillabit.
1198 3460 1385 3515 Melius
1418 3477 1547 3531 ergo
1580 3465 1830 3519 universa
1861 3464 2035 3520 clare-

457 3549 611 3615 bunt,
643 3550 687 3603 si
716 3550 959 3617 quaedam
983 3548 1049 3602 ad
1071 3565 1228 3604 omne
1248 3548 1417 3620 genus
1438 3552 1776 3607 inimicorum
1805 3552 2029 3622 Christi,

455 3654 682 3707 quorum
710 3639 875 3694 ludas
928 3641 1211 3707 primatum
1255 3640 1422 3709 gerit,
1465 3642 1708 3711 quaedam
1754 3654 1933 3700 autem
1965 3646 2032 3698 ad

456 3730 627 3800 ipsum
658 3729 848 3785 Judatn
902 3730 1114 3800 proprie
1161 3732 1430 3796 pertinere
1477 3731 1861 3802 intelligantur.
1919 3734 2031 3789 Vox

455 3835 584 3891 ergo
598 3820 808 3875 Domini
832 3830 913 3875 est
932 3840 942 3874 :
960 3819 1121 3883 Deus,
1137 3821 1339 3876 laudem
1368 3838 1528 3875 meum
1551 3839 1614 3875 ne
1637 3824 1871 3877 tacueris.
1889 3822 2031 3880 Laus

460 3927 590 3966 vero
612 3913 779 3983 ipsius
801 3928 926 3967 vera
955 3922 1008 3965 et
1036 3914 1265 3966 maxima
1290 3923 1389 3979 est,
1419 3930 1545 3983 qua,
1568 3913 1671 3968 hoc
1696 3917 1866 3984 ipsum
1890 3916 2030 3986 quod

454 4013 560 4069 est,
591 4004 897 4073 unigenitus
919 4004 1015 4059 Dei
1056 4004 1224 4057 Filius
1256 4007 1596 4073 praedicatur.
1643 4005 1837 4061 Contra
1870 4024 2028 4077 quem

452 4109 513 4147 os
538 4094 708 4148 dolosi
740 4096 1035 4163 peccatoris
1057 4094 1252 4158 cru-ait,
1305 4109 1425 4149 cum
1453 4097 1624 4150 virtus
1655 4106 1677 4132 ε
1710 4114 1827 4153 mea
1876 4100 2031 4153 inﬁr-

453 4187 655 4240 mitatis
679 4201 839 4240 carne
871 4195 1160 4253 tegeretur.

524 4277 701 4345 (Vcrs.
730 4278 809 4347 5.)
852 4277 1034 4331 Loculi
1060 4288 1177 4331 sunt
1205 4278 1470 4332 adversum
1504 4297 1580 4333 me
1610 4282 1785 4352 lingua
1810 4283 1991 4339 dolosa
2010 4300 2029 4338 :

452 4370 602 4425 Tunc
647 4371 847 4440 utique,
880 4372 1094 4441 quando
1122 4386 1244 4425 eum
1279 4380 1543 4441 tamquam
1593 4375 1901 4442 magistrum
1934 4375 2026 4429 bo-

2142 3191 2359 3246 lectioni
2409 3190 2529 3244 odia
2578 3189 2962 3254 reddiderunt;
3002 3204 3101 3259 pro
3128 3203 3231 3257 qua
3276 3188 3551 3255 impietate
3592 3186 3718 3253 quid

2137 3284 2407 3350 recepturi
2436 3282 2578 3345 sint,
2620 3282 2855 3350 optantis
2888 3281 3237 3336 similitudine
3276 3280 3465 3345 incipit
3488 3278 3720 3347 prophe-

2137 3385 2273 3429 tare.
2301 3373 2418 3427 Non
2455 3382 2632 3427 autem
2675 3387 2891 3442 poenam
2922 3386 3139 3427 reorum
3176 3371 3512 3438 concupiscit
3542 3370 3714 3430 Dens,

2136 3475 2402 3534 tamquam
2444 3465 2747 3518 exsaturari
2804 3464 3122 3518 desiderans
3160 3462 3395 3527 ultione,
3432 3460 3532 3515 sed
3575 3460 3713 3529 quod

2128 3556 2332 3624 justum
2359 3565 2441 3611 est
2469 3570 2588 3610 cum
2621 3555 3008 3625 tranquillitate
3033 3554 3293 3623 disponit,
3317 3560 3376 3607 ut
3403 3552 3567 3607 etiam
3591 3552 3717 3604 mali

2136 3660 2243 3700 non
2277 3646 2386 3701 sint.
2423 3646 2713 3700 inordinati
2751 3645 2922 3715 (Sent.
2951 3644 3061 3715 12).

2201 3736 2382 3808 (Vers.
2414 3735 2494 3806 6.)
2521 3736 2782 3791 Constitue
2825 3751 2977 3801 super
3003 3751 3117 3789 eum
3150 3742 3494 3801 peccatorem,
3524 3741 3571 3785 et
3603 3733 3718 3784 dia-

2133 3826 2279 3881 bolus
2311 3836 2404 3881 strt
2438 3844 2469 3879 a
2506 3827 2701 3880 dextris
2743 3828 2875 3895 ejus.
2909 3829 3040 3879 Cum
3087 3826 3339 3893 superius
3386 3823 3605 3892 querela
3652 3825 3717 3875 de

2130 3918 2372 3989 pluribus
2404 3917 2582 3984 inerit,
2618 3931 2759 3970 nunc
2781 3915 2849 3970 de
2880 3931 2988 3971 uno
3018 3916 3256 3984 loquitur
3280 3916 3551 3983 psalmus,
3577 3924 3631 3967 et
3662 3915 3714 3966 in

2133 4011 2291 4064 unius
2317 4009 2649 4064 intellectam
2694 4022 2979 4076 personam
3012 4008 3145 4061 ultio
3174 4006 3351 4061 futura
3380 4005 3715 4074 diapouitur:

2133 4119 2238 4158 non
2274 4104 2396 4173 quia
2434 4102 2510 4156 illi
2542 4110 2694 4155 extra
2732 4101 3057 4169 supplicium
3099 4101 3207 4154 sint
3235 4099 3399 4153 futuri
3421 4138 3435 4161 ,
3464 4097 3560 4152 sed
3594 4099 3716 4166 quia

2133 4196 2186 4250 in
2216 4203 2377 4265 caput
2417 4194 2636 4249 sceleris
2682 4193 2821 4247 bene
2868 4192 3039 4247 fertur
3078 4191 3379 4256 sententia,
3416 4205 3537 4259 quae
3583 4204 3713 4243 con-

2132 4295 2306 4339 sortes
2335 4284 2623 4353 impietatis
2652 4297 2756 4337 non
2782 4283 2978 4337 omittit
3005 4282 3058 4335 in
3082 4281 3305 4343 ultione,
3329 4294 3463 4346 quos
3485 4279 3706 4333 damnat

2133 4377 2185 4432 in
2220 4377 2478 4446 principe.
2512 4374 2649 4442 Quid
2683 4383 2766 4428 est
2797 4387 2945 4441 ergo,
2982 4370 3244 4425 Constitue
3267 4387 3421 4441 super
3448 4384 3561 4423 eum
3594 4385 3715 4437 pec-

450 4474 576 4513 uum
603 4461 835 4527 captiosa
865 4462 1168 4516 adulutioue
1196 4462 1481 4515 laudabant
1509 4462 1721 4534 (Matth.
1750 4482 1881 4533 ml,
1912 4466 2023 4537 16).
2058 4448 2106 4506 Ῐ)
2133 4478 2383 4534 calorem,
2407 4466 2510 4521 nisi
2544 4476 2603 4520 ut
2628 4467 2676 4520 ei
2706 4464 2953 4520 diabolus
2984 4464 3163 4533 praesit
3193 4463 3278 4516 cui
3320 4463 3435 4530 ipse
3480 4474 3540 4515 se
3586 4460 3714 4514 sub.

449 4548 610 4621 409
633 4549 698 4604 Et
725 4552 1041 4607 sermonibus
1070 4552 1176 4606 odii
1212 4552 1651 4607 circumdederunt
1683 4572 1778 4622 me,
1809 4567 1854 4610 et
1877 4575 2030 4625 expu-

518 4764 543 4790 ⁸
574 4755 902 4820 Augustinus
942 4755 1101 4815 dicit,
1152 4759 1366 4811 uinculis
1413 4759 1812 4813 consuetudinis.
1875 4758 2015 4813 Editi

446 4842 630 4880 omnes
658 4825 1020 4893 Presperiani,
1056 4828 1269 4880 vinculis
1295 4829 1675 4882 sollicitudinis.

512 4895 541 4935 ιι
571 4895 722 4961 Apud
751 4895 1133 4963 Augustinum,
1176 4900 1329 4951 missa
1356 4898 1610 4952 medicina
1630 4900 1766 4953 verbi
1787 4900 1887 4952 sui.

519 4976 541 5004 ε
573 4966 775 5034 Supple
799 4968 1011 5029 iterum,
1053 4968 1320 5033 postremis
1363 4970 1611 5035 partibus.
1667 4968 1796 5023 Nam
1828 4985 1923 5024 nec
1956 4970 2012 5024 S.

445 5038 777 5109 Augustinus,
799 5035 1229 5109 buncpsalmum
1260 5053 1362 5093 cvn
1393 5040 1767 5108 exponendum
1796 5049 2017 5109 putave-

412 5136 423 5147 -
443 5117 544 5162 rat.
608 5106 884 5188 Quoniam,
915 5108 1011 5173 ait,
1033 5110 1147 5190 jam
1171 5109 1385 5190 eaeposui
1405 5106 1523 5190 eum
1562 5111 1617 5162 in
1645 5106 1843 5190 psaltria
1864 5112 2016 5179 quin-

440 5178 731 5244 quagesimo
756 5188 919 5243 sexto,
952 5186 998 5230 et
1026 5178 1076 5231 in
1108 5178 1301 5250 psalmo
1329 5178 1746 5250 quinquagesimo
1775 5178 1925 5243 nono,
1957 5197 2019 5233 ea:

439 5263 654 5318 quorum
678 5251 941 5313 postremis
966 5249 1197 5319 partibus
1221 5249 1308 5301 ille
1337 5258 1555 5319 constat.
1602 5249 1738 5302 Nam
1765 5260 2017 5317 postrema

440 5334 559 5387 pars
585 5318 990 5390 quinquagesimi
1010 5320 1138 5390 sexti
1165 5320 1330 5388 prima
1349 5328 1419 5372 est
1446 5318 1601 5388 hujus
1619 5336 1776 5390 usque
1803 5320 1871 5371 ad
1900 5336 2018 5372 eum

440 5403 638 5461 uersum
654 5390 741 5440 ubi
760 5389 979 5454 dicitur,
1010 5389 1073 5442 Et
1096 5404 1249 5454 super
1270 5405 1468 5443 omnem
1488 5399 1675 5442 terram
1694 5389 1877 5461 'gloria
1908 5399 2015 5443 tua.

443 5457 579 5511 Hinc
613 5469 781 5511 autent
816 5476 969 5528 usque
993 5461 1047 5513 in
1086 5460 1271 5527 ﬁnem,
1317 5470 1573 5529 postrema
1614 5457 1731 5525 pars
1755 5470 1829 5513 est
1870 5461 2018 5524 quin-

442 5530 722 5598 quagesimi
759 5530 901 5581 noni.
986 5532 1059 5583 Ex
1107 5532 1188 5583 his
1237 5541 1412 5584 tamen
1478 5530 1688 5592 verbis,
1756 5530 1808 5583 ni
1871 5530 2006 5583 falli-

443 5615 591 5663 mur,
624 5614 727 5649 nou
757 5610 899 5652 recte
941 5600 1121 5653 inferri
1155 5611 1331 5662 posset
1370 5601 1425 5655 S.
1455 5601 1775 5667 Prosperum
1806 5600 1871 5655 de
1899 5610 2010 5653 toto

443 5669 722 5740 Augustini
748 5684 908 5737 opere
953 5672 1004 5725 iu
1036 5670 1273 5727 Psalmos
1307 5671 1681 5740 Expositiones
1721 5672 1861 5742 stylo
1888 5672 2013 5727 bre-

2135 4562 2299 4626 didit;
2365 4570 2418 4615 et
2465 4562 2636 4629 ipsum
2686 4559 2737 4613 in
2781 4558 2995 4613 dextris
3051 4556 3249 4611 habeat
3302 4570 3463 4625 quem
3510 4554 3704 4623 elegit,

2125 4762 2259 4814 viori
2293 4760 2592 4813 nullatenus
2624 4757 2928 4826 collegisse,
2971 4772 3091 4810 cum
3122 4765 3301 4816 certe,
3340 4754 3397 4826 si
3420 4770 3543 4808 mox
3575 4756 3709 4806 eila-

2128 4841 2209 4883 tos
2239 4830 2470 4896 psalmos
2517 4830 2745 4881 intactos
2772 4825 3113 4897 reliquisset,
3149 4826 3288 4879 hunc
3315 4825 3403 4897 qui
3450 4825 3571 4877 illos
3606 4840 3711 4877 ma-

2127 4895 2322 4953 ximam
2350 4907 2552 4967 partem
2586 4898 2858 4965 exprimit,
2891 4895 3285 4967 expositionum
3317 4895 3421 4948 illis
3466 4906 3708 4948 annexa-

2127 4986 2241 5025 rum
2267 4984 2388 5035 ope,
2416 4984 2686 5035 exponere
2717 4983 2821 5020 non
2851 4966 3193 5036 neglexisset.

2197 5039 2222 5077 ά
2247 5034 2427 5103 Ferte,
2444 5034 2506 5089 de
2526 5055 2629 5090 uno
2650 5038 2769 5101 ille;
2795 5048 2851 5088 ut
2880 5034 3124 5104 August.,
3147 5037 3209 5086 de
3234 5036 3325 5087 illo
3356 5050 3459 5086 uno
3485 5034 3704 5085 homine.

2198 5120 2221 5147 ⁸
2254 5110 2600 5172 SuSpicamur
2630 5108 2931 5176 legendum.
2964 5103 3236 5167 hiemant,
3260 5103 3707 5176 ejusinﬁrmitqtis

2123 5196 2275 5232 carne
2294 5188 2561 5249 tegeretur,
2585 5172 2990 5249 aut'aliudquid
3012 5172 3707 5249 supplendum.__AuguStini

2122 5251 2281 5302 verba
2327 5241 2410 5302 cui
2459 5241 2573 5300 nm
2624 5241 2951 5314 respondent
2998 5241 3132 5297 talia
3171 5255 3315 5298 sunt.
3365 5241 3494 5314 Hoc
3536 5253 3708 5296 autem

2123 5320 2370 5389 (scilicet,
2398 5317 2535 5382 quod
2565 5325 2650 5371 est
2677 5312 2980 5389 unigenitus
3021 5315 3111 5369 Dei
3140 5314 3304 5389 Filius
3325 5353 3339 5375 ,
3413 5327 3515 5365 non
3538 5328 3706 5378 appa-

2122 5381 2281 5452 rebat,
2308 5389 2396 5441 sed
2434 5397 2716 5457 apparente
2764 5381 3060 5451 inﬁrmitate
3102 5386 3215 5452 ejus
3254 5381 3476 5445 la'ebat,
3508 5399 3624 5435 cunt
3651 5396 3705 5433 os

2123 5460 2406 5527 peccatoris
2431 5466 2477 5509 et
2516 5473 2569 5510 os
2610 5458 2777 5509 dolosi
2806 5472 2956 5527 super
2997 5472 3113 5509 eum
3152 5464 3385 5524 apertum
3424 5461 3500 5505 est
3526 5495 3541 5519 ,
3586 5466 3706 5522 quia

2122 5539 2298 5595 operta
2325 5529 2490 5581 virtus
2519 5527 2673 5598 hujus
2699 5527 2817 5592 fuit.

2196 5598 2214 5635 ί
2244 5600 2298 5651 In
2340 5594 2655 5669 Augustino,
2698 5598 3039 5667 Quamquam.
3089 5595 3232 5650 Editi
3272 5594 3441 5649 nostri
3482 5605 3696 5657 omnes,

2123 5669 2310 5737 Quam.
