4030 6178
501 237 610 295 315

505 453 562 498 et
586 442 829 498 membra
853 445 969 508 ejus
995 442 1187 494 saevire
1216 455 1322 494 non
1351 439 1554 493 debuit.

578 533 760 602 (Vers.
794 532 908 600 i7.)
935 530 1069 595 Quia
1099 541 1392 602 persecutus
1425 539 1496 584 est
1532 528 1789 582 hominem
1820 542 2096 598 pauperem

507 631 555 676 et
588 622 892 676 mendicum.
924 622 1038 675 Non
1070 624 1212 675 enim
1239 621 1557 691 dedignatus
1575 631 1658 675 est
1680 620 1940 673 Dominus
1965 634 2098 689 pau-

511 729 608 782 per
643 714 754 766 ﬁeri
777 751 792 775 ,
826 728 948 766 cum
978 712 1128 766 dives
1155 723 1328 778 esset,
1366 721 1426 765 ut
1464 711 1610 765 illius
1640 719 1955 780 paupertate
2000 725 2098 764 nos

509 804 807 857 ditaremur
833 802 1033 869 (llCor.
1059 818 1170 867 vui,
1197 802 1275 872 9).
1308 802 1611 856 Mendicum
1635 810 1811 854 autem
1846 802 1896 853 in
1923 814 1990 854 eo
2017 802 2096 855 in-

513 894 676 963 telligi
698 902 894 962 potest,
918 895 1058 962 quod
1084 895 1438 948 Samaritana:
1461 892 1672 945 mulieri
1695 891 1851 954 dixit,
1873 889 1953 942 Da
1973 890 2100 943 mihi

511 985 678 1038 bibere
720 983 902 1055 (Joan.
941 1000 1014 1046 tv,
1051 982 1136 1054 7);
1170 984 1250 1036 vel
1300 983 1442 1050 quod
1496 984 1547 1036 in
1599 997 1760 1035 cruce
1803 983 1924 1033 ait:
1966 980 2100 1034 Sitio

517 1075 694 1144 (Joan.
716 1090 826 1139 xix,
849 1072 942 1144 28)
964 1089 1111 1141 :qua:
1134 1074 1296 1126 verba
1329 1083 1599 1140 tamquam
1635 1071 1924 1138 indigentis
1951 1079 2098 1123 sunt.

516 1165 584 1218 Et
607 1173 964 1235 compunctum
983 1163 1136 1216 corde
1162 1163 1492 1231 mortiﬁcare.
1516 1160 1712 1215 Cordis
1733 1162 2098 1228 compunctio,

515 1273 636 1326 quae
675 1257 891 1326 proprie
922 1256 987 1309 ad
1027 1270 1322 1310 conversos
1353 1269 1381 1307 a
1415 1255 1650 1322 peccatis
1697 1254 1959 1322 pertinet,
1993 1267 2101 1306 non

516 1349 768 1404 convenit
800 1348 1039 1413 Christo,
1071 1348 1162 1417 qui
1201 1347 1348 1400 solus
1376 1346 1581 1400 exstitit
1626 1345 1829 1414 absque
1861 1354 2099 1412 peccato.

517 1441 575 1496 in
607 1439 866 1494 membris
896 1441 1072 1508 itaque
1095 1439 1210 1493 suis
1238 1436 1603 1506 paenitentiam
1626 1435 1935 1504 agentibus,
1958 1445 2010 1489 et
2037 1434 2104 1488 ad

518 1542 679 1599 caput
726 1547 882 1585 suum
930 1546 1050 1585 cum
1096 1529 1511 1598 compunctione
1563 1529 1947 1591 redeuntibus,
1990 1528 2106 1594 ipse

519 1637 732 1692 quoque
777 1631 892 1675 erat
937 1629 1290 1689 compunctus
1335 1619 1519 1684 corde,
1547 1622 1672 1687 quia
1718 1633 1821 1671 non
1863 1619 2047 1672 aberat
2074 1632 2104 1670 a

1741 229 1802 287 S.
1842 226 2170 283 PROSPERI
2211 225 2542 294 AQUITANI

504 348 844 422 panitendo,
876 347 1017 419 quod
1047 348 1227 402 occiso
1255 345 1471 401 Christo
1496 344 1690 400 saltem
1723 344 1775 398 in
1802 343 2092 412 discipulos
2117 347 2165 403 Α

3666 221 3767 278 516

2267 334 2450 412 (Vers.
2475 337 2593 409 2!.)
2631 335 2702 391 Et
2744 344 2820 406 tu,
2863 335 3104 405 Domine,
3149 335 3386 404 Domine,
3430 336 3516 407 {ac
3551 353 3765 394 mecum.

2195 431 2420 499 Quidam
2457 428 2888 484 subaudiendum
2921 437 3175 497 putarunt
3202 427 3626 492 misericordiam,
3655 429 3773 498 qui-

2195 521 2319 574 dam
2357 529 2412 574 et
2453 519 2796 574 addiderunt.
2845 518 2954 575 Sed
2994 518 3392 574 emcndatiores
3437 518 3653 573 codices
3695 519 3775 573 sic

2197 611 2418 673 habent,
2453 610 2520 665 Et
2552 623 2629 677 tu,
2655 610 2894 678 Domine,
2935 609 3177 673 Domine,
3202 611 3284 680 fac
3312 626 3531 673 mecum,
3569 619 3775 680 propter

2197 719 2381 756 nomen
2425 712 2592 755 tuum.
2626 700 3212 770 Undeintelligendum
3255 711 3357 764 est,
3407 701 3529 754 ideo
3573 703 3776 755 dixisse

2198 793 2392 848 Filium
2442 793 2587 848 Patri
2635 791 2750 845 Fac
2787 809 3004 859 mecum,
3047 795 3168 862 quia
3203 792 3390 848 eadem
3439 805 3564 847 sunt
3615 811 3778 862 opera

2203 884 2372 937 Patris
2420 893 2476 939 et
2520 883 2664 949 Filii,
2699 884 2841 954 quod
2893 885 3053 938 etiam
3097 883 3124 921 δ
3174 885 3540 939 misericordia
3587 889 3778 940 sentiri

2199 983 2393 1044 potest.
2427 974 2683 1044 Sequitur
2718 975 2902 1028 enim:
2933 973 3068 1038 Quia
3103 976 3274 1028 suavis
3313 985 3385 1028 est
3423 977 3781 1030 misericordia

2201 1072 2310 1115 tua.
2332 1062 2471 1129 Quia
2495 1063 2922 1118 misericordiam
2950 1072 3098 1118 recte
3123 1063 3477 1133 intelligimus
3495 1075 3549 1118 et
3566 1065 3780 1120 Patrem

2200 1161 2256 1207 et
2283 1152 2478 1206 Filium
2501 1152 2660 1207 simul
2691 1151 2869 1207 facere
2898 1153 2951 1208 in
2977 1167 3104 1206 vasa
3127 1153 3516 1208 misericordia:
3537 1152 3778 1220 Rome,

2201 1243 2319 1314 25).
2369 1245 2553 1298 Potest
2577 1255 2756 1299 autem
2784 1254 2839 1299 et
2871 1244 2949 1299 sic
2981 1245 3204 1314 intelligi
3235 1246 3377 1314 quod
3405 1247 3500 1311 ait,
3534 1245 3644 1299 Fac
3677 1264 3783 1301 me-

2203 1351 2337 1399 cum,
2360 1350 2423 1388 ac
2443 1334 2488 1388 si
2515 1335 2767 1399 dixisset,
2793 1335 3000 1402 Adjuva
3029 1351 3136 1389 me.
3163 1336 3323 1389 Pater
3343 1337 3539 1405 quippe
3565 1337 3781 1405 adjuvat

2207 1424 2421 1490 Filium,
2458 1427 2508 1478 in
2541 1434 2798 1494 quantum
2821 1426 2964 1480 Deus
2988 1426 3281 1492 hominem,
3310 1438 3529 1496 propter
3556 1428 3779 1482 formam

2206 1516 2369 1568 servi.
2398 1514 2532 1568 Nam
2559 1515 2612 1568 in
2635 1531 2696 1570 ea
2721 1515 2892 1570 forma
2925 1517 2975 1569 in
2999 1531 3101 1585 qua
3132 1517 3351 1585 aequalis
3381 1527 3461 1572 est
3489 1518 3636 1572 Patri
3678 1535 3785 1573 non

2209 1604 2410 1674 indiget
2445 1605 2690 1673 adjuvari
2727 1623 2739 1658 :
2784 1606 2908 1675 quia
2940 1608 3181 1675 utrisque
3211 1623 3372 1661 unum
3417 1623 3552 1677 opus
3593 1619 3698 1674 est,
3734 1620 3787 1665 et

524 1713 701 1781 capite
737 1710 878 1779 quod
916 1710 1203 1778 gerebam,
1243 1709 1293 1762 in
1335 1722 1596 1776 corpore,
1637 1710 1688 1760 in
1722 1722 1829 1776 quo
1857 1722 2022 1774 usque
2054 1709 2106 1759 in
2140 1703 2185 1760 Β
2215 1712 2307 1764 par
2323 1709 2482 1766 atque
2503 1697 2880 1766 inseparabilis
2904 1710 3161 1767 petestas.
3187 1700 3409 1769 Egestas
3427 1712 3478 1756 et
3501 1713 3789 1772 paupertas

523 1802 685 1856 ﬁnem
715 1802 911 1870 patitur
942 1808 1348 1867 persequentes.

596 1894 779 1964 (Vers.
807 1893 922 1960 18.)
964 1889 1031 1943 Et
1067 1891 1245 1943 dilexit
1273 1889 1716 1949 maledictionem,
1751 1897 1796 1942 et
1838 1889 1998 1940 veniet
2041 1888 2107 1942 ei.

523 1984 858 2052 Quamquam
887 1991 942 2036 et
966 1981 1134 2036 ludas
1184 1982 1620 2036 maledictionem
1668 1981 1952 2043 dilexerit,
1986 1995 2114 2034 ven-

525 2074 703 2130 dendo
724 2083 885 2142 atque
909 2072 1167 2126 tradendo
1196 2072 1370 2142 ipsum
1397 2071 1789 2126 benedictionis
1809 2081 2111 2135 auctorem,

527 2166 763 2234 apertius
785 2172 966 2218 tamen
998 2163 1093 2216 ille
1124 2164 1349 2231 pOpttlus
1405 2161 1839 2217 maledictionem
1891 2162 2113 2227 dilexit,

529 2253 744 2324 quando
771 2253 936 2318 dixit,
969 2253 1192 2321 Sanguis
1223 2253 1375 2320 hujus
1404 2269 1556 2319 super
1586 2269 1702 2314 nos,
1728 2262 1772 2304 et
1801 2268 1954 2322 super
1983 2253 2118 2318 ﬁlias

531 2355 733 2398 nostros
756 2342 972 2413 (Matth.
999 2359 1166 2408 xxvii,
1193 2342 1305 2411 25).
1334 2343 1398 2396 Ει
1419 2343 1582 2395 noluit
1613 2341 2040 2406 benedictionem,
2074 2352 2119 2395 et

532 2438 851 2508 elongabitur
890 2436 951 2488 ab
991 2452 1068 2488 eo.
1120 2435 1188 2488 Et
1219 2434 1385 2489 Judas
1421 2435 1635 2504 quidem
1679 2434 2113 2488 benedictionem

533 2528 735 2596 abjecit
764 2528 817 2579 in
844 2525 1095 2591 Christo;
1129 2525 1226 2579 sed
1271 2527 1511 2593 apertius
1550 2539 1668 2578 eam
1716 2526 1942 2593 populus
1980 2525 2126 2578 refu-

537 2619 689 2683 tavit,
721 2617 939 2686 quando
969 2615 1046 2669 illi
1079 2615 1383 2668 illuminato
1408 2614 1643 2679 dicenti,
1671 2614 1935 2682 Numquid
1964 2623 2012 2667 et
2040 2630 2125 2668 vos

539 2709 777 2780 discipuli
813 2711 924 2777 ejus
950 2705 1100 2759 vultis
1129 2705 1282 2774 ﬁeri?
1312 2705 1611 2773 respondit,
1639 2703 1720 2756 Tu
1745 2706 1814 2757 sis
1844 2704 2126 2774 discipulus

538 2804 650 2871 ejus
682 2797 858 2866 (Joan.
893 2813 968 2862 Ix,
990 2798 1059 2850 27
1083 2807 1130 2850 et
1157 2794 1272 2868 28).
1301 2796 1369 2850 Et
1395 2797 1551 2865 longe
1580 2795 1716 2849 facta
1743 2806 1825 2849 est
1848 2795 1915 2850 ab
1940 2810 2004 2848 eo
2035 2795 2129 2847 be-

541 2891 796 2950 nedictio.
830 2889 954 2956 quia
987 2888 1236 2941 transivit
1268 2887 1333 2940 ad
1365 2897 1574 2956 gentes.
1609 2885 1677 2939 Et
1709 2887 1876 2939 induit
1916 2883 2130 2938 maledi-

543 2980 783 3044 ctionem,
807 2979 934 3031 sicut
963 2978 1330 3031 vestimentum.
1356 2977 1484 3032 Sive
1499 2976 1817 3042 Judas,sivc
1843 2977 1932 3030 ille
1961 2993 2129 3046 popu-

2213 1797 2475 1856 susceptae
2507 1789 2833 1845 inﬁrmitatis
2855 1799 2957 1855 est,
2991 1806 3057 1846 ex
3083 1806 3186 1860 qua
3217 1792 3511 1847 cruciﬁxus
3541 1803 3647 1848 est.

2287 1882 2466 1952 (Vers.
2506 1882 2620 1950 22.)
2655 1883 2838 1938 Libera
2877 1900 2974 1948 me,
3019 1886 3137 1954 quia
3164 1901 3350 1955 egenus
3379 1896 3423 1938 et
3449 1903 3645 1957 pauper
3681 1903 3794 1940 sum

2214 1989 2307 2043 ego
2335 1989 2355 2027 :
2382 1984 2429 2026 et
2455 1990 2542 2028 cor
2562 1991 2726 2028 meum
2755 1979 3011 2028 turbatum
3039 1985 3110 2030 est
3130 1977 3184 2028 in
3213 1992 3310 2030 me.
3331 1976 3640 2031 Secundum
3663 1979 3794 2032 illud

2216 2066 2357 2135 quod
2382 2068 2774 2137 propinquante
2792 2069 3042 2136 passione
3068 2071 3159 2132 ait,
3191 2068 3373 2124 Tristis
3394 2081 3467 2124 est
3491 2072 3665 2124 anima
3687 2086 3797 2125 mea

2219 2174 2378 2227 usque
2397 2159 2463 2211 ad
2487 2169 2701 2212 mortem
2731 2159 2946 2232 (Matth.
2978 2176 3123 2226 xxvr,
3149 2160 3264 2231 '58).
3292 2197 3305 2215 .

2293 2249 2474 2316 (Vers.
2498 2249 2614 2320 25.)
2661 2249 2808 2304 Sicut
2833 2250 3014 2302 umbra
3037 2267 3151 2303 cum
3172 2252 3410 2314 declinat,
3436 2252 3635 2306 ablatus
3664 2271 3797 2308 sunt.

2223 2340 2280 2394 In
2316 2341 2416 2396 hoc
2467 2342 2638 2410 ipsam
2689 2351 2920 2396 mortem
2967 2343 3307 2413 signiﬁcavit.
3357 2344 3510 2400 Sicut
3553 2348 3694 2400 enim
3737 2363 3803 2402 ex

2225 2433 2412 2486 umbra
2459 2432 2768 2488 declinante
2818 2433 2877 2487 ﬁt
2930 2449 3054 2498 nox,
3101 2435 3168 2490 ita
3203 2446 3224 2473 ο
3275 2437 3488 2490 mortali
3532 2452 3700 2491 carne
3745 2439 3806 2492 ﬁt

2226 2539 2390 2579 mors.
2426 2523 2687 2578 Excussus
2718 2542 2831 2577 sum
2859 2526 2988 2579 sicut
3015 2527 3242 2581 locustae.
3272 2527 3387 2582 lam
3423 2529 3525 2582 hoc
3553 2530 3604 2583 in
3639 2544 3808 2584 meme

2225 2616 2336 2670 bris
2366 2616 2482 2684 ejus
2516 2615 2918 2670 convenientius
2959 2617 3329 2687 intelligimus.
3372 2618 3595 2673 Excussi
3635 2621 3806 2687 enim,

2226 2708 2277 2761 id
2308 2718 2390 2762 est
2417 2707 2581 2776 fugati
2606 2719 2729 2761 sunt
2756 2723 2783 2759 a
2817 2708 3251 2776 persecutoribus
3274 2709 3456 2762 ﬁdeles
3488 2709 3646 2777 ejus:
3678 2725 3811 2779 quo.

2228 2815 2348 2854 rum
2389 2801 2471 2854 vel
2521 2799 2916 2854 multitudinem
2961 2801 3266 2871 signiﬁcare
3301 2801 3467 2856 voluit
3506 2803 3562 2856 in
3596 2805 3813 2858 nomine

2230 2894 2580 2960 locustarum,
2604 2894 2687 2947 vel
2717 2894 2859 2962 quod
2883 2895 3252 2948 transilierunt
3274 2895 3342 2948 de
3370 2895 3489 2949 loco
3523 2896 3572 2948 in
3601 2896 3808 2950 locum.

2304 2985 2483 3056 (Vers.
2515 2984 2633 3055 24.)
2664 2984 2843 3038 Genua
2869 3001 2983 3038 mea
3018 2986 3280 3053 inﬁrmata
3313 2995 3432 3039 sunt
3462 3002 3570 3054 pra:
3586 2987 3816 3057 jejunio,

543 3071 646 3125 ius.
690 3069 757 3122 Et
794 3068 1002 3147 intravit
1040 3068 1170 3121 sicut
1213 3084 1346 3138 aqua
1380 3068 1433 3120 in
1463 3068 1708 3121 interiora
1733 3068 1866 3136 ejus.
1902 3069 2042 3136 Ergo
2071 3079 2125 3123 et
2156 3067 2201 3128 C
2232 3086 2276 3130 et
2297 3092 2415 3130 caro
2439 3092 2550 3129 mea
2571 3078 2835 3129 immutata
2855 3084 2928 3130 cst
2944 3087 3151 3147 propter
3165 3075 3592 3146 oleum.Pr0pter
3615 3079 3809 3142 oleum,

543 3162 677 3216 foris
721 3173 772 3216 et
832 3146 1026 3216 intus:
1083 3160 1245 3225 foris,
1298 3160 1436 3213 sicut
1491 3161 1907 3224 vestimentum;
1957 3161 2128 3224 intus,

549 3251 691 3305 sicut
737 3265 897 3320 aqua.
947 3249 1211 3316 Quoniam
1246 3250 1297 3302 in
1337 3250 1453 3316 ejus
1492 3248 1683 3302 incidit
1714 3248 2008 3317 judicium,
2043 3248 2133 3317 qui

548 3347 730 3408 potest
764 3350 818 3392 et
851 3353 1048 3406 corpus
1084 3347 1139 3392 et
1173 3339 1406 3391 animam
1457 3337 1707 3391 occidere
1744 3337 1795 3390 in
1829 3339 2133 3406 gehennam

556 3428 774 3500 (Matth.
805 3443 860 3491 x,
884 3428 1002 3496 2t).
1038 3428 1102 3480 Et
1124 3428 1251 3482 sicut
1279 3428 1446 3481 oleum
1473 3428 1525 3480 in
1558 3428 1751 3481 ossibus
1781 3431 1912 3498 ejus.
1944 3428 2138 3482 Osteno

550 3520 632 3574 dit
669 3519 892 3588 impium
935 3519 1206 3572 hominem
1227 3563 1241 3586 ,
1270 3519 1352 3573 vel
1392 3520 1680 3587 populum,
1709 3534 1829 3572 cum
1863 3519 2137 3587 voluptate

551 3611 690 3664 mala
719 3609 917 3672 facere,
942 3616 1000 3662 et
1027 3608 1309 3678 iniquitate
1342 3609 1503 3674 intus,
1529 3611 1682 3679 quasi
1709 3625 1869 3678 aqua,
1901 3621 1952 3665 et
1983 3610 2136 3677 foris,

551 3700 704 3768 quasi
730 3700 849 3752 oleo
872 3699 1152 3754 delectari.
1185 3699 1314 3766 Qua:
1345 3702 1487 3752 actio
1517 3700 1637 3754 ideo
1668 3701 1978 3756 maledictio
2007 3703 2140 3756 dici-

553 3801 660 3856 tur,
685 3792 808 3862 quia
839 3793 1034 3845 talibus
1063 3793 1204 3846 Deus
1234 3802 1434 3846 azterna
1467 3802 1734 3848 tormenta
1767 3793 2062 3848 denuntiat.

622 3881 806 3952 (Vers.
835 3881 946 3950 19.)
977 3878 1103 3934 Fiat
1136 3883 1182 3934 ei
1211 3883 1342 3935 sicut
1368 3884 1717 3936 vestimentum
1738 3901 1837 3954 quo
1863 3886 2138 3954 aperietur.

554 3976 806 4043 Apertior
841 3975 1042 4028 malitia
1081 3983 1163 4027 est
1197 3990 1297 4042 qua
1331 3990 1389 4028 se
1422 3984 1672 4043 peccator
1695 3977 1847 4044 quasi
1875 3978 2033 4044 pallio
2067 3989 2144 4032 te-

554 4067 664 4134 git,
703 4075 757 4119 et
794 4064 922 4119 inde
956 4074 1176 4132 opertus
1213 4064 1453 4129 videtur,
1491 4065 1632 4118 unde
1671 4067 1832 4121 etiam
1877 4066 1928 4119 in
1974 4067 2144 4122 oculis

561 4155 842 4208 hominum
864 4154 1147 4223 gloriatur,
1165 4155 1364 4206 malum
1385 4167 1442 4206 se
1465 4154 1835 4220 dissimulans,
1856 4156 1946 4209 sed
1967 4167 2147 4213 osten-

558 4257 698 4300 tans.
735 4246 800 4299 Et
847 4248 976 4300 sicut
1011 4263 1142 4299 zona
1171 4263 1272 4317 qua
1310 4263 1509 4315 semper
1541 4250 1888 4318 prwcingitur.
1924 4250 2146 4306 Maledi-

560 4337 742 4390 ctione
772 4351 831 4391 se
862 4338 1165 4406 prtecingit,
1201 4337 1322 4406 quia
1365 4337 1564 4391 malum
1612 4354 1717 4391 non
1773 4344 2142 4408 repentinum,

558 4425 654 4481 sed
681 4426 1002 4496 dispositum
1039 4427 1376 4498 aggreditur;
1409 4437 1463 4482 et
1493 4429 1563 4482 ita
1595 4428 1754 4483 discit
1789 4430 2140 4498 malefacere,
2173 4426 2221 4485 D

560 4526 621 4570 ut
648 4532 865 4588 semper
891 4530 1110 4588 paratus
1141 4521 1229 4572 sit.

632 4608 822 4678 (Vers.
857 4607 988 4677 20.)
1043 4609 1157 4662 Hoc
1195 4625 1323 4679 Opus
1361 4625 1536 4663 eorum
1575 4611 1664 4681 qui
1705 4611 1978 4666 detrahunt
2022 4615 2146 4668 mihi

558 4701 700 4764 apud
730 4697 1028 4752 Dominum.
1054 4699 1214 4770 413
1244 4701 1303 4753 lli
1332 4711 1454 4754 sunt
1480 4702 1572 4771 qui
1606 4701 1897 4756 detrahunt
1931 4703 2144 4758 Christo

560 4798 586 4826 ι
606 4789 727 4857 ipsi,
751 4803 908 4856 quem
939 4788 1048 4843 Lex
1076 4791 1282 4844 Domini
1312 4802 1367 4846 et
1389 4792 1671 4860 Prophette
1694 4796 2144 4861 prmuuntiarunt.

561 4877 631 4932 Et
663 4880 747 4948 qui
788 4881 1069 4948 loquuntur
1097 4880 1234 4934 mala
1264 4881 1508 4936 adversus
1552 4885 1778 4937 animam
1821 4901 2003 4939 meam.
2042 4886 2148 4939 Ne-

559 4974 734 5039 gando
766 4989 886 5027 eum
929 4989 1089 5042 posse
1127 4989 1433 5044 resurgere.
1471 4991 1592 5030 cum
1625 4978 1798 5042 dicat,
1835 4977 2147 5033 Potestatem

559 5063 718 5115 habeo
751 5066 971 5129 ponendi
1001 5065 1229 5117 animam
1255 5082 1448 5131 meam,
1473 5079 1517 5120 et
1545 5077 1842 5137 potestatem
1872 5069 2030 5123 habeo
2055 5071 2148 5123 ite-

560 5171 672 5207 rum
702 5155 935 5208 sumendi
965 5171 1075 5210 eam
1109 5155 1288 5226 (Joan.
1322 5173 1380 5225 Χ,
1407 5159 1520 5228 18).

629 5332 785 5409 f_Si_c
811 5333 1074 5409 editiones
1100 5335 1327 5409 Lova_n.,
1363 5336 1532 5409 Quac.
1566 5346 1617 5392 et
1649 5337 1845 5393 Colon.
1875 5342 1944 5392 At
1969 5342 2140 5409 Lugd.

561 5401 729 5475 editio
756 5404 936 5468 habet,
963 5407 1050 5474 qui
1073 5401 1351 5460 detrahunt
1377 5405 1603 5475 Christo,
1625 5409 1824 5474 ipsum;
1854 5425 1954 5463 nec
1983 5401 2142 5475 ma'le,

561 5473 617 5546 si
649 5472 876 5546 alicujus
915 5472 1116 5529 codicis
1157 5476 1474 5530 auctoritate
1514 5472 1599 5530 sic'
1639 5472 1911 5532 emendari
1960 5472 2142 5546 queat,

562 5541 794 5619 dicentes
824 5543 993 5607 ipsum
1015 5561 1115 5619 non
1145 5562 1250 5619 esse
1278 5562 1424 5619 quem
1463 5548 1545 5600 lea:
1575 5546 1780 5600 Domini
1807 5558 1853 5600 et
1887 5541 2148 5619 prophettr.

563 5610 928 5680 praeliturum,
981 5623 1039 5668 ut
1085 5615 1250 5671 habet
1289 5610 1445 5672 locus
1494 5619 1778 5689 Augustini
1810 5634 1838 5674 a
1879 5610 2148 5691 Prospero

2236 3173 2457 3236 propter
2487 3169 2712 3235 gratiam
2745 3166 3063 3234 spiritalem.
3087 3167 3219 3232 Quia
3242 3182 3363 3222 cum
3395 3183 3521 3222 caro
3546 3168 3664 3236 ejus
3696 3185 3819 3222 mu-

2236 3265 2343 3310 tata
2369 3266 2513 3312 esset
2541 3272 2635 3324 per
2658 3258 2884 3327 gloriam
2915 3258 3350 3321 resurrectionis,
3377 3275 3608 3328 cumque
3631 3276 3821 3315 ascen-

2237 3350 2405 3404 disset
2429 3351 2492 3403 ad
2517 3349 2755 3414 Patrem,
2789 3350 2934 3403 misit
2966 3349 3223 3418 Spiritum
3250 3360 3491 3406 sanctum
3518 3351 3582 3404 ad
3613 3367 3823 3421 ungen-

2238 3440 2338 3495 dos
2378 3440 2683 3506 credentes,
2733 3456 2958 3510 quorum
3001 3441 3282 3508 stabilitas,
3329 3459 3448 3511 qum
3495 3443 3681 3498 ablato
3723 3446 3825 3502 sibi

2223 3545 2398 3600 ‘pane,
2430 3532 2480 3585 id
2508 3539 2609 3595 est,
2641 3531 2876 3596 Christo,
2906 3534 3058 3601 quasi
3098 3531 3302 3601 jejunio
3329 3533 3504 3587 fuerat
3527 3534 3824 3600 inﬁrmata,

2239 3632 2460 3692 accepto
2492 3622 2634 3676 dono
2660 3622 2890 3691 Spiritus
2920 3622 3091 3677 sancti
3122 3622 3293 3677 valida
3324 3622 3511 3678 eﬂecta
3541 3633 3655 3689 est;
3687 3634 3746 3679 ut
3775 3627 3827 3679 in

2241 3713 2352 3766 suis
2393 3711 2774 3766 afﬂictionibus
2821 3727 2926 3766 non
2975 3713 3303 3780 vinceretur,
3351 3728 3472 3782 qua:
3523 3715 3577 3768 in
3613 3715 3829 3771 Domini

2244 3804 2495 3872 passione
2524 3803 2816 3858 deiecerat.

2319 3896 2495 3963 (Vers.
2524 3895 2648 3965 25.)
2684 3895 2748 3947 Ει
2775 3912 2868 3965 ego
2895 3899 3061 3965 factus
3085 3913 3197 3950 sum
3225 3898 3552 3966 approbrium
3582 3898 3831 3954 illis.Per

2245 3995 2472 4040 mortem
2504 3989 2700 4040 crucis.
2731 3987 2962 4040 Christus
2997 3987 3137 4041 enim
3170 4005 3262 4040 nos
3303 3990 3512 4042 redemit
3557 3990 3623 4044 de
3663 3993 3832 4043 male-

2245 4078 2382 4130 dicto
2397 4076 2564 4145 Legis,
2581 4080 2744 4146 factus
2762 4094 2854 4148 pro
2876 4078 3019 4130 nobis
3043 4077 3372 4131 maledictum
3391 4078 3589 4146 (Galat.
3609 4096 3694 4143 Ill,
3720 4082 3833 4149 15).

2244 4165 2409 4239 ιιῆ.
2437 4166 2686 4221 Viderunt
2709 4184 2807 4233 me,
2831 4178 2877 4221 et
2905 4179 3162 4222 moverunt
3193 4171 3364 4237 capita
3385 4188 3497 4225 sua.
3523 4172 3661 4238 Quia
3687 4174 3836 4227 vidc-

2243 4270 2372 4314 runt
2395 4263 2448 4313 in
2471 4260 2612 4328 ligno
2644 4259 2985 4330 pependisse,
3008 4271 3062 4316 et
3085 4276 3191 4316 non
3214 4262 3470 4317 viderunt
3490 4263 3555 4318 de
3575 4266 3836 4333 sepulcro

2248 4349 2637 4403 resurrexisse.

2317 4440 2497 4510 (Vers.
2535 4439 2650 4509 26.)
2681 4440 2904 4510 Adjuva,
2928 4440 3146 4496 Domine
3165 4442 3302 4496 Deus
3326 4459 3485 4511 meus,
3523 4444 3726 4496 salvum
3760 4463 3839 4499 me

2246 4530 2328 4600 fac
2351 4541 2557 4602 propter
2585 4533 2994 4586 misericordiam
3024 4541 3184 4586 tuam.
3221 4535 3332 4589 Hoc
3360 4546 3413 4589 et
3453 4536 3518 4589 ad
3543 4547 3710 4605 caput
3755 4555 3840 4592 re-

2248 4620 2528 4675 ferendum
2559 4628 2662 4685 est,
2707 4632 2928 4691 propter
2957 4625 3180 4678 formam
3225 4626 3405 4691 servi;
3429 4635 3484 4680 et
3512 4627 3577 4680 ad
3610 4643 3836 4696 corpus,

2249 4721 2468 4782 propter
2497 4727 2704 4767 servos.
2757 4712 2932 4768 Potuit
2961 4719 3105 4768 enim
3147 4724 3201 4769 et
3245 4715 3298 4769 in
3349 4717 3476 4786 ipsis
3509 4717 3697 4771 dicere
3732 4720 3841 4772 Do-

2250 4803 2416 4867 mino,
2443 4803 2647 4875 Adjuva
2672 4819 2771 4868 me,
2803 4812 2858 4858 et
2883 4804 3080 4858 salvum
3107 4821 3184 4858 me
3209 4809 3326 4875 fac;
3357 4808 3408 4861 in
3450 4808 3642 4876 quibus
3667 4808 3842 4866 Saulo

2251 4893 2278 4928 ἀ
2309 4893 2536 4959 dixerat,
2567 4893 2704 4957 Quid
2733 4911 2810 4947 me
2833 4897 3148 4965 persequeris
3181 4896 3317 4966 (Act.
3349 4913 3428 4962 lx,
3453 4898 3535 4970 4)?
3563 4898 3721 4962 Quod
3749 4918 3843 4955 au-

2255 4993 2362 5038 tem
2414 4986 2508 5048 ait,
2556 4988 2827 5038 secundam
2874 4989 3277 5042 misericordiam
3329 5000 3487 5058 tuam,
3543 4997 3840 5061 gratuitam

2252 5075 2475 5143 gratiam
2508 5075 2926 5128 commendavit.

2325 5163 2503 5234 (Vers.
2547 5162 2664 5234 27.)
2705 5163 2770 5216 Et
2811 5168 2974 5220 sciant
3018 5170 3141 5238 quia
3173 5185 3356 5224 manus
3397 5179 3484 5224 tua
3514 5171 3646 5236 haec,
3679 5185 3735 5227 et
3766 5186 3838 5240 tu,

2253 5353 2439 5414 nostro
2470 5347 2764 5414 inslwctus.

2323 5413 2573 5493 b__Fort_e,
2606 5420 2678 5493 de
2694 5420 3063 5475 misericordia.
3094 5422 3258 5493 Aug.,
3292 5426 3378 5478 ubi
3396 5428 3546 5479 etiam
3572 5429 3618 5480 si
3635 5430 3844 5484 miseri-

2253 5485 2484 5537 cordimn
2515 5487 2885 5557 intelligamus.

2329 5565 2351 5625 ς
2395 5556 2547 5625 Apud
2582 5556 2831 5625 August.,
2866 5576 2928 5612 ea:
2958 5564 3163 5615 mortali
3188 5581 3363 5619 carne.

2325 5621 2352 5660 ἀ
2393 5621 2454 5678 lu
2472 5621 2791 5694 Augustino,
2819 5621 2978 5685 dixit.
3008 5632 3148 5688 Editi
3170 5650 3353 5690 omnes
3386 5638 3573 5706 nostri,
3608 5639 3838 5695 dixerat.
