4026 6176
272 290 366 346 817

1056 289 1476 346 PSALMORUM
1516 291 1561 344 A
1600 289 1641 345 C
1682 291 1774 346 AD
1812 288 1898 343 CL
1936 289 2315 348 EXPOSITIO.
2358 292 2554 351 PSAL.
2594 294 2732 351 CIX.

3411 306 3519 363 3h!

271 399 500 465 Domine,
542 398 707 467 fecisti
735 414 867 451 eam.
901 396 975 452 De
1004 398 1084 452 eis
1112 398 1265 465 dixit,
1300 399 1483 465 sciant,
1519 414 1613 467 pro
1643 401 1836 468 quibus
1865 406 1914 461 Λ
1941 402 2158 458 ιιιὶιῖδί
2187 421 2304 474 ergo
2329 406 2382 458 in
2409 408 2592 477 spiritu
2624 416 2770 462 uocat
2800 424 2913 463 eum
2944 409 3243 480 Dominum,
3268 420 3521 484 quomodo

269 491 612 547 saevientibus
636 499 693 546 et
713 490 887 545 oravit
910 507 925 543 :
952 492 1074 561 quia
1101 492 1244 547 inter
1267 492 1387 546 illos
1404 503 1557 546 erant
1586 494 1746 547 etiam
1784 493 1836 545 hi

268 584 353 653 qui
396 584 450 637 in
487 598 613 637 eum
660 594 847 653 postea
891 583 1257 637 crediderunt.
1302 584 1485 637 Manus
1529 596 1705 638 autem
1744 585 1837 637 Dei

266 672 511 727 Christus
549 682 651 738 est,
684 673 823 726 sicut
851 673 1052 726 dictum
1082 684 1184 737 est,
1218 673 1282 727 Et
1321 675 1584 727 brachium
1629 672 1839 727 Domini

265 765 346 817 cui
370 765 649 817 revelatum
675 774 747 817 est
769 762 924 831 (Isai.
951 780 1065 830 Llll,
1093 764 1174 832 1)?
1194 765 1316 818 Huic
1338 780 1465 833 ergo
1490 780 1677 818 manus
1700 775 1837 831 erat,

263 864 314 906 et
340 854 468 908 fecit
504 868 646 908 eum.
681 852 813 921 Quia
843 852 908 906 In
938 856 1193 925 principio
1218 864 1328 908 erat
1365 853 1605 920 Verbum,
1636 864 1681 907 et
1714 852 1839 907 Ver-

265 942 379 997 bum
401 960 527 998 caro
556 945 750 1014 factum
772 955 843 997 est
878 943 1057 1015 (Joan.
1087 961 1126 1010 ι,
1155 946 1179 999 1
1209 955 1255 998 ει
1281 944 1392 1013 14).

330 1036 516 1106 (Vers.
545 1034 664 1107 28.)
695 1035 1002 1090 Maledicent
1037 1038 1140 1103 illi,
1178 1046 1223 1089 et
1251 1045 1304 1089 tu
1327 1036 1609 1089 benedices.
1638 1043 1665 1073 ⁸
1694 1034 1841 1090 Vana

266 1136 346 1180 est
390 1141 523 1194 ergo
566 1127 874 1181 maledictio
916 1128 1146 1181 ﬁliorum
1178 1128 1479 1193 hominum,
1510 1127 1841 1195 diligentium

265 1218 577 1285 vanitatem,
615 1227 670 1273 et
700 1218 1052 1287 quaerentium
1085 1218 1421 1272 mendacium
1454 1216 1630 1286 (Psal.
1663 1232 1734 1283 tv,
1764 1218 1841 1285 '5).

270 1313 406 1367 Deus
433 1321 614 1366 autem
646 1326 766 1365 cum
798 1311 1089 1377 benedicit,
1122 1310 1248 1364 facit
1275 1310 1416 1379 quod
1447 1310 1596 1364 dicit.
1629 1310 1727 1374 Qui
1764 1309 1845 1362 in-

266 1414 478 1474 surgunt
502 1404 557 1456 in
582 1419 680 1471 me,
701 1403 1105 1471 confundantur.
1129 1403 1229 1469 Qui
1254 1416 1312 1457 se
1334 1401 1593 1456 adversus
1619 1415 1705 1454 me
1723 1414 1847 1469 pro-

268 1494 429 1548 ﬁcere
458 1494 810 1562 arbitrantur,
844 1508 966 1548 cum
999 1494 1262 1547 exaltatus
1289 1492 1441 1546 fuero
1467 1507 1628 1560 super
1652 1492 1844 1555 etelos,

266 1595 319 1640 et
355 1584 533 1639 ell'usa
579 1584 740 1639 fuerit
780 1599 944 1654 super
990 1599 1205 1637 onmem
1260 1594 1454 1637 terram
1493 1582 1661 1651 gloria
1703 1596 1842 1647 mea,

267 1674 683 1729 confundentur.‘
722 1675 911 1729 Servus
950 1681 1120 1727 autem
1166 1684 1285 1726 tuus
1321 1673 1606 1736 laztabitur;
1648 1672 1761 1725 sive
1792 1671 1844 1723 in

1941 493 2079 560 ﬁlius
2097 498 2210 565 ejus
2234 505 2307 549 est
2336 495 2550 567 (Matth.
2584 514 2714 561 nu,
2748 500 2869 569 ιδῃ
2897 501 3065 556 ιΙιιὰεεὶ
3099 506 3197 557 sub
3223 505 3321 559 hac
3353 509 3525 561 inter-

1942 586 2224 651 rogatione
2258 596 2568 654 tacnerunt;
2614 590 2786 658 ipsum
2820 608 3029 659 quoque
3074 609 3194 648 esse
3237 595 3520 650 Dominum

1942 684 1995 724 et
2028 673 2194 727 lilium
2232 675 2397 730 David
2434 695 2536 731 non
2573 693 2928 748 agnoverunt,
2980 700 3077 737 nec
3107 703 3398 749 δυβιυμ-ενα
3432 706 3522 739 νυ-

1943 763 2188 829 luerunt;
2220 775 2275 819 et
2303 771 2607 822 maluerunt
2634 772 2811 824 inﬂata
2842 774 3205 828 tacituinitate
3232 778 3517 843 disrumpi,

1943 868 2102 920 quam
2145 854 2329 909 humili
2370 859 2712 913 cOufessioue
2751 863 3110 939 eruditionem
3155 872 3371 919 mereri.
3416 870 3521 920 Nos

1944 957 2120 997 autem
2152 946 2442 1015 Evangelia
2469 950 2634 1016 ipsius
2663 952 2902 1005 veritatis
2933 956 3129 1015 edocti,
3161 964 3402 1009 novtmu~
3431 960 3455 1013 J
3499 989 3517 997 -

1944 1047 2064 1087 sum
2106 1036 2378 1090 Christum
2423 1049 2477 1093 et
2520 1042 2797 1096 Dominum
2835 1059 2955 1099 esse
2999 1048 3183 1111 David,
3226 1052 3516 1103 secundum

1944 1123 2085 1191 quod
2114 1122 2180 1176 In
2210 1126 2460 1198 principio
2490 1139 2597 1181 erat
2634 1130 2877 1197 Verbum,
2910 1143 2956 1186 et
2992 1134 3213 1188 Verbum
3240 1150 3347 1189 erat
3377 1141 3520 1206 apud

1951 1211 2131 1275 Deum,
2172 1223 2221 1267 et
2252 1215 2391 1268 Deus
2436 1228 2542 1271 erat
2588 1223 2808 1276 Verbum
2844 1238 2864 1276 :
2904 1222 3001 1275 hoc
3031 1235 3138 1277 erat
3176 1227 3229 1278 in
3265 1228 3521 1297 principio

1946 1305 2085 1372 apud
2112 1303 2297 1358 Deum.
2332 1306 2518 1362 Omnia
2555 1326 2645 1371 per
2676 1312 2845 1380 ipsum
2874 1316 3013 1382 facta
3035 1325 3175 1381 sunt,
3200 1324 3247 1368 et
3273 1319 3383 1370 sine
3410 1319 3522 1388 ipso

1949 1399 2142 1465 factum
2178 1408 2250 1451 est
2294 1399 2427 1452 nihil
2470 1399 2647 1467 (Joan.
2689 1418 2727 1467 t,
2764 1404 2788 1457 1
2830 1415 2877 1457 et
2921 1405 3072 1476 seq.);
3113 1417 3166 1461 et
3204 1409 3367 1463 ﬁlium
3400 1426 3523 1465 esse

1949 1486 2135 1554 David,
2180 1489 2473 1543 secundum
2518 1492 2659 1560 quod
2709 1492 2928 1547 Verbum
2958 1512 3077 1548 caro
3117 1498 3309 1566 factum
3341 1510 3432 1564 est,
3475 1509 3523 1553 et

1947 1579 2191 1633 habitavit
2238 1582 2292 1634 in
2342 1584 2486 1637 nobis
2534 1582 2722 1654 (Ibid.,
2781 1586 2891 1654 ﬂ).
2942 1588 3195 1643 Novimus
3240 1592 3519 1645 Dominum

1949 1671 2142 1738 David,
2169 1673 2313 1742 quia,
2348 1690 2460 1727 cum
2491 1686 2617 1730 esset
2645 1678 2696 1729 in
2729 1678 2895 1747 forma
2920 1678 3034 1742 Dei,
3060 1697 3159 1733 non
3181 1684 3413 1752 rapinam
3436 1700 3523 1735 ar-

266 1767 481 1820 dextera
502 1764 694 1829 Patris,
718 1767 830 1821 sive
854 1767 905 1820 in
929 1769 1041 1821 suis
1074 1766 1327 1819 membris
1354 1780 1367 1816 :
1390 1774 1444 1818 et
1469 1778 1612 1818 nunc
1640 1763 1693 1816 in
1721 1776 1836 1829 spe,
1872 1763 1920 1823 Β
1946 1762 2159 1816 bitratus
2183 1772 2259 1817 est
2295 1780 2401 1818 esse
2437 1781 2492 1817 se
2525 1766 2770 1834 aqualem
2802 1767 2930 1821 Deo.
2962 1768 3030 1822 Et
3062 1771 3304 1823 novimus
3352 1773 3521 1825 ﬁlium

267 1865 317 1911 et
342 1865 467 1926 post
496 1858 549 1909 in
579 1867 863 1911 aeternum.

332 1947 515 2019 (Vers.
547 1946 667 2019 ‘29.)
702 1945 996 2001 Induantur
1023 1947 1109 2019 qui
1141 1944 1415 2000 detrahunt
1451 1944 1579 1998 mihi
1622 1942 1847 2011 pudore;

269 2038 316 2092 id
354 2048 461 2103 est,
498 2037 694 2108 pudeat
735 2053 828 2092 eos
858 2039 1159 2105 detraxisse
1192 2038 1345 2091 mihi.
1377 2035 1481 2090 Sed
1529 2036 1631 2088 hoc
1672 2040 1847 2101 potest

269 2130 458 2184 bonum
498 2144 624 2184 esse
653 2132 929 2184 correctis.
964 2128 1032 2182 Et
1070 2130 1390 2197 aperiantur,
1419 2127 1552 2180 sicut
1590 2125 1845 2195 diploide,

270 2221 573 2289 confusione
596 2236 710 2273 sua.
746 2219 951 2288 Diplois
984 2220 1201 2288 pallium
1230 2218 1427 2286 duplex
1450 2225 1550 2279 est,
1585 2231 1682 2284 per
1704 2214 1845 2284 quod

272 2311 499 2365 ininucis
515 2310 717 2365 Christi
740 2310 933 2379 duplex
956 2308 1584 2365 denuntiaturconlusio:
1612 2308 1713 2361 hoc
1732 2315 1837 2371 est,

272 2403 409 2456 intus
423 2415 479 2457 et
494 2401 652 2466 foris,
671 2417 850 2457 coram
874 2402 983 2456 Deo
997 2402 1220 2466 scilicet,
1248 2409 1304 2454 et
1320 2414 1499 2453 coram
1520 2398 1845 2452 hominibus.

337 2495 523 2566 (Vers.
558 2493 671 2564 50.)
703 2493 993 2561 Conﬁtebor
1014 2492 1237 2547 Domino
1265 2494 1414 2546 nimis
1451 2493 1503 2544 in
1529 2508 1615 2545 ore
1643 2508 1774 2559 meo,
1801 2500 1850 2545 et

272 2586 319 2639 in
346 2587 516 2639 medio
549 2586 819 2638 multorum
851 2585 1072 2638 laudabo
1106 2600 1243 2636 cum.
1281 2581 1348 2635 In
1379 2583 1544 2635 medio
1573 2582 1848 2634 multorum

273 2677 489 2731 laudabo
521 2692 682 2730 eum:
721 2675 891 2745 accipi
941 2684 1117 2745 potest
1160 2674 1426 2737 Christus,
1473 2673 1593 2743 quia
1641 2672 1755 2740 ipse
1793 2672 1847 2726 in

274 2768 508 2824 Ecclesia
530 2783 770 2838 praesens
791 2778 896 2832 est,
930 2782 1099 2836 usque
1123 2767 1189 2820 ad
1218 2767 1729 2820 consummationem
1758 2779 1853 2818 ste-

272 2863 372 2917 culi
401 2862 627 2933 (Matth.
660 2876 842 2926 xxvm,
872 2860 989 2929 20).
1022 2858 1089 2912 In
1120 2860 1285 2912 medio
1301 2868 1480 2913 autem
1497 2857 1845 2921 essedicitur,

272 2957 347 3009 cui
372 2955 682 3025 praecipuus
721 2956 891 3008 honor
919 2953 1206 3024 praebetur.
1232 2952 1289 3007 Si
1322 2966 1452 3005 vero
1480 2965 1574 3005 cor
1617 2950 1851 3004 hominis

273 3048 414 3114 quasi
452 3044 690 3099 medium
721 3043 835 3113 ejus
858 3054 959 3108 est,
992 3043 1293 3097 rectissime
1333 3041 1671 3110 intelligitur,
1705 3041 1848 3110 quod

1952 1854 2300 1923 David,quia,
2331 1858 2653 1925 semetipsum
2681 1859 2958 1912 exinanivit
2981 1860 3198 1927 formam
3224 1864 3353 1914 servi
3380 1866 3522 1915 acci-

1948 1947 2089 2017 piens
2123 1946 2343 2018 (Philip.
2377 1964 2435 2012 n,
2464 1950 2541 2019 7).
2574 1950 2685 2003 Hoc
2716 1965 2847 2019 ergo
2888 1959 2941 2005 et
2976 1952 3135 2005 David
3184 1954 3298 2021 ipse
3330 1955 3380 2005 in
3416 1952 3520 2022 spi-

1949 2039 2054 2092 ritu
2091 2040 2297 2107 videns,
2332 2039 2484 2095 initio
2517 2039 2715 2094 Psalmi
2749 2043 2903 2110 hujus
2951 2042 3142 2096 cﬂatus
3180 2054 3281 2109 est,
3315 2044 3520 2110 dicens,

1949 2126 2098 2180 Dixit
2138 2125 2389 2182 Dominus
2435 2127 2655 2182 Domino
2698 2146 2832 2197 meo,
2876 2130 3009 2184 Sede
3049 2148 3080 2183 α
3128 2133 3319 2185 dextris
3367 2136 3521 2187 meis:

1949 2217 2109 2271 donec
2144 2235 2329 2287 ponam
2358 2220 2589 2273 inimicos
2618 2230 2737 2274 tuos
2766 2220 3040 2274 scabellum
3072 2222 3258 2291 pedum
3293 2232 3521 2276 tuorum.

1951 2309 2115 2365 Sedet
2142 2321 2320 2366 autem
2347 2312 2593 2367 Christus
2618 2312 2682 2365 ad
2705 2312 2982 2366 dexteram
3006 2313 3181 2367 Patris
3206 2322 3325 2382 post
3349 2330 3528 2369 resur-

1950 2402 2246 2457 rectionem
2303 2418 2333 2457 a
2381 2402 2633 2469 mortuis,
2692 2412 2747 2457 et
2794 2406 3165 2459 ascensionem
3225 2406 3280 2460 in
3326 2406 3521 2459 caelum

1954 2490 2146 2562 (Marc.
2178 2508 2285 2558 xvt,
2315 2493 2427 2562 19).
2460 2492 2613 2548 Unde
2638 2493 2799 2547 etiam
2841 2508 2908 2549 eo
2947 2496 3063 2563 ipso
3091 2510 3198 2564 quo
3232 2504 3348 2548 erat
3371 2495 3525 2549 Chri-
3610 2507 3619 2514 ‘

1951 2594 2066 2639 stus
2114 2586 2253 2639 ﬁlius
2299 2585 2487 2648 David,
2522 2584 2694 2639 factus
2733 2593 2817 2640 est
2855 2586 3103 2639 dominus
3148 2586 3334 2640 David.
3390 2586 3523 2641 Illud

1951 2677 2093 2730 enim
2124 2674 2263 2745 quod
2299 2684 2483 2729 natum
2512 2684 2592 2730 est
2620 2691 2686 2730 ex
2719 2677 2926 2730 semine
2954 2676 3143 2742 David,
3183 2677 3254 2730 ita
3295 2677 3529 2731 honora-

1955 2779 2064 2822 tum
2095 2776 2200 2832 est,
2241 2775 2298 2821 ut
2334 2767 2382 2821 ei
2423 2782 2545 2821 cum
2582 2775 2727 2821 esset
2766 2766 2931 2834 ﬁlius,
2965 2774 3111 2821 esset
3146 2776 3199 2821 et
3244 2767 3524 2823 Dominus.

1950 2859 2254 2915 Secundum
2312 2858 2451 2912 hanc
2506 2858 2648 2913 enim
2706 2857 3184 2927 diSpensationem,
3243 2860 3404 2913 etiam
3460 2860 3529 2915 ab

1954 2952 2213 3021 Apostolo
2241 2952 2308 3006 de
2346 2949 2561 3006 Christo
2589 2950 2806 3015 dicitur,
2844 2949 3060 3021 Propter
3080 2952 3218 3021 quod
3239 2968 3350 3005 eum
3384 2952 3526 3005 exal-

1954 3045 2077 3098 tavit
2117 3061 2150 3097 α
2184 3044 2418 3109 mortuis,
2460 3054 2508 3097 et
2535 3042 2740 3096 donavit
2773 3043 2853 3095 illi
2891 3059 3072 3096 nomen
3102 3043 3237 3108 quod
3279 3051 3350 3095 est
3377 3056 3530 3111 super

274 3138 321 3191 in
361 3138 661 3193 multorum
687 3137 958 3197 cordibus,
1004 3135 1055 3190 id
1094 3146 1196 3200 est,
1243 3136 1293 3188 in
1339 3134 1628 3188 multorum
1674 3133 1851 3189 medio
1879 3125 1924 3187 C
1956 3154 2101 3192 omne
2130 3154 2333 3202 nomen,
2376 3146 2431 3190 ut
2457 3137 2511 3191 in
2541 3136 2746 3190 nomine
2773 3135 2898 3188 Jesu
2936 3151 3082 3188 omne
3111 3150 3241 3206 genu
3267 3136 3525 3203 ﬂectatur,

276 3228 590 3283 laudaturus
616 3230 686 3282 sit
719 3228 1025 3282 Dominum.
1059 3226 1270 3280 llabitat
1297 3226 1440 3280 enim
1478 3224 1728 3279 Christus
1755 3239 1852 3294 per

277 3320 428 3375 ﬁdem
476 3322 533 3374 in
583 3320 837 3374 cordibus
866 3318 1063 3373 nostris
1102 3317 1321 3388 (Ephes.
1360 3333 1440 3383 ιιι,
1476 3318 1587 3386 17).
1635 3317 1701 3370 Et
1732 3318 1852 3372 ideo

274 3412 363 3475 ait,
390 3413 445 3465 in
481 3426 571 3464 ore
597 3426 727 3480 meo,
762 3410 812 3465 id
839 3419 941 3477 est,
972 3411 1024 3464 in
1056 3424 1150 3464 ore
1172 3407 1200 3446 ι)
1224 3409 1403 3464 cordis
1431 3409 1558 3476 mei,
1589 3409 1728 3479 quod
1769 3417 1853 3463 est

274 3504 539 3559 Ecclesia.

341 3594 526 3662 (Vers.
560 3591 681 3664 3i.)
712 3593 809 3658 Qui
829 3592 987 3646 astitit
1010 3609 1041 3645 a
1072 3593 1265 3646 dextris
1295 3593 1558 3663 pauperis,
1583 3601 1637 3644 ut
1657 3591 1854 3644 salvam

276 3689 460 3754 faceret
480 3702 513 3738 a
542 3684 953 3755 persequentibus
977 3686 1200 3738 animam
1224 3700 1406 3737 meam.
1430 3683 1592 3755 (‘15
1616 3683 1693 3737 De
1717 3682 1853 3736 Juda

275 3779 475 3833 dictum
505 3788 639 3843 erat,
673 3777 737 3831 Et
766 3778 999 3831 diabolus
1027 3789 1121 3831 stet
1150 3795 1181 3830 α
1208 3779 1401 3831 dextris
1421 3780 1567 3846 ejus;
1596 3778 1684 3845 qui
1728 3790 1854 3829 suas

272 3870 487 3925 divitias
514 3872 727 3925 volebat
758 3884 975 3939 augere,
1005 3867 1222 3923 Christo
1252 3869 1492 3923 vendito.
1532 3869 1627 3922 llic
1670 3877 1851 3921 autem

274 3960 537 4016 Dominus
584 3964 746 4015 astitit
790 3979 821 4013 a
867 3962 1055 4016 dextris
1090 3962 1351 4032 pauperis,
1396 3970 1453 4014 ut
1493 3960 1691 4013 divitia:
1737 3959 1855 4027 ejus

270 4056 371 4109 sint
397 4057 521 4125 ipse
543 4055 825 4109 Dominus.
853 4054 1007 4110 SaIVa
1035 4056 1123 4108 ﬁet
1144 4066 1320 4107 autem
1350 4068 1378 4105 a
1410 4051 1855 4121 persequentibus

271 4147 464 4211 anima,
499 4148 542 4199 si
569 4160 674 4199 non
702 4146 779 4200 eis
801 4146 1169 4200 consentiatur
1196 4144 1261 4198 ad
1287 4144 1481 4197 malum
1510 4160 1522 4195 :
1550 4157 1652 4196 non
1677 4153 1853 4195 autem

271 4237 345 4291 eis
370 4238 737 4303 consentitur,
763 4252 879 4290 cum
902 4235 1159 4289 Dominus
1193 4233 1398 4288 assistit
1438 4248 1466 4286 a
1492 4231 1697 4286 dextris
1728 4246 1858 4299 pau-

271 4332 433 4400 peris,
454 4331 658 4399 neipsa
681 4327 1072 4398 paupertatc,id
1087 4335 1188 4389 est,
1205 4324 1510 4378 inﬁrmitate
1523 4321 1852 4377 succumbat.

504 4434 509 4435 '
819 4417 1132 4473 PSALMUS
1167 4416 1303 4470 CIX.

1953 3228 2251 3295 caelestium,
2278 3227 2617 3289 terrestrium,
2643 3236 2693 3279 et
2717 3227 3035 3296 infernarum
3051 3240 3071 3289 ,'
3100 3234 3147 3279 et
3168 3226 3329 3277 omnis
3353 3224 3530 3292 lingua

1954 3319 2257 3387 conﬁteatur
2275 3317 2514 3385 quoniam
2545 3315 2795 3368 Dominus
2834 3314 2983 3369 Iesus
3012 3317 3064 3368 in
3098 3315 3264 3385 gloria
3293 3314 3392 3369 Dei
3424 3314 3531 3369 Pa-

1955 3411 2048 3464 tris
2090 3419 2164 3463 est
2196 3408 2417 3480 (Philip.
2453 3423 2512 3474 tt,
2542 3408 2621 3478 9).
2665 3407 2828 3463 Sedet
2859 3416 3034 3461 autem
3074 3406 3237 3479 516
3274 3407 3530 3463 Dominus

1955 3500 2021 3553 ad
2058 3500 2334 3553 dexteram
2365 3498 2561 3563 Patris,
2588 3506 2643 3552 et
2666 3496 2864 3551 inimici
2896 3498 3011 3565 ejus
3044 3498 3400 3565 subjiciuntur
3431 3498 3530 3552 sub
3628 3488 3637 3495 ’

1956 3589 2201 3660 pedibus.
2243 3589 2429 3642 Omnis
2473 3588 2614 3641 enim
2658 3588 2747 3657 qui
2800 3586 2850 3641 ei
2894 3587 3210 3641 adversatur
3263 3588 3364 3641 erit
3413 3587 3531 3656 ejus

1955 3680 2222 3744 subditus,
2255 3689 2347 3732 aut
2384 3694 2479 3747 per
2505 3679 2918 3744 correctionem,
2957 3687 3049 3732 aut
3080 3693 3173 3746 per
3208 3679 3532 3733 condemna-

1958 3772 2178 3825 tionem.
2222 3768 2353 3821 Nam
2402 3782 2625 3823 necesse
2667 3778 2749 3820 est
2794 3776 2848 3820 ut
2895 3767 3072 3820 omnis
3108 3775 3199 3819 aut
3224 3767 3529 3833 adoptatus,

1956 3858 1983 3898 δ
2013 3868 2103 3914 aut
2129 3862 2299 3915 victus
2336 3859 2435 3912 sub
2475 3856 2699 3926 pedibus
2737 3859 2855 3925 ejus
2880 3857 2971 3922 sit,
3004 3856 3117 3910 sive
3154 3870 3252 3924 per
3278 3857 3524 3925 gratiam,

1957 3951 2070 4005 sive
2095 3965 2187 4018 per
2215 3958 2446 4017 pennam.
2579 4005 2586 4012 I
3278 3992 3294 4009 ,

2028 4038 2209 4110 (Vers.
2247 4036 2328 4107 2.)
2371 4036 2583 4107 Virgam
2612 4033 2809 4088 virtutis
2838 4042 2939 4089 tute
2965 4034 3153 4089 emittet
3186 4030 3438 4089 Dominus
3471 4048 3531 4087 ea:

1958 4132 2107 4189 Sion.
2138 4132 2266 4199 Quae
2287 4139 2368 4184 est
2395 4129 2545 4193 Sion,
2572 4128 2683 4198 ipsa
2710 4137 2794 4183 est
2820 4125 3153 4191 Jerusalem;
3177 4140 3243 4180 ex
3276 4140 3376 4194 qua
3402 4138 3533 4195 prm-

1958 4226 2233 4279 nuntiatur
2270 4220 2562 4295 emittenda
2605 4221 2750 4283 virga
2804 4218 3016 4271 virtutis
3060 4214 3280 4282 Christi,
3324 4215 3375 4269 id
3425 4224 3529 4280 est,

1957 4328 2177 4383 regnum
2214 4310 2464 4382 potentia!
2493 4309 2633 4377 ejus,
2664 4307 2803 4376 quod
2846 4321 3067 4376 regnum
3100 4305 3286 4375 incipit
3313 4320 3343 4359 a
3378 4304 3535 4360 Chri-

1958 4406 2170 4467 stianis,
2197 4410 2252 4457 et
2281 4417 2385 4455 non
2421 4400 2583 4454 habet
2603 4398 2783 4453 ﬁnem.
2812 4398 2941 4451 Nam
2962 4396 3253 4451 secundum
3285 4397 3426 4465 quod
3449 4405 3535 4453 est

341 4511 530 4583 (νει-ς,
560 4508 641 4580 1,)
671 4506 813 4562 Dixit
841 4507 1092 4561 Domina.
1120 4505 1344 4559 Domino
1372 4519 1503 4569 meo,
1529 4482 1663 4559 ,ςεάε
1683 4520 1715 4556 α
1732 4504 1854 4558 άεκ-
1882 4491 1933 4550 D
1958 4497 2189 4553 Verbum
2213 4492 2405 4556 Patris,
2429 4492 2590 4545 unius
2616 4489 2839 4583 Deitatis
2863 4494 2918 4541 et
2940 4485 3362 4554 omnipotentiaz,
3392 4502 3535 4583 sem:

276 4604 363 4657 tris
390 4604 522 4656 meis
546 4618 566 4655 :
599 4601 773 4654 Donec
805 4616 994 4671 ponam
1036 4599 1268 4652 inimicos
1295 4607 1405 4649 tuos
1424 4637 1438 4661 ,
1468 4597 1736 4650 scabellum
1767 4611 1855 4664 pe-

278 4697 394 4748 dum
437 4705 667 4746 tuorum.
703 4692 958 4745 Dominus
993 4700 1181 4744 noster
1216 4690 1374 4744 Iesus
1402 4687 1647 4741 Christus
1674 4702 1795 4739 cum
1829 4700 1858 4739 a

276 4784 761 4854 Judaeisqumreret
789 4781 942 4849 cujus
968 4781 1135 4833 ﬁlium
1158 4778 1276 4833 esse
1304 4776 1857 4841 dicereutChristum,

278 4886 327 4927 et
377 4874 814 4941 respondissent,
847 4870 1015 4925 David
1048 4888 1061 4923 :
1107 4868 1362 4924 continuo
1394 4868 1497 4921 illis
1530 4867 1861 4935 responden-

278 4967 417 5020 tibus
455 4967 554 5032 ait,
605 4965 871 5028 Quomodo
908 4979 1026 5033 erga
1062 4962 1231 5014 David
1264 4961 1318 5014 in
1353 4960 1539 5030 spiritu
1579 4959 1706 5010 dicit
1744 4973 1859 5010 eum

280 5055 561 5107 Dominum
612 5065 662 5119 ο,
713 5052 855 5106 Dixit
904 5052 1151 5104 Dominus
1200 5049 1422 5102 Domino
1468 5064 1599 5111 meo,
1651 5047 1786 5102 Sede
1829 5064 1860 5100 a

280 5148 473 5202 ἐστίν-ὴ
517 5148 675 5201 meis:
707 5147 866 5199 donec
906 5159 1092 5213 ponam
1122 5143 1357 5196 inimicos
1385 5150 1497 5195 tuos
1528 5141 1621 5193 sub
1652 5138 1860 5205 pedibus

352 5359 377 5386 ι
421 5347 568 5401 Editi
595 5345 766 5399 nostri
798 5342 1087 5403 habebant,
1125 5340 1241 5393 Una
1276 5347 1508 5406 estergo.
1533 5334 1637 5391 Sed
1668 5348 1853 5388 errore

280 5416 602 5481 manifesto;
637 5430 732 5485 pro
760 5430 865 5485 quo
894 5411 1172 5485 legendum
1198 5410 1379 5476 docet,
1428 5407 1576 5461 Vana
1607 5415 1680 5459 est
1712 5420 1852 5473 ergo,

283 5491 435 5545 locus
462 5488 578 5553 ipse
606 5481 664 5538 ut
686 5486 828 5554 jacet
857 5484 906 5535 in
933 5481 1257 5554 Augustino.

352 5560 380 5597 δ
423 5549 581 5622 Apud
608 5549 987 5628 Augustinum,
1021 5549 1249 5628 corporis
1276 5549 1395 5602 mei.
1544 5616 1573 5628 η

358 5641 381 5667 ε
427 5617 533 5681 llic
560 5628 609 5680 in
634 5617 794 5680 editis
825 5617 1196 5691 Prosperia'nis
1218 5622 1372 5673 deest
1398 5632 1497 5691 vos
1521 5617 1711 5683 dicens,
1741 5628 1862 5684 qua:

1962 4604 2057 4658 per
2103 4601 2225 4640 cum
2268 4583 2426 4637 Patre
2474 4579 2731 4651 regnavit.
2777 4577 2889 4632 lloc
2923 4591 3054 4645 ergo
3101 4590 3346 4646 regnum,
3391 4576 3533 4646 quod

1963 4679 2231 4735 mediator
2268 4675 2358 4729 Dei
2402 4683 2457 4727 et
2494 4671 2767 4724 hominum
2809 4668 2969 4721 homo
2997 4668 3242 4722 Christus
3284 4669 3533 4736 acquirit,

1963 4770 2150 4839 incipit
2200 4782 2229 4820 a
2264 4764 2597 4826 Jerusalem;
2635 4760 2757 4830 quia
2797 4758 2922 4813 inde
2962 4758 3015 4812 in
3057 4766 3225 4811 totum
3272 4756 3532 4812 mundum

1960 4861 2132 4915 virtus
2177 4870 2230 4913 et
2260 4864 2496 4927 potestas
2540 4850 2863 4919 evangelicae
2903 4848 3297 4918 praedicationis
3338 4846 3535 4901 emissa

1964 4962 2046 5007 est
2088 4949 2238 5020 (Luc.
2272 4962 2421 5014 xstv,
2451 4943 2565 5012 Π).
2616 4941 2890 4996 Dominare
2929 4940 2984 4992 in
3013 4939 3175 4992 medio
3216 4938 3536 4989 inimicorum

1964 5056 2187 5098 tuorum.
2226 5039 2327 5103 Tu,
2355 5037 2549 5105 inquit,
2581 5035 2655 5088 ﬁli
2685 5032 2874 5097 David,
2906 5038 2961 5085 et
2992 5030 3218 5084 Domine
3253 5028 3441 5091 David,
3485 5028 3535 5079 in

1965 5133 2145 5189 medio
2185 5141 2537 5200 paganorum,
2582 5124 2635 5179 in
2677 5121 2858 5177 medio
2892 5118 3219 5184 Judteorum,
3265 5117 3317 5171 in
3360 5113 3538 5170 medio

1958 5330 2294 5402 gelico,_ta_m
2324 5326 2515 5402 Graeco
2541 5336 2700 5392 quam
2734 5320 2948 5402 Latino.

2031 5400 2059 5438 ἀ
2102 5384 2240 5453 Editi
2284 5384 2631 5460 antiquiores,
2671 5400 2759 5443 aut
2804 5390 2980 5460 uirtus.
3013 5384 3157 5460 Bene
3184 5393 3539 5460 correxerunt

1960 5472 2314 5541 posteriores,
2339 5456 2441 5541 aut
2478 5466 2671 5526 uictus;
2712 5468 2767 5512 ut
2810 5458 2990 5541 legere
3025 5456 3195 5541 estigitn
3226 5469 3392 5541 opere
3426 5457 3539 5541 Au:

1964 5524 2159 5611 gttslitii
2205 5554 2219 5592 :
2262 5524 2513 5611 Inimicus
2546 5524 2659 5585 eras
2687 5544 2707 5585 :
2751 5524 2985 5583 eris'sttb
3029 5524 3238 5595 pedibus
3275 5528 3410 5598 ejus,
3448 5532 3541 5581 ω

1966 5605 2263 5681 adoptatus,
2294 5616 2385 5660 aut
2409 5605 2590 5658 victus.

288 5713 395 5757 non
421 5697 691 5754 omittitur
720 5696 774 5751 in
795 5688 1073 5763 Augustini
1102 5706 1287 5760 opere,
1320 5695 1420 5744 nec
1450 5688 1501 5741 in
1527 5697 1673 5742 textu
1702 5700 1865 5741 evan-
1954 5722 1957 5725 -
