4026 6176
498 278 607 336 319

1736 268 1794 322 S.
1835 258 2167 318 PROSPERI
2207 251 2533 322 AQUlTANl

3660 243 3767 300 320

502 389 901 451 haereticorum,
941 395 996 443 et
1038 387 1092 441 in
1136 383 1313 440 medio
1356 383 1579 437 fratrum
1612 378 1866 433 falsorum
1906 371 2079 428 domi-
2105 376 2151 429 Α
2180 364 2427 420 cantibus
2456 360 2784 418 testimoniis
2815 366 3092 451 pastorum
3123 356 3265 451 qui:
3292 354 3507 425 vigilias
3541 370 3769 414 exerce-

460 541 467 547 _
501 496 651 535 nare.
684 477 835 547 Quod
872 477 987 532 ﬁeri
1017 476 1257 546 quotidie
1284 476 1548 534 videmus,
1596 471 1770 525 donec
1816 466 2080 549 implean-

500 583 589 629 tur
614 582 853 640 tempora
888 568 1127 637 gentium
1156 567 1291 637 (Act.
1323 581 1402 630 ut,
1439 563 1554 633 21).
1585 561 1798 616 Εωεὶιαε
1835 558 1977 613 enim
2015 570 2080 608 ea:

496 673 642 735 parte
669 662 721 714 in
753 657 923 714 Israel
949 663 1087 728 facta
1120 666 1215 721 est,
1247 657 1406 708 donec
1440 651 1702 721 plenitudo
1735 648 1960 719 gentium
1998 646 2080 697 in-

496 761 675 817 traret,
706 759 754 804 et
779 750 851 804 sic
882 750 1044 803 omnis
1073 746 1244 801 Israel
1271 746 1437 799 salvus
1460 744 1605 812 ﬁeret
1632 739 1810 812 (Rom.
1853 751 1927 799 ιι,
1956 734 2075 803 25),

492 842 924 897 etdominaretur
942 838 1189 893 Christus
1208 838 1257 889 in
1279 834 1455 890 medio
1472 831 1810 887 inimicorum
1832 840 2076 881 suorum.

567 934 744 1004 (Vers.
777 936 857 1001 3.)
910 932 1098 985 Tecum
1139 917 1451 1001 principium
1487 927 1541 979 in
1586 926 1670 977 die
1714 919 1918 976 virtutis
1957 926 2075 970 tute.

496 1027 757 1081 Dominus
780 1023 1237 1092 interrogantibus
1262 1020 1381 1090 quis
1409 1028 1555 1073 esset
1586 1015 1884 1082 reSpondit,
1921 1011 2081 1066 Prin-

493 1118 707 1186 cipium,
759 1116 844 1183 qui
884 1125 929 1169 et
956 1113 1135 1183 loquor
1162 1112 1298 1166 vobis
1329 1109 1507 1181 (Joan.
1535 1123 1647 1173 viti,
1677 1107 1804 1175 28):
1838 1105 1944 1159 hoc
1971 1111 2077 1167 est,

497 1210 613 1278 Ego
634 1208 725 1278 qui
752 1208 943 1277 loquor
975 1205 1125 1260 vobis
1157 1203 1477 1272 principium
1528 1214 1671 1254 sum.
1696 1199 1791 1251 Est
1819 1204 1996 1250 autem
2024 1202 2080 1248 et

496 1299 657 1355 Pater
700 1299 1043 1367 principium,
1078 1298 1131 1350 in
1158 1310 1263 1364 quo
1294 1293 1562 1362 principio
1588 1299 1706 1345 erat
1735 1288 1991 1353 Verbum,
2026 1295 2079 1340 et

496 1390 733 1445 Verbum
760 1387 1040 1457 eratapud
1070 1388 1236 1442 Deum
1273 1385 1452 1452 (Joan.
1484 1399 1523 1452 ι,
1556 1381 1630 1452 l).
1658 1378 1928 1450 Numquid
1951 1393 2079 1448 ergo

487 1481 623 1549 quia
644 1477 804 1533 Pater
830 1478 1171 1547 principium,
1194 1486 1249 1530 et
1272 1475 1438 1529 Filius
1462 1472 1805 1541 principium,
1832 1470 1938 1523 duo
1955 1478 2080 1523 sunt

496 1569 792 1639 principia?
835 1569 1013 1624 Absit.
1045 1567 1196 1622 Sicut
1235 1564 1381 1619 enim
1424 1564 1580 1618 Pater
1627 1562 1773 1617 Deus
1816 1571 1873 1618 et
1908 1559 2079 1614 Filius

498 1662 662 1727 Deus,
691 1659 852 1715 Pater
881 1667 1058 1713 autem
1094 1665 1149 1711 et
1187 1656 1355 1715 Filius
1397 1670 1501 1710 non
1531 1654 1639 1709 duo
1673 1652 1767 1719 dii,
1810 1650 1907 1707 sed
1940 1664 2075 1705 unus

2182 456 2311 509 bant
2336 468 2501 523 super
2528 466 2745 523 gregem
2771 449 2927 504 stium
2960 447 3113 518 (Luc.
3147 462 3205 515 tr,
3233 446 3265 500 7
3286 458 3335 500 et
3363 447 3442 517 8).

2249 547 2267 616 (
2284 548 2438 601 Vers.
2460 544 2552 614 4.)
2590 543 2797 597 Iuravit
2822 541 3099 605 Dominus,
3127 548 3175 594 et
3204 556 3306 593 non
3333 540 3595 606 ptenitebit
3622 556 3766 595 eum:

2179 637 2259 692 Tu
2280 654 2332 693 es
2360 636 2599 690 sacerdos
2621 636 2675 688 in
2696 643 2964 694 aeternum.
2991 630 3273 685 secundum
3293 632 3529 684 ordinem
3549 630 3769 685 Melchi-

2176 728 2378 783 sedech.
2414 726 2469 782 Si
2492 735 2677 781 natum
2700 740 2767 780 ex
2798 734 2954 778 utero
2981 722 3211 792 Virginis
3230 730 3348 776 ante
3376 722 3650 793 luciferum
3680 725 3768 777 in-

2182 818 2468 887 telligimus
2496 815 2855 879 Salvatorem,
2877 812 3073 868 exinde
3102 812 3290 882 procul
3311 810 3496 876 dubio,
3523 814 3771 867 sacerdos

2178 918 2255 962 est
2274 909 2325 961 in
2349 917 2616 977 internum,
2638 906 2920 959 secundum
2940 904 3172 957 ordinem
3201 901 3605 957 Melchisedech.
3628 902 3767 958 Nam

2179 997 2475 1052 secundum
2522 995 2667 1063 quod
2704 995 2968 1049 Dominus
3012 1001 3167 1048 natus
3209 1008 3273 1047 ex
3314 993 3474 1048 Patre
3519 1003 3642 1062 est,
3689 995 3771 1064 gi-

2177 1089 2361 1157 guenti
2392 1098 2695 1143 cnaaternus
2725 1097 2778 1140 et
2809 1085 3054 1155 aequalis,
3088 1096 3194 1139 non
3222 1094 3305 1138 est
3334 1085 3613 1139 sacerdos.
3663 1086 3767 1140 Ju-

2176 1180 2310 1233 ravit
2340 1193 2468 1246 ergo
2490 1178 2766 1244 Dominus,
2799 1177 2905 1232 hoc
2932 1186 3038 1243 est,
3071 1191 3193 1230 cum
3217 1176 3606 1232 cnnstitutione
3632 1192 3765 1247 pro-

2178 1270 2344 1324 misit.
2391 1267 2460 1321 Et
2488 1285 2589 1322 non
2617 1268 2874 1338 ptent'tebit
2914 1284 3049 1333 eum,
3101 1267 3203 1322 hoc
3242 1277 3344 1334 est,
3391 1283 3500 1322 non
3538 1269 3769 1325 mutabit

2178 1358 2487 1425 consilium,
2535 1373 2644 1412 non
2688 1357 2833 1411 aliud
2879 1356 3070 1423 faciet,
3122 1371 3222 1411 nec
3269 1372 3523 1427 umquam
3554 1358 3606 1412 ei
3648 1357 3767 1414 hac

2177 1450 2443 1509 sententia
2469 1448 2793 1515 diSplicebit.
2824 1445 2904 1501 Tu
2932 1464 2987 1501 es
3015 1448 3253 1501 sacerdos
3277 1448 3332 1500 in
3361 1457 3631 1516 teternum,
3664 1450 3766 1505 hoc

2177 1551 2281 1605 est,
2306 1555 2412 1594 non
2443 1539 2625 1594 ﬁnitur
2654 1538 3014 1594 sacerdotium
3045 1546 3230 1603 tuum;
3261 1553 3383 1602 nec,
3413 1539 3558 1593 sicut
3579 1540 3763 1595 Aaron

2176 1632 2311 1687 ordo
2331 1632 2582 1698 cessavit,
2603 1631 2677 1687 ita
2693 1630 2853 1686 etiam
2873 1641 3021 1685 tuum
3046 1630 3376 1700 pontiﬁcium
3405 1634 3767 1686 commutabi-

486 1760 578 1807 εδ,
597 1721 768 1816 Deus;
799 1749 878 1805 sic
899 1750 1059 1806 pater
1084 1748 1432 1817 principium,
1455 1757 1509 1802 ει
1531 1745 1702 1801 Filius
1725 1743 2067 1814 principium,
2103 1727 2146 1786 Β
2178 1732 2279 1817 tur.
2302 1721 2597 1778 Sacerdotii
2613 1723 2807 1777 tuinon
2820 1723 2924 1777 erit
2946 1722 3091 1786 ﬁnis,
3111 1721 3206 1776 sed
3228 1722 3511 1775 secundum
3529 1723 3766 1777 ordinem

495 1845 655 1897 Pater
683 1851 865 1897 autem
898 1850 951 1897 et
982 1840 1150 1895 Filius
1178 1855 1286 1894 non
1322 1839 1430 1894 duo
1472 1838 1755 1907 principia,
1787 1837 1881 1893 sed
1913 1851 2076 1890 unum

493 1936 833 2004 principium.
849 1932 1039 1987 Tecum
1061 1947 1188 2001 ergo
1215 1932 1527 2002 principium
1550 1931 1602 1982 in
1629 1932 1709 1982 die
1727 1929 1927 1983 uirtutis
1949 1937 2074 1991 tua,

494 2025 550 2080 in
597 2027 685 2082 die
724 2042 824 2091 qua
876 2024 1147 2079 videbitur
1193 2022 1463 2092 quomodo
1511 2021 1769 2075 creditur.
1820 2019 2078 2087 Quamvis

493 2120 639 2173 enim
680 2117 839 2171 etiam
868 2117 919 2170 in
952 2118 1120 2169 forma
1148 2115 1312 2175 servi,
1344 2112 1462 2181 ipsa
1493 2112 1578 2166 illa
1609 2119 1808 2165 nostrae
1852 2111 2080 2164 inﬁrmi-

497 2207 621 2262 tatis
659 2207 932 2273 susceptio
969 2220 1075 2258 non
1118 2214 1268 2258 caret
1297 2207 1493 2258 virtute
1533 2202 1733 2265 divina,
1780 2200 1995 2269 quando
2018 2206 2080 2253 et

494 2299 770 2355 inﬁrmum
799 2308 948 2352 tuum
980 2296 1173 2352 fortius
1206 2305 1288 2351 est
1314 2294 1627 2351 hominibus
1658 2295 1701 2364 (1
1740 2291 1860 2346 Cor.
1888 2307 1929 2357 ι,
1957 2291 2075 2359 25),

494 2400 553 2446 et
580 2392 631 2447 in
657 2392 809 2459 virga
839 2389 1051 2443 virtutis
1081 2398 1185 2442 tua:
1214 2386 1583 2441 dominaberis
1606 2386 1660 2439 in
1682 2385 1872 2439 :niedio
1899 2383 2079 2436 inimi-

486 2499 684 2538 corum
714 2493 926 2536 tuorum
954 2496 969 2533 :
1006 2483 1183 2534 veniet
1210 2488 1387 2534 tamen
1412 2478 1528 2532 dies
1562 2476 1649 2530 ille
1675 2490 1801 2545 quo,
1830 2475 2079 2527 omnibus

494 2574 988 2645 dispensationibus
1014 2570 1399 2640 temporalibus
1436 2566 1667 2637 peractis
1691 2576 1853 2635 atque
1887 2563 2076 2629 ﬁnitis,

492 2666 867 2724 manifestabis
898 2673 950 2719 te
980 2663 1181 2718 sanctis
1212 2661 1346 2724 tuis,
1387 2669 1441 2714 et
1470 2660 1522 2713 in
1554 2656 1643 2711 illa
1673 2656 1752 2711 eis
1796 2655 2079 2724 apparebis

488 2758 665 2827 gloria
707 2758 759 2811 in
804 2772 907 2825 qua
944 2755 1165 2824 aequalis
1203 2768 1263 2808 cs
1296 2751 1482 2817 Patri,
1524 2758 1582 2804 ut.
1629 2747 1847 2803 videant
1889 2745 2079 2813 Tecum

488 2848 804 2918 principium
833 2848 885 2897 in
908 2845 988 2897 die
1015 2843 1211 2896 virtutis
1236 2850 1356 2895 tute.

570 2937 759 3011 (.lbid.)
799 2934 865 2988 In
915 2932 1267 3003 splendoribus
1317 2939 1631 2984 sanctorum.
1680 2929 1924 2983 Praesens
1969 2925 2079 2979 vita

472 3040 833 3093 sanctorum,
858 3024 1102 3095 quamvis
1128 3024 1295 3092 gratia
1327 3020 1536 3083 ﬁereat,
1563 3018 1813 3089 quamvis
1836 3016 2077 3071 moribus

2179 1812 2573 1879 Melchisedech,
2611 1815 2712 1867 hoc
2746 1822 2863 1879 est,
2906 1814 3202 1868 secundum
3234 1813 3488 1884 mysteria
3521 1828 3643 1882 qua:
3672 1830 3766 1884 per

2176 1918 2297 1959 eum
2325 1903 2596 1971 declarata
2620 1910 2769 1969 sunt,
2803 1904 2856 1957 in
2888 1911 3151 1958 aeternum
3186 1904 3553 1972 permanebit.

2247 1996 2437 2066 (Vers.
2467 1996 2555 2064 5.)
2594 1994 2848 2050 Dominus
2877 2011 2911 2048 a
2936 1996 3130 2049 dextris
3171 1996 3292 2059 tuis,
3325 1997 3681 2065 conquassavit
3710 1998 3763 2050 in

2177 2087 2261 2139 die
2286 2087 2380 2140 ire
2400 2102 2506 2140 sua:
2530 2102 2691 2157 reges.
2722 2086 2804 2139 Ad
2832 2086 3006 2154 ipsum
3039 2084 3350 2153 Dominum,
3379 2084 3472 2155 qui
3500 2085 3643 2140 dixit
3667 2085 3766 2139 Do-

2179 2177 2350 2241 mino,
2383 2177 2519 2231 Sede
2546 2195 2578 2231 a
2602 2179 2794 2232 dextris
2824 2178 2971 2243 meis,
3000 2178 3279 2247 propheta:
3303 2191 3484 2231 sermo
3516 2177 3762 2233 directus

2177 2279 2284 2324 est.
2309 2268 2448 2336 Ipse,
2477 2270 2672 2339 inquit,
2705 2270 2952 2336 Domine,
2980 2269 3071 2325 cui
3088 2269 3304 2339 jurasti,
3339 2269 3416 2322 Tu
3440 2286 3495 2324 es
3524 2274 3766 2325 sacerdos

2176 2362 2230 2415 in
2259 2371 2532 2427 ceternum,
2558 2362 2811 2416 Dominus
2833 2378 2864 2415 a
2896 2363 3087 2416 dextris
3117 2362 3241 2427 tuis,
3272 2363 3365 2432 qui
3410 2366 3768 2432 conquassarit

2176 2453 2231 2506 in
2258 2453 2340 2506 die
2364 2454 2456 2507 ἔγω
2480 2469 2586 2506 sua:
2609 2446 2770 2522 reges,
2803 2453 2923 2507 illos
2946 2452 3014 2507 de
3042 2452 3237 2521 quibus
3266 2452 3467 2507 dictum
3500 2464 3605 2518 est,
3631 2454 3769 2507 Asti-

2179 2553 2347 2597 terunt
2382 2559 2523 2614 reges
2552 2551 2718 2609 terrae,
2755 2553 2800 2597 et
2826 2544 3080 2613 principes
3124 2554 3463 2596 convenerunt
3492 2545 3547 2598 in
3579 2561 3763 2611 unum,

2178 2635 2421 2690 adversus
2455 2635 2761 2703 Dominum,
2794 2646 2840 2688 et
2867 2636 3111 2689 adversus
3141 2634 3399 2690 Christum
3426 2640 3540 2709 ejus
3572 2638 3593 2709 (
3621 2637 3767 2692 Psal.

2178 2744 2240 2794 tt,
2271 2728 2364 2798 2).
2397 2728 2732 2798 Quicumque
2774 2727 2941 2798 418
2970 2728 3115 2782 enim
3146 2728 3335 2783 talium
3368 2730 3457 2798 qui
3502 2730 3771 2784 Christia-

2178 2834 2306 2874 num
2345 2834 2542 2875 nomen
2586 2820 2837 2888 oderunt,
2881 2822 2934 2874 in
2975 2834 3074 2873 sua
3106 2821 3384 2889 impietate
3430 2821 3766 2890 persistunt,

2174 2911 2285 2978 jam
2308 2909 2525 2979 quidem
2552 2910 2901 2980 conquassati
2926 2919 3075 2976 sunt,
3103 2925 3203 2965 nec
3227 2918 3525 2978 potuerunt
3550 2910 3773 2966 efﬁcere

2179 3001 2325 3070 quod
2353 3002 2640 3067 volebant;
2685 3002 2781 3056 sed
2808 3002 2861 3055 in
2895 3001 2980 3056 die
3007 3003 3118 3067 ine,
3168 3003 3219 3056 id
3258 3014 3361 3070 εει,
3406 3003 3772 3059 retributione

500 3120 688 3181 niteat,
724 3132 829 3169 non
859 3123 945 3169 est
974 3114 1024 3167 in
1055 3113 1371 3179 splendore,
1403 3110 1528 3180 quia
1560 3109 1796 3164 nondum
1828 3114 2074 3174 exempta

2193 3092 2306 3156 iusti
2331 3091 2520 3161 iudicii
2554 3093 2642 3147 Dei
2669 3093 2883 3161 penitus
2903 3101 3278 3147 conterentur.

500 3220 583 3266 est
622 3226 650 3261 a
694 3208 1062 3277 corruptione.
1107 3207 1241 3259 Cum
1280 3220 1409 3274 ergo
1457 3204 1766 3272 apparuerit
1810 3201 2075 3266 Christus,

500 3300 657 3372 417
688 3300 795 3354 vita
837 3306 1170 3359 sanctorum,
1210 3308 1347 3350 tunc
1382 3306 1436 3349 et
1466 3296 1567 3364 ipsi
1596 3293 1930 3362 apparebunt
1956 3308 2077 3349 cum

500 3396 599 3449 illo
626 3393 679 3447 in
702 3392 866 3461 gloria
898 3390 1117 3460 (Coloss.
1149 3406 1227 3444 nt.
1260 3390 1334 3457 ὁ).
1359 3390 1503 3441 Tunc
1516 3393 1646 3459 justi
1670 3388 1934 3457 fulgebunt
1953 3390 2083 3441 sicut

502 3484 578 3539 sol
604 3484 659 3536 in
686 3496 843 3551 regno
884 3478 1058 3534 Patris
1102 3481 1182 3532 sui
1225 3478 1443 3549 (Matth.
1489 3494 1603 3538 xui,
1634 3478 1747 3545 45),
1800 3478 1850 3531 id
1882 3486 1985 3544 est,
2027 3477 2079 3531 in

504 3579 612 3632 vita
644 3584 869 3631 aeterna.
904 3572 988 3628 Ea:
1018 3583 1159 3626 utero
1188 3580 1305 3625 ante
1331 3572 1601 3639 luciferum
1640 3573 1793 3640 genui
1831 3581 1893 3624 te.
1929 3572 1984 3623 Si
2016 3570 2084 3625 de

502 3668 592 3723 illa
620 3666 983 3737 generatione
1029 3664 1131 3718 hoc
1171 3663 1369 3717 dictum
1409 3672 1492 3715 est
1529 3678 1632 3731 qua
1664 3677 1729 3716 ex
1768 3663 1927 3716 Patre
1971 3662 2084 3717 Deo

501 3763 718 3831 genitus
752 3768 837 3817 est
888 3761 1029 3814 Deus
1062 3760 1245 3823 Filius,
1285 3775 1349 3813 ea:
1382 3770 1525 3812 utero
1561 3758 1849 3826 signiﬁcat,
1891 3772 1955 3811 ex
1995 3772 2085 3810 se-

502 3864 672 3916 creto,
698 3868 766 3907 ex
790 3852 1021 3916 occulto,
1047 3850 1114 3905 de
1144 3850 1260 3918 ipso
1284 3851 1462 3917 Patre,
1487 3851 1553 3904 de
1575 3848 1866 3904 substantia
1892 3846 2083 3902 Patris.

508 3947 637 3999 Ante
657 3944 929 4013 (wiferum
955 3958 1107 4002 vero.
1131 3945 1225 4009 ait,
1251 3953 1373 3998 ante
1400 3954 1663 4010 tetnpora.
1689 3942 1791 3996 Per
1810 3941 2087 3996 luciferum

507 4038 679 4099 enim,
712 4042 897 4103 utpote
927 4051 1022 4104 per
1056 4034 1505 4102 lulgentissimum
1548 4034 1717 4099 sidus,
1755 4041 2020 4101 tamquam
2059 4047 2088 4085 a

512 4135 665 4193 parte
727 4133 920 4191 totum,
954 4124 1133 4176 omnia
1171 4123 1353 4176 sidera
1390 4123 1686 4192 signiﬁcata
1727 4131 1853 4175 sunt
1888 4137 2007 4190 qua:
2038 4122 2090 4175 in

513 4217 617 4269 hoc
643 4215 783 4268 facta
822 4224 968 4275 sunt,
996 4222 1053 4265 ut
1079 4213 1179 4266 sint
1217 4214 1271 4265 in
1308 4214 1488 4282 signis,
1533 4222 1579 4265 et
1607 4213 1937 4281 tMporibus,
1968 4220 2015 4264 et
2040 4212 2093 4265 in

512 4304 711 4367 diebus,
743 4313 789 4355 et
827 4305 976 4355 annis
1017 4300 1223 4371 (Cenes.
1263 4298 1450 4370 1,14).
1497 4300 1651 4367 Quod
1686 4308 1768 4353 est
1809 4314 1936 4367 ergo
1976 4308 2096 4353 ante

514 4394 806 4461 luciferum,
836 4392 939 4446 hoc
976 4400 1060 4446 est
1088 4402 1213 4445 ante
1250 4389 1454 4455 sidera;
1492 4400 1547 4444 et
1576 4389 1717 4458 quod
1748 4397 1830 4443 est
1868 4398 1992 4443 ante
2022 4389 2093 4441 si-

516 4488 667 4553 dera,
717 4487 819 4541 hoc
849 4496 976 4540 ante
1018 4494 1283 4553 tempora,
1316 4494 1477 4552 atque
1512 4483 1634 4536 ideo
1662 4497 1726 4536 ex
1766 4483 2089 4536 aeternitate.

516 4576 574 4631 Si
615 4590 743 4630 vero
788 4576 889 4629 huc
923 4592 988 4630 ex
1028 4590 1261 4644 persona
1308 4573 1588 4642 propheta:
1631 4572 1830 4626 dictum
1867 4582 1969 4637 est,
2003 4572 2093 4640 qui

519 4667 594 4720 ait
618 4671 634 4711 ἶ
666 4664 810 4719 Dixit
840 4663 1091 4718 Dominus
1118 4666 1337 4718 Domino
1365 4681 1495 4731 meo,
1526 4663 1658 4719 Sede
1685 4674 1716 4716 a
1736 4664 1927 4716 dextris
1949 4665 2094 4726 meis,

521 4773 629 4811 non
659 4767 739 4811 est
769 4756 985 4809 dubium
1019 4757 1161 4809 illam
1200 4759 1531 4810 nativitatem
1577 4754 1953 4824 signiﬁcatam,
1994 4769 2097 4822 qua

526 4848 782 4905 Dominus
816 4848 1005 4917 David,
1042 4848 1180 4900 lilius
1201 4857 1284 4901 est
1310 4848 1496 4901 David.
1530 4847 1717 4901 Potuit
1741 4845 1884 4899 enim
1919 4845 2100 4900 dicere

523 4942 691 4997 David
728 4948 957 5009 propter
1013 4940 1386 5007 propaginem,
1435 4955 1537 5008 qua
1590 4939 1657 4992 de
1709 4938 1875 5006 ipsius
1929 4937 2100 5005 stirpe

525 5032 686 5085 Maria
716 5031 868 5099 virgo
898 5030 1197 5095 descendit,
1216 5029 1297 5082 Ex
1324 5040 1464 5083 utero
1491 5031 1644 5099 genui
1672 5039 1737 5097 te,
1772 5028 1873 5083 hoc
1902 5039 2004 5091 est,
2034 5043 2103 5082 ex

527 5137 679 5179 utero
709 5123 980 5191 virginali,
1007 5137 1072 5175 ex
1103 5129 1259 5174 utero
1286 5135 1392 5189 quo
1422 5122 1691 5176 masculus
1722 5136 1828 5175 non
1852 5121 2102 5184 accessit,

526 5216 580 5268 in
625 5228 729 5279 quo
759 5213 873 5267 sola
903 5213 995 5266 fuit
1024 5210 1307 5279 conceptio
1338 5211 1545 5275 matris,
1579 5211 1695 5263 sine
1724 5211 1930 5264 semine
1957 5211 2106 5279 geni-

527 5307 686 5360 toris.
740 5307 804 5359 Et
833 5304 1220 5359 convenienter
1265 5301 1465 5356 dictum
1507 5310 1615 5366 est,
1647 5301 1777 5354 Ante
1806 5300 2104 5370 luciferum,

526 5395 648 5464 quia
676 5403 802 5449 ante
831 5403 1077 5449 exortum
1109 5390 1215 5447 diei
1247 5400 1401 5445 natus
1424 5398 1508 5445 est
1532 5389 1811 5456 Dominus,
1841 5391 1943 5444 hoc
1971 5391 2106 5445 indi—

606 5604 630 5631 ι
668 5594 761 5648 Sic
787 5594 916 5647 editi
959 5606 1191 5661 veteres,
1222 5595 1371 5663 juxta
1401 5601 1606 5649 textum
1651 5592 1927 5660 Augustini
1960 5609 1972 5645 :
2006 5606 2104 5659 pro

534 5680 641 5737 quo
673 5664 1002 5720 recentiores
1031 5673 1343 5735 posuerunt,
1373 5666 1460 5734 qui
1486 5662 1829 5719 custodiebant
1856 5665 2076 5734 vigilias.

2250 3184 2441 3256 (Vers.
2464 3183 2523 3238 :6.
2545 3183 2562 3253 )
2583 3182 2843 3237 Judicauit
2864 3184 2915 3238 in
2936 3185 3188 3254 gentibus,
3218 3185 3430 3254 replevit
3443 3186 3652 3241 ruinas.
3672 3186 3774 3254 Qui

2179 3278 2232 3331 in
2261 3278 2565 3347 superbiam
2590 3279 2892 3348 eriguntur,
2916 3286 2973 3331 et
2994 3279 3045 3331 in
3065 3292 3158 3331 sua
3181 3280 3415 3333 elatione
3445 3281 3773 3346 persistunt,

2179 3370 2259 3424 sic
2282 3371 2627 3425 destruentur
2668 3381 2857 3428 utnon
2887 3368 3239 3424 aediﬁcentur.
3276 3369 3391 3423 Non
3433 3372 3585 3424 enim
3634 3371 3778 3425 desi-

2183 3472 2315 3514 nttnt
2361 3460 2585 3526 destrui,
2620 3460 2709 3529 qui
2752 3476 2855 3513 non
2884 3460 3137 3515 desinunt
3179 3461 3401 3515 elevari.
3451 3461 3555 3529 Qui
3595 3472 3776 3516 autem

2184 3566 2278 3620 per
2316 3550 2669 3605 humilitatem
2701 3551 2901 3605 cadunt
2942 3560 2997 3604 et
3038 3565 3101 3605 se
3146 3557 3523 3619 prosternunt,
3562 3560 3625 3605 ut
3654 3552 3781 3606 ﬁant

2185 3644 2283 3700 sub
2311 3643 2536 3713 pedibus
2568 3644 2706 3713 ejus,
2738 3642 2827 3697 cui
2867 3641 3005 3696 dixit
3041 3642 3319 3705 Dominus,
3352 3641 3488 3696 Sede
3520 3660 3555 3695 a
3585 3644 3781 3697 dextris

2186 3738 2333 3804 meis,
2358 3736 2519 3789 donec
2548 3751 2732 3802 ponam
2754 3735 2986 3787 inimicos
3015 3742 3129 3787 tuos
3154 3733 3432 3786 scabellum
3453 3735 3645 3802 pedum
3669 3744 3783 3788 tuo-

2186 3845 2322 3894 rum,
2357 3828 2754 3896 reparabuntur
2784 3827 2838 3881 iu
2870 3827 3163 3895 integrum,
3209 3827 3335 3896 quia
3362 3841 3468 3879 non
3501 3825 3782 3881 damnavit

2190 3919 2288 3973 has
2319 3917 2501 3972 ruinas
2530 3917 2809 3981 Dominus,
2853 3917 2950 3971 sed
2997 3915 3226 3985 replevit
3256 3933 3270 3967 :
3299 3914 3442 3985 quod
3486 3914 3549 3968 ﬁt
3594 3915 3649 3969 in
3680 3914 3785 3969 hoc

2190 4022 2457 4080 tempore,
2486 4024 2607 4064 cum
2647 4009 2919 4064 universis
2958 4009 3204 4077 gentibus
3246 4009 3523 4062 ruinarum
3559 4022 3785 4075 repara-

2192 4106 2392 4159 tionem
2418 4102 2664 4157 Christus
2686 4110 2962 4170 Opcratnr.
2990 4100 3355 4169 Conqnassavit
3377 4100 3552 4163 capita
3575 4100 3628 4152 in
3650 4110 3787 4152 terra

2193 4198 2376 4251 multa.
2424 4194 2712 4249 Multorum
2756 4194 2964 4261 capita,
3016 4192 3070 4245 in
3115 4192 3214 4243 hac
3263 4190 3371 4242 vita
3421 4198 3787 4256 conquassata

2194 4287 2442 4347 Christus
2472 4284 2714 4349 inclinat,
2745 4283 2873 4337 dum
2904 4298 2935 4336 e
2963 4280 3212 4349 superbis
3245 4278 3475 4333 humiles
3502 4278 3662 4333 facit.

2268 4376 2461 4449 (Vers.
2493 4375 2580 4445 7.)
2622 4375 2699 4428 De
2719 4383 2940 4428 torrente
2968 4375 3018 4426 in
3041 4374 3121 4426 via
3147 4372 3312 4433 bibet;
3335 4378 3613 4438 prepterea
3643 4366 3791 4421 exal-

2194 4469 2321 4522 tabit
2343 4466 2512 4535 caput.
2546 4465 2698 4521 Sicut
2726 4475 2936 4520 torrens
2965 4461 3291 4532 pluvialibus
3315 4460 3471 4528 aquis
3493 4459 3788 4521 collectus,

2194 4559 2479 4623 redundat,
2511 4557 2823 4625 perstrepit,
2847 4557 3041 4619 currit,
3064 4563 3117 4607 et
3140 4551 3408 4607 currendo
3436 4549 3711 4613 decurrit,
3739 4549 3789 4600 id

2197 4661 2302 4716 est,
2347 4665 2560 4704 cursum
2605 4649 2741 4709 linit,
2766 4648 2845 4701 sic
2884 4655 2967 4699 est
2994 4644 3168 4697 omnis
3198 4643 3299 4697 iste
3322 4653 3508 4695 cursus
3545 4640 3794 4693 mortali-

2200 4743 2323 4795 tatis
2356 4743 2623 4793 humana}.
2653 4738 2955 4791 Nascuntur
2984 4735 3248 4797 homines,
3277 4734 3462 4785 vivunt
3484 4740 3657 4800 atque
3681 4746 3795 4783 mo-

2200 4836 2432 4897 riuntur,
2461 4847 2752 4901 rursusque
2783 4830 3137 4883 morientibus
3173 4827 3263 4880 alii
3290 4826 3564 4888 oriuntur,
3600 4838 3794 4877 succe-

2205 4933 2361 4995 dunt,
2390 4930 2677 4991 accedunt,
2707 4923 3047 4991 deccduntb.
3103 4923 3182 4976 De
3225 4922 3326 4975 hoc
3366 4933 3496 4987 ergo
3526 4926 3794 4981 torrente,

2207 5024 2274 5077 de
2308 5026 2406 5076 hoc
2434 5020 2663 5088 strepitu
2690 5026 3027 5079 transeunte,
3057 5014 3126 5068 de
3162 5013 3264 5066 hac
3294 5009 3632 5064 mortalitate
3665 5009 3798 5062 bibit

2211 5113 2351 5167 ﬁlius
2383 5111 2572 5173 David,
2607 5107 2865 5161 Dominus
2914 5103 3102 5168 David,
3133 5103 3381 5171 dignatus
3427 5106 3659 5168 propter
3701 5110 3799 5150 nos

2211 5205 2357 5259 nasci
2380 5212 2432 5255 et
2463 5199 2620 5262 mori,
2650 5205 2706 5252 et
2734 5199 2809 5251 ita
2838 5197 2971 5251 bibit
2999 5196 3063 5248 de
3107 5201 3326 5246 torrente
3354 5190 3406 5243 in
3441 5189 3523 5241 via
3552 5188 3705 5254 quod
3746 5185 3798 5238 in

2212 5300 2295 5351 via
2336 5301 2679 5363 peccatorum
2726 5304 2832 5344 non
2872 5288 3023 5343 stetit
3053 5286 3239 5357 (Psal.
3288 5299 3334 5350 t,
3369 5281 3457 5346 1).
3506 5278 3801 5351 Propterea

2212 5402 2342 5458 ergo
2368 5383 2611 5439 exaltabit
2642 5390 2827 5453 caput,
2845 5380 2971 5450 quia
2996 5376 3296 5432 humiliatus
3324 5382 3420 5438 est,
3446 5378 3494 5426 et
3525 5372 3704 5440 [actus
3732 5377 3803 5423 est

2278 5589 2308 5628 ι’
2349 5588 2685 5654 Augustinus
2719 5586 2888 5655 addit,
2922 5600 3013 5639 nec
3046 5579 3339 5637 manebunt.
3368 5576 3549 5635 Nostri
3581 5575 3807 5632 codices

2216 5676 2322 5716 non
2349 5660 2553 5714 addunt
2585 5660 2706 5711 iSla.
