4026 6176
213 276 302 332 7.2!
1012 273 1428 329 PSALMORUM
1470 273 1512 328 Δ
1548 274 1589 328 C
1629 273 1718 327 AD
1757 269 1844 327 CL
1882 267 2261 326 EXPOSITIO.
2304 267 2498 324 I'SAL.
2540 269 2676 324 CXI.

3360 271 3466 328 332

212 390 429 445 subditus
452 401 605 454 usque
627 385 696 440 ad
721 397 955 453 mortem,
984 397 1195 440 mortem
1217 396 1389 440 autem
1417 389 1602 438 crucis.
1639 386 1773 437 Pro-
1805 388 1847 443 Α
1877 381 2129 436 inusitata
2160 389 2216 435 et
2247 395 2406 444 nova,
2456 381 2688 433 humana
2742 379 3074 435 excitaretur
3116 381 3380 450 intentio,
3413 396 3468 440 ct

213 495 319 552 pter
347 481 478 552 quod
506 487 534 516 ⁸
561 480 798 533 exultavit
827 496 940 533 eum
983 495 1014 532 a
1045 480 1258 531 mortuis
1279 519 1294 542 ,
1343 487 1390 530 et
1442 479 1649 530 donavit
1699 477 1778 529 illi

211 585 384 621 nomen
403 568 534 632 quod
556 577 630 620 est
656 584 808 634 super
837 583 985 621 omne
1010 583 1192 620 nomen
1216 581 1233 618 :
1258 575 1314 619 ut
1339 567 1393 618 in
1421 567 1624 619 nomine
1649 565 1684 618 Ι
1689 582 1777 620 esu

212 676 350 712 omne
375 676 501 728 genu
529 661 792 729 flectatur,
829 659 1129 724 sestertium,
1179 659 1511 729 terrestrium,
1543 669 1589 712 et
1616 660 1778 727 infer-

208 765 398 812 norum,
422 759 468 801 et
491 750 652 801 omnis
673 751 851 817 lingua
875 749 1176 816 conﬁteatur
1193 749 1432 817 quoniam
1453 747 1487 800 J
1492 765 1605 801 esus
1628 748 1768 802 Chri-

207 849 300 892 stus
327 841 378 892 in
406 839 572 908 gloria
601 849 673 892 est
699 837 794 890 Dei
826 837 999 891 Patris
1031 838 1265 906 (Philip.
1291 854 1348 902 tt,
1380 839 1435 903 8,
1465 839 1518 901 9,
1551 849 1643 894 etc.
1662 839 1702 908 ).

751 930 830 983 PS
849 929 972 985 \LM
987 928 1071 984 US
1109 927 1222 982 CX.

818 1035 1145 1073 HALLELUIA.

268 1111 450 1182 (Vers.
486 1111 572 1179 1.)
645 1109 937 1174 Con/itebor
981 1109 1092 1174 tibi,
1141 1109 1373 1173 Domine,
1406 1111 1460 1163 in
1490 1119 1594 1164 toto
1627 1113 1778 1164 corde

208 1218 322 1253 meo.
370 1200 484 1254 Non
536 1215 751 1268 semper
796 1198 1072 1252 confessio
1118 1211 1464 1266 peccatorum
1515 1210 1628 1268 est,
1681 1203 1774 1256 sed

209 1293 351 1345 etiam
381 1291 502 1344 laus
531 1291 626 1344 Dei
671 1291 960 1344 devotione
1009 1289 1368 1344 confessionis
1416 1295 1773 1358 expromitur.

208 1384 284 1437 illa
310 1384 470 1452 luget,
507 1384 624 1436 haec
651 1382 880 1449 gaudet;
931 1383 1017 1436 illa
1052 1382 1261 1436 medico
1291 1383 1483 1437 vulnus
1513 1385 1773 1448 ostendit,

210 1472 307 1526 hac
343 1473 408 1527 de
436 1473 668 1526 sanitate
697 1473 898 1540 gratias
927 1471 1056 1539 agit.
1092 1469 1158 1523 In
1199 1473 1418 1524 concilio
1447 1483 1699 1526 rectorum
1730 1486 1777 1528 et

210 1564 597 1634 congregatione.
639 1563 859 1623 Eorum,
903 1562 1018 1614 sine
1047 1562 1232 1625 dubio,
1268 1563 1357 1630 qui
1390 1563 1659 1617 sedebunt
1687 1581 1778 1618 su-

211 1667 292 1718 per
331 1652 616 1705 duodecim
663 1652 888 1704 thronos
927 1652 1237 1719 judicantes
1278 1653 1563 1708 duodecim
1607 1655 1776 1708 tribus

1879 472 2188 525 nutriretur
2214 470 2266 523 in
2299 483 2359 522 ea
2387 469 2455 522 de
2483 469 2717 523 insolitis
2749 469 2892 521 utilis
2937 473 3095 524 timor
3122 511 3138 533 ,
3171 472 3254 526 cui
3287 482 3464 528 tamen

1879 560 2191 616 misericors
2241 559 2500 613 Dominus
2531 559 2688 612 daret
2735 573 2915 612 escam
2961 562 3176 615 virtutis
3221 570 3276 615 et
3319 563 3463 630 vitae,

1878 666 2072 720 panem
2126 650 2334 705 scilicet
2376 650 2524 703 illum
2579 649 3042 715 incorruptibilem
3088 653 3178 720 qui
3226 653 3296 707 de
3324 656 3468 710 cmlu

1878 743 2159 798 descendit
2187 742 2376 813 (Joan.
2404 759 2477 805 vr,
2507 742 2568 796 Η
2594 744 2642 812 );
2676 753 2733 797 ιιι
2772 744 3009 797 Verbum
3041 745 3136 799 Dei
3165 757 3311 800 esset
3341 763 3467 802 esca

1880 833 2182 897 hominum,
2215 835 2352 887 sicut
2375 833 2528 889 cibus
2561 842 2643 887 est
2673 837 3016 902 angelorum.
3051 836 3251 890 Memor
3289 840 3385 891 erit
3413 842 3468 892 in

1877 933 2126 977 wternum
2164 924 2449 977 testamenti
2481 925 2591 988 sui;
2623 925 2857 976 virtutem
2888 943 3100 995 operum
3127 944 3338 980 suorum
3377 946 3471 982 an-

1878 1016 2130 1068 nuntiavit
2171 1016 2364 1084 populo
2402 1033 2518 1069 suo.
2567 1016 2812 1084 Implevit
2843 1018 3105 1074 Dominus
3152 1023 3467 1087 promissio-

1880 1117 1973 1158 nes
2001 1119 2153 1170 suas,
2179 1106 2269 1172 qui
2298 1113 2380 1158 est
2407 1106 2579 1159 virtus
2604 1117 2654 1159 et
2685 1106 2945 1160 fortitudo
2967 1119 3272 1162 sanctorum
3302 1126 3470 1180 :quo-

1878 1194 2021 1246 niam
2048 1208 2169 1262 quae
2196 1195 2507 1248 hominibus
2539 1195 2778 1249 difﬁcilia
2803 1206 2948 1262 sunt,
2980 1197 3090 1250 Deo
3115 1198 3289 1253 facilia
3318 1210 3466 1268 sunt,

1878 1293 1934 1338 et
1963 1286 2077 1351 ipse
2105 1295 2360 1352 operatur
2385 1289 2563 1340 omnia
2593 1287 2644 1340 in
2677 1289 2926 1341 omnibus
2959 1289 3032 1357 (ll
3058 1291 3180 1344 Cor.
3215 1308 3310 1359 xu,
3344 1294 3428 1362 6).

1951 1374 2144 1445 (Vers.
2183 1374 2282 1445 7.)
2326 1376 2396 1430 Ut
2434 1377 2522 1429 det
2568 1378 2670 1431 illis
2713 1380 3057 1434 [nereditatem
3101 1386 3367 1453 gentium;
3415 1387 3468 1440 id

1878 1473 1981 1530 est,
2011 1482 2168 1534 quam
2203 1469 2526 1535 preparavit
2549 1471 2797 1523 omnibus
2819 1473 3087 1539 gentibus.
3113 1475 3275 1546 42ο
3301 1477 3470 1546 Opera

1879 1572 2125 1608 manuum
2166 1562 2274 1628 ejus
2303 1561 2488 1613 veritas
2517 1570 2564 1612 et
2586 1563 2882 1630 judicium;
2915 1563 3016 1618 hoc
3046 1575 3151 1628 est,
3185 1578 3241 1620 ut
3267 1569 3463 1622 veritas

1873 1646 2241 1717 judiciumque
2280 1661 2560 1705 servetur:
2596 1652 2621 1688 ιι
2655 1668 2844 1706 manus
2870 1656 3012 1708 enim
3052 1667 3328 1726 operatur,
3365 1659 3467 1713 hoc

3476 561 3485 598 l

212 1743 353 1797 Israel
381 1742 606 1813 (Matth,
640 1759 757 1805 χιχ,
790 1743 916 1812 Q8),
961 1743 1004 1795 Α
1035 1758 1264 1810 quorum
1305 1745 1520 1797 concilia
1567 1752 1614 1798 ει
1657 1761 1778 1798 con-
1811 1731 1853 1789 Β
1881 1746 1983 1800 est,
2019 1746 2076 1789 1η
2127 1753 2234 1791 11οη
2280 1748 2494 1806 separet
2521 1755 2549 1792 a
2581 1740 2797 1794 Christo
2842 1743 3139 1810 tribulatio,
3188 1749 3467 1816 angustia,

215 1835 484 1901 gi-egatione
515 1833 682 1904 419
711 1835 890 1886 omnis
923 1833 1202 1902 hypocrita
1232 1845 1569 1905 segregatus,
1601 1841 1778 1892 omnis

212 1923 298 1976 erit
324 1931 556 1976 tentator
586 1924 862 1976 exclusus.

268 2013 443 2081 (νει-ς.
479 2011 574 2080 2.)
619 2013 810 2083 Magna
840 2030 992 2080 Opera
1031 2015 1258 2079 Domini,
1292 2018 1540 2085 exquisita
1579 2019 1632 2069 in
1658 2033 1774 2069 om-

214 2117 284 2153 nes
323 2102 606 2154 voluntates
635 2104 766 2170 ejus.
817 2103 1094 2168 Scrutare,
1147 2106 1394 2172 exquire,
1444 2107 1681 2175 vestiga,
1732 2109 1775 2159 si

215 2201 363 2256 potes,
401 2206 596 2245 omnes
628 2193 938 2246 voluntates
968 2193 1180 2247 Dontini
1211 2212 1223 2246 :
1255 2196 1308 2247 in
1354 2197 1607 2249 omnibus
1636 2211 1778 2250 sem-

216 2294 296 2347 per
317 2296 497 2350 magna
531 2297 696 2348 opera
727 2282 844 2351 ejus
871 2284 1134 2338 invenies.
1166 2285 1317 2337 Nulla
1350 2287 1494 2339 enim
1527 2287 1777 2341 voluntas

216 2373 453 2438 potentior
496 2384 585 2426 est
628 2374 798 2440 ipsius
848 2375 1153 2443 voluntate;
1207 2384 1394 2430 c0ntra
1441 2392 1602 2446 quam
1650 2393 1774 2431 cum

216 2461 333 2531 aliqu
356 2463 386 2516 d
416 2465 536 2518 fieri
567 2465 716 2527 sinit,
753 2465 1180 2520 misericordiam
1225 2482 1374 2522 suam
1402 2469 1778 2540 iustitiamque

215 2553 540 2608 demonstrat.
580 2556 733 2610 Sicut
778 2557 924 2610 enim
957 2558 1072 2611 vult
1111 2565 1170 2611 ut
1217 2558 1376 2613 homo
1422 2575 1527 2613 non
1559 2570 1776 2630 peccet,

217 2642 273 2694 ita
300 2644 400 2696 vult
430 2646 681 2712 peccunti
719 2661 959 2714 parcere,
995 2655 1052 2699 ut
1075 2657 1380 2703 revertatur
1410 2658 1464 2704 et
1491 2651 1671 2715 vivat;
1706 2654 1778 2705 ita

216 2737 350 2788 etiam
379 2738 490 2790 vult
525 2736 582 2789 in
613 2742 849 2804 peccatis
878 2749 1312 2807 perseverantem
1349 2742 1560 2809 punire,
1607 2754 1662 2796 ut
1689 2745 1777 2809 ju-

216 2827 349 2880 stitiae
377 2830 678 2896 potentiam
708 2839 996 2884 contumax
1030 2846 1136 2885 non
1166 2832 1384 2886 evadat.
1419 2837 1497 2888 Ac
1523 2837 1601 2888 sic
1634 2835 1782 2903 quid-

217 2919 318 2981 quid
361 2919 628 2989 elegeris,
671 2934 704 2972 o
752 2921 941 2985 homo,
988 2937 1092 2974 non
1141 2921 1316 2977 deerit
1367 2925 1592 2978 Domino
1641 2927 1783 2980 unde

179 3009 339 3090 Lsuam
365 3011 428 3066 de
455 3021 511 3066 te
539 3012 812 3079 compleat
833 3013 1186 3068 voluntatem.
1213 3017 1343 3070 Sive
1369 3031 1498 3086 ergo
1521 3018 1784 3083 justificet

1878 1827 2067 1890 fames,
2097 1828 2335 1892 nuditas,
2369 1829 2578 1897 gladius
2615 1831 2799 1899 (Rom.
2830 1846 2944 1893 vut.
2975 1835 3044 1887 55
3066 1833 3108 1902 ).

1951 1918 2139 1986 (Vers.
2171 1917 2260 1986 8.)
2301 1916 2509 1971 Fidelia
2537 1923 2709 1972 omnia
2741 1923 2987 1974 mandata
3009 1926 3141 1992 ejus,
3166 1926 3469 1993 conﬁrmata

1876 2012 1929 2063 in
1951 2011 2194 2062 secutum
2225 2011 2419 2063 sa'culi.
2451 2010 2550 2077 Qui
2573 2013 2722 2065 dedit
2769 2014 3044 2077 mandata,
3076 2024 3130 2070 et
3159 2016 3307 2070 dedit
3339 2033 3464 2086 pro-

1879 2102 2072 2163 missa;
2103 2117 2222 2171 qute
2245 2103 2475 2156 fideliter
2502 2105 2749 2157 retribuit
2773 2105 3090 2160 confirmata
3110 2108 3159 2160 in
3177 2118 3466 2175 teternum,

1833 2245 1842 2252 _
1877 2206 1978 2246 nec
2017 2206 2266 2260 umquam
2298 2191 2596 2246 defectura.
2645 2191 2811 2246 Facta
2842 2195 2896 2247 in
2925 2197 3136 2251 ueritate
3171 2206 3218 2250 et
3238 2199 3464 2268 judicio.

1881 2281 2242 2335 llocestenim
2257 2297 2464 2347 verum,
2492 2291 2545 2337 et
2569 2282 2776 2352 justum
2804 2294 2925 2351 aut
2955 2286 3043 2340 hic
3070 2288 3365 2357 laboretur,
3392 2290 3470 2348 ibi

1877 2387 1968 2440 req
1979 2373 2267 2426 niescatur.

1949 2465 2139 2534 (νει-ς.
2175 2465 2264 2536 9.)
2306 2468 2723 2533 Redemptionem
2760 2471 2896 2524 misit
2932 2473 3122 2542 populo
3163 2490 3278 2528 suo.
3310 2473 3470 2530 Cives

1877 2567 1930 2609 et
1958 2557 2198 2611 haerech
2229 2560 2469 2613 caelestis
2499 2560 2826 2625 Jerusalem,
2869 2563 2936 2616 ab
2969 2563 3129 2631 hujus
3159 2567 3471 2633 peregrina-

1881 2646 2040 2700 tionis
2081 2649 2396 2716 captivitate
2445 2651 2802 2705 redimuutur.
2829 2651 3098 2706 Mandavit
3143 2655 3195 2707 in
3222 2665 3470 2709 teternum

1882 2747 2230 2791 testamentum
2253 2741 2824 2796 suum.Testamentum
2841 2759 3019 2808 suum,
3042 2745 3225 2813 utique
3247 2762 3470 2813 novum,

1882 2830 2022 2896 quod
2042 2838 2296 2884 attentum
2316 2831 2577 2899 promisit,
2601 2848 2705 2886 non
2725 2833 2852 2887 illud
2870 2845 3041 2899 vetus,
3058 2835 3212 2903 cujus
3229 2836 3476 2892 transito-

1884 2919 1978 2974 ria:
2008 2920 2394 2989 promissiones
2421 2923 2654 2978 fuerunt.
2689 2924 2936 2978 Sanctum
2966 2935 3010 2978 et
3042 2928 3264 2981 terribile
3291 2945 3473 2984 nomen

1885 3013 2016 3080 ejus.
2052 3010 2324 3078 Sapientia
2347 3028 2470 3067 vera
2494 3025 2572 3068 est
2591 3029 2748 3068 nosse
2765 3016 3053 3085 etdiligere
3066 3017 3256 3071 Deum.
3276 3018 3380 3074 Sed
3403 3018 3470 3072 ad

220 3100 428 3171 impium,
453 3106 575 3158 sive
596 3114 786 3173 arguat
811 3106 1041 3174 pigrum,
1068 3107 1188 3162 sive
1211 3119 1491 3174 exepectet
1511 3125 1780 3177 aversum,
1811 3099 1856 3160 C
1891 3100 2030 3154 ¹¹υ¹¹ε
2073 3102 2294 3169 gradum
2345 3104 2411 3158 de
2465 3106 2657 3159 “more
2703 3108 3087 3161 conscendiml‘
3115 3124 3130 3162 ³
3163 3109 3284 3177 quia
3333 3110 3474 3163 είευῑ

221 3206 296 3245 seu
315 3194 526 3249 deserat
551 3197 908 3264 puniendum,
936 3213 1152 3266 semper
1179 3201 1490 3256 misericors
1512 3211 1612 3270 est,
1642 3219 1784 3258 sem-

221 3298 299 3350 pvr
321 3285 518 3353 justus,
552 3302 772 3355 semper
800 3289 1165 3356 omnipotens.

279 3377 460 3446 (νει-ε.
491 3379 598 3447 ὅ.)
638 3379 902 3447 Confessio
946 3390 993 3433 et
1037 3383 1419 3452 magniﬁcentia
1460 3401 1586 3455 Opus
1637 3390 1787 3458 ejus;

223 3477 256 3517 et
270 3471 460 3537 justitia
488 3471 606 3538 ejus
629 3483 794 3524 manet
821 3473 872 3523 in
892 3472 1140 3524 steculum
1167 3474 1366 3527 sweuli.
1394 3475 1785 3543 Magnificentia

225 3557 408 3613 Domini
435 3562 585 3614 circa
621 3577 719 3614 nos
751 3563 802 3614 in
831 3578 897 3616 eo
925 3573 1148 3632 apparet
1195 3566 1337 3634 quod
1381 3568 1542 3620 nullis
1585 3586 1789 3636 praece-

225 3649 443 3704 dentibus
470 3651 688 3705 meritis
719 3652 1068 3707 confitentem
1107 3653 1371 3722 justificat
1398 3668 1740 3724 peccatore-nt
1773 3677 1784 3714 :

225 3748 271 3790 ut
308 3742 388 3794 ubi
445 3741 749 3797 abundavit
799 3754 1114 3811 peccatum,
1167 3748 1568 3813 superabundet
1615 3753 1788 3817 gratia

227 3830 392 3897 (llam.
433 3849 487 3900 v,
542 3833 684 3900 20),
719 3849 817 3902 per
860 3850 1019 3903 quam
1068 3835 1298 3890 excitata
1329 3848 1412 3892 est
1460 3841 1619 3893 etiam
1675 3845 1788 3909 ipsa

225 3925 464 3980 confessio
493 3943 508 3978 :
548 3935 606 3980 ut
637 3941 796 3979 nemo
825 3927 878 3978 in
908 3941 968 3979 se
998 3928 1310 3989 extollatur,
1342 3929 1437 3982 sed
1469 3931 1559 3998 qui
1590 3931 1791 3998 gloria~

228 4022 312 4078 tur,
344 4017 390 4070 itt
423 4018 663 4070 Domino
690 4017 951 4085 glorietur
978 4017 1028 4088 (Ι
1056 4017 1175 4071 Cor.
1209 4033 1249 4084 ι,
1277 4020 1402 4087 51).
1433 4019 1565 4085 Quia
1591 4029 1646 4074 et
1664 4036 1794 4074 con-

227 4103 366 4158 fessio
413 4108 746 4173 peccatoris,
797 4116 850 4161 et
897 4107 1292 4175 magnificentia
1342 4109 1788 4180 justificatitmis,

227 4211 339 4263 Opus
363 4195 579 4252 Domini
604 4207 714 4261 est;
743 4199 882 4264 apud
908 4214 1064 4266 quem
1095 4200 1349 4267 iniquitas
1370 4216 1474 4254 non
1505 4213 1608 4266 est,
1632 4205 1791 4256 etiam

227 4290 261 4338 si
293 4305 382 4344 nos
407 4289 613 4357 judicia
655 4290 770 4357 ejus
803 4305 906 4343 non
951 4290 1466 4359 comprehendimus
1496 4291 1681 4362 (Rom.
1711 4310 1791 4358 Ix,

227 4379 340 4446 li);
371 4381 630 4449 quoniam
661 4381 870 4451 justitia
897 4382 1010 4450 ejus
1043 4391 1211 4433 manet
1241 4382 1293 4434 in
1318 4384 1567 4435 secutum
1597 4387 1791 4437 saeculi.

1884 3191 2235 3246 desideranda
2256 3203 2382 3248 sunt
2403 3195 2519 3262 ejus
2549 3211 2793 3261 munera,
2829 3199 2905 3251 sic
2943 3200 3229 3254 metuenda
3251 3199 3472 3269 judicia.

1959 3281 2146 3350 (Vers.
2182 3284 2302 3353 10.)
2341 3283 2554 3338 Initium
2580 3288 2846 3355 sapientia:
2870 3289 3021 3341 timor
3043 3288 3273 3343 Domini.
3308 3291 3472 3345 Intel-

1887 3373 2044 3426 lectus
2071 3377 2232 3428 bonus
2262 3375 2491 3429 omnibus
2520 3377 2821 3446 facientibus
2845 3394 2981 3431 eum.
3011 3377 3061 3432 Is
3092 3379 3288 3433 bonum
3318 3381 3478 3436 habet

1888 3464 2245 3531 intellectum,
2279 3469 2369 3536 qui
2403 3468 2542 3536 quod
2577 3467 2875 3522 faciendum
2907 3480 3055 3524 recte
3085 3469 3369 3540 intelligit,
3402 3471 3480 3524 fa-

1888 3555 1995 3610 cit:
2021 3558 2144 3626 quia
2168 3558 2290 3610 talis
2311 3565 2396 3612 est
2420 3559 2537 3612 sine
2561 3573 2728 3626 Opere
2760 3560 3132 3628 intelligentia,
3166 3563 3342 3630 qualis
3363 3563 3479 3616 sine

1889 3649 2085 3704 timore
2113 3651 2373 3719 sapientia
2407 3650 2586 3720 (Sent.
2623 3651 2742 3719 t3).
2775 3651 3030 3705 Laudatio
3070 3653 3182 3722 ejus
3220 3664 3388 3705 manet
3420 3655 3473 3705 in

1887 3740 2133 3793 saxulum
2163 3741 2360 3796 saeculi.
2408 3742 2576 3796 Nemo
2606 3757 2737 3810 ergo
2773 3745 3067 3811 quidquam
3108 3759 3219 3797 sua:
3245 3745 3475 3810 justitia:

1892 3828 1918 3868 ἀ
1949 3833 2211 3897 ascribat,
2247 3848 2404 3888 nemo
2445 3834 2512 3887 de
2541 3835 2654 3888 suis
2682 3837 2831 3901 quasi
2869 3835 3105 3901 prepriis
3132 3835 3343 3889 meritis
3387 3851 3480 3890 ex-

1891 3923 2132 3986 sultabit,
2161 3923 2256 3976 sed
2281 3925 2329 3975 in
2355 3923 2450 3976 Dei
2473 3922 2680 3976 laudem
2709 3933 2764 3976 et
2788 3923 3035 3991 gloriam,
3065 3924 3242 3978 omnis
3271 3933 3484 3980 sancto-

1892 4030 2011 4067 rum
2041 4014 2317 4068 beatitudo
2345 4014 2396 4067 in
2423 4023 2684 4066 mternum
2719 4014 2972 4068 refertur.

2446 4102 2764 4158 I’SALMUS
2801 4104 2938 4159 CXI.

2525 4212 2851 4252 HALLELUIA.

1969 4287 2178 4342 Titulus
2206 4288 2397 4356 psalmi
2431 4297 2535 4348 est,
2571 4287 2892 4340 liet‘ersionis
2923 4287 3097 4357 Aggtei
3121 4299 3167 4341 et
3191 4289 3482 4354 Zachariw,

1898 4382 1986 4448 qui
2022 4390 2140 4448 post
2181 4379 2519 4434 eversionem
2552 4379 2736 4445 templi
2767 4380 3092 4444 Jerusalem,
3143 4388 3196 4434 et
3237 4384 3486 4435 transmi-

286 4470 468 4538 (Vers.
506 4469 667 4537 4-6.)
712 4469 1012 4523 Memoriam
1062 4471 1178 4539 fecit
1226 4470 1542 4523 mirabiliora
1587 4489 1796 4526 suorum
1827 4455 1876 4512 D
1906 4474 2206 4542 grationent
2239 4469 2293 4523 in
2322 4468 2691 4538 Babyloniam,
2733 4467 3015 4534 completis
3054 4469 3152 4522 sub
3195 4470 3356 4525 Dario
3399 4487 3488 4526 se-

229 4561 488 4617 misericors
506 4575 551 4617 et
569 4565 840 4616 miserator
854 4563 1104 4615 Dominus
1121 4578 1138 4615 :
1155 4579 1320 4615 escam
1343 4565 1480 4617 dedit
1504 4565 1796 4620 timentibus

231 4666 288 4702 se.
318 4652 368 4705 ln
399 4656 545 4707 omni
573 4653 796 4723 quidem
840 4662 1090 4706 creatura
1131 4653 1226 4707 Dei
1274 4653 1542 4708 mirabilia
1589 4657 1704 4724 ejus
1743 4665 1798 4711 et

231 4745 514 4808 quotidiana
545 4757 602 4802 et
631 4761 822 4816 magna
853 4755 1010 4811 sunt;
1058 4746 1152 4800 sed
1184 4746 1306 4816 quia
1345 4762 1534 4816 parum
1567 4765 1629 4803 ea
1668 4765 1799 4804 con-

231 4839 436 4891 suetudo
467 4841 721 4907 miratur,
756 4839 998 4908 qua'dam
1032 4838 1296 4891 Dominus
1340 4839 1490 4907 signa
1522 4851 1576 4894 et
1609 4843 1795 4909 prodi-

234 4928 302 4993 gia
345 4934 507 4985 certis
539 4933 870 4999 temporibus
919 4929 1211 4998 promenda
1259 4929 1546 4998 diaposuit,
1598 4942 1655 4986 ut
1704 4948 1798 5000 per

293 5133 316 5162 ³¹
351 5126 615 5190 Subaudi,
661 5126 818 5188 Deus,
870 5137 926 5180 ιιι
966 5128 1018 5180 in
1065 5128 1321 5199 August.,
1374 5141 1643 5198 prapterea
1691 5146 1805 5186 eum

237 5194 356 5249 Deus
385 5201 623 5251 exultavit
653 5217 683 5250 a
708 5199 942 5261 mortuis,
975 5208 1080 5252 etc.

299 5266 320 5303 δ
363 5269 458 5320 V‘ix
496 5270 801 5321 dubitamus
847 5269 1018 5321 locum
1055 5269 1195 5321 hunc
1238 5269 1524 5336 Prosperi,
1556 5287 1620 5324 ex
1658 5273 1806 5325 vocis

238 5337 379 5408 unius
411 5338 802 5408 permutatione
823 5349 876 5390 et
901 5339 1035 5390 mala
1067 5340 1518 5406 iuterpunctinne,
1550 5342 1803 5408 quidquid

237 5407 568 5476 obscuritatis
600 5409 759 5460 habet
792 5406 1057 5462 hausisse.
1091 5408 1275 5476 Igitur,
1309 5425 1430 5462 cum
1458 5411 1585 5464 editi
1619 5406 1806 5464 ont‘nt-s

237 5473 282 5526 in
314 5478 448 5531 idem
477 5480 834 5538 consentiant,
862 5491 962 5530 nec
980 5480 1051 5530 sit
1075 5473 1225 5542 copia
1261 5479 1421 5532 ullius
1448 5495 1549 5532 ms.
1579 5481 1804 5545 codicis,

240 5559 332 5598 non
377 5547 694 5600 mutavimus
726 5548 972 5614 quidem,
1020 5549 1112 5600 sed
1155 5550 1470 5614 conjicimus
1517 5551 1802 5616 legendum

239 5628 368 5686 esse,
395 5630 515 5668 cum
549 5619 733 5683 exigua
767 5617 1083 5680 mutatione,
1115 5616 1231 5669 Iloc
1260 5629 1350 5681 est,
1381 5630 1434 5670 ut
1454 5622 1637 5673 veritas
1661 5621 1805 5686 judi-

240 5684 458 5754 ciumque
488 5698 731 5752 servetur,
779 5702 960 5740 manus
1003 5690 1111 5757 ejus
1153 5690 1391 5756 apera'tur
1418 5704 1436 5741 :
1464 5691 1558 5742 ltoc
1607 5684 1704 5756 est,
1756 5702 1805 5744 ut

1910 4561 2182 4630 ptuagiuta
2213 4558 2540 4628 captivitatis
2570 4559 2747 4620 annis,
2778 4557 3100 4625 prophetare
3130 4572 3490 4629 cmperuntea

1903 4669 2022 4722 qua:
2070 4654 2135 4705 ad
2181 4651 2570 4706 rclaxationem
2614 4649 2947 4718 captivitatis
2994 4659 3048 4704 et
3092 4654 3490 4720 reparationem

1903 4746 2090 4816 templi
2120 4745 2476 4813 pertinerent.
2507 4742 2614 4796 Sed
2645 4742 2767 4810 quia
2809 4756 2930 4810 qua:
2969 4744 3323 4809 corporaliter
3365 4752 3493 4800 tunc

1903 4839 2251 4909 gerebantur,
2282 4850 2460 4889 rerum
2511 4833 2810 4886 futurarum
2857 4833 3051 4888 indicia
3100 4835 3488 4902 pratferebant,

1907 4946 2002 5000 per
2032 4931 2177 4983 illam
2204 4925 2527 4995 captivitatis
2557 4925 2956 4989 remissionem,
2982 4935 3037 4981 et
3061 4926 3245 4994 templi
3276 4927 3493 4980 restitu-

1909 5147 2008 5185 non
2034 5140 2232 5201 separet
2259 5146 2288 5180 a
2319 5127 2543 5195 Christo,
2571 5139 2676 5183 etc.

1982 5210 2004 5238 ο
2052 5199 2424 5270 Lugdunensis
2463 5201 2630 5253 editio
2670 5199 2817 5253 addit
2847 5199 3067 5253 verbum
3094 5201 3489 5257 substantivitm

1907 5283 2002 5332 est,
2036 5288 2143 5337 quo
2174 5280 2363 5325 carent
2392 5270 2547 5332 Lov.,
2575 5271 2766 5335 Duac.,
2793 5278 2848 5323 et
2873 5271 3058 5322 Colon.

1981 5341 2007 5379 ά
2047 5342 2238 5397 Melius
2270 5341 2411 5394 forte
2445 5341 2734 5408 legeretur,
2767 5340 2998 5411 ascribet,
3030 5339 3162 5411 etin
3195 5340 3319 5406 fine,
3350 5344 3490 5411 refe-

1907 5423 2070 5476 retur,
2102 5419 2322 5480 propter
2346 5411 2579 5463 futurum
2608 5410 2900 5473 exsultabit,
2930 5410 3066 5462 inter
3090 5409 3201 5463 haec
3229 5409 3491 5478 medium;

1907 5493 1962 5535 et
1981 5484 2100 5551 quia
2119 5483 2188 5536 de
2208 5482 2390 5534 futuro
2413 5489 2552 5551 statu
2577 5480 2852 5551 beatorum
2870 5481 3020 5551 loqui
3045 5480 3255 5533 videtur
3275 5493 3492 5537 sanctus

1914 5548 2116 5615 noster,
2150 5553 2200 5604 in
2233 5565 2342 5619 quo
2372 5549 2470 5602 soli
2506 5550 2615 5602 Deo
2645 5549 2711 5600 ab
2737 5548 2990 5604 omnibus
3019 5551 3220 5606 sanctis
3243 5552 3415 5608 honor
3435 5564 3494 5609 et

1913 5624 2083 5692 gloria
2116 5624 2170 5676 in
2202 5633 2464 5676 attentum
2496 5621 2780 5674 referetur.
