4026 6176
471 251 574 311 523

1704 252 1762 308 S.
1807 252 2142 310 PROSPEBI
2181 255 2508 323 AQUITANI

3623 257 3728 312 δυ

471 368 694 433 tionem,
725 365 1038 434 spiritaliter
1059 364 1384 436 figurabatur
1411 363 1616 420 fabrica
1644 365 1810 434 ipsius
1842 366 2048 434 templi,
2077 374 2131 430 Α
2223 369 2403 440 (Vers.
2429 367 2508 438 7.)
2538 366 2604 421 In
2628 370 2869 422 memoria
2898 377 3086 422 aeterna
3120 369 3213 422 erit
3228 369 3427 440 justus,
3456 368 3520 422 ab
3549 373 3732 425 auditu

473 459 626 528 cujus
654 457 899 513 Christus
928 467 1009 512 est
1033 457 1459 520 fundamentum,
1481 457 1532 510 in
1562 471 1669 525 quo
1696 457 1856 510 etiam
1887 472 2053 524 angu-

474 550 574 604 lari
607 551 805 618 lapide,
833 550 968 603 vivis
997 549 1263 618 lapidibus
1301 549 1594 616 coaptatis,
1636 549 1876 601 caelestis
1921 548 2050 601 sedi-

475 643 580 696 ﬁcii
622 651 892 695 structura
941 640 1240 708 consurgit,
1284 650 1340 694 ut
1377 655 1444 693 ex
1485 640 1642 694 ruina
1676 650 1888 703 vetere,
1935 655 2054 706 quae

476 733 614 785 facta
644 743 726 785 est
754 733 806 784 itt
840 731 1028 795 Adam,
1061 747 1254 784 novum
1283 731 1375 784 Dei
1402 733 1660 798 templum
1688 747 1808 784 cum
1841 746 2057 798 repara-

477 826 624 878 tione
671 825 910 877 omnium
954 823 1113 893 42],
1163 824 1404 890 gentium
1452 822 1796 876 refnrtnetur.
1843 822 1923 874 Ad
1956 822 2058 874 hoc

476 930 604 983 ergo
633 916 888 982 templum
924 917 1154 981 pertinet
1183 912 1524 980 prophetatio
1554 912 1736 979 Aggati
1767 919 1821 964 et
1849 909 2056 964 Zacha-

479 1007 598 1069 riaz,
631 1005 719 1071 qui
752 1005 804 1057 itt
838 1003 1024 1071 pSalmi
1055 1003 1204 1056 titulo
1227 1001 1610 1069 prteferuntur,
1636 1010 1693 1053 ut
1719 1000 1811 1065 qui
1843 999 1942 1052 hoc
1972 1013 2061 1051 sa-

479 1106 812 1150 cramentum
845 1095 1110 1163 intelligit,
1155 1102 1208 1147 et
1253 1095 1341 1161 qui
1372 1094 1519 1162 cupit
1561 1091 1615 1145 in
1646 1091 1802 1160 hujus
1846 1090 2058 1144 aedilicii

481 1205 740 1257 compage
780 1187 1020 1248 solidari,
1063 1187 1199 1240 sciat
1246 1185 1578 1240 reversionis
1606 1197 1660 1238 et
1691 1181 2059 1238 renovationis

482 1294 594 1334 suae
625 1280 678 1331 in
711 1279 905 1330 timore
933 1277 1029 1329 Dei
1056 1290 1178 1329 esse
1201 1275 1544 1344 principium.

559 1371 738 1440 (Vers.
770 1368 846 1436 I.)
872 1368 1058 1422 Beatus
1080 1370 1155 1420 vir
1176 1369 1261 1436 qui
1283 1369 1420 1420 timet
1439 1365 1714 1419 Dominum
1734 1381 1750 1419 :
1773 1367 1826 1419 in
1847 1365 2063 1418 manda-

485 1463 548 1514 tis
573 1463 682 1529 eius
703 1459 832 1512 volet
859 1461 1027 1512 nimis.
1058 1457 1340 1512 Beatitudo
1373 1457 1471 1510 viri
1506 1458 1658 1524 jUsti,
1687 1473 1716 1510 a
1739 1458 1933 1510 timore
1974 1457 2059 1507 in-

487 1554 616 1621 cipit
645 1551 879 1617 Domini,
923 1559 977 1604 et
1011 1550 1222 1618 proﬁcit
1250 1551 1304 1602 in
1336 1549 1658 1602 desiderium
1690 1547 2061 1600 mandatorum

489 1643 605 1708 Dei,
637 1642 828 1710 quibus
861 1641 1116 1708 templum
1149 1640 1265 1708 ejus
1295 1637 1546 1692 clﬁcitur.

2153 463 2288 514 malo
2312 477 2413 514 non
2455 462 2664 513 timebit.
2714 459 2832 514 Non
2876 459 3083 514 timebit
3113 461 3297 514 audire
3345 461 3489 528 quod
3535 461 3732 514 dicitur

2155 553 2416 617 sinistris,
2453 551 2533 604 Ite
2578 553 2631 604 in
2672 553 2840 620 ignem
2895 561 3141 604 trterttum
3185 552 3270 622 qui
3306 561 3629 621 prteparatus
3663 561 3735 604 est

2155 643 2358 695 diabolo
2381 653 2426 694 et
2469 643 2663 712 angelis
2687 643 2797 704 eius
2822 641 3040 711 (Matth.
3071 656 3202 705 xxv,
3224 640 3341 710 41).
3377 641 3632 696 Paratum
3665 655 3741 697 est

2159 748 2249 784 cor
2279 733 2393 800 ejus
2424 747 2629 801 sperare
2657 734 2710 783 in
2738 731 2977 786 Domino.
3011 732 3144 796 Quia
3177 745 3282 784 non
3330 745 3428 784 sua
3467 732 3738 800 qumsivit,

2158 822 2254 875 sed
2303 838 2421 889 quae
2447 821 2577 875 Jesu
2604 821 2799 875 Christi
2835 820 3060 891 (Philip.
3107 836 3166 887 ιι,
3213 821 3332 892 21),
3372 831 3430 876 et
3477 825 3743 892 promissa

2159 913 2275 982 ejus
2306 911 2643 966 confidenter
2664 922 2961 979 exSpectat.

2232 1003 2406 1074 (Vers.
2437 1002 2515 1073 8.)
2539 1001 2909 1071 Conﬁrmatum
2950 1011 3023 1057 est
3048 1020 3136 1058 cor
3165 1008 3296 1077 ejus,
3329 1022 3431 1057 non
3463 1021 3748 1058 commove.

2160 1093 2314 1158 bitur,
2345 1094 2505 1147 donec
2545 1094 2709 1146 videat
2752 1109 2903 1163 super
2948 1095 3183 1147 inimicos
3213 1111 3353 1148 suos.
3399 1096 3606 1149 Inimici
3631 1097 3748 1164 ejus

2165 1185 2452 1253 praesentia
2484 1184 2889 1252 concupierunt,
2922 1193 2976 1238 et
3011 1199 3132 1238 cum
3178 1186 3259 1238 eis
3303 1185 3594 1238 invisibilia
3628 1200 3753 1252 pro-

2164 1277 2530 1339 mitterentur,
2562 1275 2831 1340 dicebant,
2890 1275 3012 1340 Quis
3046 1276 3269 1328 ostendit
3302 1276 3444 1327 nobis
3473 1275 3603 1327 bona
3631 1274 3748 1344 (Ps.

2167 1381 2242 1429 tv,
2270 1365 2370 1434 6)?
2400 1364 2476 1417 Illi
2506 1365 2793 1418 voluerunt
2818 1364 3005 1419 videre
3046 1365 3183 1418 bona
3223 1366 3496 1418 hominum
3520 1365 3574 1418 in
3609 1375 3751 1419 terra

2165 1457 2530 1521 morientium,
2564 1456 2650 1508 hic
2678 1455 2904 1510 credidit
2931 1457 3114 1511 videre
3136 1459 3274 1510 bona
3307 1457 3522 1511 Domini
3553 1460 3604 1510 in
3636 1469 3744 1511 ter-

2166 1565 2224 1602 ra
2255 1549 2542 1602 viventium
2576 1547 2752 1619 (Psal.
2787 1563 2935 1615 xxvt,
2982 1548 3092 1616 13).
3137 1549 3252 1602 Non
3283 1564 3410 1618 ergo
3441 1563 3751 1603 commove-

2168 1640 2310 1693 bitur
2348 1655 2444 1695 cor
2487 1641 2622 1709 ejus,
2676 1655 2778 1694 nec
2827 1641 3131 1695 transitoria
3180 1643 3439 1696 malorum
3496 1643 3751 1697 felicitate

562 1736 743 1806 (Vers.
765 1733 848 1804 2.)
881 1734 1069 1787 Potens
1111 1735 1163 1785 in
1191 1743 1325 1787 terra
1365 1735 1459 1786 erit
1508 1749 1676 1786 semen
1711 1736 1840 1804 ejus.
1871 1732 2065 1788 Semen
2098 1725 2144 1783 Β
2172 1733 2492 1797 turbabitur,
2516 1733 2689 1787 donec
2709 1732 2910 1794 videat.
2941 1749 3044 1786 non
3073 1734 3345 1799 deorsum,
3369 1734 3512 1801 quod
3547 1735 3750 1788 inimici

491 1826 682 1880 futura:
729 1826 922 1878 messis
974 1839 1135 1892 opera
1185 1838 1306 1877 esse
1344 1822 1729 1876 misericordiae
1779 1824 2068 1890 Apostolus

490 1919 647 1972 testis
671 1924 772 1979 est,
807 1916 1013 1979 dicens,
1045 1913 1244 1966 Bonum
1292 1922 1465 1966 autem
1521 1913 1765 1980 facientes
1810 1928 1911 1965 non
1941 1913 2070 1978 defi-

489 2012 687 2063 ciamus
715 2026 733 2062 :
760 2019 985 2075 tempore
1015 2007 1148 2059 enim
1179 2007 1386 2075 proprio
1404 2014 1643 2058 metemus
1673 2004 1870 2074 (Galat.
1893 2020 1966 2067 vt,
1985 2005 2066 2072 9).

489 2101 628 2168 Quid
674 2110 850 2152 autem
900 2099 1169 2166 potentius
1200 2096 1301 2149 hoc
1332 2097 1566 2160 semine,
1596 2098 1749 2164 cujus
1798 2096 2070 2164 impendio

489 2200 831 2260 comparatur
862 2205 1083 2258 regnum
1116 2189 1398 2254 calorum,
1425 2196 1482 2242 et
1512 2189 1620 2242 vita
1660 2199 1880 2242 aeterna.
1905 2187 2072 2242 Gene—
2145 2243 2153 2250 ,

491 2283 624 2334 ratio
647 2289 900 2333 rectorum
929 2279 1248 2332 benedicetur
1273 2296 1292 2344 ;
1327 2281 1376 2332 id
1420 2288 1520 2343 est,
1564 2294 1726 2348 opera
1767 2296 1952 2334 eorum
1981 2281 2069 2348 qtti

492 2383 640 2427 recto
664 2381 787 2425 sunt
807 2371 988 2433 corde.
1015 2387 1120 2425 non
1144 2372 1422 2424 turbantur
1446 2382 1663 2440 pr0pter
1683 2373 2068 2440 promissorum

493 2463 800 2517 dilationem
825 2479 836 2513 :
873 2477 974 2516 nec
998 2461 1322 2515 transeuntia
1353 2461 1644 2514 carnaliter
1673 2469 1951 2529 appetunt,
1977 2461 2071 2514 sed

492 2569 741 2606 mansura
767 2553 994 2607 ﬁdeliter
1014 2562 1068 2606 et
1087 2553 1347 2619 patienter
1382 2562 1713 2619 exspectant.

565 2645 746 2714 (Vers.
779 2642 858 2713 5.)
889 2642 1066 2696 Gloria
1096 2650 1143 2694 et
1169 2643 1358 2694 divitiw
1389 2644 1442 2694 in
1463 2643 1612 2695 donto
1637 2643 1770 2712 ejus,
1799 2651 1845 2695 et
1864 2643 2073 2714 justitia

496 2740 606 2808 ejus
647 2745 813 2788 manet
840 2737 891 2788 in
931 2737 1176 2787 steculum
1201 2734 1398 2787 swculi.
1440 2733 1538 2798 Qui
1574 2733 1694 2786 talis
1721 2742 1804 2786 est
1832 2734 1881 2786 in
1911 2732 2072 2786 domo

499 2843 615 2891 sua,
649 2828 697 2879 id
723 2836 822 2890 est,
867 2828 915 2877 in
943 2825 1104 2878 corde
1135 2839 1255 2891 suo,
1287 2824 1375 2877 ubi
1409 2824 1662 2892 templum
1693 2823 1787 2877 Dei
1818 2833 1920 2887 est,
1953 2823 2074 2891 glo-

499 2921 632 2972 riam
659 2929 712 2971 et
739 2917 952 2970 divitias
1006 2915 1207 2968 habet:
1251 2917 1372 2982 quia
1421 2927 1516 2980 Spe
1562 2929 1667 2966 non
1707 2913 1866 2966 dubia
1899 2912 2075 2967 futura

493 3010 601 3078 jam
637 3009 893 3076 possidet,
937 3019 986 3061 et
1020 3023 1241 3075 regnum
1272 3006 1366 3058 Dei
1415 3007 1551 3058 intra
1602 3004 1775 3072 ipsum
1804 3013 1887 3059 est
1919 3003 2070 3076 (Luc.

2171 1824 2308 1890 ejus,
2341 1825 2435 1877 sed
2487 1839 2699 1878 sursum
2747 1839 2910 1892 super
2933 1825 3179 1879 inimicos
3206 1840 3352 1889 suos,
3380 1826 3533 1890 Quod
3577 1829 3754 1880 oculus

2171 1931 2271 1966 non
2289 1915 2414 1968 vidit
2443 1931 2534 1968 nec
2554 1917 2695 1967 auris
2722 1915 2940 1980 audivit,
2971 1931 3130 1984 neque
3156 1917 3208 1968 in
3228 1932 3316 1969 cor
3342 1919 3564 1969 hominis
3586 1934 3755 1970 ascen-

2171 2006 2269 2070 dit,
2297 2006 2433 2072 quod
2462 2007 2772 2074 praeparavit
2797 2004 2931 2058 Deus
2954 2006 3282 2075 diligentibus
3309 2023 3361 2059 se
3384 2008 3428 2078 (Ι
3457 2008 3578 2061 Cor.
3606 2023 3664 2073 lt,
3691 2007 3750 2072 9;

2171 2095 2301 2148 Isai.
2340 2112 2484 2158 utv,
2518 2096 2599 2163 4).

2243 2185 2425 2255 (Vers.
2449 2186 2504 2249 9,
2537 2185 2647 2256 10)
2683 2183 2956 2254 Dispersit,
3005 2185 3146 2238 dedit
3181 2187 3531 2254 pauperibus;
3544 2189 3756 2256 justitia

2171 2280 2284 2347 ejus
2311 2286 2479 2329 manet
2525 2277 2578 2328 in
2617 2276 2859 2330 swculum
2891 2277 3086 2329 sa’culi.
3124 2279 3384 2344 Dispersit
3415 2279 3672 2340 visibilia.
3702 2291 3757 2334 ut

2173 2368 2455 2422 invisibilia
2483 2378 2824 2436 compararet
2849 2384 2864 2432 ;
2891 2368 3037 2422 dedit
3063 2371 3400 2438 temporalia,
3436 2383 3757 2440 accepturus

2173 2469 2394 2512 aeterna.
2421 2456 2594 2511 Cornu
2617 2460 2725 2518 eius
2757 2459 3065 2512 exaltabitur
3094 2461 3145 2512 in
3171 2460 3357 2530 gloria.
3394 2461 3645 2514 Peccator
3678 2465 3757 2515 vi-

2173 2550 2330 2614 debit,
2385 2559 2432 2602 et
2488 2551 2755 2602 irascetur.
2814 2550 3070 2604 Irascitur
3125 2561 3404 2619 peccator:
3455 2554 3540 2607 cui
3589 2556 3759 2623 magis

2173 2659 2331 2714 quam
2365 2645 2506 2697 sibi?
2551 2644 2654 2697 Sed
2685 2658 2802 2696 sera
2838 2643 2924 2695 illa
2968 2654 3126 2711 atque
3171 2644 3500 2698 infructuosa
3529 2647 3760 2714 paenitu-

2175 2738 2320 2800 dine,
2343 2751 2462 2789 cum
2484 2735 2633 2798 dicit,
2671 2735 2806 2798 Quid
2834 2735 2978 2786 nobis
2999 2736 3194 2803 profuit
3221 2735 3480 2803 superbia,
3519 2746 3606 2788 aut
3633 2736 3760 2803 quid

2173 2829 2470 2881 divitiarum
2497 2828 2721 2898 jactatio
2745 2827 2959 2879 contulit
2989 2827 3131 2880 nobis
3159 2828 3319 2896 (Sap.
3352 2843 3406 2893 ν,
3437 2829 3531 2896 8)?
3569 2828 3760 2880 Denti-

2177 2919 2268 2972 bus
2305 2919 2412 2971 suis
2457 2917 2679 2983 frendet,
2725 2927 2770 2970 et
2810 2933 2911 2970 non
2941 2919 3245 2982 revirescet;
3293 2919 3430 2972 sicut
3481 2917 3664 2981 ﬁeret,
3714 2919 3760 2972 si

2177 3020 2477 3079 Opportuno
2503 3025 2623 3063 eum
2670 3017 2913 3076 tempore
2956 3009 3263 3077 pteniteret.
3311 3009 3414 3064 Sed
3450 3021 3573 3063 tunc
3617 3009 3764 3063 fren-

496 3116 626 3167 xvrt,
660 3098 773 3168 21).
818 3099 985 3167 llujus
1030 3097 1237 3166 justitia
1271 3105 1452 3150 manet
1481 3096 1535 3149 in
1559 3096 1814 3150 saeculum
1861 3097 2067 3163 smculi,
2097 3078 2140 3138 (ἶ
2175 3078 2284 3167 det,
2318 3101 2532 3171 quando
2558 3100 2871 3153 desiderium
2910 3109 3234 3166 peccatorum
3266 3100 3468 3166 peribit.

496 3190 618 3258 quia
645 3190 754 3257 ipsa
786 3197 868 3243 est
892 3190 1059 3257 gloria
1091 3198 1248 3256 atque
1271 3186 1493 3240 divitiae.

570 3283 752 3348 (Vers.
771 3282 853 3350 4.)
875 3281 1124 3333 Exortum
1147 3289 1218 3332 est
1238 3280 1290 3332 in
1315 3279 1530 3332 tenebris
1549 3278 1718 3331 lumen
1739 3280 1888 3333 rectis
1900 3279 2070 3331 corde.

497 3373 684 3428 Merito
713 3373 948 3440 dirigunt
975 3386 1070 3425 cor
1111 3370 1162 3423 in
1195 3369 1482 3423 Dominum
1530 3385 1707 3436 suum,
1741 3370 1931 3423 merito
1960 3383 2076 3420 am—

497 3464 686 3518 bulant
715 3463 846 3516 recti
866 3477 988 3514 cum
1023 3462 1249 3513 Domino
1275 3475 1395 3524 suo,
1427 3459 1516 3527 qui
1552 3475 1672 3513 cum
1701 3468 1885 3513 essent
1910 3460 1964 3512 in
1997 3467 2074 3512 te-

498 3556 699 3619 nebris,
756 3557 928 3606 lucem
974 3551 1220 3606 viderunt
1273 3565 1520 3619 magnam
1569 3549 1722 3618 (lsai.
1775 3565 1851 3614 ιι,
1907 3548 1986 3618 2),
2021 3561 2075 3604 et

499 3645 856 3699 meminerunt
884 3641 1048 3696 fuisse
1083 3656 1142 3696 se
1185 3641 1472 3710 aliquando
1503 3643 1777 3704 tenebras,
1811 3655 1950 3694 nunc
1979 3657 2076 3694 au-

498 3745 605 3791 tem
652 3737 824 3790 lucem
867 3735 916 3788 in
949 3731 1419 3802 Domino(Ephes.
1464 3749 1517 3800 v,
1552 3731 1629 3801 8).
1682 3732 1997 3800 Misericors,
2030 3741 2074 3785 et

496 3831 783 3894 miserator,
814 3830 1052 3898 etjustus
1080 3824 1352 3879 Dominus.
1393 3824 1496 3892 Qui
1524 3825 1833 3888 miseretur,
1869 3836 1923 3877 ut
1970 3825 2072 3876 nii-

496 3929 772 3986 sereatur,
813 3928 868 3973 et
907 3921 1082 3987 justus
1124 3930 1207 3973 est
1252 3919 1304 3972 in
1351 3919 1740 3984 retributione;
1788 3919 1910 3987 quia
1944 3917 2073 3972 nulli

497 4014 658 4068 faciet
681 4012 938 4081 judicium
972 4012 1087 4064 sine
1117 4012 1513 4066 misericordia.

571 4103 746 4172 (Vers.
776 4100 854 4168 5.)
886 4101 1072 4154 Suavis
1102 4101 1250 4152 homo
1276 4101 1364 4168 qui
1387 4103 1650 4154 miseretur
1680 4112 1726 4154 et
1765 4101 2070 4153 contmodat.

499 4192 649 4246 Ilunc
674 4200 963 4243 suavemet
990 4189 1173 4242 mitem
1203 4197 1363 4257 atque
1387 4189 1705 4258 jocundum,
1735 4207 1838 4243 non
1873 4193 2074 4243 evomit

499 4283 639 4335 Deus
678 4297 742 4335 ex
772 4295 866 4334 ore
897 4295 992 4333 suo
1014 4319 1029 4343 ,
1081 4289 1347 4347 tamquam
1379 4281 1502 4334 mali
1534 4282 1739 4342 odoris,
1793 4292 1885 4334 aut
1931 4283 2075 4334 fasti-

495 4373 675 4426 diendi
706 4372 932 4442 saporis.
980 4371 1113 4424 Tota
1161 4379 1340 4424 autem
1382 4372 1617 4425 suavitas
1665 4373 1782 4440 ejus
1812 4375 1863 4426 in
1895 4390 1959 4426 eo
1990 4382 2072 4427 est

495 4467 584 4534 qui
619 4468 901 4519 miseretur
924 4474 977 4520 et
1006 4463 1330 4527 commodat,
1368 4465 1691 4518 remittendo
1722 4466 1817 4518 scil
1842 4476 1927 4519 cet
1954 4481 2076 4533 pec-

494 4565 636 4621 cata,
666 4566 719 4609 et
750 4555 1022 4625 largiendo
1048 4555 1342 4618 beneﬁcia;
1369 4555 1561 4623 quibus
1596 4555 1805 4608 duobus
1836 4556 2076 4625 benigni-

497 4645 621 4699 tatis
652 4645 864 4708 ofticiis,
911 4647 1086 4698 omnia
1121 4645 1334 4714 pietatis
1380 4660 1540 4713 opera
1571 4645 1918 4700 continentur
1945 4689 1958 4709 .
1993 4648 2072 4700 di-

497 4748 651 4790 cente
677 4736 921 4798 Domino,
950 4734 1218 4800 Dimittite,
1250 4746 1298 4789 et
1326 4737 1606 4790 dimittetur
1637 4738 1776 4790 vobis
1803 4753 1822 4802 ,'
1854 4739 1993 4802 date,
2025 4747 2072 4791 et

498 4827 700 4880 dabitur
725 4825 860 4878 vobis
895 4824 1043 4896 (Luc.
1070 4842 1142 4893 vt,
1170 4825 1285 4894 5‘2).

568 4918 743 4988 (Vers.
769 4919 824 4980 5,
866 4917 944 4986 6.)
999 4915 1249 4986 Disponet
1288 4935 1542 4972 sermones
1585 4936 1705 4973 suos
1752 4921 1804 4972 in
1840 4921 2065 4992 judicio.

499 5009 758 5074 Quoniam
785 5010 838 5061 in
864 5019 1106 5062 aeternum
1137 5024 1238 5061 non
1266 5012 1678 5065 commovebitur.
1711 5012 1809 5076 Qui
1852 5013 1968 5066 haec
1994 5013 2072 5065 fa-

493 5103 590 5166 cit,
621 5100 859 5168 disponit
906 5113 1185 5154 sermones
1214 5114 1342 5152 suos
1379 5103 1430 5154 in
1467 5102 1690 5170 judicio.
1724 5104 1887 5156 Facta
1926 5105 2067 5158 enim

495 5192 738 5262 qumdam
769 5191 930 5245 verba
977 5199 1102 5243 sunt
1132 5190 1368 5251 testium,
1403 5193 1596 5256 quibus
1623 5193 1672 5244 iu
1698 5193 1900 5260 judicio
1931 5202 1956 5229 ι
1979 5194 2074 5246 de-

497 5284 822 5338 fenderetur.
861 5280 993 5347 Quia
1020 5283 1070 5332 in
1099 5290 1344 5334 teternum
1393 5298 1495 5333 rton
1535 5284 1945 5349 commovebitur,
1981 5285 2068 5350 qui

495 5373 561 5426 ad
607 5373 880 5428 dexteram
928 5383 1237 5440 segregatus
1284 5371 1525 5434 audiet,
1560 5369 1773 5434 Venite,
1826 5375 2072 5426 benedicti

493 5461 654 5533 422
681 5462 852 5517 Patris
879 5464 1007 5528 mei,
1037 5462 1283 5534 percipite
1325 5478 1536 5532 regnum
1563 5463 1699 5529 quod
1743 5463 1881 5517 vobis
1919 5481 2074 5532 para-

495 5563 603 5606 tum
627 5562 702 5604 est
734 5553 797 5604 ab
826 5554 1019 5622 origine
1047 5554 1227 5607 mundi
1259 5553 1474 5624 (Matth.
1507 5568 1637 5622 xxv,

564 5650 594 5678 ⁶
624 5640 682 5694 In
708 5642 1024 5712 Augustino,
1051 5644 1364 5714 defendetur.

2708 3188 3022 3245 PSALMUS
3057 3187 3220 3242 CXII.

2801 3295 3124 3334 HALLELUIA.

2250 3374 2427 3446 (Vers.
2461 3373 2536 3443 1.)
2570 3372 2828 3438 Laudate,
2878 3373 3055 3440 pueri,
3088 3371 3395 3437 Dominum,
3429 3373 3643 3425 laudate
3673 3389 3765 3427 no-

2175 3486 2290 3522 men
2322 3468 2550 3520 Domini.
2583 3465 2896 3519 Exhortatio
2929 3466 3041 3519 haec
3064 3481 3168 3520 non
3192 3467 3256 3518 ad
3292 3467 3526 3535 pueriles
3552 3478 3760 3520 tantum

2177 3574 2366 3625 annos,
2413 3559 2506 3611 sed
2538 3558 2602 3610 ad
2631 3573 2843 3612 omnem
2899 3559 3164 3624 profertur
3215 3565 3452 3611 aetatem.
3498 3559 3762 3613 Omnibus

2177 3651 2317 3703 enim
2344 3649 2630 3717 Apostolus
2653 3649 2804 3715 dicit,
2841 3646 3019 3700 Nolite
3045 3648 3172 3716 e/ﬁci
3199 3649 3346 3716 pueri
3375 3649 3650 3711 mentibus,
3674 3651 3762 3702 sed

2177 3741 2376 3794 malitia
2405 3741 2604 3810 parvuli
2627 3748 2806 3804 estote,
2837 3748 2892 3792 ut
2917 3740 3164 3792 mentibus
3187 3741 3401 3809 perfecti
3425 3741 3538 3793 sitis
3574 3740 3615 3809 (I
3636 3741 3760 3794 Car.

2175 3848 2283 3895 xrv,
2308 3831 2422 3896 20).
2453 3831 2565 3897 Qua
2595 3830 2822 3894 malitia,
2873 3831 2973 3881 nisi
3024 3829 3316 3896 superbia?
3345 3829 3461 3894 Ipsa
3504 3831 3652 3883 enim
3697 3832 3764 3884 de

2177 3941 2309 3978 vana
2341 3924 2641 3992 granditate
2670 3935 3022 3990 praesumens,
3055 3936 3158 3975 non
3191 3920 3320 3973 sinit
3341 3920 3614 3973 hominem
3646 3937 3762 3973 aut-

2178 4017 2359 4068 bulare
2406 4030 2499 4081 per
2529 4024 2728 4066 arctam
2783 4014 2948 4074 viam,
2993 4021 3047 4066 et
3075 4013 3275 4064 intrare
3328 4026 3422 4078 per
3471 4023 3760 4079 angustam

2179 4115 2384 4174 portam
2415 4103 2631 4174 (Matth.
2664 4120 2760 4169 vn,
2783 4103 2886 4170 ll).
2919 4102 3057 4155 Puer
3079 4111 3255 4154 autem
3283 4101 3437 4154 facile
3467 4104 3630 4153 intrat
3667 4117 3765 4170 per

2177 4203 2491 4263 angustam;
2541 4203 2595 4246 et
2644 4192 2764 4245 ideo
2808 4207 2987 4258 nemo,
3041 4192 3142 4244 nisi
3187 4205 3478 4244 conver-us
3508 4190 3677 4243 fuerit
3709 4200 3766 4243 ut

2179 4303 2330 4356 puer,
2365 4288 2524 4338 intrat
2551 4285 2602 4338 in
2628 4299 2849 4352 regnum
2872 4283 3131 4337 caelorum
3152 4281 3304 4352 (Luc.
3334 4297 3452 4344 aut.
3472 4281 3592 4349 26).
3626 4281 3767 4334 Pue-

2179 4392 2358 4430 rorum
2391 4390 2520 4442 ergo
2550 4375 2789 4438 nomine,
2844 4389 2946 4427 non
2974 4384 3105 4426 mtas
3155 4372 3461 4435 infantium,
3504 4371 3600 4424 sed
3645 4371 3764 4423 ani-

2180 4484 2388 4523 morum
2423 4466 2696 4519 humilitas
2715 4465 3092 4533 compellatur,
3125 4463 3248 4532 quia
3282 4478 3388 4516 non
3409 4462 3629 4515 laudant
3661 4477 3764 4514 no-

2182 4576 2302 4616 men
2325 4558 2556 4620 Domini,
2581 4557 2746 4622 quise
2774 4570 2994 4624 magnos
3020 4563 3223 4622 putant.
3255 4562 3306 4607 et
3326 4551 3763 4618 suamjustitiam

2181 4653 2420 4706 volentes
2451 4649 2806 4712 constituere,
2830 4647 3048 4713 iustitiae
3081 4647 3171 4698 Dei
3217 4660 3322 4699 non
3354 4653 3481 4698 sunt
3527 4643 3760 4710 subjecti

2180 4742 2355 4812 (llam.
2391 4756 2442 4802 ι,
2473 4738 2552 4806 ὅ).
2598 4737 2714 4790 Νοιι
2766 4739 2909 4790 enim
2958 4745 3083 4788 sunt
3124 4737 3306 4802 pueri;
3353 4734 3514 4803 523
3547 4743 3601 4786 et
3630 4733 3764 4786 dum

2178 4829 2456 4901 prcedicari
2489 4843 2548 4881 se
2573 4826 2781 4889 volunt,
2813 4841 2917 4878 non
2949 4824 3167 4877 laudant
3198 4837 3392 4876 nomen
3420 4819 3662 4874 Domini.

2247 4921 2426 4992 (Vers.
2458 4918 2513 4982 2,
2537 4920 2617 4984 5.)
2647 4917 2728 4971 Sit
2759 4931 2943 4969 nomen
2969 4914 3178 4967 Domini
3207 4914 3553 4976 benedictum,
3586 4928 3652 4965 ex
3671 4913 3769 4964 hoc

2174 5029 2308 5066 nunc
2337 5021 2384 5065 et
2409 5023 2565 5078 usque
2594 5010 2647 5061 in
2675 5005 2942 5060 saeculum.
2967 5005 3012 5058 Α
3037 5006 3158 5058 solis
3183 5015 3298 5056 ortu
3321 5019 3478 5071 usque
3508 5001 3580 5054 ad
3613 5019 3766 5054 occa-

2173 5120 2318 5170 sum,
2371 5100 2632 5155 laudabile
2683 5114 2868 5150 nomen
2914 5096 3163 5149 Domini:
3213 5106 3265 5148 ttt
3317 5094 3523 5148 scilicet
3564 5109 3762 5149 nomen

2177 5195 2386 5250 Domini
2416 5208 2631 5261 semper
2663 5191 3037 5252 benedicatur,
3064 5199 3118 5244 et
3152 5189 3349 5256 ubique
3379 5188 3653 5241 laudetur.

2247 5287 2429 5356 (Vers.
2466 5285 2548 5354 4.)
2597 5282 2842 5337 Excelsae
2881 5299 3036 5351 super
3064 5299 3236 5334 omnes
3263 5289 3434 5351 gentes
3471 5279 3759 5344 Dominus,

2176 5391 2222 5434 et
2249 5396 2401 5447 super
2429 5379 2579 5430 caelos
2609 5376 2778 5448 gloria
2807 5377 2939 5445 ejus.
2995 5373 3108 5427 Non
3139 5373 3313 5428 solum
3359 5387 3523 5440 super
3569 5386 3764 5424 omnes

2177 5479 2362 5538 gentes
2385 5468 2638 5536 majestas
2671 5465 2904 5532 Domini,
2936 5464 3031 5520 sed
3057 5464 3217 5521 etiam
3248 5477 3413 5533 super
3441 5463 3611 5517 cce‘os
3639 5463 3762 5530 glo-

2179 5560 2256 5614 ria
2281 5559 2398 5628 ejus
2425 5558 2638 5616 excclsa
2661 5565 2765 5612 est.
