4026 6176
176 283 283 345 325

942 276 1364 334 ιιειιιιοιιυιι
1408 279 1447 331 Α
1487 276 1529 332 C
1568 278 1659 333 AD
1695 278 1783 333 CL
1825 276 2203 333 EXI‘OSITIO.
2246 275 2436 330 PSAL.
2480 273 2663 330 CXIII.

3322 277 3429 333 326

240 393 417 467 (Vera.
449 390 503 456 5,
541 389 621 463 6.)
650 390 778 455 Quis
805 390 937 444 sicut
978 388 1233 443 Dominus
1276 387 1412 443 Deus
1440 397 1630 451 noster,
1659 388 1746 457 qui
1776 389 1825 447 Α
1852 387 2055 454 Israel,
2083 388 2172 456 qui
2201 395 2283 441 est
2313 386 2495 438 domus
2536 383 2720 448 Iacob,
2752 382 2820 440 de
2860 384 2991 454 jugo
3020 384 3292 458 Egyptiaa
3325 390 3427 443 doc

169 488 222 539 in
249 484 362 538 altis
387 480 607 548 habitat,
632 491 680 534 et
705 480 921 534 humilia
948 480 1154 550 respicit
1185 481 1239 533 in
1268 479 1393 534 caelo
1419 489 1466 532 et
1492 480 1545 533 in
1569 481 1746 534 terra?

167 574 269 629 Per
298 572 484 627 Isaiam
516 570 751 639 Spiritus
774 570 848 625 ita
879 571 1145 639 loquitur:
1201 568 1332 623 Haec
1370 569 1496 622 dicit
1534 570 1743 623 Altissi-

167 680 275 717 mus
302 663 354 715 in
379 662 593 716 excelsis
624 660 882 723 habitans,
910 661 966 714 in
993 670 1237 714 a’ternum
1266 676 1447 713 nomen
1481 660 1526 713 ei
1554 658 1741 713 Domi-

166 771 260 807 nus
282 752 585 817 altissimus,
606 753 663 805 in
694 752 883 806 sanctis
911 752 1136 820 requiem
1163 749 1355 803 habens
1402 749 1557 818 (Isai.
1610 766 1740 816 t.vu,

168 847 274 914 15).
306 844 605 914 Meritoque
625 846 822 899 coelum
881 843 1271 912 intelliguntur,
1300 843 1388 912 qui
1432 842 1746 896 habitantur

166 951 193 990 a
217 935 483 1000 Domino;
517 935 608 1004 qui
638 950 761 989 cum
791 934 900 988 sint
926 933 1123 1001 sancti,
1162 941 1323 1002 atque
1368 932 1490 986 ideo
1520 933 1740 994 excelsi.

167 1029 324 1083 iidem
378 1034 560 1081 tamen
614 1035 739 1080 sunt
776 1024 1024 1089 humiles,
1077 1039 1251 1093 neque
1298 1023 1515 1078 aliunde
1542 1024 1642 1076 nisi
1674 1024 1743 1077 de

168 1118 463 1172 humilitate
491 1116 774 1171 sublimes.
800 1114 865 1168 In
884 1116 1005 1168 altis
1035 1115 1215 1184 itaque
1240 1114 1499 1168 Dominus
1523 1113 1742 1180 habitat,

167 1210 215 1265 id
239 1218 347 1273 est,
384 1209 437 1262 in
470 1207 697 1278 sanctis,
745 1214 801 1261 et
844 1205 1175 1275 spiritalibus
1206 1215 1365 1275 atque
1393 1206 1742 1271 caelestibus;

167 1315 210 1355 et
234 1299 461 1353 humilia
502 1299 732 1370 respicit,
764 1298 816 1352 id
861 1305 967 1360 est,
997 1295 1143 1366 ipsos
1172 1307 1411 1361 sanctos,
1454 1311 1743 1364 numquam

167 1392 215 1447 in
241 1404 323 1456 se,
358 1390 457 1445 sed
486 1401 700 1458 semper
728 1388 780 1442 in
810 1386 1035 1441 Domino
1080 1386 1392 1456 gloriantes.
1437 1385 1747 1440 Delectatur

168 1481 299 1537 enim
348 1480 633 1535 altitudine
660 1477 965 1543 humilium,
1012 1484 1067 1531 et
1111 1475 1411 1530 humilitate
1452 1475 1741 1530 celsorum.

168 1570 228 1627 In
252 1570 383 1626 caelo
408 1580 455 1625 et
485 1570 540 1623 in
569 1578 729 1635 terra,
763 1568 865 1621 hoc
894 1576 998 1632 est,
1029 1580 1257 1635 quorum
1311 1564 1650 1619 conversatio
1690 1564 1743 1618 in

1847 477 2159 532 minationis
2183 476 2408 530 eductus
2428 476 2499 529 sit
2523 473 2720 546 (Exod.
2762 490 2875 543 xlv,
2904 476 2999 544 22)
3029 480 3081 531 in
3112 480 3427 535 memoriam

1847 568 2111 623 revocari.
2165 567 2273 622 Sed
2324 576 2418 635 per
2474 564 2847 635 propheticum
2891 568 3198 637 eloquium,
3256 576 3428 641 magis

1847 659 2023 714 futura
2052 658 2355 713 indicantur
2375 672 2533 723 quam
2561 658 2829 723 praeterita
2854 667 3192 715 retexantur.
3214 661 3282 715 Et
3305 661 3428 719 ideo

1845 750 2087 818 quasdam
2128 749 2284 802 aliter
2314 747 2404 802 hic
2433 746 2688 802 dicuntur
2712 763 2869 817 quam
2913 749 2987 803 ibi
3018 758 3133 805 acta
3163 760 3328 806 sunt:
3369 760 3428 808 ut

1844 841 2129 909 vigilanter
2159 838 2490 909 intelligatur
2512 838 2817 907 prophetia,
2837 839 2927 893 ubi
2953 855 3057 893 non
3087 842 3427 898 constathis-

1846 930 2005 985 toria.
2034 931 2271 984 Primum
2310 928 2453 983 enim
2483 927 2777 983 Iordanem
2814 929 2987 998 ipsum
3018 945 3122 984 non
3146 946 3422 988 reversum

1845 1035 1966 1076 esse
1996 1031 2319 1084 retrorsum,
2360 1018 2456 1073 sed
2485 1020 2701 1073 stetisse
2731 1019 2954 1089 legimus
2987 1020 3166 1093 (Iosue
3192 1038 3271 1089 ut,
3309 1024 3421 1095 15),

1846 1112 1914 1165 ab
1942 1125 2003 1165 ea
2038 1121 2186 1179 parte
2220 1124 2323 1178 qua
2348 1108 2584 1177 desuper
2613 1108 2872 1164 inﬂuebat
2899 1127 2915 1176 ;
2962 1112 3180 1178 deinde,
3213 1112 3426 1169 montes

1847 1201 2147 1256 exsoltasse
2191 1207 2246 1253 et
2277 1200 2448 1255 colles
2489 1200 2717 1269 gestisse
2764 1216 2870 1255 non
2903 1201 3170 1272 legimus;
3202 1219 3323 1274 quas
3346 1206 3427 1261 sic

1846 1291 2075 1355 addidit,
2111 1301 2168 1344 ut
2198 1291 2378 1345 omnia
2426 1289 2529 1343 ista
2566 1290 2729 1344 etiam
2778 1301 3065 1360 repeteret.
3114 1293 3425 1364 Intelligen-

1847 1382 1973 1436 dum
1999 1396 2130 1451 ergo
2172 1390 2259 1437 est
2283 1382 2405 1451 quia
2439 1381 2529 1435 illa
2573 1382 2710 1436 facta
2740 1384 2923 1452 ﬁguras
2970 1398 3167 1440 nostra:
3211 1387 3431 1443 fuerunt

1847 1473 1891 1542 (l
1917 1471 2036 1527 Cor.
2072 1488 2128 1535 ι,
2176 1470 2302 1543 11);
2329 1480 2385 1526 ει
2428 1472 2551 1526 ideo
2581 1472 2648 1526 de
2675 1474 2753 1527 eis
2784 1474 2941 1529 aliter
2967 1475 3092 1543 quid
3118 1477 3336 1544 dicitur,
3370 1486 3431 1534 ιιι

1848 1563 2043 1632 quibus
2090 1560 2427 1631 temporibus
2476 1572 2757 1631 congruat,
2804 1575 3151 1633 agnoscatur.
3196 1569 3251 1622 Si
3282 1570 3425 1623 enim

168 1663 307 1718 uelis
332 1670 442 1727 est,
474 1661 599 1715 licet
627 1658 841 1714 mortali
862 1657 968 1713 sint
990 1671 1153 1712 carne
1174 1655 1507 1710 circumdati.
1528 1655 1582 1709 Si
1611 1670 1745 1710 vero
1842 1655 2074 1724 gratiam
2104 1654 2217 1722 Dei,
2253 1669 2374 1725 qua:
2403 1656 2524 1707 data
2561 1663 2645 1708 est
2695 1655 2850 1709 nobis
2873 1696 2889 1720 ,
2933 1655 3089 1710 ﬁrmo
3110 1660 3274 1715 corde
3297 1664 3430 1716 reti-

169 1755 261 1810 alia
288 1762 420 1808 sunt
443 1768 564 1823 quae
598 1750 859 1805 Dominus
898 1756 1081 1803 noster
1118 1748 1173 1803 in
1216 1748 1354 1803 caelo
1407 1746 1626 1801 humilia
1658 1763 1742 1802 re-
1772 1750 1818 1809 Β
1846 1758 2089 1807 neatnus,
2133 1757 2230 1798 nos
2260 1757 2443 1797 sumus
2479 1744 2641 1798 Israel
2686 1759 2869 1799 semen
2910 1746 3141 1801 Abrahae
3172 1748 3316 1819 (Gal.
3345 1768 3428 1822 ut,

169 1846 336 1915 spicit,
364 1844 473 1898 alia
505 1857 624 1913 quze
648 1842 700 1896 in
731 1849 899 1905 terra,
935 1848 1158 1907 possunt
1197 1838 1392 1893 cmlum
1420 1836 1473 1892 hi
1500 1837 1748 1907 intelligi,

170 1951 293 2005 quos
324 1944 553 1990 vocatos
598 1941 657 1987 et
690 1932 1056 1986 sanctificatos
1098 1930 1209 1999 jam
1258 1930 1560 1995 inhabitat;
1606 1938 1749 1984 terra

170 2037 363 2087 autem,
395 2040 533 2094 quos
563 2033 721 2079 vocat
759 2033 815 2077 ut
846 2022 1052 2077 habitet
1078 2020 1131 2076 in
1175 2022 1275 2076 eis.
1318 2021 1425 2076 Sed
1455 2020 1753 2075 absolutior

171 2131 350 2171 sensus
374 2124 482 2179 est,
512 2115 558 2169 si
585 2114 752 2171 ctelos
776 2112 954 2168 dictos
997 2112 1324 2182 accipiamus
1349 2126 1445 2167 eos
1482 2112 1573 2179 qui
1596 2111 1753 2168 sede-

175 2206 295 2260 hunt
340 2219 513 2274 super
558 2204 842 2259 duodecim
872 2202 1130 2267 thronos,
1162 2211 1215 2257 et
1258 2217 1378 2257 cum
1412 2202 1637 2257 Domino
1660 2201 1752 2271 ju-

173 2290 428 2344 dicabunt
480 2287 693 2354 (Matth.
741 2302 851 2350 xix,
884 2286 1017 2355 28);
1057 2295 1217 2339 terras
1260 2293 1445 2338 autem
1496 2284 1745 2346 nomine,

174 2388 416 2433 steteram
454 2376 869 2431 multitudinem
900 2382 1240 2435 sanctorum,
1270 2373 1365 2443 qui
1405 2374 1748 2428 constituen-

177 2478 255 2523 tur
276 2470 340 2523 ad
375 2450 683 2531 dexteram,
713 2475 774 2521 ut
803 2482 900 2535 per
920 2480 1087 2535 Opera
1117 2464 1511 2520 misericordia
1540 2465 1747 2519 collau-

175 2562 274 2615 dati
300 2562 644 2631 recipiantur
671 2560 741 2613 ab
772 2559 855 2613 eis
885 2561 941 2612 in
971 2557 1322 2611 tabernacula
1345 2565 1573 2619 aeterna,
1610 2571 1750 2623 quos

174 2653 367 2707 amicos
395 2651 505 2705 sibi
550 2650 618 2705 de
664 2663 976 2703 mammona
1002 2646 1312 2716 iniquitatis
1343 2646 1398 2699 in
1429 2646 1595 2715 hujus
1624 2645 1750 2697 vitae

176 2743 501 2795 mortalitate
545 2739 796 2794 fecerunt
820 2738 967 2809 (Luc.
997 2753 1107 2801 xvn,
1150 2737 1228 2805 9).
1260 2737 1328 2791 Et
1368 2750 1468 2789 eos
1508 2749 1641 2804 ergo
1692 2741 1746 2787 et

177 2831 287 2885 illos
302 2831 545 2885 humiles
566 2829 790 2898 respicit
813 2829 979 2892 Deus,
995 2827 1124 2896 quia
1142 2826 1513 2880 meminerunt
1529 2824 1747 2893 utrique

179 2924 296 2993 quid
324 2923 541 2978 fuerint
564 2936 662 2991 per
690 2934 846 2976 suam
875 2919 1159 2985 malitiam,
1187 2927 1245 2974 et
1270 2917 1405 2988 quid
1423 2917 1553 2973 facti
1580 2917 1693 2972 sint
1724 2929 1750 2957 ι

179 3032 265 3086 per
296 3017 387 3070 Dei
417 3016 680 3087 gratiam.

1850 1836 1984 1907 29);
2017 1836 2111 1904 qui
2158 1851 2265 1891 non
2298 1836 2588 1891 carnaliter
2619 1836 2952 1892 circumcisa:
2997 1841 3144 1909 genti
3198 1853 3432 1898 tantum-

1852 1928 2013 1983 modo
2042 1926 2214 1982 factus
2241 1935 2324 1983 est
2344 1936 2517 1995 pater,
2541 1926 2637 1981 sed
2667 1936 2721 1982 ct
2742 1929 2980 1983 omnium
3005 1931 3096 1999 qui
3133 1944 3433 2003 sequuntur

1854 2020 2080 2090 vestigia
2112 2019 2235 2075 fidei
2259 2020 2552 2086 Abraham,
2586 2022 2697 2090 qui,
2727 2036 2848 2075 cum
2878 2030 3025 2078 esset
3052 2024 3105 2078 in
3146 2029 3430 2095 praeputio,

1854 2113 2086 2169 credidit
2133 2112 2381 2178 Domino,
2432 2120 2488 2168 et
2509 2113 2832 2182 justiﬁcatus
2862 2124 2945 2169 est
2972 2130 3037 2172 ex
3064 2116 3188 2182 fide.
3219 2128 3273 2174 et
3303 2134 3434 2175 con-

1853 2204 2073 2259 Stitutus
2115 2214 2199 2258 est
2241 2204 2483 2257 omnium
2532 2203 2767 2273 gentium
2824 2214 2980 2274 pater
3031 2208 3204 2276 (Rom.
3239 2226 3313 2278 tv,
3364 2213 3434 2268 1ο

1853 2310 2032 2364 seqq.;
2061 2294 2189 2348 Gen.
2213 2310 2305 2366 xv,
2339 2294 2419 2362 6),
2448 2294 2757 2365 dictumque
2783 2297 2831 2350 ei
2853 2307 2957 2363 est,
2988 2296 3355 2355 Benedicentur
3379 2304 3435 2357 in

1854 2392 1901 2439 te
1943 2401 2115 2438 omnes
2168 2395 2338 2454 gentes
2390 2383 2542 2455 (Gen.
2585 2401 2681 2447 xu,
2724 2386 2804 2457 '5).
2853 2388 2988 2453 Quia
3034 2404 3166 2459 ergo
3208 2394 3437 2462 populus

1853 2472 2187 2527 Christianus
2233 2489 2397 2528 verus
2444 2486 2529 2529 est
2582 2476 2764 2544 Israel,
2816 2485 2872 2531 et
2912 2478 3177 2550 Egyptus
3207 2499 3352 2553 saepe
3380 2486 3434 2541 in

1855 2562 2023 2631 figura
2055 2565 2216 2617 totius
2255 2565 2438 2619 seaculi
2485 2565 2723 2634 ponitur,
2753 2580 2783 2618 a
2810 2582 2915 2635 quo
2939 2570 3253 2637 spiritaliter
3283 2590 3433 2630 rece-

1855 2654 2089 2710 dendum
2117 2665 2231 2711 est:
2256 2656 2705 2725 quemadmodtim
2737 2657 2826 2712 ille
2856 2660 3086 2728 populus
3124 2678 3230 2717 non
3262 2667 3436 2734 potuit

1855 2744 1921 2798 ad
1951 2752 2150 2799 terram
2184 2747 2561 2814 promissionis
2590 2748 2796 2814 venire,
2832 2750 2932 2804 nisi
2964 2750 3147 2807 divino
3178 2754 3437 2813 liberare—

1855 2844 1943 2889 tur
1964 2836 2181 2901 auxilio,
2212 2836 2283 2890 ita
2313 2837 2380 2891 ab
2414 2838 2570 2907 hujus
2602 2839 2786 2893 saeculi
2808 2840 3040 2897 vinculis
3086 2846 3261 2901 nullus
3294 2849 3437 2903 erui-

1856 2935 1965 2992 tur,
2000 2928 2103 2983 nisi
2132 2946 2227 2994 pcr
2252 2934 2480 2999 gratiam
2514 2932 2626 2996 Dei,
2662 2934 2713 2986 in
2768 2949 2927 2989 manu
2960 2936 3079 2991 forti
3122 2949 3178 2993 et
3216 2940 3437 2996 brachio

1854 3022 2068 3075 excelso
2096 3019 2290 3092 (Exod.
2325 3037 2395 3086 vt,
2426 3023 2475 3085 1,
2511 3023 2589 3092 6),
2617 3033 2672 3077 ιιι
2712 3025 2951 3081 caelestis
2979 3026 3275 3084 Jerusalem
3302 3030 3437 3085 civis

240 3109 417 3177 (Vere.
458 3111 515 3172 7,
537 3107 614 3178 8.)
644 3106 746 3172 Qui
770 3108 925 3178 erigit
947 3107 1011 3161 de
1031 3116 1177 3162 terra
1201 3109 1430 3179 inapem,
1457 3118 1507 3161 et
1532 3108 1595 3160 de
1616 3115 1749 3161 ster-
1784 3111 1830 3174 C
1860 3127 1979 3167 esse
2026 3124 2313 3167 mereatur.
2362 3114 2697 3184 Quicumque
2725 3130 2855 3185 ergo
2882 3128 3006 3173 sunt
3034 3120 3310 3191 Israelitze,
3343 3125 3437 3177 do-

179 3218 284 3256 core
295 3202 507 3256 exaltat
519 3216 832 3271 pauperem;
849 3209 904 3253 ut
914 3199 1129 3254 coilocet
1143 3217 1262 3253 eum
1276 3217 1393 3254 cum
1405 3203 1751 3271 principibus,

179 3309 284 3345 cunt
310 3292 643 3364 principibus
673 3290 853 3362 populi
886 3292 989 3346 sui.
1021 3291 1139 3345 Non
1173 3291 1357 3360 itaque
1387 3292 1755 3361 dedignentur

180 3398 289 3438 esse
312 3384 555 3439 humilia
588 3383 768 3453 capita
811 3384 1155 3438 excelsorum
1186 3385 1289 3437 sub
1317 3398 1481 3437 manu
1514 3384 1750 3440 Domini.

181 3475 428 3541 Quamvis
458 3477 611 3532 enim
645 3477 948 3531 collocetur
979 3474 1155 3529 ﬁdelis
1187 3474 1482 3532 Dominicae
1506 3476 1755 3544 pecunia:

181 3570 523 3639 dispensator
563 3586 688 3625 cum
731 3570 1076 3640 principibus
1108 3573 1296 3641 populi
1340 3572 1460 3636 Dei,
1505 3571 1755 3641 quamvis

180 3676 424 3718 sessurus
457 3663 532 3717 sit
552 3665 607 3717 in
629 3663 919 3718 duodecim
941 3663 1166 3721 sedibus
1191 3664 1401 3735 (Matth.
1428 3681 1535 3719 xix.
1560 3664 1675 3734 28),
1700 3672 1757 3720 et

180 3747 385 3814 angelos
426 3761 648 3816 quoque
689 3747 1020 3815 judicaturus
1059 3748 1107 3818 (ι
1135 3747 1259 3803 Cor.
1306 3763 1380 3812 vr,
1431 3749 1513 3820 3),
1552 3765 1581 3802 a
1615 3762 1758 3806 terra

181 3844 344 3893 tamen
375 3840 541 3908 inops
566 3838 809 3908 erigitur,
842 3846 898 3893 et
933 3838 1000 3893 de
1039 3846 1281 3893 stercore
1327 3854 1530 3910 pauper
1556 3842 1758 3896 exalta-

182 3934 276 3995 tur,
298 3931 424 3998 quia
450 3929 655 3983 donum
689 3928 781 3982 Dei
805 3937 890 3982 est
908 3930 1085 3983 omnis
1121 3930 1385 3985 celsitudo
1423 3945 1754 3989 sanctorum.

243 4019 421 4091 (Vers.
459 4021 545 4091 9.)
576 4022 674 4088 Qui
709 4022 939 4077 habitare
963 4024 1090 4094 facit
1110 4025 1334 4078 sterilem
1353 4027 1408 4078 in
1438 4025 1610 4091 demo,
1643 4043 1755 4079 ma-

182 4118 294 4164 trem
321 4115 564 4181 ]iliorum
586 4115 863 4169 lwtantem.
884 4114 1179 4171 Ecclesiam
1205 4117 1347 4171 enim
1374 4127 1499 4172 ante
1519 4119 1756 4174 sterilem

176 4200 263 4257 Dei
293 4206 470 4275 gratia
503 4203 670 4276 424
697 4206 1028 4273 fecundavit,
1072 4218 1130 4262 ut
1172 4208 1224 4262 in
1252 4209 1435 4264 multis
1462 4210 1587 4265 ﬁliis
1610 4212 1759 4265 laeta-

177 4303 316 4349 retur
349 4294 516 4366 (Isai.
547 4312 654 4363 uv,
703 4296 780 4367 1).
825 4298 883 4352 ιιι
930 4313 1034 4367 qua
1089 4297 1361 4365 Dominus,
1406 4302 1493 4371 qui
1539 4304 1593 4356 in
1640 4304 1759 4363 altis

177 4380 388 4449 habitat,
443 4396 495 4440 et
520 4385 735 4440 humilia
764 4389 973 4458 respicit
994 4390 1050 4442 in
1078 4390 1205 4443 caelo
1233 4399 1281 4443 et
1312 4391 1368 4445 in
1408 4401 1566 4460 terra,
1598 4392 1760 4447 habet

1855 3221 1969 3256 mus
1989 3202 2150 3258 Jacob
2180 3215 2234 3259 et
2272 3205 2524 3265 Abrahae.
2554 3208 2847 3262 secundum
2879 3212 3287 3279 promissionem
3334 3215 3440 3269 ha:-

1854 3295 2013 3349 redes
2040 3292 2184 3364 (Gal.
2231 3311 2311 3360 ιιι,
2343 3295 2459 3365 29),
2489 3309 2824 3365 cognoscunt
2854 3302 3013 3355 etiam
3066 3318 3125 3357 se
3172 3306 3349 3360 exisse
3375 3306 3439 3359 de

1855 3383 2116 3455 Egi/pta,
2142 3401 2262 3438 cum
2292 3387 2413 3440 huic
2439 3387 2635 3441 sarculo
2664 3391 3143 3458 renuntiaverunt;
3177 3395 3352 3449 exisse
3377 3396 3439 3450 de

1855 3478 2051 3547 populo
2078 3477 2311 3540 barbaro,
2358 3493 2477 3531 cum
2508 3479 2845 3535 confessione
2888 3484 3101 3549 pietatis
3131 3500 3160 3538 a
3188 3486 3441 3554 blasphe-

1856 3569 1982 3622 miis
2034 3567 2320 3636 impiarum
2377 3571 2617 3637 gentium
2678 3586 3042 3628 recesserunt.
3105 3575 3442 3647 luterrogent

1856 3656 2019 3711 corda
2044 3671 2163 3723 sua,
2198 3656 2241 3709 si
2267 3671 2327 3711 ea
2354 3657 2692 3712 circumcidit
2717 3660 2871 3725 ﬁdes,
2902 3663 2948 3715 si
2980 3664 3285 3730 puriﬁcavit
3312 3683 3443 3721 con-

1856 3748 2019 3801 fessio
2048 3746 2141 3800 Dei
2168 3748 2461 3813 Abraham,
2493 3758 2547 3803 et
2573 3749 2665 3804 Dei
2698 3750 2864 3817 Isaac,
2894 3764 2945 3807 et
2974 3754 3066 3807 Dei
3094 3756 3298 3810 Iacob;
3333 3755 3441 3810 Fo-

1857 3849 1940 3893 cta
1962 3849 2033 3892 est
2053 3838 2216 3910 425
2239 3838 2290 3892 in
2322 3840 2401 3893 eis
2438 3840 2627 3891 Judtea
2654 3843 2995 3910 sanctiﬁcatio
3033 3847 3165 3915 ejus,
3198 3856 3244 3898 et
3272 3844 3443 3900 Israel

1858 3940 2083 4002 potestas
2135 3931 2268 3999 ejus.
2315 3928 2472 3982 Dedit
2508 3931 2650 3983 enim
2694 3931 2765 3985 eis
2808 3942 3102 3998 potestatem
3164 3934 3300 4004 ﬁlios
3342 3935 3443 3991 Dei

1858 4022 1972 4091 ﬁeri
2006 4020 2188 4092 (Joau.
2218 4036 2256 4087 ι,
2291 4020 2403 4089 1Ξ).
2438 4022 2558 4075 Iam
2600 4021 2688 4076 hic
2736 4024 3051 4078 recordetur
3080 4029 3444 4097 unusquisque

1859 4112 1951 4181 qui
1978 4113 2080 4167 sub
2115 4112 2247 4166 dura
2274 4112 2647 4167 dominatioae
2692 4113 2971 4169 diaboltcis
3015 4117 3066 4169 in
3118 4117 3218 4171 hoc
3246 4121 3444 4173 saeculo

1860 4203 2121 4270 operibus
2148 4203 2392 4257 subditus
2423 4198 2720 4268 ﬂorebat,
2752 4206 3024 4275 quomodo
3062 4208 3130 4262 ah
3152 4208 3283 4279 jugo
3309 4211 3445 4265 liber

1860 4292 2088 4351 electus
2111 4295 2198 4359 sit,
2226 4295 2498 4365 quomodo
2524 4296 2662 4351 inter
2684 4298 3105 4355 dissuadentium
3128 4305 3443 4371 retinacula,

1861 4397 1916 4440 et
1942 4386 2320 4441 obsistentium
2368 4387 2747 4455 impedimenta
2780 4390 2844 4442 ad
2877 4391 3014 4443 viam
3063 4391 3322 4447 libertatis
3348 4436 3363 4459 ,
3391 4405 3446 4450 et

180 4489 244 4529 ex
271 4478 489 4532 semine
535 4476 805 4532 Abraham
835 4488 890 4533 et
915 4480 1200 4534 sublimem
1228 4482 1590 4550 sanctitatem,
1620 4484 1756 4537 sicut
1787 4465 1836 4523 ι)
1862 4477 1928 4531 ad
1982 4492 2131 4544 spem
2180 4486 2399 4530 aeterna:
2450 4477 2781 4531 hereditatis
2830 4479 3083 4533 evaserit.
3140 4482 3287 4534 Mare
3314 4498 3446 4552 ergo

180 4568 361 4624 stellas
383 4570 514 4625 creti
545 4568 599 4623 in
621 4572 868 4639 supernis
890 4571 1109 4626 sedibus
1126 4571 1515 4641 collocandam,
1536 4583 1592 4629 et
1620 4575 1761 4629 sicut

178 4671 393 4713 arenam
427 4661 485 4714 in
517 4676 613 4714 ora
645 4663 829 4729 maris,
864 4662 1267 4719 misericordem
1313 4673 1475 4732 atque
1510 4666 1760 4721 innume-

178 4761 285 4801 ram
331 4750 758 4814 multitudinem,
791 4767 820 4805 a
850 4753 1083 4809 sinistris
1113 4752 1365 4810 fluctibus
1391 4764 1446 4811 et
1483 4756 1552 4811 ab
1595 4756 1756 4827 impia

179 4843 541 4900 amaritudine
575 4845 985 4914 segregandam.

707 4935 1019 4993 PSALMUS
1055 4934 1238 4993 CXIII.

811 5042 1131 5082 IALLILUIA.
1740 5070 1749 5079 .

241 5113 429 5185 (Vere.
465 5113 607 5186 1-3.)
642 5114 705 5169 In
733 5116 873 5171 exitu
902 5114 1071 5170 Israel
1092 5132 1155 5171 ea:
1178 5114 1435 5187 ngpto,
1459 5117 1639 5171 domus
1665 5116 1762 5172 Ja-

174 5204 259 5255 cob
286 5204 353 5258 de
382 5205 583 5273 populo
623 5205 873 5271 barbaro;
914 5206 1053 5275 facta
1094 5216 1169 5260 est
1208 5206 1397 5261 Iudaea
1423 5208 1762 5279 sanctiﬁcatio

174 5294 304 5358 ejus,
330 5292 511 5349 Israel
533 5306 754 5362 potestas
781 5299 913 5368 ejus.
956 5296 1106 5351 Mare
1132 5298 1280 5363 uidit,
1309 5306 1358 5352 et
1384 5298 1539 5371 fugit,
1570 5299 1762 5354 Jorda-

176 5382 254 5433 nis
283 5398 564 5437 conuersus
592 5395 664 5439 est
691 5396 990 5440 retrorsum.
1037 5387 1439 5442 Praeteritorum
1483 5401 1756 5459 gestorum

175 5471 343 5527 recoli
390 5473 603 5530 videtur
644 5475 887 5544 historia,
934 5486 991 5533 et
1027 5476 1475 5548 quemadmodum
1522 5482 1750 5550 populus

1861 4568 2055 4622 victitet
2086 4568 2240 4638 fugit,
2271 4583 2393 4622 cum
2440 4568 2717 4621 obstacula
2766 4570 2968 4635 saeculi,
3022 4570 3185 4625 verbo
3214 4572 3308 4628 Dei
3345 4584 3448 4631 tre-

1861 4660 2089 4716 mefacta
2122 4669 2422 4714 cesserunt.
2462 4658 2713 4712 Iordanis
2740 4676 3007 4714 conversus
3037 4672 3108 4715 est
3131 4676 3446 4721 retrorsum:

1860 4752 2110 4821 quoniam
2168 4751 2257 4818 qui
2308 4764 2532 4805 aversus
2561 4766 2589 4803 a
2622 4750 2887 4819 principio
2937 4766 3077 4819 suo,
3131 4755 3442 4811 Creatorem

1863 4859 2016 4899 suum
2046 4844 2269 4910 deserit,
2318 4852 2589 4911 tamquam
2616 4842 2810 4898 ﬂuvius
2840 4845 2892 4900 in
2920 4861 3069 4903 mare
3097 4848 3325 4915 labitur,
3356 4850 3445 4903 cui

1862 4936 2060 4989 bonum
2093 4942 2175 4989 est
2217 4942 2273 4987 ut
2299 4944 2595 4989 retrorsum
2633 4945 3001 5004 convertatur,
3031 4948 3084 4993 et
3134 4939 3349 4994 rediens
3374 4941 3444 4996 ad

1864 5035 2139 5081 auctorem
2167 5066 2181 5090 ,
2213 5034 2358 5081 retro
2384 5024 2485 5079 sibi
2508 5025 2672 5081 faciat
2698 5042 2868 5095 mare,
2896 5028 2961 5083 ad
3003 5029 3146 5098 quod
3178 5038 3304 5085 ante
3328 5039 3446 5084 ten-

1865 5116 2058 5183 debat;
2102 5126 2157 5172 et
2196 5118 2273 5170 sic
2302 5115 2555 5171 Iordanis
2600 5129 2945 5173 convertatur
2970 5130 3291 5187 retrorsum,
3323 5134 3445 5173 cum

1866 5207 1944 5262 illi
1971 5215 2363 5263 convertuntur
2382 5206 2448 5262 ad
2480 5207 2789 5277 Dominum,
2817 5209 2907 5279 qui
2939 5210 3167 5279 gratiam
3194 5210 3446 5280 baptismi

1866 5308 2244 5371 perceperunt.

1937 5391 2118 5461 (Vers.
2150 5390 2231 5461 4.)
2265 5389 2469 5446 Montes
2499 5392 2775 5463 gestiernnt
2809 5392 2944 5444 velut
2974 5391 3186 5459 arietes,
3214 5399 3269 5446 et
3291 5393 3448 5448 colles

1866 5483 2003 5539 velut
2038 5483 2160 5554 agni
2198 5484 2386 5538 ovium.
2424 5483 2640 5538 Fideles
2672 5482 3075 5552 dispensatores
3113 5484 3262 5540 verbi
3302 5484 3461 5557 veri-5

248 5662 276 5691 ι
303 5654 459 5711 Edit.
490 5654 701 5723 Colon.,
728 5670 819 5727 per
840 5653 941 5712 Dei
965 5655 1202 5728 gloriam.
1224 5654 1419 5727 Lugd.,
1445 5654 1651 5712 Lovan.
1681 5664 1738 5712 et
1764 5656 1950 5724 Duae,
1982 5672 2076 5726 per
2100 5655 2199 5711 Dei
2217 5655 2454 5726 gratiam.
2483 5653 2576 5710 Sic
2596 5652 2759 5709 etiam
2788 5652 3118 5723 Augustinus
3151 5655 3261 5716 hic.
