4030 6178
481 264 587 324 527
1715 256 1772 309 S.
1813 250 2146 309 PROSPERI
2187 246 2516 315 AQUITANI
3641 233 3754 293 598

483 382 637 447 tatis,
674 376 845 434 sancti
872 374 1134 446 apostoli,
1164 372 1334 428 sancti
1364 368 1731 439 evangelista,
1761 375 1973 420 montes
1999 373 2054 419 et
2080 370 2127 427 Α
2157 348 3754 447 suivoluntariamgratiamsuamconstituit,neqnisdeopo-

433 456 435 458 ’
481 440 650 528 duces
670 481 793 526 sunt
819 440 1059 540 gregum,
1088 476 1139 521 et
1170 465 1359 529 colles,
1380 464 1526 518 velut
1551 460 1673 530 agni
1700 460 1903 524 ovium,
1935 466 2063 510 sunt
2162 467 2283 505 rum
2307 449 2515 505 meritis
2538 447 2960 516 glorietur.Quia
2985 447 3099 500 sive
3116 454 3327 500 montes
3350 444 3587 540 gestiant
3605 440 3760 540 vel-nt-

485 565 681 632 quibus
700 562 913 624 dicitur,
928 562 981 613 in
1012 557 1215 613 Christo
1236 556 1267 609 Ι
1275 572 1366 609 esu
1396 571 1485 623 per
1510 551 1843 622 Evangelium
1863 565 1955 619 ego
1977 563 2062 601 nos

485 654 637 724 genui
673 651 725 721 (l
749 650 868 702 Cor.
901 664 971 713 tv,
1000 646 1121 717 15);
1158 646 1224 699 de
1257 645 1450 714 quibus
1478 642 1695 705 dicitur,
1726 638 1921 705 Aﬂerte
1951 637 2061 690 Do-

485 747 624 795 mino
662 741 797 809 ﬁlios
834 740 1055 792 arietum
1103 735 1273 807 (Psal.
1314 749 1498 798 xxvm,
1536 733 1558 785 1
1569 742 1625 800 );
1662 731 1750 798 qui
1802 730 2063 781 montium

488 832 702 902 pabulis
729 830 1061 899 opimantur,
1084 835 1136 881 et
1166 826 1265 880 sub
1295 824 1521 878 arietant
1558 820 1861 890 principatu
1889 816 2067 871 exsul-

487 932 665 979 tantes
696 928 972 991 reguntur.

559 1017 738 1087 (Vers.
768 1015 824 1079 5,
851 1013 931 1081 ὃ.)
958 1011 1092 1077 Quid
1124 1021 1194 1064 est
1221 1024 1359 1062 mare
1382 1005 1519 1077 quod
1548 1003 1774 1073 fugisti?
1793 1010 1841 1055 et
1876 1009 1930 1052 tu
1948 998 2071 1051 Jor-

490 1111 641 1165 danis
670 1108 797 1179 quia
816 1121 1091 1159 conuersus
1118 1120 1170 1156 es
1197 1099 1517 1156 retrorsum?
1548 1096 1750 1150 Montes
1770 1093 1890 1163 quia
1910 1090 2069 1162 gesti-

492 1204 556 1255 tis
592 1200 727 1253 velut
756 1199 960 1261 arietes,
985 1205 1031 1247 et
1062 1193 1215 1247 colles
1244 1193 1377 1245 velut
1408 1189 1529 1259 agni
1556 1186 1763 1238 ovium?
1792 1182 1927 1249 Quid
1956 1189 2071 1244 est,

493 1292 692 1358 inquit,
714 1303 746 1341 ο
772 1286 1050 1352 saeculum,
1073 1284 1216 1353 quod
1242 1293 1328 1337 tua
1357 1279 1739 1348 impedimenta
1765 1270 2078 1327 cesserunt?

498 1382 639 1449 Quid
680 1387 762 1434 est
791 1378 934 1445 quod
981 1385 1059 1429 tot
1096 1374 1259 1428 millia
1309 1372 1578 1435 ﬁdelium,
1622 1376 1732 1420 toto
1777 1364 1912 1416 orbe
1956 1360 2078 1414 huic

497 1470 697 1524 mundo
746 1465 1167 1521 renuntiantium
1205 1456 1618 1516 convertimini?
1647 1454 1784 1521 Quid
1821 1461 1902 1506 est
1936 1449 2077 1519 quod

498 1560 776 1631 gaudetis,
808 1558 999 1626 quibus
1043 1558 1094 1608 in
1143 1556 1247 1608 ﬁne
1291 1553 1520 1615 dicetur,
1568 1548 1729 1618 Euge,
1765 1546 1890 1597 bone
1917 1558 2077 1607 serve,

502 1650 745 1717 quoniam
771 1650 821 1698 in
855 1645 1032 1711 paucis
1075 1644 1243 1713 ﬁdelis
1290 1642 1464 1711 fuisti,
1493 1654 1655 1708 supra
1695 1636 1855 1689 multa
1884 1644 1930 1687 te
1959 1649 2082 1685 con-

2162 541 2384 607 arietes,
2418 541 2532 595 sive
2558 539 2725 594 colles
2753 539 2898 593 velut
2927 537 3047 607 agni
3077 536 3278 601 ovium,
3321 552 3353 588 a
3377 534 3506 604 facie
3542 531 3761 586 Domini

2165 641 2413 688 commota
2430 641 2500 685 est
2517 641 2672 695 terra,
2688 645 2756 684 ne
2778 629 2830 682 in
2850 629 3079 683 terrenis
3108 627 3357 682 sordibus
3386 633 3759 694 permaneret.

2238 724 2420 796 (Vers.
2448 721 2531 793 4.)
2577 723 2870 778 Simulacra
2910 721 3139 792 gentium
3164 730 3432 789 argentum
3458 729 3507 773 et
3544 734 3757 772 aurum.

2168 815 2381 871 Habent
2405 814 2619 884 quidem
2641 824 2695 868 et
2720 827 2882 879 terea,
2912 821 2967 867 et
3004 814 3207 882 lignea,
3230 820 3288 866 et
3314 812 3494 864 ﬁctilia
3523 809 3763 863 simula-

2169 923 2286 963 cra.
2313 916 2368 961 et
2411 907 2634 960 alterius
2662 906 2990 975 alteriusque
3039 905 3308 970 materias;
3340 903 3434 958 sed
3464 905 3763 971 pretiosum

2170 1013 2359 1053 eorum
2400 998 2589 1051 maluit
2620 1011 3047 1051 commemorare
3080 995 3315 1065 Spiritus
3343 1003 3583 1049 sanctus.
3620 994 3765 1061 Quia

2172 1104 2293 1143 cum
2335 1088 2387 1151 in
2419 1102 2485 1142 eo
2522 1088 2749 1157 quisque
2797 1087 3073 1142 erubuerit
3119 1086 3261 1156 quod
3294 1087 3367 1140 illi
3394 1086 3612 1140 charius
3637 1096 3763 1149 est,

2178 1179 2348 1232 multo
2382 1178 2592 1232 facilius
2625 1177 2889 1232 avertitur
2923 1194 2951 1231 a
2979 1178 3333 1231 veneratione
3381 1177 3630 1230 viliorum
3658 1191 3676 1229 :
3706 1185 3769 1229 ut

2176 1269 2439 1337 intelligat
2475 1269 2638 1323 etiam
2686 1269 2739 1323 in
2784 1284 2916 1322 auro
2943 1276 3000 1323 et
3033 1276 3258 1337 argento
3294 1266 3427 1320 nihil
3468 1265 3612 1320 aliud
3640 1280 3766 1321 esse

2177 1378 2335 1431 quam
2368 1370 2591 1414 terram.

2255 1450 2433 1518 (Vers.
2468 1448 2629 1519 5-8.)
2665 1448 2734 1502 0s
2776 1449 2922 1503 enim
2964 1448 3180 1514 habent,
3218 1455 3267 1502 et
3314 1463 3417 1501 non
3458 1448 3765 1517 loquentur;

2181 1545 2356 1597 oculos
2392 1542 2606 1609 habent,
2638 1551 2686 1595 et
2712 1559 2811 1596 non
2838 1542 3097 1596 videbunt.
3136 1542 3298 1595 Aures
3332 1542 3545 1607 habent,
3588 1550 3633 1595 et
3662 1557 3767 1592 non

2182 1634 2429 1697 audient;
2466 1649 2612 1687 nares
2649 1633 2859 1697 habent,
2896 1642 2943 1686 et
2969 1648 3074 1685 non
3107 1631 3413 1685 odorabunt.
3444 1630 3634 1685 Manus
3665 1631 3762 1682 ha-

502 1744 709 1795 stituam
760 1738 969 1809 (Matth.
1007 1752 1136 1799 xxv,
1159 1734 1288 1804 2|)?
1311 1732 1449 1799 Quid
1499 1740 1585 1786 est
1609 1728 1753 1798 quod
1800 1726 2079 1794 gaudetis,
2114 1728 2159 1786 Β
2187 1729 2331 1789 bent,
2363 1735 2410 1778 et
2440 1740 2541 1777 non
2568 1723 2984 1789 contrectabunt;
3014 1724 3163 1791 pedes
3206 1722 3411 1788 habent,
3448 1732 3494 1775 et
3520 1739 3625 1775 non
3649 1738 3765 1774 amr

504 1834 698 1902 quibus
722 1833 772 1884 in
793 1832 895 1883 ﬁne
916 1829 1147 1889 dicetur,
1164 1825 1355 1882 Venite,
1371 1822 1613 1875 benedicti
1630 1819 1803 1872 Patris
1824 1818 1944 1881 mei,
1972 1832 2087 1883 per-

506 1924 655 1990 cipite
684 1935 895 1989 regnum
915 1916 1048 1987 quod
1070 1915 1207 1970 vobis
1235 1923 1470 1984 paratum
1493 1921 1564 1967 est
1590 1910 1654 1963 ab
1690 1909 1887 1979 origine
1913 1905 2089 1959 mundi

513 2010 673 2081 (Ibid.
705 2009 838 2077 at)?

578 2102 758 2172 (Vers.
782 2100 861 2167 7.)
889 2100 932 2151 A
962 2098 1091 2169 facie
1110 2094 1317 2148 Domini
1347 2103 1595 2146 commota
1615 2100 1686 2144 est
1717 2099 1876 2152 terra,
1900 2104 1932 2140 a
1962 2086 2091 2157 facie

508 2192 606 2247 Dei
628 2191 809 2245 Iacob.
838 2190 975 2256 Quid
1002 2197 1083 2240 cst
1102 2204 1132 2238 a
1164 2186 1293 2255 facie
1323 2182 1552 2247 Domini,
1585 2182 1685 2235 nisi
1717 2180 1785 2233 ab
1812 2181 1928 2243 ejus
1952 2190 2090 2247 prte-

509 2284 704 2347 sentia,
731 2281 819 2349 qui
844 2279 1000 2343 dixit,
1027 2277 1159 2329 Ecce
1179 2292 1268 2345 ego
1291 2275 1545 2327 vobiscum
1570 2289 1683 2325 sunt
1706 2287 1863 2337 usque
1882 2269 1948 2320 ad
1972 2284 2091 2319 con-

512 2372 902 2426 summationem
943 2365 1115 2419 saeculi
1163 2362 1384 2434 (Matth.
1425 2377 1611 2425 xxvm,
1638 2359 1756 2427 ‘20)?
1804 2360 1920 2423 Ipse
1961 2370 2092 2423 ergo

512 2471 813 2519 commovet
834 2468 1048 2525 terram,
1065 2456 1177 2525 ipse
1197 2454 1340 2523 pigra
1356 2463 1409 2507 et
1426 2454 1613 2506 inertia
1632 2450 1790 2505 corda
1804 2449 2087 2503 convertit.

582 2554 762 2623 (Vers.
788 2550 867 2622 8.)
902 2548 1001 2613 Qui
1028 2547 1272 2600 convertit
1303 2554 1501 2616 petram
1520 2545 1573 2596 in
1593 2552 1777 2613 stagna
1804 2554 2088 2604 aquarum,

510 2657 559 2700 et
583 2662 763 2714 rupem
797 2646 850 2697 in
877 2643 1040 2712 fontes
1074 2653 1343 2709 aquarum.
1378 2638 1479 2690 Ista
1511 2645 1597 2690 est
1625 2633 1878 2703 spiritalis
1909 2642 2087 2699 petra,

513 2737 565 2791 id
605 2744 691 2792 est
722 2734 971 2789 Christus
1002 2731 1055 2800 (l
1083 2730 1202 2784 Cor.
1238 2744 1293 2795 x,
1325 2728 1402 2796 4),
1442 2727 1531 2796 qui
1569 2724 1865 2780 doctrinam
1905 2736 2087 2784 suam,

513 2842 635 2899 quae
665 2828 811 2895 prius
847 2825 984 2879 dura.
1012 2831 1066 2877 et
1096 2820 1262 2891 rigida
1290 2819 1591 2883 videbatur,
1620 2818 1671 2871 in
1702 2816 1864 2869 multa
1892 2813 2089 2867 ﬂuenta

514 2917 816 2981 convertit;
845 2924 898 2969 et
928 2914 1095 2967 misso
1126 2913 1192 2966 de
1220 2911 1371 2966 caelis
1406 2908 1607 2977 Spiritu
1647 2917 1855 2970 sancto,
1884 2917 2093 2958 sermo-

515 3025 638 3065 nem
671 3022 825 3062 suum
856 3006 984 3059 fecit
1012 3018 1133 3058 esse
1160 3001 1447 3071 potabilem
1468 3041 1480 3062 ,
1506 3014 1664 3069 quem
1701 2993 1978 3064 discipulis
2008 2994 2091 3047 in-

2189 1816 2435 1869 bulabunt
2467 1831 2485 1866 :
2514 1832 2614 1868 non
2667 1815 2956 1867 clamabunt
2993 1816 3045 1867 in
3099 1814 3332 1884 faucibus
3377 1814 3506 1867 suis.
3560 1812 3770 1869 Similes

2188 1908 2287 1962 sint
2318 1907 2421 1960 illis
2443 1922 2615 1960 omnes
2644 1907 2729 1974 qui
2766 1907 2965 1976 faciunt
3000 1922 3091 1969 ea,
3114 1915 3162 1959 et
3190 1921 3361 1958 omnes
3388 1905 3475 1974 qui
3505 1904 3769 1970 conﬁdunt

2189 2000 2243 2051 in
2266 1998 2357 2051 eis.
2380 1997 2609 2051 Videant
2627 2012 2754 2065 ergo
2781 1995 2931 2065 impii
2961 1997 3162 2063 apertis
3188 2005 3241 2050 et
3269 1996 3621 2050 sentientibus
3644 2009 3773 2047 ocuo

2188 2088 2285 2154 lis,
2314 2100 2367 2142 et
2396 2089 2622 2143 adorent
2660 2088 2858 2142 clausis
2886 2094 2944 2142 et
2982 2087 3211 2141 mortuis
3239 2086 3528 2150 mentibus,
3557 2100 3659 2141 nec
3681 2085 3769 2139 vi-

2189 2181 2389 2245 dentia,
2423 2195 2524 2234 nec
2553 2180 2789 2233 viventia
2824 2179 3136 2231 simulacra.

2263 2273 2444 2343 (V’ers.
2471 2270 2551 2341 9.)
2581 2269 2775 2324 Domus
2810 2268 2980 2324 Israel
3007 2278 3175 2339 sperat
3202 2270 3255 2323 in
3285 2268 3501 2323 Domino
3523 2284 3543 2322 :
3563 2268 3773 2337 adiutor

2191 2381 2366 2417 eorum
2396 2373 2441 2417 et
2477 2372 2731 2433 protector
2761 2378 2937 2416 eorum
2961 2370 3054 2416 est.
3086 2362 3216 2431 Spes
3242 2363 3386 2416 enim
3414 2378 3527 2432 qua:
3554 2363 3771 2421 videtur.

2192 2472 2294 2508 non
2333 2463 2405 2507 est
2443 2471 2576 2524 spes.
2624 2453 2773 2519 Quod
2821 2454 2955 2506 enint
2992 2453 3126 2507 uidet
3154 2454 3286 2523 quis,
3324 2454 3447 2523 quid
3474 2455 3687 2522 sperat?
3716 2452 3776 2507 Si

2194 2555 2360 2598 autent
2402 2546 2538 2612 quod
2582 2561 2684 2598 non
2725 2544 2981 2611 videmus,
3012 2560 3303 2612 speramus,
3336 2561 3429 2613 per
3479 2544 3777 2610 patientiam

2191 2645 2542 2703 exspectamus
2570 2634 2749 2701 (Rom.
2772 2633 3018 2704 vmﬂi).
3039 2634 3143 2689 Sed
3170 2642 3230 2688 ut
3256 2635 3508 2703 perduret
3535 2650 3708 2703 usque
3726 2637 3777 2687 in

2192 2726 2353 2780 ﬁnem
2380 2727 2491 2794 ipsa
2520 2726 2795 2795 patientia,
2810 2725 3022 2794 adjutor
3035 2736 3090 2781 et
3106 2736 3378 2797 protector
3396 2738 3478 2781 est
3497 2724 3776 2781 Dominus.

2264 2816 2441 2886 (Vera.
2469 2816 2581 2886 10.)
2615 2816 2810 2870 Domus
2842 2817 3015 2871 Aaron
3044 2820 3268 2886 speravit
3301 2819 3353 2871 in
3375 2817 3600 2872 Domino
3627 2835 3646 2872 :
3675 2820 3776 2871 ad-

2181 2910 2331 2977 jutor
2350 2924 2522 2962 eorum
2550 2918 2595 2961 et
2626 2917 2879 2977 protector
2917 2926 3090 2963 eorum
3118 2920 3208 2964 est.
3239 2909 3396 2981 527
3435 2911 3575 2977 Ergo
3613 2911 3779 2964 etiam

2190 2999 2530 3053 sublimiores
2552 2999 2772 3068 quique,
2797 3007 2957 3069 atque
2987 3000 3039 3053 in
3069 3014 3282 3055 summo
3306 3000 3635 3055 excellentes
3661 3016 3783 3069 gra-

515 3102 755 3155 sinuarat
780 3137 797 3163 ,
842 3097 1088 3167 incipiens
1145 3112 1176 3147 a
1222 3092 1402 3162 Moyse
1441 3107 1530 3159 per
1571 3104 1742 3143 omnes
1777 3088 2081 3159 prophetas,
2113 3079 2158 3141 C
2190 3090 2296 3155 du,
2331 3091 2536 3145 aetiam
2570 3090 2670 3159 ipsi
2696 3100 3103 3159 perseveranter
3127 3100 3366 3156 currant,
3391 3090 3566 3146 donec
3585 3106 3758 3160 appre

516 3193 636 3263 quia
665 3191 737 3243 sic
764 3189 1019 3257 oportebat
1042 3184 1298 3239 Christum
1327 3184 1431 3254 pati
1464 3181 1615 3253 (Luc.
1640 3195 1786 3242 XXIV,
1808 3178 1879 3231 96
1900 3186 1946 3230 et
1966 3177 2087 3245 97).

588 3280 765 3351 (Vers.
796 3278 872 3346 1.)
908 3277 1026 3329 Νοη
1054 3276 1215 3335 nobis,
1241 3272 1479 3336 Domine,
1512 3287 1612 3323 non
1656 3269 1823 3331 nobis,
1868 3268 1955 3320 sed
1992 3283 2087 3319 no—

517 3370 643 3422 mini
675 3378 761 3421 ttto
786 3366 853 3419 da
882 3367 1121 3437 gloriam.
1154 3364 1335 3419 Gratia
1368 3361 1713 3430 prmdicatur,
1744 3374 1864 3427 qua:
1898 3372 2087 3425 aquam

518 3459 938 3527 regenerationis
969 3456 1036 3509 de
1078 3464 1259 3521 petra,
1295 3468 1416 3522 quae.
1452 3462 1534 3504 est
1570 3449 1847 3511 Christus,
1879 3445 2088 3514 emisit,

517 3547 680 3619 426
711 3547 868 3599 nullis
895 3544 1169 3598 hominum
1213 3540 1642 3613 prmcedentibus
1682 3538 1887 3592 meritis
1918 3554 1931 3589 :
1961 3553 2095 3606 quo-

520 3643 660 3692 niam
699 3637 945 3692 Cbristus
988 3651 1085 3703 pro
1122 3635 1302 3703 impiis
1339 3643 1584 3687 mortuus
1614 3639 1696 3684 est
1734 3629 1909 3702 (Rom.
1938 3647 1989 3695 ν,
2023 3630 2085 3701 6)

510 3745 586 3789 ne
616 3730 759 3784 ullus
785 3727 885 3782 nisi
921 3727 971 3782 in
1003 3726 1226 3780 Domino
1255 3726 1513 3795 glorietur
1534 3723 1553 3795 (
1573 3722 1590 3776 l
1614 3723 1732 3776 (lor.
1763 3738 1801 3786 ι,
1834 3721 1949 3792 51).

586 3822 764 3891 (Vers.
795 3819 875 3889 2.)
922 3820 1092 3888 Super
1122 3817 1473 3872 misericordia
1510 3825 1559 3869 et
1592 3816 1799 3869 veritate
1829 3824 1919 3868 tua
1943 3830 1962 3868 :
1988 3814 2094 3869 duo

517 3915 663 3975 tunc,
705 3911 1070 3965 misericordia
1100 3918 1153 3963 et
1192 3910 1419 3971 veritas,
1456 3907 1510 3961 in
1551 3904 1850 3974 Scripturis
1892 3907 2093 3960 sanctis

517 4018 653 4073 pene
687 4017 899 4069 semper
923 4001 1105 4069 juncta
1146 3998 1514 4052 inveniuntur.
1549 3996 1605 4050 In
1645 4010 1737 4050 sua
1766 3997 1964 4064 quippe
1994 3996 2091 4048 mio

517 4091 808 4147 sericordia
846 4090 985 4143 Deus
1011 4089 1218 4142 vocavit
1261 4088 1483 4155 impios,
1512 4096 1566 4140 et
1604 4084 1656 4138 in
1686 4086 1913 4139 veritate
1950 4084 2095 4152 judi-

516 4186 657 4237 cavit
703 4197 796 4236 eos
835 4180 925 4250 qui
956 4179 1141 4233 venire
1181 4175 1623 4257 noluerttnthe
1667 4175 1876 4243 quando
1922 4175 2097 4228 dicant

519 4286 712 4345 gentes,
745 4272 842 4327 Ubi
872 4282 947 4326 est
976 4268 1114 4324 Deus
1142 4268 1358 4322 eorum?
1398 4268 1452 4320 In
1484 4267 1772 4321 novissimo
1804 4268 1948 4321 enim
1984 4282 2095 4319 man

521 4364 852 4417 nifestabitur
874 4359 1239 4415 misericordia
1274 4358 1695 4413 etveritas.Nec
1718 4360 1894 4413 dicent
1924 4358 2091 4427 impii,

2193 3181 2427 3235 hendant
2451 3181 2502 3234 in
2524 3195 2628 3249 quo
2643 3181 2967 3249 apprehensi
2991 3188 3136 3247 sunt,
3153 3191 3207 3236 et
3231 3190 3559 3250 cognoscant
3575 3182 3784 3235 sicutet

2192 3271 2393 3341 cogniti
2458 3280 2616 3337 sunt,
2649 3270 2920 3339 adiutorio
2950 3280 3007 3326 et
3046 3272 3378 3341 protectione
3410 3269 3626 3325 Domini
3669 3286 3785 3325 mu-

2193 3364 2441 3417 niuntur.

2266 3452 2443 3523 (Vers.
2476 3452 2562 3514 11,
2600 3451 2712 3518 12.)
2745 3452 2844 3518 Qui
2890 3453 3065 3507 timent
3110 3451 3417 3516 Dominum,
3454 3460 3784 3523 speraverant

2193 3545 2246 3598 in
2273 3543 2486 3597 Domino
2514 3560 2533 3598 :
2554 3544 2766 3614 adjutor
2795 3560 2975 3597 eorum
3004 3553 3050 3600 et
3079 3554 3334 3613 protector
3353 3561 3531 3599 eorum
3554 3553 3650 3599 est.
3679 3543 3784 3598 Do-

2194 3637 2361 3690 minus
2385 3652 2575 3690 memor
2604 3636 2700 3705 fuit
2731 3637 2920 3703 nostri,
2951 3644 3000 3690 et
3028 3636 3283 3691 benedixit
3311 3653 3421 3690 nos.
3451 3636 3677 3698 Omnes,
3705 3636 3786 3690 in-

2195 3727 2339 3795 quit,
2375 3727 2626 3781 timentes
2666 3726 2984 3791 Dominnm,
3018 3737 3073 3780 et
3102 3734 3387 3794 sperantes
3426 3726 3480 3779 in
3529 3726 3782 3787 Domino,

2196 3819 2399 3874 auxilio
2428 3819 2598 3888 ipsius
2620 3818 2991 3887 perﬁciuntur.
3023 3819 3136 3873 Non
3172 3820 3315 3873 enim
3343 3820 3543 3886 nostris
3574 3819 3788 3873 meritis

2198 3910 2555 3977 przevenimus
2611 3908 3039 3963 misericordiam
3099 3910 3342 3976 Domini,
3390 3911 3484 3966 sed
3530 3909 3789 3964 Dominus

2196 4016 2388 4054 memor
2418 4000 2515 4067 fuit
2543 4000 2734 4063 nostri,
2758 4008 2805 4052 et
2835 4000 3090 4053 benedixit
3122 4017 3239 4055 nos.

2269 4091 2449 4162 (Vers.
2476 4091 2564 4155 12,
2591 4090 2701 4161 13.)
2741 4090 3009 4146 Benedixit
3049 4092 3256 4145 domum
3294 4092 3495 4157 Israel,
3527 4092 3790 4146 benedixit

2198 4183 2407 4235 domum
2435 4186 2625 4235 Aaron.
2674 4182 2942 4236 Benedixit
2989 4199 3162 4237 omnes
3204 4185 3433 4236 timentes
3483 4184 3786 4238 Dominum.

2199 4274 2313 4328 Hoc
2333 4283 2443 4342 est,
2469 4282 2525 4328 et
2552 4274 2867 4342 superiores
2893 4283 2947 4327 et
2974 4273 3285 4336 interiores,
3309 4273 3430 4342 quia
3473 4274 3692 4343 utrique
3723 4274 3793 4326 ti-

2199 4374 2348 4419 ment
2371 4363 2675 4418 Dominum.
2709 4363 2765 4417 Si
2791 4378 2921 4432 ergo
2948 4365 3147 4431 quaeris
3174 4377 3309 4437 quos
3340 4372 3595 4431 utrosque
3624 4367 3792 4418 bene-

523 4452 622 4509 Ubi
645 4464 718 4507 est
741 4451 877 4506 Deus
897 4452 1101 4506 eorum?
1117 4466 1235 4505 cum
1261 4458 1550 4520 apparente
1564 4450 1715 4517 signo
1736 4449 1851 4502 Filii
1869 4449 2099 4503 hominis
2130 4444 2181 4504 D
2198 4453 2427 4518 dixerit,
2450 4452 2825 4521 reSpondetur,
2851 4453 3064 4521 pusillas
3087 4468 3203 4505 cum
3224 4453 3501 4524 majoribus
3517 4468 3535 4505 :
3560 4453 3666 4507 hoc
3682 4464 3787 4518 est,

519 4545 571 4597 in
593 4546 727 4597 cmlo
747 4542 955 4611 (Matth.
986 4539 1261 4610 xstv,30),
1292 4551 1346 4593 et
1375 4543 1605 4593 instante
1625 4540 1844 4608 judicio,
1870 4555 1977 4593 non
2010 4542 2106 4593 ad-

518 4637 621 4689 huc
636 4634 1003 4699 prtedicabitnr
1016 4633 1429 4695 credendus,sed
1448 4634 1758 4688 ostendetur
1772 4634 2103 4688 tremendus.

591 4725 766 4794 (Vcrs.
815 4724 895 4793 3.)
941 4724 1076 4777 Deus
1115 4734 1286 4776 autem
1331 4733 1501 4778 noster
1540 4725 1593 4777 in
1639 4726 1761 4777 cazlo
1786 4742 2019 4786 sursum,
2052 4734 2102 4779 et

529 4829 683 4879 super
714 4823 932 4874 terram,
964 4814 1135 4864 omnia
1168 4828 1495 4881 quacumque
1514 4814 1671 4867 voluit
1713 4815 1852 4883 fecit.
1889 4814 2002 4868 Non
2046 4814 2097 4867 in

518 4905 691 4969 caelo,
720 4903 806 4957 ubi
841 4904 1007 4957 solem
1036 4914 1090 4954 et
1120 4903 1299 4956 lunam
1328 4903 1509 4957 vident
1545 4904 1635 4971 qui
1674 4915 1975 4959 creaturam
2006 4921 2099 4959 co-

520 4996 656 5058 lunt,
681 4994 773 5048 sed
807 4992 859 5046 in
881 4993 1022 5048 caelo
1056 5008 1300 5059 sursum,
1332 4993 1471 5061 quod
1505 4995 1889 5064 transgreditur
1917 4997 2095 5051 omnia

520 5097 749 5152 corpora
799 5082 1039 5137 cmlesﬁa
1083 5089 1137 5136 et
1178 5084 1470 5137 terrestria.
1522 5084 1852 5153 Quamquam
1897 5102 1996 5141 nec
2041 5087 2094 5140 in

522 5174 639 5243 ipso
665 5175 735 5227 ita
758 5174 848 5239 sit,
877 5184 932 5227 ut
960 5172 1079 5227 sine
1108 5174 1222 5242 ipso
1252 5188 1373 5227 esse
1405 5190 1510 5227 non
1540 5177 1727 5243 possit.
1753 5176 2010 5242 Quoniam
2043 5177 2094 5230 in

520 5264 714 5334 quibus
734 5272 844 5328 est,
872 5258 988 5330 ipse
1014 5276 1076 5316 ea
1106 5270 1376 5331 tamquam
1403 5262 1692 5332 indigentia
1715 5266 1981 5330 continet,
2006 5263 2096 5332 qui

522 5355 575 5408 in
603 5355 754 5411 caelis
783 5365 838 5410 et
876 5356 929 5409 in
960 5365 1102 5410 terra
1133 5355 1312 5408 omnia
1343 5369 1692 5423 quaecumque
1729 5356 1898 5409 voluit
1929 5355 2053 5409 fecit
2081 5374 2094 5409 :

522 5445 625 5500 hoc
652 5453 761 5510 est,
791 5450 847 5499 et
876 5445 929 5499 in
959 5444 1325 5513 superioribus
1360 5452 1414 5497 et
1451 5441 1505 5496 in
1541 5442 1883 5499 inferioribus
1914 5445 2098 5514 p0puli

2205 4544 2423 4599 domum
2452 4544 2611 4599 lsrael
2641 4552 2695 4598 et
2718 4544 2933 4598 domum
2957 4544 3161 4601 Aaron.

2274 4634 2453 4706 (Vers.
2476 4636 2590 4704 14.)
2620 4636 2846 4705 Adjiciat
2874 4634 3122 4687 Dominus
3147 4651 3297 4704 super
3315 4650 3423 4701 vos,
3451 4650 3608 4704 super
3633 4650 3726 4688 vos
3744 4644 3791 4687 et

2198 4741 2353 4794 super
2396 4726 2526 4795 filios
2564 4735 2773 4781 vestros.
2813 4728 2876 4780 Et
2920 4726 2992 4780 ita
3041 4727 3236 4781 factum
3277 4736 3381 4781 est.
3420 4727 3794 4781 Accesserant

2198 4814 2341 4869 enim
2357 4815 2517 4868 etiam
2535 4816 2601 4867 de
2621 4814 2885 4880 lapidibus
2898 4816 3138 4869 suscitati
3168 4816 3258 4869 ﬁlii
3273 4814 3541 4869 Abraham
3563 4816 3790 4884 (Matth.

2199 4918 2279 4969 ιιι,
2304 4904 2391 4972 9);
2417 4914 2763 4958 accesserunt
2785 4920 2916 4959 oves
2942 4920 3063 4973 qua;
3094 4920 3198 4958 non
3223 4914 3378 4959 erant
3398 4905 3465 4959 de
3491 4906 3599 4960 hoc
3620 4907 3755 4959 ovili
3774 4945 3789 4966 .

2198 5004 2259 5075 ut
2289 4996 2443 5048 ﬁeret
2470 5010 2609 5049 unus
2635 5010 2787 5064 grex,
2816 5006 2868 5049 et
2896 5012 3031 5050 unus
3060 5006 3244 5066 pastor
3270 4993 3454 5065 (Joan.
3476 5012 3527 5056 x.
3549 4994 3681 5065 16);
3708 5011 3797 5050 ac-

2199 5085 2359 5138 cessit
2388 5083 2518 5138 ﬁdes
2542 5087 2780 5138 omnium
2806 5086 3075 5154 gentium,
3098 5096 3153 5141 et
3171 5087 3341 5141 crevit
3367 5101 3647 5155 numerus,
3680 5102 3792 5142 non

2200 5174 2372 5229 solum
2401 5175 2722 5244 sapientium
2749 5178 3081 5242 antistitum,
3108 5178 3201 5233 sed
3228 5179 3388 5233 etiam
3410 5176 3791 5234 obedientium

2204 5264 2519 5333 populorum
2538 5306 2551 5330 ,
2575 5265 2861 5333 adiiciente
2885 5268 3131 5331 Domino,
3159 5283 3264 5322 non
3290 5268 3463 5321 solum
3491 5282 3663 5337 super
3693 5283 3793 5337 pa-

2207 5365 2340 5419 tres,
2381 5356 2477 5408 sed
2507 5356 2668 5409 etiam
2699 5373 2862 5425 super
2892 5357 3031 5415 ﬁlios
3071 5373 3257 5415 eorum
3301 5359 3391 5429 qui
3436 5367 3655 5430 patrum
3702 5358 3794 5430 pie

2204 5445 2431 5514 vestigia
2458 5455 2835 5512 sequerentur.

598 5612 858 5669 Ividetur
880 5614 1233 5681 supplendum
1264 5623 1315 5666 ut
1345 5628 1409 5667 ex
1428 5612 1706 5685 Augustini
1738 5631 1922 5687 opere,
1947 5617 2090 5687 quod
2120 5616 2302 5673 deﬁcit
2334 5618 2387 5677 in
2418 5618 2574 5675 editis
2606 5622 2852 5680 nosuis.‘
