4026 6176
341 241 456 298 529

1130 235 1540 290 PSALMORUM
1582 237 1626 291 A
1663 238 1703 290 C
1744 238 1836 292 AD
1872 234 1956 289 CL
1997 233 2369 288 EXPOSI'HO.
2407 234 2593 290 PSAL.
2625 236 2784 292 CXV.

3495 247 3596 304 330

419 355 599 424 (Vers.
626 351 737 421 15.)
766 350 1024 404 Benedicti
1045 364 1130 401 vos
1153 365 1184 399 a
1209 346 1446 412 Domino,
1471 349 1556 416 qui
1598 348 1716 416 fecit
1746 346 1921 399 caelum
1954 351 1996 405 Α
2030 340 2118 396 ιοδ
2153 357 2256 397 non
2297 345 2568 400 invenient
2606 361 2717 400 me.
2753 347 2862 418 Ego
2893 358 3068 406 autem
3095 351 3183 407 illa
3214 369 3320 410 non
3355 355 3597 415 invenio-

331 453 387 496 et
420 452 643 506 terram;
670 451 940 510 tamquam
962 439 1186 505 diceret,
1209 437 1480 492 Benedicti
1503 453 1600 492 vos
1621 453 1650 490 a
1673 438 1920 502 Domino,

329 535 432 602 qui
467 548 561 585 vos
591 533 734 586 fecit.

412 622 593 690 (Vers.
619 620 727 688 16.)
751 617 941 672 Caelum
965 619 1075 672 ccli
1099 616 1338 681 Domino,
1365 628 1554 670 terram
1581 625 1752 670 autem
1781 617 1922 669 dedit

333 714 465 781 ﬁliis
497 713 779 764 hominum.
804 710 915 764 Non
938 725 1066 779 ergo
1089 711 1226 763 istud
1248 709 1458 763 visibile
1478 709 1675 762 caelum
1706 709 1919 778 plenum

334 802 696 856 luminaribus
725 800 851 854 fecit
874 815 1002 864 vos;
1026 801 1122 854 sed
1145 801 1312 854 multo
1339 800 1712 863 excellentius,
1738 799 1789 852 in
1817 814 1922 868 quo

331 894 446 947 sibi
479 894 799 961 praeparavit
835 891 1194 946 habitaculum
1213 933 1228 958 ,
1253 891 1395 962 quod
1425 901 1552 945 sunt
1578 891 1922 944 sublimiores

335 985 698 1054 purioresque
727 993 969 1048 mentes;
992 983 1044 1037 in
1071 998 1294 1052 quarum
1323 983 1744 1052 comparatione,
1769 982 1922 1050 quid-

333 1073 473 1142 quid
509 1075 747 1128 cernitur
785 1082 924 1127 terra
954 1080 1058 1126 est.
1096 1073 1348 1140 Quamvis
1377 1081 1602 1142 possunt
1629 1081 1683 1126 et
1715 1072 1921 1140 parvuli

334 1164 395 1219 in
424 1164 665 1220 Ecclesia
691 1173 850 1220 terra:
879 1165 1094 1220 nomine
1122 1165 1452 1234 nuncupari,
1476 1164 1565 1234 qui
1593 1163 1922 1234 proﬁciendo

334 1254 512 1310 futuri
543 1261 669 1310 sunt
693 1255 919 1322 coelum,
946 1263 1002 1310 et
1038 1257 1090 1309 in
1122 1255 1242 1324 ipsa
1271 1270 1366 1324 spe
1397 1255 1530 1310 lacte
1557 1255 1865 1308 nutriuntur
1891 1268 1918 1306 a

335 1347 574 1416 magnis.
600 1346 705 1402 Sed
733 1355 911 1402 tamen
940 1349 1063 1417 quia
1098 1348 1172 1400 illi
1197 1349 1307 1416 jam
1346 1363 1452 1402 non
1482 1347 1550 1402 ab
1580 1347 1796 1401 homine
1825 1363 1920 1400 ue-

336 1453 451 1507 que
480 1454 574 1507 per
599 1438 905 1504 hominem,
930 1439 1023 1493 sed
1061 1453 1158 1509 per
1185 1441 1355 1508 ipsum
1386 1439 1671 1493 Dominum
1699 1448 1925 1508 carpunt

341 1529 714 1584 sinceritatem
776 1530 1184 1599 ubertatemque
1234 1529 1546 1598 sapientiae,
1600 1538 1923 1596 acceperunt

339 1619 604 1687 parvulos
628 1617 831 1672 futuros
847 1617 1063 1687 quidem
1085 1618 1374 1682 cmlum,ut
1394 1619 1588 1673 coelum
1611 1619 1771 1674 cmli"
1803 1633 1922 1674 esse

2028 433 2146 487 bam
2168 475 2182 499 ,
2217 435 2266 488 id
2296 445 2399 500 est,
2427 451 2532 490 non
2563 436 2929 495 advertebam.
2967 445 3226 500 Amabam
3257 447 3402 503 enim
3441 449 3601 509 dece-

2026 525 2238 592 ptiones
2269 541 2436 593 meas,
2469 537 2524 582 et
2547 529 2783 597 gaudens
2828 530 2978 586 falsis
3007 538 3454 602 prosperitatibus
3496 556 3602 596 saa-

2023 616 2158 683 culi,
2189 618 2328 672 veris
2374 620 2623 687 periculis
2663 622 3015 692 demergebar
3055 626 3276 682 inferni.
3327 631 3431 685 Sed
3475 649 3594 688 cum

2027 707 2155 761 mihi
2187 709 2352 763 illuxit
2382 712 2550 780 gratia
2595 721 2712 778 tua,
2754 723 2807 768 et
2837 729 3028 771 causas
3075 719 3436 778 tribulationis
3465 739 3599 780 meas

2026 812 2087 852 ac
2111 799 2313 854 doloris
2341 802 2516 856 inveni
2539 847 2552 870 ,
2583 813 2630 856 et
2661 820 2842 860 nomen
2870 806 3079 861 Domini
3101 810 3346 865 invocavi.

2095 888 2273 958 (Vers.
2295 890 2373 960 5.)
2399 890 2442 944 0
2465 891 2702 958 Domine,
2727 911 2846 949 erue
2865 897 3088 950 animam
3108 915 3304 965 meam;
3329 909 3597 973 tamquam

2025 976 2248 1044 diceret,
2281 980 2350 1034 Et
2379 983 2517 1036 inter
2547 983 2924 1048 adversitates,
2952 998 3005 1043 et
3050 988 3186 1044 inter
3215 997 3600 1062 prosperitates

2026 1072 2184 1140 hujus
2226 1073 2408 1127 saeculi
2457 1076 2714 1130 miserum
2760 1093 2846 1131 me
2887 1093 3009 1134 esse
3057 1083 3319 1150 cognovi:
3349 1087 3468 1151 quia
3511 1088 3598 1140 illa

2024 1171 2304 1230 premunt,
2347 1162 2448 1216 ista
2480 1163 2773 1233 decipiunt.
2815 1167 2939 1232 Quis
2986 1183 3114 1237 ergo
3162 1188 3242 1224 me
3275 1173 3506 1228 liberabit
3537 1177 3602 1230 de

2023 1266 2234 1320 corpore
2261 1253 2434 1306 mortis
2461 1252 2647 1325 hujus,
2677 1255 2777 1309 nisi
2809 1259 2974 1326 gratia
3003 1258 3097 1312 Dei
3127 1277 3215 1328 per
3244 1263 3420 1316 Jesum
3448 1266 3598 1318 C/iri-

2022 1351 2160 1395 stum
2202 1343 2482 1396 Dominum
2519 1354 2748 1399 nostrum
2791 1347 2969 1417 (Rom.
3003 1365 3097 1415 vtt,
3138 1352 3252 1420 24).
3308 1353 3602 1410 Misericors

2024 1426 2272 1485 Dominus
2301 1443 2348 1485 et
2375 1433 2570 1502 justus,
2603 1445 2650 1488 et
2693 1435 2832 1490 Deus
2867 1447 3034 1491 noster
3071 1443 3412 1499 miserebitur.
3446 1445 3603 1500 Mise-

2023 1519 2185 1573 ricors
2211 1521 2404 1589 primo,
2426 1523 2548 1591 quia
2576 1524 2848 1580 inclinavit
2877 1543 3060 1582 aurem
3081 1528 3246 1602 429
3267 1547 3418 1586 suam
3448 1537 3598 1599 mihi;

2023 1607 2231 1677 Justus,
2266 1622 2287 1649 ε
2313 1613 2404 1680 qui
2432 1612 2557 1667 facit
2584 1629 2670 1669 me
2695 1631 2988 1685 agnoscere
3017 1623 3154 1674 unde
3184 1631 3522 1691 contererer;
3547 1637 3602 1682 et

340 1707 550 1769 sciam;
584 1708 759 1762 adhuc
787 1719 963 1763 tamen
1007 1717 1236 1772 terram,
1267 1708 1352 1763 cui
1379 1709 1588 1773 dicam,
1620 1708 1730 1779 Ego
1774 1709 1924 1780 plan-
1955 1714 1999 1772 Β
2027 1715 2236 1756 rursum
2282 1705 2588 1771 misericors,
2613 1706 2738 1775 quia
2771 1707 2838 1761 ad
2869 1707 2972 1763 hoc
2999 1719 3056 1764 ut
3098 1712 3376 1769 invocetur
3412 1725 3469 1772 et
3498 1718 3602 1771 mi-

341 1800 482 1863 tat'i,
528 1799 715 1867 Apollo
771 1799 984 1866 rigavit,
1025 1800 1114 1853 sed
1159 1799 1297 1852 Deus
1357 1801 1728 1853 incrementum
1787 1801 1928 1854 dedit

342 1889 399 1958 (ι
443 1890 560 1946 Cor.
593 1905 670 1955 ιιι,
699 1889 776 1958 6).
810 1891 942 1958 Ipsis
980 1890 1121 1944 enim
1163 1890 1288 1945 ﬁliis
1329 1890 1604 1944 hominum
1635 1905 1768 1960 quos
1807 1891 1930 1945 fecit

341 1983 581 2049 celum,
627 1993 822 2036 terram
875 1982 1018 2036 dedit
1061 1985 1111 2036 in
1161 1997 1263 2052 qua
1301 1993 1609 2050 Operentur,
1657 1984 1744 2052 qui
1785 1985 1931 2038 novit

343 2085 508 2129 terra:
552 2074 837 2141 providere
869 2089 964 2143 per
992 2075 1210 2129 cmlum.
1259 2075 1506 2129 Maneant
1545 2075 1700 2144 igitur
1734 2075 1927 2130 caelum

343 2177 404 2221 et
439 2177 575 2222 terra
605 2166 658 2220 in
693 2166 920 2221 Domino
951 2181 1048 2220 suo
1079 2167 1168 2236 qui
1204 2167 1329 2221 fecit
1354 2182 1436 2232 ea,
1466 2175 1519 2220 et
1544 2167 1723 2219 vivant
1749 2181 1812 2220 ex
1843 2182 1924 2229 eo,

343 2259 669 2312 conﬁtentes
700 2259 749 2313 ei
776 2267 830 2313 et
860 2259 1138 2313 laudantes
1168 2274 1312 2313 eum.
1346 2258 1477 2312 Nam
1509 2258 1556 2311 si
1582 2273 1647 2313 ex
1677 2272 1734 2311 se
1763 2258 1932 2312 velint

341 2347 514 2420 428
537 2349 737 2412 vivere,
758 2349 1082 2402 morientur:
1105 2350 1242 2402 sicut
1263 2348 1522 2415 scriptum
1540 2351 1692 2412 est,A
1711 2357 1930 2413 mortuo,

343 2441 499 2509 quasi
525 2439 612 2509 qui
642 2455 744 2491 non
775 2439 861 2502 sit,
895 2439 1022 2506 perit
1047 2438 1300 2507 confessio
1324 2436 1512 2507 (Eccli.
1543 2449 1671 2500 xvtt,
1691 2436 1805 2506 26).

425 2529 604 2599 (Vers.
631 2528 746 2595 17.)
781 2527 902 2581 Νοη
941 2529 1133 2580 mortui
1164 2527 1448 2580 laudabunt
1482 2537 1551 2590 te,
1578 2541 1735 2596 neque
1761 2543 1933 2581 omnes

345 2621 442 2687 qui
488 2619 799 2671 descendunt
848 2619 900 2670 in
940 2619 1216 2687 infernum.
1261 2617 1468 2670 Clamat
1509 2618 1649 2670 enim
1678 2617 1785 2670 allo
1814 2618 1932 2672 loco

343 2711 631 2780 Scriptura
655 2721 861 2775 sancta,
889 2708 1135 2763 Peccator
1171 2725 1285 2762 cum
1323 2710 1508 2763 venerit
1540 2711 1591 2762 in
1620 2711 1932 2780 profundum

343 2804 643 2868 malorum,
676 2802 951 2855 contemnit
975 2799 1158 2871 (Prov.
1191 2815 1344 2866 xvm,
1373 2801 1406 2856 3
1436 2837 1453 2857 .

426 2893 610 2966 (Vers.
639 2893 757 2962 18.)
797 2892 902 2948 Sed
940 2909 1031 2945 nos
1061 2892 1149 2962 qui
1176 2892 1418 2957 vivimus,
1449 2891 1787 2947 benedicimus
1825 2892 1933 2948 Do-

345 2984 554 3036 minum
571 3022 586 3049 ,
612 2998 672 3038 ex
697 2983 792 3036 hoc
820 2998 955 3034 nunc
979 2991 1025 3036 et
1049 2997 1207 3047 usque
1228 2982 1280 3034 in
1307 2982 1569 3034 secutum.

853 3071 1221 3129 PSALMUS
1257 3070 1440 3126 CXIV.

987 3181 1310 3221 ιιΑιιειιιιΑ.

424 3254 603 3323 (Vers.
630 3255 706 3322 1.)
733 3253 902 3308 Dilexi
922 3298 936 3320 ,
961 3257 1203 3325 quoniam
1229 3256 1465 3310 exaudiet
1489 3254 1740 3310 Dominus
1764 3273 1931 3312 vocem

343 3349 598 3403 orationis
633 3363 772 3402 mete.
801 3347 990 3402 Cantet
1020 3347 1123 3402 hoc
1148 3350 1324 3403 anima
1347 3364 1467 3417 qua:
1499 3350 1866 3419 peregrinatur
1901 3367 1930 3405 a

345 3438 603 3503 Domino,
646 3446 825 3492 cantet
867 3438 970 3491 hoc
1007 3439 1122 3492 ovis
1154 3439 1244 3492 illa
1287 3454 1404 3507 quae
1445 3448 1718 3494 erraverat
1759 3439 1927 3512 (Psal.

343 3544 541 3593 csvnr,
564 3545 612 3583 v.
641 3528 783 3596 ult.),
813 3538 996 3583 cantet
1025 3529 1126 3584 hoc
1150 3528 1293 3584 ﬁlius
1320 3530 1408 3585 ille
1433 3530 1522 3600 qui
1549 3539 1793 3585 mortuus
1818 3531 1930 3586 fue-

347 3631 438 3676 rat
467 3630 523 3676 et
557 3623 880 3689 resurrexit,
919 3621 1156 3690 perierat
1181 3630 1236 3676 et
1265 3622 1516 3677 inventus
1544 3632 1644 3678 est.
1671 3623 1808 3692 Quid
1847 3634 1931 3679 est

345 3713 496 3767 enim
537 3712 740 3776 Dilexi,
783 3714 1031 3781 quoniam
1073 3713 1311 3766 exaudiet
1352 3712 1605 3766 Dominus
1644 3715 1795 3786 (Luc.
1834 3731 1926 3783 xv,

345 3805 471 3875 24),
506 3806 607 3861 nisi
629 3847 644 3871 ,
678 3807 848 3862 Dilexi
872 3849 886 3873 ,
921 3806 1170 3875 quoniam
1201 3806 1254 3859 in
1287 3805 1387 3860 hac
1421 3821 1515 3874 spe
1545 3822 1662 3861 sum
1695 3808 1926 3875 positus,

346 3908 414 3950 ut
441 3898 832 3952 exaudiendum
864 3911 982 3952 esse
1008 3911 1094 3951 me
1119 3896 1333 3951 credam
1357 3897 1379 3950 t
1406 3896 1521 3951 Non
1561 3897 1702 3952 enim
1733 3898 1929 3952 frustra

346 3989 460 4042 hoc
491 4003 671 4058 spero.

431 4077 606 4146 (Vers.
643 4077 726 4147 2.)
773 4078 1024 4144 Quoniam
1070 4079 1331 4132 inclinavit
1373 4094 1548 4133 aurem
1590 4097 1736 4134 suam
1780 4081 1927 4137 mihi.

350 4167 484 4222 Ideo
503 4184 629 4236 ergo
651 4168 920 4232 exaudiet,
940 4168 1060 4237 quia
1090 4168 1365 4222 inclinavit
1384 4183 1566 4223 aurem
1595 4185 1746 4224 suam
1778 4171 1927 4224 mihi.

345 4263 472 4318 Jam
519 4263 562 4316 si
601 4277 902 4331 quaeramus
945 4261 1086 4316 unde
1114 4261 1405 4315 crediderit
1447 4263 1654 4328 anima,
1690 4265 1830 4332 quod
1863 4264 1928 4318 ad

346 4369 477 4410 eam
505 4369 688 4408 aurem
732 4355 986 4409 Dominus
1015 4354 1316 4418 inclinarit,
1350 4368 1526 4408 nonne
1556 4355 1926 4423 respondebit,

2030 1803 2294 1846 screatur.

2103 1883 2280 1951 (Vers.
2313 1884 2391 1954 6.)
2419 1885 2720 1942 Custodiens
2743 1891 2982 1960 parvulos
3007 1891 3277 1960 Dominus,
3307 1894 3604 1954 humiliatus

2029 1988 2166 2040 sum,
2210 1982 2257 2026 et
2304 1975 2534 2030 liberavit
2578 1993 2675 2032 me.
2709 1980 2957 2036 Custodit
3005 1985 3286 2053 parvulos,
3321 2004 3456 2056 quos
3495 1993 3607 2046 vult

2029 2080 2150 2120 esse
2178 2067 2443 2135 perfectos
2471 2087 2482 2121 :
2516 2081 2569 2124 et
2598 2073 2650 2124 in
2683 2073 2996 2128 servitutem
3043 2091 3139 2145 per
3185 2081 3490 2147 superbiam
3529 2085 3607 2138 la-

2034 2172 2179 2226 psos,
2209 2173 2306 2229 per
2337 2161 2687 2218 humilitatem
2710 2165 2835 2220 facit
2865 2166 3084 2223 liberos.

2106 2251 2284 2322 (Vers.
2310 2251 2387 2324 7.)
2411 2253 2730 2325 Convertere,
2754 2260 2928 2312 animo
2949 2278 3088 2326 mea,
3115 2280 3168 2316 tn
3196 2267 3416 2335 requiem
3441 2277 3604 2334 tuam,

2032 2343 2152 2411 quia
2174 2342 2423 2399 Dominus
2455 2345 2695 2415 benefecit
2719 2348 2827 2404 tibi.
2861 2349 3178 2418 Convertere,
3209 2356 3401 2424 inquit,
3434 2365 3608 2412 anima

2033 2449 2168 2498 mea,
2198 2435 2318 2503 quia
2350 2437 2720 2494 conversionis
2745 2438 3052 2498 facultatem
3080 2445 3148 2498 ab
3184 2445 3276 2500 illo
3313 2446 3482 2504 habes
3519 2453 3606 2520 qui

2032 2523 2300 2579 benefecit
2327 2526 2444 2580 tibi.

2105 2612 2283 2685 (Vers.
2321 2616 2398 2686 8.)
2458 2617 2594 2684 Quia
2637 2621 2818 2673 exemit
2858 2624 3084 2676 animam
3123 2639 3282 2677 meam
3325 2629 3386 2679 de
3426 2639 3603 2683 morte.

2035 2703 2294 2774 Exempta
2328 2714 2412 2760 est
2455 2721 2485 2760 a
2525 2717 2698 2763 morte
2727 2710 2932 2774 anima,
2965 2713 3123 2767 etiam
3174 2717 3386 2769 mortali
3433 2718 3609 2776 adhuc

2032 2808 2196 2850 carne
2217 2795 2567 2864 circumdata,
2596 2813 2715 2867 qua:
2745 2814 2811 2856 ex
2840 2801 3041 2857 inﬁdeli
3068 2805 3240 2861 ﬁdelis
3264 2807 3451 2863 emota
3484 2821 3566 2865 est
3592 2829 3605 2864 :

2033 2895 2089 2941 et
2120 2896 2316 2957 prmter
2345 2889 2489 2944 illam
2520 2889 2807 2957 perfectam
2839 2902 3095 2949 mternam
3126 2911 3154 2949 a
3183 2901 3388 2953 cunctis
3413 2901 3609 2954 labori-

2032 2979 2135 3034 bus
2162 2981 2424 3050 requiem,
2453 2997 2611 3052 quam
2641 2983 2960 3052 adipiscitur
2991 2987 3213 3055 pretiosa
3249 2990 3299 3042 in
3340 3004 3606 3062 conspectu

1959 3078 2005 3141 (ζ
2037 3068 2245 3124 Domini
2291 3089 2425 3126 mors
2473 3084 2764 3128 sanctorum
2817 3078 2928 3146 ejus
2979 3078 3239 3147 (Sentent.
3293 3081 3399 3152 14),
3451 3086 3609 3138 habet

2033 3161 2192 3215 etiam
2244 3161 2299 3216 in
2345 3163 2446 3218 hac
2498 3166 2607 3219 vita
2657 3167 2894 3235 requiem
2949 3183 3098 3224 suam
3149 3171 3325 3226 anima
3376 3189 3493 3242 quae
3540 3179 3608 3230 de

2032 3260 2206 3306 morte
2228 3252 2560 3309 inﬁdelitatis
2589 3266 2839 3326 exempta
2861 3268 2965 3328 est,
2997 3268 3050 3314 et
3077 3276 3195 3330 quae
3218 3278 3324 3317 non
3348 3266 3412 3318 ab
3433 3268 3610 3336 cperi-

2033 3345 2133 3398 bus
2177 3344 2420 3413 justitite,
2475 3347 2569 3403 sed
2617 3349 2686 3402 ab
2739 3349 3038 3420 iniquitatis
3092 3354 3329 3411 abstinet
3375 3362 3606 3414 actione.

2032 3435 2175 3489 Talis
2203 3448 2378 3490 autem
2406 3439 2583 3492 anima
2606 3455 2724 3510 quae
2748 3440 2858 3510 jam
2889 3443 3022 3498 vivit
3047 3444 3293 3514 Domino,
3321 3460 3371 3504 et
3399 3465 3610 3507 mortua

2031 3537 2114 3581 est
2154 3528 2376 3595 mundo,
2427 3545 2547 3600 qua:
2595 3532 2825 3595 Spiritali
2873 3536 3151 3592 industria:
3204 3541 3487 3609 vigilanter
3529 3545 3611 3599 i-t-

2033 3627 2203 3683 tenta,
2251 3621 2303 3675 in
2352 3622 2668 3679 humilitatis
2708 3634 2763 3680 et
2807 3631 3234 3685 mansuetudinis
3285 3650 3390 3687 non
3441 3636 3608 3706 pigra,

2031 3714 2125 3766 sed
2153 3714 2330 3783 quieta
2365 3717 2746 3784 tranquillitate
2783 3719 3096 3786 requiescit,
3129 3736 3224 3787 pro
3265 3725 3470 3792 adeptis
3496 3727 3604 3794 jam

2033 3801 2195 3857 habet
2243 3804 2500 3872 quidquid
2549 3821 2653 3858 non
2685 3805 2843 3859 dubia
2888 3822 2983 3875 spe
3027 3811 3290 3876 patienter
3334 3825 3611 3880 exspectat

2032 3893 2199 3963 (Sent.
2230 3896 2338 3964 M).
2375 3895 2443 3948 Et
2483 3895 2602 3948 ideo
2631 3895 2783 3950 addit
2803 3907 2853 3950 et
2884 3897 3010 3950 dicit
3040 3916 3051 3950 :
3082 3897 3270 3954 Oculos
3297 3919 3431 3957 meos
3459 3923 3488 3958 ιδ
3521 3908 3604 3960 ta-

2033 3986 2236 4056 crymis,
2262 3985 2414 4056 pedes
2437 4000 2571 4038 meos
2593 4001 2623 4037 a
2648 3986 2810 4056 lapsu.
2846 3986 2971 4041 llaec
2998 3988 3130 4041 bona
3162 4005 3267 4044 non
3300 3997 3606 4060 temporalis

2030 4079 2151 4131 vitae
2181 4086 2334 4144 sunt,
2367 4078 2459 4132 sed
2492 4087 2742 4142 atterunt;
2778 4093 2875 4134 nec
2913 4080 3159 4136 obtinere
3191 4097 3418 4150 possunt
3468 4104 3609 4140 mor-

2034 4171 2122 4224 tali
2149 4185 2310 4224 carne
2337 4169 2670 4232 circumdati,
2704 4179 2761 4223 ut
2790 4186 2895 4224 non
2933 4171 3122 4239 ﬁeant,
3166 4189 3268 4228 non
3313 4191 3529 4244 gemant
3553 4191 3610 4235 et

2034 4261 2176 4315 nulla
2233 4259 2527 4314 tentatione
2576 4260 2874 4328 pulsentur.
2918 4262 3050 4330 Spes
3099 4279 3227 4332 ergo
3273 4277 3602 4334 sancti-rum,

2033 4353 2144 4421 qui,
2179 4351 2471 4406 secundum
2504 4353 2555 4406 id
2587 4351 2729 4420 quod
2763 4351 2964 4420 Spiritu
3015 4353 3105 4407 Dei
3151 4367 3380 4424 aguntur
3404 4359 3514 4426 jam
3553 4364 3602 4416 in

347 4446 487 4512 Quia
515 4447 653 4516 prior
678 4446 856 4500 dilexit
882 4463 1003 4511 nos,
1041 4456 1086 4499 et
1115 4446 1252 4499 Filio
1295 4447 1502 4517 proprio
1525 4463 1623 4500 non
1668 4449 1926 4518 pepercit,
1958 4444 2009 4501 D
2037 4460 2198 4498 carne
2223 4460 2329 4498 non
2361 4453 2487 4498 sunt
2508 4443 2685 4511 (Rom.
2713 4461 2828 4507 vni,
2853 4445 2938 4510 M,
2967 4444 3044 4515 9),
3067 4459 3255 4500 merito
3283 4449 3350 4503 de
3379 4451 3459 4506 his
3482 4469 3610 4521 gau-

346 4536 444 4588 sed
472 4551 564 4604 pro
597 4536 740 4588 nobis
777 4537 1008 4590 omnibus
1041 4537 1253 4589 tradidit
1284 4553 1399 4590 eum
1437 4537 1614 4607 (Rom.
1648 4554 1768 4603 vttt,
1797 4539 1930 4608 52)?

347 4625 507 4694 Quod
537 4627 667 4681 mihi
698 4641 818 4680 cum
851 4629 1277 4693 annuntiaretur,
1305 4629 1574 4697 quomodo
1608 4645 1711 4682 non
1743 4631 1932 4686 crede-

345 4732 468 4772 rem
513 4718 802 4772 inclinasse
849 4718 1131 4771 Dominum
1173 4733 1356 4772 aurem
1389 4733 1540 4772 suam
1590 4718 1751 4785 mihi,
1785 4729 1930 4775 tanta

346 4809 728 4864 misericordia
785 4812 1235 4879 praevenientem,
1285 4819 1426 4864 tanta
1473 4812 1751 4867 vocatione
1806 4814 1932 4881 pul-

345 4910 584 4956 santem.
616 4899 684 4954 Et
715 4903 769 4956 in
795 4901 972 4954 diebus
1003 4903 1125 4954 meis
1161 4901 1412 4954 invocavi.
1441 4902 1496 4956 In
1520 4903 1707 4958 diebus
1729 4903 1935 4958 scilicet

348 4992 590 5047 miseria:
619 5007 783 5058 meae,
816 4993 867 5045 in
902 4991 1091 5046 diebus
1133 4991 1480 5046 mortalitatis
1521 5003 1575 5046 et
1606 4995 1934 5062 prevarica-

346 5085 537 5150 tionis,
561 5098 664 5152 qua
685 5082 897 5137 deserui
925 5083 1120 5146 Deum,
1145 5090 1198 5136 et
1223 5082 1393 5136 merui
1422 5097 1696 5136 carcerem
1714 5125 1727 5144 ,
1753 5083 1805 5136 id
1828 5093 1930 5145 est,

346 5179 608 5231 tenebras
658 5176 1002 5244 ignorantiae,
1033 5175 1324 5244 compedes
1367 5174 1695 5228 difficultatis
1729 5177 1932 5245 accepi.

341 5270 409 5324 In
437 5268 522 5322 bis
554 5268 716 5338 igitur
743 5267 959 5328 diebus,

424 5357 762 5432 (Vers.'5,4.)
786 5355 1246 5412 Circumdederunt
1272 5371 1350 5410 me
1366 5355 1570 5409 dolores
1585 5357 1780 5422 mortis,
1801 5358 1934 5426 peri-

343 5469 474 5508 συιδ
500 5451 694 5522 inferni
726 5451 1025 5502 invenerunt
1051 5463 1147 5500 me.
1174 5447 1302 5514 Qua:
1331 5447 1432 5500 nisi
1462 5447 1799 5502 aberrantem
1840 5449 1938 5500 abs

425 5576 453 5603 ⁸
479 5565 729 5631 August.,
760 5576 814 5613 se
839 5575 944 5611 esse
965 5561 1147 5611 sciant.
1176 5558 1338 5612 Abest
1363 5574 1412 5631 se
1434 5557 1501 5609 ab
1529 5557 1690 5612 editis
1717 5557 1932 5612 nostris.

425 5635 454 5674 ³
478 5630 632 5704 Apud
665 5631 1014 5698 Augustinum
1035 5671 1050 5694 ,
1081 5645 1182 5682 non
1211 5630 1488 5682 invenirent
1519 5643 1617 5682 me.

639 5725 913 5784 Pas-non.
964 5719 1062 5780 LI.

2041 4536 2129 4590 det
2157 4546 2209 4590 et
2234 4537 2434 4605 gratias
2456 4536 2587 4604 agit,
2616 4551 2736 4606 quae
2764 4537 2864 4590 sibi
2887 4552 2914 4588 a
2939 4538 3162 4591 veritate
3187 4543 3441 4607 promissa
3465 4557 3607 4599 sunt.

2039 4629 2278 4697 Denique
2321 4638 2378 4683 ut
2424 4628 2540 4682 haec
2584 4643 2643 4683 se
2685 4643 2789 4681 non
2833 4627 2944 4696 jam
2992 4628 3217 4698 habere,
3250 4632 3345 4687 sed
3396 4650 3613 4703 sperare

2038 4727 2379 4774 monstraret.

2111 4807 2293 4876 (Vers.
2342 4808 2422 4878 9.)
2473 4806 2718 4869 Placebo,
2769 4807 2967 4876 inquit,
3019 4808 3262 4874 Domino,
3311 4813 3361 4863 in
3411 4817 3620 4884 regione

2039 4899 2282 4952 vivorum.
2313 4899 2425 4953 Non
2454 4914 2581 4968 ergo
2617 4898 2684 4952 ad
2734 4899 2950 4967 plenum
3003 4899 3229 4954 Domino
3275 4903 3476 4972 placet,
3527 4908 3615 4974 qui

2041 4989 2217 5043 adhuc
2263 4997 2347 5043 est
2394 4990 2446 5041 in
2493 4989 2711 5058 regione
2759 4991 3094 5055 mortalium;
3129 5008 3229 5046 nec
3279 5001 3452 5060 potest
3493 4998 3618 5049 talis

2043 5093 2159 5133 esse
2186 5079 2238 5132 in
2269 5073 2374 5132 v'ita
2404 5078 2650 5141 occidua,
2682 5080 2853 5148 qualis
2890 5082 3095 5134 futurus
3123 5092 3204 5136 est
3233 5082 3283 5136 in
3319 5094 3539 5138 retenta.

2577 5169 2891 5226 l’SALMUS
2920 5170 3074 5224 CXV.

2675 5279 2993 5317 ιιΑιιειιιιΑ.

2116 5352 2298 5420 (Vers.
2353 5352 2466 5422 10.)
2515 5351 2746 5419 Credidi,
2796 5362 3000 5422 propter
3043 5350 3179 5417 quod
3231 5349 3431 5406 locutus
3483 5371 3613 5406 sum.

2045 5444 2174 5498 Tam
2224 5445 2439 5514 reprobi
2485 5456 2631 5513 sunt,
2687 5446 2778 5514 qui
2821 5457 3005 5496 verum
3049 5442 3188 5510 quod
3237 5443 3466 5500 credunt
3511 5463 3617 5501 non

2121 5565 2143 5592 ε
2194 5553 2260 5607 Et
2289 5553 2376 5608 hic
2406 5554 2539 5608 forte
2569 5553 2763 5608 melius
2790 5551 3108 5615 haberetur,
3142 5553 3260 5622 quia
3283 5593 3296 5620 ,
3327 5563 3384 5609 ut
3418 5567 3540 5612 ante
3567 5562 3618 5604 et

2050 5633 2188 5695 post,
2222 5634 2270 5678 ct
2305 5627 2527 5694 August.
2555 5625 2734 5679 habet.

3073 5717 3144 5776 11
