4026 6176
356 294 477 353 333

1114 302 1536 364 PSALMORUM
1576 310 1619 363 A
1658 308 1700 363 ϐ
1734 309 1826 362 AD
1864 308 1948 363 CL
1990 308 2371 369 EXPOSITIO.
2413 312 2609 369 PSAL.
2651 314 2853 369 CXVII.

3519 321 3617 377 551

355 415 456 461 εει
484 413 643 475 atque
672 407 907 479 majores
939 410 1111 482 (Psal.
1135 429 1285 481 cxnt,
1316 417 1385 473 12
1411 429 1460 473 et
1489 420 1598 487 t3).
1625 422 1699 476 Ex
1722 422 1938 490 quibus.
1969 422 2020 479 A
2045 434 2109 475 ac
2137 421 2400 491 projicere
2424 438 2530 478 non
2562 425 2861 493 praevaluit,
2902 427 3023 497 quia
3062 428 3129 484 ab
3172 430 3421 486 omnibus
3457 419 3647 490 simul.

357 502 485 557 sive
510 500 733 571 ludatis,
761 504 876 562 sive
900 509 1172 579 gentibus,
1205 526 1345 569 unus
1378 513 1551 569 factus
1578 523 1663 570 est
1688 516 1937 585 populus,

354 606 696 652 concurrens
734 598 789 654 in
836 616 1001 656 unum
1048 618 1294 673 gregem,
1342 604 1410 660 ad
1457 622 1622 661 unum
1669 617 1938 678 pastorem

354 684 550 740 Jesum
574 684 846 744 Christum
879 690 1057 763 (Joan.
1088 710 1143 761 x,
1175 694 1262 768 lb‘)
1296 714 1309 749 :
1337 712 1457 768 qua:
1486 699 1719 754 societas
1744 698 1797 753 in
1825 700 1942 767 ejus

350 780 536 847 gratia
566 781 700 834 tacta
736 792 823 837 est
849 786 938 853 qui
967 786 1140 841 bonus
1166 796 1271 852 est,
1296 798 1350 843 et
1379 787 1534 858 cujus
1570 790 1938 847 misericordia

352 877 570 924 aeterna
600 880 681 926 est
702 882 758 927 et
782 883 1017 931 aeternos
1043 875 1191 931 facit.

438 963 613 1034 (νει-ε.
658 964 740 1035 5.)
784 965 853 1021 In
904 968 1229 1024 tribulatione
1271 972 1501 1027 invocari
1546 972 1842 1043 Dominum,
1890 984 1936 1028 et

348 1058 626 1113 exaudivit
662 1074 742 1114 me
777 1060 830 1114 in
867 1061 1157 1118 latitudine.
1185 1064 1287 1130 Qui
1332 1066 1639 1133 tribulatur,
1681 1069 1734 1122 in
1772 1082 1937 1138 angu-

349 1149 463 1202 stia
510 1157 594 1204 est
635 1167 649 1203 :
689 1150 785 1206 sed
827 1152 917 1222 qui
965 1155 1288 1223 exauditur,
1337 1157 1632 1216 latitudinis
1671 1160 1936 1217 infinitate

348 1240 671 1311 suscipitur.

433 1334 612 1401 (Vers.
649 1333 729 1405 6.)
768 1334 1021 1391 Dominus
1058 1340 1184 1394 mihi
1219 1340 1430 1413 adjutor
1473 1353 1580 1410 est,
1622 1361 1721 1399 non
1753 1346 1934 1400 timebo

346 1425 481 1493 quid
510 1426 663 1493 faciat
690 1428 815 1480 mihi
839 1428 1010 1482 homo.
1038 1434 1324 1498 Apostolus
1349 1434 1517 1501 dicit,
1543 1452 1649 1490 non
1677 1438 1933 1493 adversus

347 1532 577 1571 carnem
605 1527 660 1573 et
681 1522 994 1589 sanguinem
1029 1525 1205 1591 nobis,
1227 1526 1367 1595 quod
1394 1536 1475 1582 est
1507 1529 1665 1583 homo
1696 1528 1927 1598 iniquus,

346 1608 453 1661 sed
480 1608 739 1664 adversus
768 1613 1032 1680 principes
1061 1622 1112 1668 et
1140 1626 1377 1672 rectores
1420 1619 1784 1684 tenebrarum,
1811 1634 1933 1676 esse

345 1708 628 1754 certamen
660 1701 876 1769 (Ephes.
911 1718 965 1757 Vl
986 1744 1000 1769 ,
1033 1702 1147 1775 l2).
1187 1706 1422 1772 Quarum
1454 1721 1631 1764 autem
1680 1708 1931 1765 tenebra-

2044 513 2097 568 in
2136 528 2258 568 eum
2299 515 2561 571 creditum
2588 526 2693 583 est,
2715 519 2837 586 quia
2877 529 2930 574 et
2960 520 3203 590 singulos
3231 533 3285 578 et
3334 523 3618 581 universos

2042 605 2238 673 ubique
2267 610 2524 679 suscepit.

2112 696 2291 766 (Vera.
2327 697 2440 769 ﬂ.)
2485 697 2766 755 Fortitudo
2805 719 2916 757 mea
2941 714 2989 759 et
3018 703 3251 760 laudatio
3287 723 3397 761 mea
3440 707 3614 761 Domi-

2038 802 2133 843 nus
2154 805 2175 854 ;
2197 798 2243 843 et
2263 789 2429 858 factus
2453 800 2526 847 est
2561 794 2688 848 mihi
2713 796 2767 848 in
2796 796 3037 851 salutem.
3066 798 3168 867 Qui
3202 800 3303 855 sibi
3330 815 3424 854 sua
3463 804 3615 856 furti-

2039 880 2189 947 tudo,
2220 890 2274 937 et
2314 897 2410 939 sua
2441 884 2625 940 volunt
2662 902 2785 943 esse
2831 887 3088 957 laudatio,
3128 893 3345 948 cadunt.
3374 893 3612 961 Quorum

2036 981 2213 1028 autem
2253 973 2512 1031 fortitudo
2549 986 2603 1033 et
2627 978 2868 1037 laudatio
2904 991 2988 1037 est
3032 983 3311 1054 Dominus,
3343 995 3453 1041 tam
3505 1002 3611 1042 non

2037 1065 2235 1121 cadunt
2259 1082 2417 1138 quam
2442 1084 2547 1125 non
2577 1072 2723 1128 cadit
2765 1074 3045 1133 Dominus.
3081 1079 3146 1132 Et
3176 1080 3297 1135 ideo
3323 1082 3404 1135 eis
3438 1080 3611 1137 factus

2036 1157 2200 1223 salus,
2225 1173 2334 1214 non
2362 1161 2484 1230 quia
2518 1162 2635 1229 ipse
2671 1164 2871 1234 aliquid
2914 1168 3140 1237 cmperit
3166 1184 3290 1224 esse
3330 1171 3475 1241 quod
3506 1190 3613 1228 non

2036 1256 2172 1315 erat,
2205 1251 2300 1305 sed
2329 1253 2451 1321 quia
2479 1253 2701 1310 salutem
2748 1257 2801 1311 in
2832 1273 2918 1325 eo,
2950 1276 3107 1330 quam
3136 1265 3315 1320 aversi
3366 1280 3470 1320 non
3513 1267 3609 1319 ha-

2037 1338 2287 1406 buerant,
2314 1354 2597 1412 cmperunt
2624 1347 2827 1404 habere
2855 1353 3121 1407 conversi.

2108 1431 2286 1499 (Vers.
2321 1433 2437 1503 15.)
2476 1434 2592 1490 Vox
2618 1437 2977 1494 exsultationis
3005 1450 3051 1495 et
3081 1444 3264 1499 salutis
3287 1446 3341 1499 in
3373 1446 3611 1502 taberna-

2037 1522 2166 1577 culis
2188 1526 2463 1593 juslorum.
2494 1528 2706 1583 vaitia
2735 1534 3174 1601 persequentium
3212 1552 3361 1605 spem
3397 1547 3611 1595 sancto-

2037 1627 2152 1667 rum
2187 1614 2409 1670 internis
2434 1617 2642 1686 gaudiis
2684 1620 2897 1687 privare
2935 1639 3040 1678 non
3070 1634 3311 1696 poterat;
3343 1644 3442 1684 nec
3465 1632 3611 1686 vale-

2038 1703 2167 1759 bant
2204 1706 2353 1777 impii
2382 1724 2567 1765 eorum
2605 1712 2819 1769 auferre
2861 1715 3127 1784 laetitiam,
3164 1735 3390 1788 quorum
3423 1725 3610 1793 nequi-

346 1802 499 1858 rum,
542 1792 645 1846 nisi
692 1792 968 1849 hominum
1012 1795 1229 1851 diabolo
1258 1798 1628 1853 subditorum?
1655 1800 1767 1853 Non
1803 1814 1931 1871 ergo
1963 1784 2008 1844 Β
2037 1796 2161 1852 bant
2186 1813 2496 1869 eXpngnare
2524 1805 2856 1870 patientiam.
2880 1805 3032 1863 Unde
3059 1816 3114 1864 et
3140 1784 3427 1879 Apostolus
3449 1784 3603 1883 dicit,

350 1882 551 1936 metuit
584 1884 710 1953 quid
746 1885 796 1939 ei
834 1884 992 1942 faciat
1034 1887 1227 1954 homo,
1258 1889 1350 1959 qui
1383 1890 1552 1961 ipsius
1597 1895 1928 1948 incentorem

346 1969 449 2025 Dei
482 1971 650 2027 vincit
677 1975 903 2030 auxilio.

425 2060 605 2133 (Vera.
636 2061 717 2130 7.)
745 2064 994 2122 Dominus
1024 2068 1149 2124 mihi
1182 2072 1396 2142 adjutor
1422 2082 1528 2139 est,
1560 2083 1607 2128 et
1638 2091 1730 2146 ego
1757 2074 1927 2147 despi-

342 2152 485 2205 eiam
511 2154 746 2210 inimicos
788 2173 949 2212 meos.
989 2160 1114 2216 Sive
1150 2178 1218 2217 ex
1261 2165 1416 2219 malis
1445 2166 1783 2233 hominibus,
1816 2171 1929 2225 sive

341 2256 418 2296 ex
446 2244 599 2297 malis
627 2246 855 2315 angelis,
900 2248 1164 2319 despiciet
1205 2253 1456 2310 inimicos
1500 2255 1544 2309 is
1584 2257 1669 2310 cui
1715 2258 1930 2328 adjutor

340 2346 435 2390 est
460 2334 741 2392 Dominus.

422 2426 604 2498 (νει-ε.
643 2429 726 2499 8.)
764 2428 967 2485 Bonum
1006 2444 1079 2488 est
1112 2436 1369 2505 conﬁdere
1404 2439 1457 2493 in
1488 2440 1740 2506 Domina,
1772 2459 1925 2513 quam

338 2519 606 2589 conﬁdere
633 2521 689 2575 in
715 2522 937 2579 Itomine.
966 2526 1137 2582 Etiam
1167 2530 1213 2584 si
1240 2533 1410 2587 bonus
1432 2533 1613 2600 homo,
1638 2546 1730 2590 aut
1752 2534 1927 2592 bonus

337 2613 570 2679 angelus
596 2612 842 2684 adjuvet,
875 2630 981 2671 non
1022 2620 1075 2673 in
1114 2621 1226 2686 eis,
1265 2622 1465 2692 inquit,
1495 2626 1793 2695 confidam;
1828 2629 1922 2684 sed

336 2699 399 2755 in
434 2701 685 2767 Domino.
714 2705 804 2774 qui
832 2721 917 2762 me
943 2723 1037 2776 per
1061 2709 1183 2765 illos
1207 2711 1380 2781 juvat.

421 2795 600 2865 (Vere.
640 2797 721 2869 9.)
763 2798 962 2855 Bonum
1004 2810 1079 2857 est
1118 2820 1325 2873 sperare
1364 2807 1420 2860 in
1468 2806 1719 2874 Domino,
1767 2829 1923 2880 quam

335 2905 552 2961 sperare
585 2891 639 2943 in
664 2894 1004 2960 principibus.
1048 2895 1323 2966 Principes
1357 2908 1413 2953 et
1443 2900 1688 2957 homines
1727 2912 1783 2959 et
1827 2921 1921 2957 an~

334 2980 449 3050 geli
482 2993 707 3050 possunt
734 2984 961 3055 intelligi
990 3004 1002 3038 :
1027 2986 1121 3041 sed
1148 2987 1203 3042 in
1236 2990 1442 3045 neutris
1463 3006 1585 3061 spes
1607 2995 1919 3050 collocanda

334 3081 461 3137 est;
493 3075 622 3143 quia
654 3084 892 3143 potestas
921 3092 1026 3130 non
1053 3087 1136 3132 est
1164 3079 1265 3133 nisi
1296 3095 1324 3133 a
1358 3081 1466 3136 Deo
1494 3084 1669 3149 (Rom.
1696 3102 1811 3151 xttt,
1842 3087 1915 3155 1).

2035 1886 2199 1952 Quasi
2229 1890 2414 1956 tristes,
2436 1909 2629 1963 semper
2649 1904 2816 1949 autem
2842 1898 3119 1967 gaudentes
3146 1900 3214 1971 (Il
3239 1901 3358 1957 Cor.
3392 1921 3463 1970 Vl,
3495 1907 3607 1978 10).

2106 1981 2286 2052 (Vers.
2319 1984 2432 2053 16.)
2463 1985 2681 2041 Dextera
2713 1986 2920 2045 Domini
2949 1991 3067 2059 fecit
3095 1995 3348 2060 virtutem,
3400 1999 3607 2054 dextera

2030 2070 2240 2127 Domini
2283 2076 2525 2131 exultavit
2561 2095 2659 2144 me,
2700 2080 2907 2135 dextera
2951 2081 3161 2138 Domini
3193 2087 3311 2156 fecit
3350 2089 3607 2145 uirtutem.

2030 2164 2218 2236 Magna
2242 2166 2412 2222 virtus
2433 2169 2682 2224 exaltare
2713 2168 2992 2239 humilem,
3018 2173 3272 2232 deificare
3300 2179 3604 2247 mortalem,

2032 2257 2276 2325 praebere
2300 2259 2366 2314 de
2387 2260 2701 2317 infirmitate
2730 2263 3145 2332 perfectionem,
3172 2268 3241 2324 de
3266 2271 3605 2341 subjectione

2035 2349 2292 2419 gloriam,
2322 2351 2389 2407 de
2417 2354 2665 2421 passione
2689 2354 2993 2411 victoriam.
3023 2358 3128 2415 Sed
3159 2361 3280 2430 quia
3304 2377 3410 2418 non
3442 2364 3605 2419 homo

2027 2456 2088 2496 se
2117 2442 2390 2508 exaltavit,
2425 2459 2533 2500 non
2564 2444 2728 2501 homo
2766 2460 2827 2502 se
2860 2448 3107 2516 perfecit,
3156 2466 3262 2506 non
3314 2454 3475 2509 homo
3503 2457 3605 2511 sibi

2026 2532 2251 2602 gloriam
2284 2532 2451 2600 dedit,
2484 2550 2590 2589 non
2616 2537 2775 2592 homo
2810 2539 2959 2605 vicit,
2994 2555 3092 2596 nec
3120 2536 3238 2611 ipse
3267 2541 3485 2597 sibimet
3511 2560 3600 2599 sa-

2027 2624 2126 2679 luti
2166 2625 2283 2689 fuit,
2320 2627 2557 2692 piissima
2600 2629 2944 2686 confessione
2988 2633 3198 2689 laudem
3243 2636 3334 2691 Dei
3383 2639 3597 2706 repetit,

2028 2715 2248 2770 Dextera
2277 2716 2481 2771 Domini
2511 2721 2633 2789 fecit
2664 2721 2919 2777 virtutem.

2097 2807 2273 2879 (Vers.
2310 2808 2420 2877 17.)
2477 2809 2599 2865 Non
2651 2812 2868 2877 moriar,
2911 2814 3002 2867 sed
3043 2831 3229 2879 vittam,
3281 2826 3330 2870 et
3380 2822 3600 2873 narrabo

2024 2916 2181 2969 opera
2223 2900 2451 2956 Domini.
2491 2902 2602 2957 Vox
2634 2904 2895 2959 Ecclesia:
2931 2915 3034 2971 est,
3074 2924 3177 2962 non
3208 2910 3258 2963 in
3300 2925 3379 2974 se,
3409 2911 3502 2966 sed
3546 2913 3597 2965 in

2024 2991 2256 3047 Domino
2308 2993 2609 3062 gloriantis.
2663 2996 3123 3066 Exstinguendum
3188 2998 3284 3053 Dei
3344 3002 3597 3069 populum

2024 3093 2401 3151 persecutores
2445 3086 2874 3153 arbitrabantur;
2907 3088 3000 3142 sed
3034 3098 3189 3144 aucta
3219 3101 3299 3144 est
3331 3092 3593 3159 Ecclesia,

420 3163 596 3235 (Vers.
630 3164 838 3235 10-12.)
871 3164 1058 3221 Omnes
1100 3178 1273 3238 gentes
1317 3172 1765 3228 circumdederunt
1804 3152 1914 3243 me,
1947 3152 1991 3215 Ο
2021 3184 2073 3230 ει
2103 3176 2304 3245 ubique
2329 3174 2575 3233 Christus
2607 3186 2899 3249 martyrum
2939 3180 3114 3249 gloria
3144 3191 3247 3251 est,
3292 3184 3343 3237 in
3372 3152 3587 3254 quorum

337 3266 388 3311 et
420 3258 471 3311 in
497 3261 695 3313 nomine
728 3257 938 3314 Domini
965 3261 1101 3316 ultus
1129 3277 1243 3318 sunt
1269 3282 1373 3319 eos.
1406 3266 1789 3324 Circuntdantes
1818 3274 1918 3325 cir-

338 3349 713 3403 cumdederunt
744 3366 844 3413 me,
878 3361 925 3405 et
952 3352 1006 3406 in
1032 3356 1235 3409 nomine
1268 3354 1474 3413 Domini
1506 3362 1644 3414 ultus
1669 3378 1780 3417 sum
1808 3380 1913 3417 eos.

338 3437 797 3495 Circumdederunt
817 3457 896 3496 me
914 3443 1045 3496 sicut
1064 3460 1206 3510 apes,
1236 3455 1282 3499 et
1311 3459 1610 3503 exarserunt
1628 3452 1758 3505 sicut
1785 3453 1919 3523 ignis

337 3532 398 3582 in
429 3531 626 3601 spinis;
653 3541 699 3586 et
723 3534 777 3586 in
807 3536 1008 3589 nomine
1033 3536 1264 3605 Domini,
1293 3541 1412 3608 quia
1439 3542 1575 3595 ultus
1597 3560 1711 3596 sum
1734 3544 1787 3597 in
1810 3562 1915 3600 eos.

338 3623 523 3691 Ipsum
548 3623 826 3679 Dominum
850 3627 1279 3696 caputEcclesite
1298 3630 1669 3701 intelligimus,
1689 3635 1915 3691 circum-

337 3718 530 3770 datum
548 3731 575 3770 a
590 3719 1043 3787 persecutoribus,
1059 3721 1199 3777 sicut
1213 3723 1548 3779 circumdant
1566 3740 1695 3794 apes
1715 3726 1915 3782 favum.

335 3804 451 3860 Sed
494 3806 717 3877 mysdce
749 3807 1108 3877 significatum
1146 3819 1264 3878 est,
1319 3814 1460 3882 quod
1510 3829 1806 3870 concursus
1850 3817 1917 3871 ad

337 3909 753 3969 persequentes,
784 3900 936 3957 favus
964 3912 1143 3958 autem
1182 3904 1249 3959 ad
1287 3904 1571 3961 credentes
1603 3908 1916 3976 pertineret.

336 3990 608 4056 Quoniam
640 3990 811 4061 impii,
842 3993 1144 4050 nescientes
1168 3996 1294 4065 quid
1320 3995 1587 4062 facerent,
1620 3998 1915 4054 dulciorem

335 4081 635 4136 cruciando
665 4082 948 4137 fecerunt:
981 4093 1039 4139 ut
1063 4095 1335 4155 gustemus
1358 4097 1414 4142 et
1438 4087 1715 4144 videamus
1757 4105 1917 4160 quam

333 4175 523 4229 suavis
548 4184 631 4230 est
661 4176 917 4232 Dominus
948 4176 1119 4249 (Psal.
1169 4194 1339 4234 xxxttt
1361 4222 1376 4248 ,
1409 4181 1489 4251 8).
1535 4182 1688 4248 Quod
1738 4192 1918 4239 autem

333 4276 642 4321 exarserunt
689 4268 820 4323 sicut
866 4270 999 4340 ignis
1042 4272 1097 4325 in
1153 4272 1341 4343 spinis,
1392 4274 1461 4329 ad
1511 4283 1683 4331 totum
1722 4291 1920 4347 corpus

334 4358 562 4425 Christi,
592 4359 643 4414 id
669 4372 749 4415 est
781 4362 1035 4431 populum
1060 4361 1200 4433 ejus,
1226 4365 1422 4421 melius
1446 4366 1702 4422 refertur.
1731 4367 1919 4423 Omnes

333 4460 517 4520 gentes
542 4453 984 4509 circumdederunt
1004 4472 1104 4522 me,
1132 4458 1259 4527 quia
1288 4473 1355 4514 ex
1376 4460 1630 4514 omnibus
1656 4460 1917 4516 collectus

334 4549 428 4597 est
452 4542 730 4612 gentibus,
764 4557 818 4599 et
842 4546 1041 4616 ubique
1065 4549 1118 4603 in
1158 4562 1280 4603 eum
1312 4560 1629 4607 exarserunt
1662 4566 1914 4619 persecu-

334 4634 506 4687 tionis
543 4634 806 4690 incendia.
859 4636 964 4692 Sed
1006 4638 1147 4693 ultus
1195 4649 1278 4695 est
1325 4654 1747 4712 persequentes,
1792 4643 1917 4713 quia

332 4726 505 4798 5.33
547 4730 807 4784 exstincta
858 4731 1059 4787 malitia
1113 4732 1238 4787 facti
1281 4744 1406 4789 sunt
1442 4734 1771 4803 Christiani;
1804 4737 1919 4793 sive

334 4820 468 4888 quia
499 4834 684 4873 omnes
725 4820 814 4890 qui
848 4822 1191 4889 pertinaciter
1216 4823 1460 4881 infideles
1490 4825 1725 4895 fuerunt,
1757 4843 1915 4898 quem

332 4922 657 4979 spreverunt
689 4922 991 4983 vocantem,
1022 4918 1254 4971 sentient
1272 4917 1624 4986 judicantem.

413 5002 587 5073 (Vera.
626 5002 738 5077 15.)
768 5002 1054 5076 Impulsus,
1094 5024 1293 5063 eversus
1321 5026 1453 5075 sunt,
1482 5023 1535 5065 ut
1572 5014 1824 5081 caderem,
1867 5026 1915 5069 et

330 5094 591 5149 Dominus
613 5098 828 5166 suscepit
854 5114 952 5153 me.
993 5099 1286 5170 Tamquam
1310 5104 1554 5158 cumulus
1585 5120 1762 5159 arente
1790 5122 1914 5161 ver-

327 5194 485 5241 satus
508 5202 624 5241 sum
654 5196 711 5242 ut
734 5190 1003 5257 caderem,
1031 5201 1084 5246 et
1106 5191 1363 5249 Dominus
1389 5196 1624 5264 suscepit
1649 5212 1752 5251 me.
1778 5198 1914 5253 Mul-

327 5276 620 5332 titudinem
665 5279 898 5335 fidelium
943 5281 995 5336 in
1050 5282 1308 5338 unitatem
1364 5284 1484 5339 fidei
1536 5298 1912 5357 congregatam

327 5373 647 5440 persecutio
683 5373 918 5442 gentium
969 5389 1077 5428 non
1124 5375 1309 5430 habuit
1356 5392 1461 5446 quo
1508 5378 1831 5443 impelleret,
1862 5388 1917 5434 et

324 5462 583 5532 quamvis
606 5463 832 5519 multum
855 5466 1102 5522 vexando
1122 5474 1383 5535 versaret,
1406 5470 1712 5526 convellere
1738 5482 1914 5525 tamen

412 5654 432 5715 _’
460 5641 625 5715 forte
652 5643 935 5713 legendum
971 5652 1242 5715 pratparet,
1274 5652 1331 5698 ut
1360 5644 1501 5715 apud
1528 5644 1905 5715 Augustinum.

2023 3268 2365 3336 passionibus
2388 3270 2598 3326 Domini
2631 3284 2793 3340 opera
2818 3272 3197 3340 praedicantur.

2091 3357 2273 3429 (Vcrs.
2316 3359 2426 3430 18.)
2469 3358 2741 3433 Castigans
2779 3365 3045 3435 castigavit
3090 3383 3169 3420 me
3216 3366 3492 3439 Dominus,
3546 3381 3596 3424 et

2020 3450 2173 3502 morti
2214 3466 2315 3503 non
2356 3452 2568 3505 tradidit
2598 3469 2693 3506 nte.
2737 3453 2852 3509 Non
2876 3470 3010 3526 ergo
3055 3458 3345 3529 quidquam
3391 3462 3598 3519 viribus

2020 3538 2133 3593 suis
2156 3539 2373 3595 licuisse
2403 3542 2699 3599 arbitretur
2732 3546 2978 3603 fremitus
3007 3550 3327 3619 impiorum;
3358 3570 3462 3610 non
3504 3556 3599 3611 ha-

2018 3632 2214 3686 berent
2236 3632 2391 3687 istam
2414 3642 2760 3703 potestatem,
2785 3636 2891 3691 nisi
2908 3638 3150 3708 desuper
3173 3642 3397 3695 daretur
3420 3628 3599 3710 (Joan.

2018 3740 2128 3789 XIX,
2160 3724 2270 3795 11).
2300 3723 2452 3795 Saepe
2488 3724 2629 3780 ﬁlios
2656 3742 2787 3781 suos
2819 3730 3213 3797 paterfamilias
3243 3748 3342 3801 per
3372 3735 3602 3803 nequis-

2016 3815 2185 3871 simos
2208 3830 2394 3870 servos
2413 3816 2694 3871 emendari
2710 3817 2889 3887 jubet,
2918 3834 3043 3873 cum
3070 3821 3178 3875 illis
3198 3822 3599 3885 hmreditatcm,

2016 3905 2105 3961 his
2144 3905 2436 3976 compedes
2476 3918 2503 3946 ι
2560 3916 2915 3975 praepararet.
2959 3910 3091 3972 Qum.
3123 3918 3207 3963 est
3259 3910 3361 3963 ista
3421 3910 3600 3965 haere-

2018 3998 2196 4053 ditas'l
2226 3998 2354 4052 Auri
2383 4006 2470 4054 est
2495 4007 2548 4054 et
2586 3999 2813 4068 argenti,
2843 4013 2909 4053 an
2949 3997 3113 4073 5,35
3140 4016 3497 4071 gemmarum,
3528 4020 3594 4061 an

2018 4089 2329 4156 fundorum,
2359 4104 2762 4146 amoenorumve
2794 4091 3156 4161 praediorum?
3199 4094 3333 4152 Vide
3364 4112 3467 4167 qua
3517 4099 3597 4153 in-

2018 4191 2215 4249 tretur,
2242 4193 2297 4237 et
2325 4197 2595 4253 cognosce
2620 4182 2747 4253 quid
2770 4184 2861 4239 sit.

2091 4274 2272 4345 (νει-ε.
2310 4274 2426 4345 19.)
2451 4274 2654 4343 Aperite
2678 4274 2805 4331 mihi
2835 4286 3013 4347 portas
3044 4280 3283 4353 justitiw,
3320 4292 3369 4338 et
3402 4284 3597 4355 ingres—

2018 4381 2106 4420 sus
2140 4365 2197 4420 in
2224 4381 2311 4419 eas
2349 4366 2625 4436 conﬁtebor
2672 4364 2916 4422 Domino.
2964 4369 3107 4425 Intra
3155 4382 3339 4441 portas
3373 4374 3596 4442 justitiae

2019 4471 2126 4511 vox
2157 4466 2241 4513 est
2268 4459 2623 4515 confessionis
2645 4470 2697 4515 et
2728 4463 3126 4518 exsultationis.
3159 4463 3308 4520 Beati
3338 4468 3479 4521 enim
3503 4471 3593 4537 qui

1942 4516 1993 4578 D
2024 4547 2267 4603 habitant
2311 4550 2362 4604 in
2414 4549 2577 4605 domo
2626 4552 2869 4619 Domini,
2916 4554 2969 4608 in
3020 4555 3216 4610 saecula
3271 4516 3593 4615 stesulordnt

1972 4640 1980 4650 ‘
2020 4638 2363 4697 1tlaudahunt
2385 4657 2508 4697 eum
2558 4642 2727 4711 (Psal.
2761 4660 2984 4709 Lxunt,
3016 4643 3093 4716 5).

2092 4733 2271 4802 (Vera.
2296 4734 2412 4803 ΞΟ.)
2445 4734 2573 4789 Hac
2605 4743 2751 4804 porta
2782 4735 3017 4803 Domini,
3038 4738 3173 4809 justi
3206 4739 3469 4795 intrabunt
3506 4759 3599 4811 per

2021 4842 2152 4880 eam.
2186 4825 2313 4879 [late
2339 4832 2492 4894 porta
2515 4824 2658 4879 illius
2682 4833 2765 4880 est
2793 4824 3116 4894 Jerusalem,
3140 4845 3300 4900 quam
3329 4846 3487 4887 nemo
3512 4832 3596 4886 in-

2018 4918 2393 4985 circumcisus,
2421 4931 2581 4973 nemo
2610 4916 2777 4972 intrat
2806 4920 3054 4989 injustus,
3080 4922 3171 4979 ubi
3193 4923 3409 4992 dicitur,
3432 4924 3593 4981 Canes

2017 5013 2159 5081 foras
2192 5009 2372 5080 (Apoc.
2406 5023 2537 5073 nit,
2568 5006 2680 5079 15).

2086 5103 2264 5171 (Vers.
2294 5100 2413 5173 21.)
2441 5101 2731 5170 Conﬁtebor
2757 5103 2868 5169 tibi,
2903 5104 3143 5175 Domine,
3172 5111 3409 5179 quoniam
3427 5126 3591 5166 exau-

2015 5194 2136 5246 disti
2161 5208 2262 5259 me,
2291 5201 2337 5246 et
2370 5193 2536 5262 factus
2566 5209 2617 5248 es
2646 5193 2774 5248 mihi
2807 5195 2863 5249 in
2900 5197 3138 5253 salutem.
3166 5198 3448 5255 Confessio
3478 5202 3593 5256 ha‘e

2014 5287 2189 5343 laudis
2230 5296 2333 5352 est,
2385 5302 2491 5341 non
2524 5287 2746 5344 vulnera
2797 5289 3010 5345 medico
3054 5291 3365 5357 ostendens,
3396 5293 3492 5349 sed
3522 5298 3590 5350 de

2018 5387 2271 5449 percepta
2326 5379 2556 5434 sanitate
2608 5379 2812 5449 gratias
2867 5394 3033 5451 agens
3078 5382 3126 5435 ei
3195 5382 3289 5451 qui
3345 5382 3462 5455 ipse
3506 5398 3590 5441 est

2018 5469 2185 5524 salus.

409 5711 436 5750 ι
465 5712 629 5768 Duae.
658 5711 931 5772 et'Colon.
971 5711 1268 5770 laudabunt
1311 5726 1377 5770 te.
1398 5711 1591 5786 ‘Lugd.
1616 5711 1681 5772 et
1709 5716 1910 5772 Lovan-
1936 5737 2056 5779 cutn
2088 5721 2324 5779 editione
2356 5722 2603 5791 August.,
2636 5720 2920 5779 laudabunt
2947 5744 3092 5783 eum.
