4026 6176
465 260 572 319 355

465 474 547 529 hic
572 474 740 544 factus
774 483 847 527 est
889 474 944 526 in
974 481 1127 543 caput
1173 470 1375 543 anguli.
1428 470 1496 526 Ut
1526 472 1661 525 duos
1704 474 1943 527 conderet
1992 474 2047 527 in

462 566 807 633 semetipsum,
839 562 892 615 in
918 579 1082 616 unum
1111 578 1293 617 novum
1316 562 1593 627 hominem,
1618 563 1813 633 faciens
1842 580 2042 632 pacem,

462 662 508 707 et
547 653 900 707 reconciliaret
936 661 1181 723 utrosque
1217 654 1271 706 in
1312 668 1417 706 uno
1446 667 1657 725 corpore
1690 653 1794 707 Deo
1823 652 2041 725 (Ephes.

462 760 519 807 ιι,
555 743 668 816 l5),
690 745 1159 800 circumcisionem
1188 744 1395 800 scilicet
1424 755 1479 800 et
1509 746 1853 814 praeputium.

531 835 713 907 (Vers.
739 836 856 906 23.)
886 836 932 889 A
953 834 1173 890 Domino
1196 840 1360 907 factus
1379 845 1475 891 est.
1500 837 1753 905 Quamvis
1775 838 1917 891 enim
1939 852 2045 891 non

463 937 607 985 esset
642 928 778 999 lapis
804 929 1099 1000 angularis,
1139 930 1243 984 nisi
1289 945 1480 1000 passus
1509 941 1678 999 esset,
1722 946 1829 986 non
1864 940 2044 986 tamen

464 1022 567 1079 hoc
590 1022 659 1079 ab
687 1022 767 1079 eis
795 1037 827 1077 a
855 1023 1050 1093 quibus
1089 1038 1286 1093 passus
1322 1034 1426 1090 est,
1453 1023 1627 1080 factus
1658 1034 1781 1080 est:
1813 1039 1935 1079 nam
1968 1024 2045 1079 illi

460 1113 551 1184 qui
576 1112 915 1169 aedificabant
955 1114 1409 1183 reprobaverunt,
1447 1114 1546 1170 sed
1585 1116 1635 1168 in
1668 1126 1735 1170 eo
1762 1114 1909 1185 quod
1933 1114 2043 1168 Do-

460 1203 639 1258 minus
660 1205 870 1259 occulte
891 1202 1211 1267 asdilicabat,
1241 1202 1367 1258 fecit
1391 1204 1445 1257 in
1466 1212 1625 1272 caput
1650 1203 1858 1273 anguli,
1882 1217 2043 1273 quem

459 1294 907 1365 reprobaverunt.
948 1292 1019 1349 Et
1055 1303 1130 1348 est
1152 1292 1401 1349 mirabilis
1444 1294 1499 1347 in
1544 1293 1707 1349 oculis
1749 1294 1955 1349 nostris.
1985 1292 2046 1348 In

456 1384 630 1441 oculis
662 1385 1006 1441 interioribus
1059 1384 1319 1452 hominis,
1368 1384 1424 1441 in
1470 1384 1643 1442 oculis
1686 1384 2041 1452 credentium,

458 1475 813 1547 sperantium,
848 1476 1206 1545 diligentium.

529 1587 707 1661 (Vers.
738 1585 859 1658 ει.)
893 1586 1020 1641 Haec
1046 1586 1154 1640 dies
1192 1595 1267 1640 est
1294 1602 1444 1656 quam
1480 1587 1600 1659 fecit
1640 1587 2043 1656 Dominus;ea:-

454 1684 701 1737 suttemus
732 1690 777 1735 et
793 1680 1134 1754 jocundemur
1169 1681 1222 1734 in
1248 1695 1326 1732 ea.
1354 1680 1479 1735 Dies
1517 1696 1624 1749 quo
1655 1681 1784 1735 mihi
1814 1682 2041 1737 salutem

1697 267 1758 315 S.
1800 264 2133 323 PROSPERI
2177 269 2502 337 AQUITANI

538 376 717 450 (Vera.
739 378 852 451 22.)
869 378 1117 449 Lapidem
1134 394 1282 449 quem
1301 380 1695 447 reprobouerunl
1710 379 2042 449 aediﬁcantes,
2074 385 2122 441 Α

2646 387 2961 446 PSALMUS
2997 388 3223 446 CXVIII.

2833 497 3023 536 ηερε.

2217 569 2398 641 (Vers.
2434 570 2509 642 l.)
2544 570 2689 625 Beati
2712 574 3032 627 immaculati
3051 574 3105 628 in
3126 575 3225 639 uia,
3256 574 3346 641 qui
3379 573 3651 627 ambulant
3675 574 3731 629 in

2146 661 2256 733 lege
2283 661 2513 717 Domini.
2541 664 2688 719 Beati
2711 678 2834 720 esse
2854 681 2961 719 non
2985 677 3228 734 possunt,
3252 666 3353 719 nisi
3379 664 3732 720 immaculati.

2146 752 2475 809 ltnmaculati
2508 763 2685 809 autem
2735 770 2843 810 non
2891 763 3039 820 sunt,
3072 754 3173 809 nisi
3215 757 3304 825 qui
3345 756 3401 810 in
3427 754 3506 810 via
3539 755 3735 810 ambu—

2146 845 2295 911 lant;
2340 848 2421 900 via
2462 862 2593 902 vero
2625 862 2731 902 non
2763 856 2872 915 est,
2921 846 3022 902 nisi
3070 848 3154 902 lex
3196 847 3427 902 Domini.
3471 846 3735 914 Quaerens

2144 954 2275 1007 ergo
2303 939 2717 1007 beatitudinem,
2743 939 3122 995 immaculatus
3153 940 3205 994 in
3231 940 3312 993 via
3340 941 3432 1005 sit,
3456 949 3511 995 et
3535 940 3588 995 in
3611 939 3734 1010 lege

2146 1028 2382 1091 Domini,
2406 1044 2527 1100 qua:
2558 1030 2836 1087 beatorum
2861 1030 2947 1085 via
2971 1038 3077 1098 est,
3110 1030 3369 1098 ambulet,
3400 1029 3455 1085 id
3484 1039 3589 1097 est,
3620 1045 3734 1088 non

2144 1120 2218 1174 sit
2236 1120 2464 1175 otiosus.

2219 1209 2397 1283 (Vers.
2425 1209 2505 1283 2.)
2536 1211 2685 1266 Beati
2723 1213 2815 1285 qui
2848 1220 3144 1267 scrutantur
3172 1212 3462 1267 testimonia
3497 1215 3641 1285 ejus,
3674 1215 3732 1267 in

2144 1314 2250 1359 toto
2279 1306 2431 1359 corde
2456 1307 2726 1377 exquirunt
2754 1323 2889 1360 eum.
2923 1306 2979 1360 In
3019 1307 3104 1360 via
3136 1305 3349 1361 Domini
3389 1305 3440 1360 hi
3472 1306 3591 1362 sine
3626 1305 3732 1361 du-

2145 1396 2236 1452 bio
2275 1398 2569 1459 ambulant,
2620 1397 2714 1468 qui
2749 1406 3042 1453 scrutantur
3092 1399 3382 1452 testimonia
3430 1401 3563 1472 ejus.
3619 1399 3729 1455 Sed

2145 1489 2266 1557 quia
2305 1489 2459 1543 multi
2498 1490 2687 1545 volunt
2722 1488 2925 1545 habere
2969 1490 3252 1545 scientiam
3303 1489 3420 1545 sine
3448 1489 3727 1558 Operibus,

2147 1580 2343 1636 merito
2385 1580 2608 1647 addidit,
2648 1581 2701 1635 in
2749 1589 2855 1636 toto
2885 1583 3038 1637 corde
3086 1582 3362 1648 exquirunt
3403 1596 3538 1634 eum.
3588 1581 3729 1638 Tum

2148 1671 2290 1725 enim
2312 1681 2460 1725 recte
2481 1670 2740 1739 quaeritur
2769 1670 2931 1738 Deus,
2956 1671 3001 1725 si
3022 1684 3131 1724 non
3156 1685 3253 1740 per
3279 1671 3452 1739 ipsum
3480 1670 3607 1735 alia,
3631 1670 3729 1727 sed

455 1773 623 1843 dedit,
653 1773 766 1828 dies
796 1753 902 1842 quo
932 1773 1020 1827 ille
1051 1770 1311 1827 Mediator
1337 1771 1431 1827 Dei
1460 1781 1514 1828 et
1544 1771 1821 1829 hominum
1861 1772 2037 1829 factus

2151 1775 2242 1831 per
2265 1762 2443 1816 omnia
2473 1761 2587 1830 ipse
2630 1771 2920 1831 quaeratur.
2956 1760 3242 1817 Beatitndo
3274 1770 3452 1816 autem
3481 1776 3730 1829 quaeren-

455 1874 540 1921 est
570 1867 622 1921 in
645 1874 807 1936 caput
830 1864 1033 1934 anguli.

524 1982 704 2051 (Vers.
734 1980 853 2051 25.)
888 1979 933 2035 0
974 1979 1215 2043 Domine,
1260 1977 1457 2032 salvum
1490 1995 1568 2031 me
1598 1981 1705 2049 fac,
1740 1994 1770 2032 ο
1806 1976 2039 2045 Domine,

454 2076 577 2131 bene
623 2091 893 2146 prospera.
944 2073 1162 2128 Salvum
1210 2073 1314 2143 fac,
1347 2073 1470 2141 quia
1522 2071 1638 2126 dies
1686 2071 1873 2125 salutis
1917 2080 2038 2137 est;

456 2181 700 2237 prospera
741 2167 846 2220 iter
887 2180 917 2217 a
951 2162 1381 2235 peregrinatione
1416 2161 1792 2227 redeuntibus,
1826 2164 1947 2232 quia
1983 2173 2040 2216 tu

454 2258 611 2314 nobis
640 2256 812 2313 factus
837 2271 896 2312 es
928 2258 1034 2311 via.

526 2369 707 2443 (Vers.
739 2369 857 2438 26.)
888 2368 1190 2423 Benedictus
1214 2367 1302 2438 qui
1334 2367 1469 2421 venit
1499 2366 1553 2420 in
1583 2368 1785 2421 nomine
1807 2364 2036 2419 Domini.

454 2462 773 2518 Maledictus
798 2461 892 2516 ille
921 2462 1009 2528 qui
1039 2460 1188 2515 venit
1215 2460 1267 2514 in
1301 2458 1517 2515 nomine
1539 2474 1657 2518 suo.
1688 2472 1845 2528 quem
1874 2459 2039 2513 susci-

453 2553 602 2624 pient
632 2555 719 2624 qui
761 2552 858 2608 Dei
886 2552 1079 2607 F.1ium
1112 2567 1216 2605 non
1261 2559 1582 2620 receperunt
1626 2549 1805 2617 (Joan.
1837 2566 1888 2617 v,
1920 2548 2036 2618 45).

454 2646 817 2703 Benediximus
841 2662 927 2701 vos
949 2645 1013 2700 de
1030 2646 1183 2700 domo
1209 2643 1439 2699 Domini.
1461 2644 1575 2699 Vox
1601 2644 1699 2699 ista
1724 2658 2037 2713 magnorum

453 2746 539 2795 est
557 2739 623 2795 ad
655 2739 877 2810 pusillos
906 2756 917 2791 :
945 2752 1132 2793 eorum
1165 2737 1375 2793 scilicet
1405 2751 1744 2806 magnorum,
1780 2737 1868 2806 qui
1908 2736 2041 2791 Ver-

454 2835 581 2887 bum
615 2833 706 2889 Dei
761 2832 951 2897 Deum,
1003 2835 1144 2888 sicut
1188 2833 1241 2887 in
1283 2833 1380 2887 hac
1430 2834 1537 2886 vita
1586 2843 1832 2901 possunt,
1858 2842 2040 2889 mente

455 2927 797 2996 contingunt,
826 2936 878 2982 et
909 2936 1087 2981 tamen
1118 2939 1431 2982 sermonem
1466 2942 1620 2981 suum
1667 2935 1887 2996 propter
1916 2940 2041 2995 par-

453 3018 607 3073 vulos
638 3024 961 3088 temperant.

526 3133 705 3203 (Vers.
728 3131 846 3203 27.)
884 3130 1023 3186 Deus
1054 3130 1325 3194 Dominus,
1367 3137 1415 3184 et
1446 3131 1623 3190 illuxit
1651 3129 1813 3184 nobis.
1852 3126 2039 3183 Illuxit
2068 3110 2114 3173 (ἶ

454 3225 598 3279 nobis
631 3221 892 3278 Mediator
920 3221 1018 3276 Dei
1054 3222 1145 3278 ille
1189 3230 1234 3275 et
1280 3222 1565 3291 hominum,
1614 3220 1768 3275 honto
1812 3219 2042 3276 Christus

456 3316 608 3371 Jesus
634 3314 677 3386 (l
703 3313 839 3369 Tim.
872 3331 931 3382 ιι,
960 3316 1051 3383 5);
1080 3318 1169 3384 qui
1201 3325 1254 3369 et
1283 3315 1423 3370 Deus
1450 3315 1673 3384 aequalis
1702 3314 1867 3380 Patri,
1899 3314 2041 3383 quod

454 3406 584 3461 fecit
613 3405 780 3471 credi,
813 3405 942 3461 fecit
980 3405 1228 3474 intelligi.
1263 3402 1566 3459 Constituite
1594 3404 1730 3457 diem
1752 3406 1939 3472 festum
1986 3404 2040 3459 in

456 3497 961 3569 frequentationibus,
982 3512 1141 3565 usque
1161 3496 1227 3549 ad
1248 3511 1409 3550 cornu
1427 3494 1633 3550 altaris.
1663 3494 1722 3549 Id
1744 3502 1848 3560 est,
1872 3510 2043 3564 usque

456 3592 523 3646 ad
541 3591 850 3647 interiorem
876 3589 1091 3644 domum
1112 3588 1229 3655 Dei,
1256 3596 1281 3624 α
1300 3589 1367 3642 de
1387 3601 1491 3657 qua
1510 3601 1606 3641 nos
1626 3585 2037 3653 benediximus;

455 3686 547 3741 ubi
585 3693 710 3740 sunt
736 3684 923 3739 altaris
962 3682 1123 3756 435
1163 3681 1400 3749 excelsa,
1433 3681 1525 3735 ubi
1555 3680 1799 3750 Spiritale
1834 3681 2040 3736 sacriﬁ-

454 3781 598 3835 cium
629 3776 805 3832 laudis
833 3786 1127 3846 perpetuae,
1157 3774 1249 3830 ubi
1285 3781 1370 3829 est
1404 3772 1662 3828 sacerdos
1702 3780 1953 3837 διιεῖ-ηας,
1986 3779 2043 3828 et

455 3870 627 3924 altare
667 3868 1078 3936 sempiternum,
1114 3865 1181 3919 ad
1212 3864 1355 3935 quod
1386 3878 1495 3920 non
1538 3863 1720 3935 tepide
1760 3878 1935 3934 neque
1954 3879 2042 3919 se-

454 3962 654 4031 gniter,
682 3960 780 4015 sed
818 3961 870 4012 in
915 3958 1345 4027 frequentatione
1369 3956 1699 4012 currendum
1729 3965 1813 4011 est
1842 3973 1854 4010 :
1887 3965 1943 4010 ut
1972 3956 2041 4011 de

459 4053 594 4107 Filio
622 4052 753 4115 Deo,
791 4051 883 4120 qui
916 4060 1137 4119 propter
1176 4062 1276 4102 nos
1307 4061 1436 4103 caro
1466 4048 1637 4102 factus
1668 4058 1751 4102 est
1785 4045 1964 4115 (Jaan.
1998 4064 2036 4112 ι,

461 4142 574 4210 Ib),
603 4157 707 4195 non
735 4141 844 4210 jam
870 4140 1143 4194 humiliter
1175 4138 1477 4193 secundum
1510 4153 1751 4205 carnem,
1778 4153 1883 4205 qua
1913 4153 2042 4193 con-

458 4235 647 4287 formis
668 4232 824 4287 nobis
851 4245 972 4286 esse
997 4231 1243 4299 dignatus
1271 4238 1374 4293 est,
1404 4231 1498 4284 sed
1521 4230 1827 4284 sublimiter
1850 4244 2041 4285 secun-

458 4327 584 4381 dum
603 4325 961 4393 divinitatem,
981 4338 1090 4392 qua
1123 4322 1267 4377 Patri
1284 4322 1503 4392 aequalis
1525 4333 1609 4376 est
1624 4320 1651 4359 δ
1676 4321 2037 4377 sentiendum.

529 4416 708 4487 (Vers.
734 4414 854 4488 28.)
885 4414 1022 4468 Deus
1046 4429 1185 4469 meus
1210 4429 1262 4468 es
1290 4422 1362 4478 tu,
1387 4423 1433 4466 et
1456 4413 1735 4481 conﬁtebor
1760 4413 1874 4480 tibi;
1905 4412 2040 4467 Deus

2146 1852 2284 1906 tium
2314 1851 2623 1919 Dominum,
2656 1852 2710 1906 in
2734 1852 2895 1921 hujus
2921 1853 3046 1908 vitae
3084 1852 3357 1907 laboribus
3400 1866 3506 1907 non
3548 1861 3729 1922 potest

2142 1959 2262 1999 esse
2291 1943 2547 2014 perfecta.
2584 1943 2690 2000 Sed
2721 1943 2862 1999 beati
2882 1944 2993 2014 jam
3026 1944 3295 2009 dicuntur,
3330 1944 3420 2014 qui
3470 1944 3574 1999 hoc
3608 1944 3730 1999 sine

2141 2034 2305 2091 dubio
2334 2044 2461 2090 sunt
2489 2034 2677 2099 futuri,
2704 2035 2828 2104 quia
2864 2035 2917 2090 in
2946 2033 3035 2089 via
3064 2036 3341 2090 ambulant
3372 2034 3725 2101 immaculati,

2140 2136 2194 2180 et
2222 2134 2527 2180 scrutantes
2558 2125 2869 2180 testimonia
2904 2124 3042 2195 legis
3067 2125 3305 2193 Domini,
3334 2128 3389 2180 in
3419 2134 3534 2181 toto
3561 2126 3730 2181 corde

2140 2217 2428 2285 exquirunt
2468 2232 2613 2273 eum.
2666 2217 2774 2287 Spe
2813 2231 2942 2286 ergo
3000 2217 3143 2272 beati
3173 2226 3319 2286 sunt,
3360 2217 3484 2287 quia
3528 2217 3728 2273 talibus

2140 2307 2421 2364 beatitudo
2454 2310 2724 2378 promissa
2765 2317 2868 2364 est.

2209 2402 2389 2472 (Vers.
2415 2401 2495 2473 5.)
2527 2402 2650 2457 Non
2672 2402 2807 2456 enim
2835 2402 2924 2473 qui
2968 2411 3252 2474 aperantur
3287 2401 3629 2471 iniquitatem,
3670 2400 3731 2453 in

2138 2497 2232 2551 uiis
2278 2500 2388 2568 ejus
2426 2495 2833 2550 ambulaverunt.
2868 2494 2964 2549 Hic
2996 2494 3279 2563 quaeritur,
3308 2507 3427 2546 cum
3471 2492 3729 2561 iniquitas

2139 2599 2421 2662 peccatum
2452 2590 2545 2657 sit,
2571 2598 2625 2645 et
2656 2604 2763 2645 non
2794 2604 2845 2655 οι
2865 2599 3087 2643 erentur
3108 2596 3391 2655 peccatum
3419 2586 3508 2655 qui
3536 2584 3732 2639 ambu-

2140 2684 2257 2738 lant
2279 2684 2330 2737 in
2362 2682 2465 2737 viis
2497 2682 2729 2748 Domini,
2782 2679 3054 2751 quomodo
3083 2678 3157 2733 illi
3200 2680 3372 2732 sancti
3404 2676 3457 2731 in
3489 2676 3589 2730 viis
3619 2675 3735 2728 Do-

2142 2773 2274 2829 mini
2305 2774 2737 2838 ambulaverunt,
2770 2773 2859 2841 qui
2888 2771 3095 2837 dicunt,
3150 2770 3210 2825 Si
3248 2769 3533 2823 dixerimus
3562 2766 3736 2839 536

2141 2870 2263 2939 quia
2286 2878 2550 2937 peccatum
2586 2883 2691 2921 non
2729 2865 2996 2929 habemus,
3034 2881 3127 2918 nos
3157 2863 3295 2934 ipsos
3337 2861 3643 2926 seducimus,
3682 2870 3737 2914 et

2140 2961 2326 3014 veritas
2352 2960 2405 3013 in
2425 2959 2570 3013 nobis
2608 2973 2712 3012 non
2740 2966 2811 3011 est
2842 2957 2883 3025 (I
2914 2955 3069 3010 Joan.
3094 2971 3134 3021 ι,
3164 2956 3255 3024 8)?
3282 2955 3423 3023 Ergo
3458 2962 3511 3009 et
3538 2967 3736 3023 pecca-

2146 3059 2254 3105 tum
2286 3050 2609 3115 habuerunt,
2633 3058 2687 3103 et
2714 3048 2767 3103 in
2800 3048 2900 3101 viis
2935 3047 3142 3101 Domini
3174 3046 3604 3108 ambulaverunt,
3637 3057 3737 3097 se-

2145 3140 2379 3196 cundum
2412 3140 2630 3195 Paulum
2659 3138 2959 3203 dicentem,
2985 3136 3205 3207 Siquod
3232 3136 3374 3201 nolo,
3406 3150 3499 3206 ego
3524 3135 3619 3187 hoc
3646 3139 3737 3204 {a-

2143 3235 2245 3300 cio,
2268 3249 2366 3287 non
2390 3248 2481 3302 ego
2508 3247 2691 3303 operor
2716 3229 2871 3295 illud,
2898 3228 2987 3283 sed
3016 3229 3154 3298 quod
3184 3226 3379 3281 habitat
3406 3227 3459 3280 in
3488 3242 3566 3281 me
3601 3244 3736 3295 pee-

2143 3335 2310 3379 catum
2332 3324 2506 3396 (Rom.
2528 3339 2623 3389 vn,
2648 3323 2763 3391 15).
2794 3321 2977 3391 Itaque
3006 3334 3105 3375 nec
3132 3329 3424 3387 Operantur
3447 3328 3733 3386 peccatum

2143 3416 2234 3485 qtti
2273 3415 2546 3470 ambulant
2592 3414 2644 3467 in
2688 3413 2790 3467 viis
2826 3410 3061 3476 Domini,
3119 3417 3175 3465 et
3219 3417 3393 3464 tamen
3444 3422 3548 3463 non
3598 3418 3737 3463 sunt

2143 3506 2345 3576 absque
2368 3514 2610 3573 peccato,
2654 3503 2779 3571 quia
2815 3500 2929 3571 jam
2973 3515 3080 3555 non
3113 3498 3215 3569 ipsi
3242 3509 3536 3568 cperantur
3563 3497 3727 3565 illud,

2144 3599 2236 3654 sed
2280 3598 2419 3668 quod
2456 3597 2665 3653 habitat
2695 3596 2748 3650 in
2786 3595 2866 3651 eis
2895 3601 3196 3664 peccatum.
3245 3592 3363 3648 Non
3407 3602 3583 3648 autem
3617 3595 3737 3663 ipsi

2143 3700 2438 3760 operantur
2459 3689 2612 3753 illud,
2635 3688 2846 3758 quando
2867 3685 3075 3741 illicitis
3094 3683 3378 3740 desideriis
3400 3698 3734 3740 consensum

2143 3797 2250 3836 non
2275 3778 2689 3835 accommodant
2717 3776 3033 3833 voluntatis.
3060 3775 3443 3830 Verumtamen
3468 3789 3585 3828 eum
3606 3790 3738 3828 orn-

2143 3888 2242 3929 ues
2270 3873 2466 3937 sancti,
2491 3873 2543 3925 in
2576 3885 2739 3926 carne
2764 3868 3045 3938 degentes,
3088 3868 3355 3922 veraciter
3390 3865 3598 3935 dicant,
3626 3864 3729 3919 Di-

2143 3966 2285 4019 mitte
2309 3964 2451 4017 nobis
2471 3963 2641 4018 debita
2658 3972 2836 4016 nostra
2861 3959 3072 4031 (Matth.
3095 3974 3179 4025 vt,
3200 3955 3314 4027 l2),
3336 3958 3605 4028 quomodo
3631 3958 3736 4011 in-

2144 4055 2401 4126 telligitur
2433 4053 2806 4109 immaculatos
2829 4066 2927 4107 eos
2958 4051 3009 4105 in
3049 4050 3132 4105 via
3179 4048 3390 4102 Domini
3423 4048 3732 4115 ambulare,

2141 4163 2276 4218 quos
2289 4155 2502 4216 oportet
2524 4145 2836 4217 quotidiana
2852 4144 3096 4198 oratione
3110 4141 3484 4196 remissionem
3503 4155 3736 4210 poscere

2145 4237 2524 4311 peccatorum?
2553 4238 2655 4294 nisi
2685 4240 2808 4306 quia
2834 4250 3020 4291 verum
3049 4244 3154 4300 est,
3183 4233 3521 4289 ambulantes
3549 4234 3602 4286 in
3632 4233 3729 4286 via

2144 4330 2361 4386 Domini
2401 4330 2564 4385 nullis
2585 4329 2896 4383 consentire
2934 4325 3272 4389 criminibus,
3306 4332 3363 4378 et
3390 4333 3565 4377 tamen
3601 4323 3733 4391 qui-

2143 4424 2367 4479 busdam
2394 4423 2777 4494 cogitationum
2806 4418 3106 4475 carnalium
3149 4415 3557 4484 obreptionibus
3591 4414 3736 4469 titil-

460 4525 600 4563 meus
644 4525 698 4563 es
743 4518 816 4572 lu.
857 4518 907 4562 et
950 4508 1181 4562 exaltabo
1227 4516 1294 4561 τε.
1325 4502 1615 4575 Conﬁtebor
1644 4506 1756 4568 tibi.
1793 4505 2035 4572 Domine.
2070 4491 2120 4549 D
2147 4517 2264 4581 lari,
2291 4523 2345 4571 et
2373 4514 2443 4568 ob
2470 4491 2573 4568 hoc
2611 4512 2691 4568 eis
2735 4510 3099 4566 necessariam
3140 4506 3504 4578 quotidianam
3538 4506 3733 4560 semis-

459 4602 704 4670 quouiam
745 4600 999 4655 exaudisti
1047 4618 1145 4667 me,
1172 4611 1220 4655 et
1264 4605 1432 4671 factus
1464 4616 1517 4653 es
1547 4598 1676 4652 mihi
1708 4600 1763 4653 in
1799 4601 2037 4657 salutem.

462 4695 578 4751 Non
607 4692 838 4762 strepitu
882 4694 984 4748 ista
1012 4694 1301 4748 verborum
1332 4690 1602 4755 dicentur,
1643 4691 1699 4745 in
1749 4691 1841 4745 illa
1880 4692 2042 4747 domo

458 4787 526 4842 ad
555 4800 716 4858 quam
744 4794 805 4841 ut
837 4784 1102 4841 intremus
1149 4786 1427 4849 hortatur;
1475 4784 1569 4838 sed
1610 4784 1829 4840 dilectio
1874 4785 2041 4840 inlue-

461 4896 590 4936 rens
622 4881 752 4946 Deo,
777 4880 891 4949 ipsa
920 4879 1025 4933 erit
1053 4891 1152 4932 vox
1183 4878 1505 4932 laudationis
1537 4886 1778 4932 aeternae.

530 4970 710 5044 (Vera.
753 4970 869 5041 29.)
922 4967 1244 5035 Conﬁtemini
1294 4966 1534 5033 Domino,
1576 4970 1815 5039 quoniam
1857 4970 2036 5038 bonus,

458 5062 700 5130 quoniam
744 5062 799 5115 in
837 5061 1085 5115 sarculum
1122 5060 1474 5114 misericordia
1509 5064 1638 5133 ejus.
1682 5061 1877 5116 Iisdem
1926 5079 2041 5117 ver-

462 5155 543 5207 bis
577 5164 599 5192 ε
633 5153 896 5222 psalmum
937 5150 1131 5220 quibus
1176 5149 1521 5205 inchoaverat
1562 5151 1780 5219 claudit,
1820 5151 1943 5221 quia
1973 5152 2041 5206 ab

461 5246 617 5300 initio
652 5258 825 5312 usque
880 5242 938 5297 in
983 5242 1142 5295 linem
1172 5240 1334 5295 debet
1375 5241 1429 5295 in
1479 5240 1634 5296 nobis
1674 5240 2038 5297 laudationum

462 5334 557 5389 Dei
589 5348 937 5405 perseverare
964 5330 1257 5389 confessio.

541 5564 566 5638 ς
594 5556 1077 5638 [Etﬁugustinohde
1098 5574 1197 5626 qua
1226 5574 1315 5638 vos
1343 5555 1712 5638 benediximus.

541 5622 568 5662 ³³
601 5625 738 5679 Editi
764 5622 819 5707 in
841 5642 934 5683 ora
954 5628 1075 5684 libri
1106 5622 1170 5683 ex
1196 5629 1505 5699 conjecmra
1535 5635 1722 5681 notant
1745 5624 1899 5684 aliter
1931 5625 2033 5695 legi

466 5708 623 5763 posse
651 5707 925 5759 sentiamus

2143 4607 2375 4672 sionem,
2408 4614 2466 4659 ut
2503 4603 2631 4657 ﬁant
2663 4599 3022 4656 immaculati:
3046 4599 3296 4668 quoniam
3328 4606 3385 4652 et
3415 4596 3517 4651 hoc
3540 4596 3725 4666 ipsiim

2144 4695 2211 4751 ad
2241 4695 2383 4750 viam
2429 4694 2664 4762 pertinet
2709 4690 2942 4756 Domini,
2984 4689 3050 4744 de
3095 4703 3198 4759 qua
3229 4702 3335 4743 non
3374 4684 3600 4753 recedit,
3628 4689 3730 4755 qui

2142 4801 2201 4842 se
2229 4782 2564 4840 immaculari
2584 4797 2796 4851 semper
2823 4781 3087 4850 exposcit.

2217 4876 2400 4946 (Vers.
2423 4874 2506 4945 4.)
2535 4873 2616 4927 Tu
2631 4873 2888 4927 mandasti
2909 4871 3151 4925 mandata
3173 4878 3262 4923 tua
3284 4865 3531 4922 custodiri
3554 4868 3731 4921 nimis.

2151 4966 2340 5031 Nimis,
2375 4967 2490 5020 sive
2533 4965 2597 5019 ad
2637 4963 3007 5027 mandantem,
3054 4962 3172 5017 sive
3218 4959 3288 5015 ad
3335 4960 3733 5017 custodientem

2150 5058 2373 5122 referas,
2410 5072 2513 5111 nou
2545 5071 2640 5123 pro
2661 5070 2726 5108 eo
2754 5053 2896 5124 quod
2925 5062 3008 5108 est
3049 5052 3167 5122 plus
3189 5067 3348 5122 quam
3378 5062 3618 5120 oportet,
3644 5066 3737 5107 ac-

2147 5148 2562 5218 cipiendumest,
2594 5144 2689 5199 sed
2725 5158 2822 5213 pro
2858 5143 3038 5197 valde.
3063 5142 3228 5197 Valde
3249 5142 3392 5196 enim
3419 5142 3734 5209 mandatur,

2148 5250 2203 5298 et
2230 5241 2382 5294 valde
2407 5237 2755 5293 custodienda
2786 5246 2910 5291 sunt
2943 5246 3210 5306 prmcepta
3241 5234 3443 5288 divina.

2219 5331 2399 5403 (Vers.
2424 5330 2504 5403 5.)
2532 5330 2739 5387 Utinam
2761 5330 3052 5403 dirigantur
3076 5329 3169 5382 via:
3199 5343 3324 5381 mea:
3351 5327 3419 5380 ad
3442 5325 3736 5383 custodim-

2275 5559 2512 5626 Lugdun.
2546 5568 2601 5616 et
2645 5561 2872 5629 Lovan.,
2916 5560 3163 5631 psalmus.
3206 5560 3368 5615 Duae.
3410 5567 3467 5615 et
3509 5559 3734 5630 Colom,

2150 5630 2421 5699 psalmum.
