4030 6178
288 296 399 357 387

1038 293 1464 354 PSALMORUM
1501 298 1547 353 A
1590 296 1631 354 C
1670 298 1762 355 AD
1800 297 1884 353 CL
1925 296 2302 354 EXPOSI'I'IO.
2344 297 2537 355 PSAL.
2576 297 2810 356 CXVIII.

3453 305 3561 363 538

286 411 384 464 das
402 410 804 482 justiﬁcationes
832 412 977 465 tuas!
997 408 1219 475 Dedisti,
1246 409 1437 479 inquit,
1464 410 1793 473 mandatum,
1818 420 1871 464 et
1899 413 1946 470 Α
1974 411 2079 463 oris
2110 411 2204 465 tui.
2239 408 2403 476 Nihil,
2436 410 2629 479 inquit,
2658 410 2989 480 iudiciorum
3024 418 3236 468 tuorum
3277 412 3438 479 tacui,
3466 415 3560 470 sed

286 504 550 559 custodiri
586 504 716 559 illud
752 503 1088 573 praecepisti;
1133 504 1229 559 sed
1276 504 1483 558 utinam
1536 503 1781 572 praebeas
1815 512 1869 557 et

285 592 565 657 auxilium,
595 603 654 648 ut
677 593 877 663 possim
909 593 1110 660 facere,
1145 604 1196 649 te
1218 593 1460 664 juvante,
1494 594 1637 664 quod
1667 593 1867 649 facien-

284 683 410 737 dum
440 681 626 747 didici,
658 695 709 737 te
738 684 966 739 docente
991 686 1004 738 !

354 772 542 839 (Vers.
576 772 657 841 6.)
686 772 830 827 Tunc
868 789 973 827 non
1012 775 1325 845 confundar,
1364 790 1479 828 cum
1522 776 1776 845 perspicio
1814 776 1867 829 in

282 866 459 917 omnia
482 865 728 919 mandata
750 874 857 918 tua.
882 866 1037 931 Cum,
1069 868 1265 937 inquit,
1293 866 1515 921 directa:
1537 866 1735 923 fuerint
1766 868 1867 922 vite

279 970 420 1009 mete
449 969 545 1024 per
576 957 804 1025 gratiam
833 963 1003 1021 tuam,
1035 964 1161 1010 tunc
1203 957 1543 1022 inspectione
1589 958 1868 1011 mandato-

278 1059 400 1099 rum
432 1054 650 1101 tuorum
689 1061 796 1101 non
845 1048 1166 1115 confundar,
1193 1057 1216 1085 ⁸
1247 1047 1339 1116 qui
1376 1063 1473 1105 ero
1518 1064 1625 1103 non
1660 1049 1867 1105 inutilis

276 1138 516 1201 auditor,
544 1137 641 1192 sed
670 1138 865 1193 efticax
892 1137 1085 1194 factor.

347 1229 534 1301 (Vers.
567 1229 647 1300 7.)
694 1231 983 1300 Conﬁtebor
1030 1232 1140 1299 tibi,
1196 1230 1436 1297 Domine,
1491 1232 1545 1286 in
1586 1232 1866 1287 directione

275 1322 495 1389 cordis;
523 1324 580 1377 in
605 1340 663 1378 eo
698 1324 836 1391 quod
876 1325 1143 1378 didicerim
1177 1327 1380 1397 judicia
1412 1328 1634 1397 justitia:
1659 1334 1781 1382 tute.
1808 1328 1863 1382 Si

274 1412 550 1468 directum
596 1412 759 1469 fuerit
805 1415 909 1471 iter
936 1430 1114 1471 meum
1147 1427 1200 1471 et
1223 1431 1321 1472 cor
1355 1432 1558 1483 meum,
1588 1427 1642 1473 et
1664 1418 1866 1488 praedi-

275 1504 437 1572 cabo,
470 1505 720 1573 Domine,
753 1516 826 1575 te,
870 1506 1123 1575 laudabo,
1165 1516 1221 1563 et
1267 1508 1344 1565 tui
1371 1523 1490 1566 esse
1539 1509 1640 1566 hoc
1687 1511 1866 1581 operis

274 1597 601 1653 confitebor.

346 1687 533 1758 (Vers.
556 1687 638 1757 8.)
663 1687 1068 1756 Justiﬁcationes
1110 1698 1225 1745 tuas
1273 1692 1594 1753 custodiant:
1619 1691 1719 1746 hoc
1758 1702 1859 1760 est,

1973 500 2151 554 omnia
2184 515 2402 568 prorsus
2434 500 2486 554 in
2533 500 2686 555 labiis
2720 503 2854 557 meis
2881 502 3177 569 enuntiavi,
3216 520 3278 559 ea
3323 503 3555 571 scilicet,

1972 605 2094 661 quin
2124 592 2255 647 mihi
2298 606 2393 647 ore
2422 600 2535 661 tuo,
2569 593 2621 647 id
2654 601 2760 659 est,
2793 592 3127 663 eloquiorum
3172 603 3388 651 tuorum
3418 610 3558 667 prae-

1972 682 2243 738 dicatione
2268 682 2475 737 dixisti.

2043 773 2223 844 (Vers.
2253 774 2368 845 14.)
2406 772 2473 829 In
2496 776 2578 829 via
2604 776 3012 829 testimoniorum
3054 788 3258 830 tuorum
3281 776 3557 834 delectatus

1969 880 2104 934 sum,
2134 866 2267 919 sicut
2287 867 2339 919 in
2369 866 2603 920 omnibus
2628 866 2843 920 divitiis.
2874 865 2966 919 Via
3001 867 3429 922 testimoniorum
3462 868 3556 923 Dei

1968 954 2236 1022 Christus,
2282 956 2335 1009 in
2375 972 2475 1025 quo
2515 965 2635 1009 sunt
2681 972 2854 1011 omnes
2904 955 3137 1011 thesauri
3188 958 3459 1027 sapientia:
3508 970 3556 1012 et

1967 1046 2191 1100 scientia:
2234 1044 2524 1099 absconditi
2574 1045 2801 1117 (Coloss.
2836 1061 2894 1113 Il,
2925 1043 3003 1119 3).
3049 1045 3107 1103 In
3138 1045 3240 1102 hac
3283 1062 3411 1117 ergo
3444 1050 3553 1114 via,

1968 1134 2122 1205 quasi
2154 1133 2210 1189 in
2252 1135 2503 1190 omnibus
2546 1134 2747 1190 divitiis
2796 1135 3115 1203 delectatur,
3148 1137 3238 1205 qui
3280 1137 3425 1192 videt
3461 1153 3553 1208 per

1968 1227 2116 1282 illum
2168 1226 2335 1281 multa
2383 1241 2510 1294 erga
2566 1240 2666 1281 nos
2708 1227 3017 1281 testimonia
3065 1227 3259 1281 divina:
3305 1227 3553 1284 dilectio-

1968 1317 2054 1372 nis
2079 1318 2319 1387 impleta,
2365 1325 2421 1373 et
2469 1333 2583 1393 non
2607 1317 2813 1373 dubitat
2869 1331 2991 1388 qua:
3044 1326 3424 1388 exspectantur
3452 1319 3553 1373 im-

1969 1409 2184 1480 plenda.

2041 1500 2220 1572 (Vers.
2256 1502 2371 1571 15.)
2391 1499 2458 1555 In
2486 1500 2741 1555 mandatis
2775 1498 2877 1552 tuis
2914 1498 3202 1564 exercebar,
3244 1508 3293 1554 et
3318 1500 3554 1556 conside-

1967 1591 2090 1647 rabo
2126 1594 2235 1647 vias
2278 1601 2411 1648 tuas.
2459 1591 2723 1648 Universae
2750 1591 2846 1646 uite
2872 1589 3085 1645 Domini
3112 1591 3466 1646 misericordia
3503 1604 3552 1647 et

1968 1688 2149 1739 veritas
2179 1684 2351 1758 (Psal.
2380 1701 2533 1755 xxiv,
2561 1685 2652 1754 i0)
2677 1702 2689 1738 :
2714 1698 2940 1754 quarum
2973 1684 3250 1752 plenitudo
3280 1685 3551 1741 invenitur

277 1776 473 1832 faciam
506 1779 647 1845 quod
671 1779 851 1847 jubes,
880 1780 926 1834 si
952 1796 1041 1835 me
1068 1781 1357 1851 adjuveris.
1394 1781 1515 1835 Non
1536 1799 1613 1836 me
1634 1784 1854 1838 derelin-
1892 1784 1938 1843 Β
1964 1777 2018 1831 in
2063 1774 2302 1844 Christo,
2334 1777 2386 1831 in
2416 1792 2524 1847 quo
2570 1778 2748 1831 omnis
2775 1774 3018 1829 Ecclesia
3066 1784 3257 1829 contra
3300 1775 3547 1831 inimicos

273 1886 403 1938 quas
430 1886 812 1941 usquequaque.
845 1870 960 1927 Non
985 1872 1059 1926 ita
1087 1872 1479 1941 accipiendum,
1504 1876 1653 1944 quasi
1682 1876 1732 1929 in
1764 1875 1859 1929 ali-

274 1976 383 2027 quo
404 1975 466 2015 se
499 1961 726 2031 relinqui
754 1960 909 2027 velit,
933 1963 1028 2019 sed
1064 1964 1167 2018 hoc
1191 1964 1346 2031 petit,
1372 1974 1440 2019 ne
1463 1965 1676 2035 penitus
1706 1966 1862 2021 dese-

272 2062 450 2120 ratur,
483 2062 539 2107 et
562 2053 630 2107 ita
665 2053 842 2122 potius
868 2056 1014 2110 utah
1051 2070 1120 2111 eo
1167 2072 1457 2128 numquam
1504 2067 1560 2114 et
1601 2075 1859 2131 nusquam

273 2144 517 2200 divinum
550 2146 807 2201 abscedat
833 2146 1107 2202 auxilium.

1002 2252 1159 2292 ιετιι.

340 2324 507 2398 437
540 2326 698 2397 (Vers
728 2325 806 2397 9.)
843 2324 910 2381 In
952 2344 1052 2398 quo
1092 2329 1302 2399 corrigit
1333 2328 1702 2384 adolescentior
1730 2333 1862 2385 viam

276 2418 460 2470 tuam?
494 2416 557 2469 In
587 2418 915 2472 custodiendo
944 2434 1199 2473 sermones
1226 2430 1357 2473 tuos.
1386 2420 1735 2489 Interrogatio
1756 2431 1861 2486 est,

276 2512 324 2561 in
352 2523 465 2577 quo
498 2508 683 2576 iunior
729 2511 869 2563 viam
899 2524 1052 2563 suam
1092 2512 1373 2581 corrigat:
1413 2521 1467 2565 et
1510 2512 1866 2581 respondetur

276 2601 421 2665 quod
453 2602 728 2657 correctio
757 2603 875 2670 ejus
900 2602 1017 2657 haec
1045 2603 1132 2670 sit,
1173 2617 1228 2657 ut
1265 2604 1354 2659 Dei
1387 2604 1548 2659 verba
1576 2607 1861 2660 custodiat.

276 2694 383 2749 Sed
418 2695 683 2765 quaeritur
702 2695 824 2766 quis
854 2697 956 2751 iste
981 2696 1052 2751 sit
1074 2696 1280 2766 junior,
1308 2699 1463 2766 cujus
1492 2698 1580 2752 illa
1604 2698 1865 2754 correctio

275 2792 361 2838 cst
387 2823 403 2849 ,
433 2800 557 2839 cum
590 2795 646 2840 et
672 2800 833 2841 senes
863 2786 1017 2841 multi
1045 2799 1425 2843 convertantur
1452 2789 1519 2844 ad
1556 2789 1861 2858 Dominum,

276 2892 373 2944 per
427 2878 721 2946 quamlibet
775 2894 953 2934 seram
1010 2879 1414 2935 observantiam
1467 2882 1861 2938 mandatorum.

278 2967 425 3021 Bene
454 2984 585 3037 ergo
617 2969 717 3022 iste
743 2968 925 3036 iunior
946 2970 1265 3041 intelligitur
1294 2971 1524 3041 populus
1549 2987 1739 3039 novus,
1770 2988 1866 3043 per

273 3060 481 3114 Christi
506 3060 733 3130 gratiam
766 3071 1077 3131 renovatus,
1110 3064 1200 3133 qui
1229 3066 1297 3119 ab
1320 3066 1521 3120 erroris
1540 3067 1734 3121 veteris
1758 3067 1860 3133 via,

274 3150 506 3204 verbum
542 3152 664 3205 tidei
695 3152 1069 3220 custodiendo,
1106 3154 1415 3223 corrigitur.

344 3240 535 3310 (Vers.
570 3240 683 3312 50.)
713 3241 778 3296 In
808 3251 913 3297 toto
941 3244 1091 3297 corde
1117 3242 1146 3282 ι’
1177 3260 1288 3299 meo
1312 3247 1559 3314 exquisivi
1589 3257 1675 3302 te:
1707 3264 1770 3302 ne
1796 3266 1871 3303 re-

273 3332 443 3401 pellas
490 3349 573 3387 me
600 3350 631 3385 a
684 3334 940 3389 mandatis
980 3336 1100 3390 tuis.
1152 3334 1369 3400 Fecisti.
1416 3338 1605 3405 inquit,
1657 3349 1717 3395 ut
1758 3350 1869 3395 toto

275 3425 446 3480 corde
491 3440 614 3480 meo
649 3427 988 3495 exquirerem
1035 3438 1121 3494 te;
1154 3427 1237 3482 fac
1276 3436 1336 3483 ut
1363 3429 1413 3482 in
1471 3431 1736 3486 mandatis
1764 3431 1870 3486 tuis

274 3530 531 3570 maneam
555 3533 569 3569 :
597 3531 716 3586 quae
745 3528 801 3571 ut
831 3517 965 3572 mihi
990 3517 1270 3587 possibilia
1309 3518 1443 3587 sint,
1471 3519 1662 3585 adjuva
1687 3538 1792 3589 me,
1816 3532 1871 3578 et

275 3607 379 3659 noli
418 3624 509 3661 me
546 3608 616 3661 ab
647 3609 726 3662 eis
761 3609 1047 3679 repellere,
1082 3609 1135 3664 id
1168 3616 1282 3675 est,
1315 3610 1422 3665 noli
1454 3609 1584 3665 mihi
1610 3612 1867 3668 auxilium

273 3710 428 3755 tuum
465 3700 806 3757 subtrahere.

343 3792 534 3860 (Vers.
571 3791 661 3858 Η,
698 3789 811 3862 12.)
837 3789 904 3845 In
924 3793 1077 3847 corde
1104 3807 1216 3846 meo
1243 3793 1487 3847 abscondi
1525 3794 1728 3864 eloquia
1756 3803 1866 3864 tua,

274 3893 325 3935 ut
352 3900 467 3937 non
495 3892 698 3953 peccem
744 3883 855 3937 tibi.
884 3882 1191 3938 Benedictus
1231 3900 1304 3950 es,
1338 3882 1594 3951 Domine;
1642 3886 1769 3940 doce
1794 3903 1873 3939 me

274 3974 678 4044 iustiﬁcationes
709 3984 842 4029 tuas.
867 3974 1005 4043 Quid
1034 3975 1214 4030 adhuc
1242 3976 1458 4046 eloquia
1488 3976 1698 4031 Domini
1726 3994 1873 4047 qua:-

270 4064 333 4119 rit
366 4065 616 4130 discere,
649 4080 767 4133 quae
798 4065 909 4135 jam
951 4066 1236 4121 abscondit
1270 4066 1323 4119 in
1355 4067 1551 4122 corde?
1580 4067 1731 4134 Quod
1770 4067 1874 4122 uti-

270 4172 376 4227 que
420 4172 539 4212 non
575 4157 814 4224 fecisset,
861 4160 961 4213 nisi
994 4174 1057 4215 ea
1094 4158 1395 4215 didicisset.
1430 4158 1501 4216 Ut
1542 4160 1670 4228 quid
1700 4162 1870 4227 addit,

268 4257 323 4303 et
372 4249 537 4315 dicit,
571 4250 695 4304 doce
726 4268 805 4305 me
844 4252 1251 4322 justiﬁcationes
1284 4260 1431 4318 tuas;
1472 4253 1573 4307 nisi
1615 4256 1740 4321 quia
1782 4270 1875 4310 eas

1964 1867 2092 1923 ﬁdei
2115 1867 2430 1922 Christianae
2457 1868 2691 1939 copiosis
2717 1865 3173 1935 disputationibus
3200 1878 3504 1923 exercetur.

2037 1960 2216 2033 (Vers.
2248 1959 2366 2029 16.)
2398 1958 2465 2013 In
2485 1957 2954 2031 justiﬁcationibus
2981 1958 3081 2011 tuis
3107 1958 3413 2026 meditabor,
3442 1974 3548 2013 non

1964 2052 2234 2108 obliviscar
2263 2068 2521 2108 sermones
2567 2062 2702 2107 tuos.
2745 2051 2874 2107 Ideo
2903 2050 3089 2121 utique
3128 2051 3445 2117 meditabor,
3489 2063 3549 2108 ut

1963 2161 2071 2201 non
2113 2144 2405 2203 obliviscar
2447 2143 2613 2217 5.38
2652 2158 2935 2199 sermones
2972 2151 3127 2208 tuos;
3163 2142 3460 2198 meditabor
3489 2155 3549 2199 ut

1963 2253 2071 2292 non
2100 2237 2409 2293 obliviscar.
2439 2236 2713 2292 Meditatio
2742 2236 2885 2291 enim
2916 2250 3027 2291 non
3053 2234 3432 2301 obliviscendi,
3464 2244 3549 2291 est

1965 2330 2372 2400 perseverantia
2398 2329 2680 2400 operandi,
2716 2339 2934 2398 pr0pter
2959 2327 3101 2398 quod
3132 2329 3423 2398 postulavit
3445 2328 3544 2382 ad-

1959 2422 2220 2492 jutoriutn
2248 2423 2458 2492 gratia»,
2482 2422 2693 2489 dicens,
2722 2420 3027 2475 Benedictus
3054 2435 3129 2487 es,
3156 2418 3395 2486 Domine,
3426 2421 3551 2473 doce

1964 2532 2045 2569 me
2069 2515 2472 2585 iustiﬁcationes
2511 2524 2664 2580 tuas;
2712 2523 2773 2569 ut
2814 2513 2954 2585 quod
3004 2527 3254 2569 sermone
3300 2520 3544 2579 noverat,

1965 2605 2127 2662 etiam
2156 2620 2320 2675 opere
2350 2606 2668 2677 compleret.

2645 2708 2866 2751 GHIIEL.

2036 2787 2219 2856 (Vers.
2254 2785 2370 2856 I7.)
2406 2785 2643 2840 Retribue
2679 2801 2823 2839 servo
2861 2794 2967 2850 tuo,
3001 2784 3200 2854 uiri/ica
3236 2799 3315 2838 nte
3339 2798 3356 2837 :
3380 2792 3426 2838 et
3454 2800 3549 2838 cu-

1965 2879 2185 2933 stodiam
2235 2892 2492 2931 sermones
2520 2884 2653 2931 tuos.
2686 2875 2930 2943 Quatuor
2974 2882 3101 2930 sunt
3129 2874 3545 2931 retributiones:

1964 2979 2059 3024 aut
2103 2968 2245 3024 enim
2287 2968 2426 3021 mala
2462 2980 2563 3037 pro
2602 2966 2757 3021 malis
2795 2965 3185 3029 retribuuntur,
3220 2966 3361 3020 sicut
3406 2966 3546 3021 Deus

1966 3060 2143 3131 ignem
2188 3067 2452 3113 :rternum
2500 3058 2858 3113 retributurus
2905 3066 2990 3112 est
3039 3056 3252 3125 impiis;
3289 3066 3379 3110 aut
3407 3056 3545 3110 bona

1890 3144 1936 3205 C
1968 3166 2069 3222 pro
2110 3152 2291 3217 bonis,
2344 3152 2485 3205 sicut
2522 3165 2746 3220 regnum
2775 3158 3032 3205 aeternum
3080 3148 3437 3203 retributurus
3466 3156 3551 3201 est

1963 3245 2158 3315 justis;
2199 3252 2292 3297 aut
2340 3243 2479 3297 bona
2509 3257 2610 3312 pro
2641 3242 2821 3308 malis,
2851 3242 2989 3296 sicut
3018 3240 3259 3295 Christus
3305 3255 3401 3308 per
3426 3254 3549 3310 gra-

1967 3340 2095 3392 tiam
2140 3337 2401 3405 jusﬁftcat
2446 3337 2703 3407 impium;
2758 3344 2849 3391 aut
2898 3335 3037 3390 mala
3080 3349 3177 3404 pro
3203 3334 3379 3401 bonis,
3412 3334 3554 3387 sicut

1968 3429 2131 3485 Iudas
2163 3445 2257 3500 per
2288 3429 2544 3485 malitiam
2569 3438 2885 3500 persecutus
2909 3437 2992 3483 est
3018 3426 3309 3483 Christum.
3348 3425 3547 3480 Harum

1969 3535 2197 3592 quatuor
2225 3522 2638 3579 retributionum
2668 3522 2790 3578 duae
2827 3520 3037 3592 priores
3064 3520 3335 3591 pertinent
3366 3517 3431 3571 ad
3459 3517 3549 3586 ju-

1968 3616 2194 3682 stitiam,
2224 3624 2284 3670 ut
2312 3615 2680 3671 retribuantur
2723 3615 2859 3670 mala
2892 3628 2993 3684 pro
3036 3611 3212 3677 malis,
3260 3609 3398 3665 bona
3452 3622 3549 3676 pro

1971 3708 2161 3771 bonis;
2210 3708 2367 3761 tertia
2421 3708 2659 3776 pertinet
2698 3706 2763 3760 ad
2809 3702 3259 3766 misericordiam,
3291 3709 3351 3754 ut
3392 3699 3552 3753 retri-

1971 3796 2207 3851 buantur
2229 3796 2369 3851 bona
2396 3813 2494 3868 pro
2522 3797 2677 3851 malis
2704 3812 2717 3850 :
2748 3804 2993 3865 quartam
3018 3794 3159 3848 Deus
3185 3792 3390 3855 nescit;
3419 3789 3551 3843 nulli

1971 3887 2113 3945 enim
2136 3889 2338 3943 malum
2366 3903 2463 3955 pro
2484 3887 2629 3943 bono
2648 3888 2918 3942 retribuit.
2951 3885 3076 3939 llam
3101 3891 3277 3938 autem
3302 3897 3419 3951 quae
3447 3890 3550 3935 ter-

1974 3980 2048 4034 tio
2096 3979 2217 4033 loco
2264 3978 2438 4048 posita
2485 3986 2590 4042 est,
2637 3976 2886 4045 primitus
2940 3975 3239 4031 necessaria
3290 3981 3392 4027 est.
3438 3971 3552 4027 Nisi

1973 4068 2116 4124 enim
2150 4069 2289 4123 Deus
2319 4078 2341 4107 ο
2367 4069 2692 4125 retribueret
2715 4068 2855 4123 bona
2877 4081 2975 4137 pro
3007 4066 3186 4129 malis,
3214 4064 3360 4120 nullo
3389 4063 3552 4119 modo

1974 4169 2155 4214 essent
2202 4158 2399 4229 quibus
2428 4159 2856 4215 retribuerentur
2884 4158 3026 4212 bona
3073 4170 3170 4226 pro
3201 4156 3354 4210 bonis
3378 4154 3551 4226 (Sent.

1979 4252 2092 4324 l6).
2119 4253 2223 4321 Qui
2248 4268 2376 4324 ergo
2415 4253 2581 4309 dicit:
2623 4251 2867 4307 Retribue
2895 4265 3039 4305 servo
3073 4258 3198 4313 tuo;
3242 4259 3296 4304 et
3323 4247 3554 4313 addidit,

270 4340 384 4393 vult
416 4339 679 4395 faciendo
724 4342 956 4407 discere,
1002 4353 1057 4399 et
1084 4341 1347 4412 Operandi
1394 4343 1581 4398 notitia
1630 4359 1876 4415 compre-
1982 4345 2199 4416 Viviﬁca
2221 4362 2321 4412 me,
2344 4355 2393 4401 et
2408 4346 2699 4402 custodiam
2721 4360 2975 4399 sermones
2994 4354 3130 4408 tuos;
3147 4343 3249 4398 scit
3264 4343 3466 4412 justum
3488 4357 3555 4397 ex

271 4430 543 4495 hendere,
588 4445 694 4486 non
738 4432 988 4502 loquendi
1022 4442 1227 4488 tantum
1260 4434 1537 4499 facilitate,
1567 4444 1624 4491 et
1662 4451 1871 4492 memo-

272 4524 365 4577 ria:
392 4522 781 4578 recordatione
812 4524 1084 4581 retinere?

340 4616 538 4686 (Vers.
574 4616 687 4683 i3.)
720 4614 785 4671 In
827 4619 977 4673 labiis
1001 4619 1122 4672 meis
1162 4619 1419 4674 enuntiavi
1462 4620 1637 4673 omnia
1664 4620 1869 4691 iudicia

345 4826 371 4855 ⁸
407 4816 723 4884 Legendum
753 4827 901 4873 certe
934 4820 1021 4885 qui
1047 4830 1133 4875 ero
1161 4837 1265 4875 non
1286 4822 1489 4875 inutilis
1511 4823 1739 4889 auditor,
1768 4822 1869 4877 etsi

275 4888 405 4960 editi
460 4901 657 4960 omnes
704 4890 933 4942 habeant
987 4906 1163 4960 quarm
1214 4908 1314 4944 non
1373 4893 1534 4945 utilis.
1596 4888 1872 4946 Editiones

276 4958 450 5012 Duae.
483 4967 537 5011 et
565 4957 754 5029 Colon.
786 4957 1030 5029 notarant
1072 4961 1126 5013 in
1178 4961 1418 5025 margine
1457 4964 1545 5029 qui
1571 4978 1677 5017 ero.
1714 4962 1869 5027 Quod

274 5044 408 5082 vero
432 5043 547 5080 non
576 5027 775 5097 inutilis
817 5028 918 5097 legi
956 5030 1167 5090 debeat.
1204 5032 1431 5093 probare
1469 5027 1685 5086 videtur
1721 5034 1871 5086 locus

276 5098 480 5152 Jacobi
505 5113 543 5161 ι,
578 5096 671 5160 23,
702 5097 769 5151 ad
797 5096 957 5167 quem
994 5100 1079 5154 hic
1111 5101 1301 5153 alludit
1334 5114 1523 5155 auctor
1567 5113 1772 5167 noster,
1809 5102 1872 5157 Si

273 5171 392 5239 quis
436 5167 657 5241 auditor
675 5177 748 5221 est
777 5170 911 5241 uerbi
941 5178 985 5221 et
1016 5185 1118 5223 non
1152 5174 1339 5239 factor,
1371 5170 1453 5223 hic
1492 5174 1873 5241 comparabitur

271 5236 382 5292 uiro
433 5236 790 5311 consideranti
826 5240 1021 5292 vultum
1069 5236 1348 5311 nativitatis
1378 5257 1486 5294 sum
1531 5243 1584 5295 in
1608 5236 1873 5311 'speculo:

272 5308 635 5383 considerauit
659 5308 793 5360 enim
814 5324 888 5376 se,
913 5318 959 5362 et
978 5310 1120 5383 abiit.
1148 5320 1194 5363 et
1210 5311 1383 5383 statim
1408 5312 1593 5364 oblitus
1614 5308 1686 5366 est
1705 5312 1876 5383 qualis

274 5380 482 5451 fuerit;
501 5378 592 5447 qui
616 5387 784 5430 autem
808 5382 1115 5451 perspexerit
1148 5384 1199 5433 in
1228 5381 1388 5449 legem
1418 5383 1696 5451 perfectam
1717 5378 1878 5437 "liber-

1978 4438 2083 4494 ﬁde
2128 4440 2340 4509 vivere,
2363 4453 2483 4509 quae
2508 4445 2761 4508 operatur
2782 4433 2809 4473 ά
2830 4450 2924 4505 per
2950 4435 3294 4489 dileCtionem
3324 4432 3555 4503 (Habac.

1896 4511 1949 4570 Ῑ)
1974 4546 2032 4596 ti,
2063 4529 2134 4595 4;
2180 4530 2332 4584 Rom.
2358 4545 2395 4597 ι,
2432 4530 2536 4594 17;
2573 4527 2694 4584 Gal.
2725 4543 2778 4593 v,
2809 4527 2886 4597 6).
2920 4526 2988 4581 Et
3015 4525 3137 4595 quia
3165 4534 3405 4579 mortuus
3441 4533 3559 4579 erat

1976 4638 2073 4693 per
2100 4637 2250 4677 suam
2284 4631 2307 4659 °
2330 4621 2671 4691 injustitiam,
2705 4619 2842 4690 petit
2870 4618 2969 4672 sibi
3001 4620 3166 4672 vitam
3198 4633 3295 4688 per
3323 4617 3415 4672 Dei
3440 4630 3559 4685 gra-

2046 4820 2073 4861 δ
2106 4822 2218 4877 Vox
2247 4823 2344 4876 ista
2384 4838 2496 4892 meo
2527 4821 2723 4892 legitur
2753 4823 2803 4875 in
2828 4820 3074 4892 editione
3094 4819 3338 4889 Lugdun.
3371 4833 3424 4876 et
3453 4825 3551 4875 An-

1972 4892 2232 4961 gustino:
2277 4890 2617 4947 desideratur
2662 4893 2713 4945 in
2764 4892 2991 4957 Lovan.,
3048 4890 3217 4944 Duac.
3260 4901 3311 4944 et
3365 4892 3547 4948 Colon.

1975 4962 2291 5018 Addendam
2338 4962 2533 5019 suadet
2579 4962 2849 5033 expositio
2895 4975 3083 5018 versus
3137 4961 3319 5015 statim
3373 4964 3552 5031 subje-

1973 5043 2080 5086 eta.

2047 5113 2070 5141 ο
2104 5101 2287 5157 Editio
2318 5103 2590 5158 recentior
2616 5117 2737 5157 cum
2769 5102 3079 5173 Augustino,
3102 5101 3435 5173 retribueret;
3468 5118 3554 5154 ve.

1975 5180 2119 5230 teres
2148 5188 2338 5227 omnes
2388 5174 2781 5243 Prosperianae,
2814 5170 3124 5228 retribuerit.
3174 5170 3319 5228 Idem
3377 5180 3556 5225 tamen

1976 5244 2243 5299 sententia
2276 5246 2341 5298 I6
2369 5244 2531 5299 habet
2558 5246 2877 5298 retribueret.

2049 5310 2191 5369 dSic
2218 5313 2416 5383 legitur
2467 5316 2523 5368 in
2555 5316 2873 5383 Augustino,
2924 5321 2984 5383 et
3034 5311 3118 5383 leg

1978 5383 2130 5439 Iocus
2184 5381 2451 5453 Apostoli,
2485 5386 2551 5438 ad
2582 5381 2739 5452 quem
2792 5382 2982 5437 alludit
3027 5381 3084 5436 S.
3140 5382 3403 5453 Prosper;
3457 5385 3559 5435 etsi

3121 5310 3317 5365 endum
3370 5310 3559 5366 suadet

274 5450 426 5522 tatis,
453 5458 505 5502 et
533 5450 868 5522 permanserit
886 5450 939 5502 in
963 5466 1040 5512 ea,
1075 5467 1177 5503 non
1199 5452 1403 5522 auditor
1424 5450 1697 5506 obliuiosus
1712 5454 1881 5522 factus
1980 5454 2110 5509 editi
2162 5450 2331 5509 nostri
2360 5470 2552 5509 omnes
2579 5450 2696 5509 sine
2735 5454 2900 5508 dubio
2930 5467 2991 5506 ex
3024 5465 3211 5522 errore
3256 5450 3557 5505 scribarum

278 5519 372 5587 (en
406 5517 617 5592 inutilis
646 5519 873 5592 auditor,
906 5522 1116 5592 qualem
1151 5535 1208 5575 se
1232 5535 1335 5574 non
1369 5520 1481 5574 fore
1526 5517 1720 5590 sperat
1740 5527 1876 5592 psalo

1982 5524 2268 5579 manifesto
2311 5534 2367 5581 et
2409 5525 2564 5581 facile
2592 5527 2862 5593 irrepente
2890 5522 3149 5591 scriptum
3189 5520 3423 5577 habeant
3461 5540 3555 5595 pro

283 5588 651 5663 tnographus,
696 5589 742 5643 si
798 5590 1082 5663 perspiciat
1110 5592 1162 5644 in
1188 5592 1432 5663 mandata
1459 5588 1751 5663 Pothini):
1798 5596 1881 5648 hic
1979 5596 2270 5648 dilectione.

281 5660 473 5731 beatus
503 5660 559 5711 in
586 5658 719 5712 facto
740 5673 831 5712 suo
861 5658 975 5714 erit.
1007 5660 1086 5715 En
1111 5661 1250 5731 quod
1280 5660 1425 5730 dicit,
1457 5659 1602 5717 Tunc
1631 5658 1731 5717 non
1761 5681 1883 5719 τυη-

290 5720 516 5787 lundar.

2058 5674 2081 5701 ε
2107 5664 2465 5720 Ementlamus
2496 5678 2559 5717 ex
2586 5677 2754 5733 opere
2784 5662 3086 5733 Augustini,
3118 5661 3259 5731 quod
3292 5677 3399 5732 pra:
3428 5678 3557 5716 ocu-

1982 5735 2048 5789 lis
2096 5736 2323 5789 habebat
2374 5734 2429 5790 S.
2481 5734 2713 5798 Prosper
2758 5748 2879 5790 cum
2930 5736 3045 5789 lucc
3086 5735 3364 5791 scriberet.
3415 5734 3559 5795 Editi
