4026 6176
456 187 558 242 539
1692 181 1749 238 S.
1793 177 2123 235 PROSPERI
2162 176 2487 240 AOUITANI
3597 176 3698 232 340

463 302 628 353 tiam.
676 313 831 367 quam
867 299 1106 368 prdiecto
1145 311 1254 352 non
1298 304 1525 365 peteret,
1567 296 1612 350 si
1658 295 1881 351 omnino
1924 308 2030 350 non
2055 295 2108 354 Α
2133 295 2253 362 quia
2285 293 2569 346 testimonia
2605 301 2693 346 tua
2722 291 2989 363 exquisivi.
3022 292 3136 347 Vox
3167 291 3268 346 ista
3303 289 3560 347 Ecclesiae
3592 302 3696 359 est,

459 390 731 453 crederet.
764 390 816 444 id
865 399 969 453 est,
1009 387 1228 443 omnino
1271 403 1377 442 non
1413 387 1638 442 viveret.
1679 385 1786 441 Sed
1826 385 1948 454 quia
1976 381 2028 437 id
2129 386 2239 454 jam
2270 386 2540 455 diligentis
2570 385 2813 440 inimicos
2840 401 2988 453 suos,
3017 395 3070 440 et
3097 387 3301 441 orantis
3327 401 3422 455 pro
3447 401 3698 456 persecu-

457 482 601 552 quod
627 492 912 551 acceperat
938 481 1007 535 ad
1031 477 1468 543 desiderandum,
1499 493 1601 531 non
1635 475 1936 532 sufﬁciebat
1962 475 2030 529 ad
2133 477 2341 531 toribus
2361 476 2700 550 suis(Matth.
2727 492 2778 542 v,
2809 476 2926 545 44).
2958 478 3103 531 Dicat
3131 477 3310 547 itaque
3336 478 3512 532 omnis
3539 477 3700 533 Chri-

457 571 840 639 obediendum,
872 571 1040 640 poscit
1072 584 1132 625 se
1160 568 1415 625 viviﬁcari
1435 607 1449 633 ,
1485 567 1586 620 hoc
1608 575 1711 630 est,
1737 580 1857 621 eam
1887 566 1942 619 in
1969 579 2030 620 se
2132 566 2359 628 stianus,
2389 565 2570 620 dicant
2597 566 2776 619 omnia
2801 567 3038 619 membra
3061 567 3303 634 corporis
3328 564 3562 630 Christi,
3591 567 3702 621 Au-

456 667 618 722 lidem
643 679 800 736 quam
832 664 1060 734 accepit,
1086 662 1310 732 augeri;
1349 671 1409 715 ut
1451 659 1744 714 vivilicetur
1772 673 1869 727 per
1908 672 2027 711 om-

455 773 576 814 nem
631 757 799 824 diem,
846 757 936 826 qui
989 763 1278 812 renovatur
1321 754 1389 808 de
1416 753 1504 807 die
1550 751 1604 806 in
1639 751 1781 806 diem
1809 749 1874 814 (ll
1905 748 2025 804 Cor.

477 866 530 914 v,
565 866 676 914 ιο).

453 848 705 1008 ιγ’(ὂεῗῖιὲ.
735 938 848 1005 18.)
881 934 1064 992 Revela
1091 934 1264 988 oculos
1301 948 1460 997 meos,
1489 941 1536 985 et
1560 930 1896 984 considerabo
1925 927 2025 981 mi-

453 1033 638 1086 rabilia
659 1031 722 1086 de
741 1028 851 1102 lege
870 1040 979 1083 tua.
1029 1027 1131 1096 Da,
1161 1025 1351 1095 inquit,
1385 1023 1512 1078 mihi
1534 1023 1891 1085 intellectum,
1922 1033 2029 1090 quo

454 1123 658 1193 possim
716 1119 978 1175 mirabilia
1023 1128 1129 1172 tua:
1175 1115 1310 1186 legis
1359 1115 1646 1185 inspicere,
1679 1122 1734 1168 et
1775 1112 2026 1168 virtutem

454 1221 843 1282 praeceptorum
869 1217 1083 1264 tuorum
1103 1207 1305 1262 videre.

521 1303 699 1374 (Vera.
729 1300 842 1373 19.)
880 1298 1066 1355 Incola
1087 1315 1178 1369 ego
1203 1315 1319 1351 sum
1351 1298 1404 1350 in
1453 1305 1610 1361 terra,
1641 1310 1704 1348 ne
1744 1291 2028 1347 abscondas

454 1412 487 1450 α
524 1409 605 1447 me
641 1391 888 1446 mandata
927 1399 1036 1444 tua.
1079 1390 1157 1444 ibi
1197 1389 1420 1457 quisque
1445 1395 1528 1440 est
1557 1384 1895 1454 peregrinus,
1937 1382 2028 1436 ubi

453 1486 651 1540 absens
673 1491 758 1538 est
781 1497 812 1536 a
841 1483 1012 1550 patria
1041 1493 1137 1533 sua
1162 1478 1332 1547 (Sent.
1371 1475 1481 1547 17).
1521 1474 1630 1530 lste
1662 1487 1795 1542 ergo
1817 1473 1910 1542 qui
1940 1485 2028 1526 su-

454 1589 637 1644 perna:
658 1571 957 1630 Jerusalem
995 1569 1137 1624 civis
1165 1566 1434 1637 ascriptus
1462 1575 1567 1633 est,
1588 1564 1930 1637 peregrinum
1968 1575 2028 1617 se

2132 657 2265 726 fera
2314 671 2397 709 me
2423 657 2773 727 approbrium,
2825 656 2965 721 quod
3014 658 3134 711 ideo
3175 655 3352 720 audio,
3398 666 3447 710 et
3474 667 3706 712 contem-

2129 756 2293 816 ptum,
2323 742 2351 782 ά
2374 747 2515 815 quod
2545 745 2667 801 ideo
2692 755 3025 811 contemnor,
3049 748 3170 815 quia
3195 747 3479 800 testimonia
3507 757 3615 811 tua.
3645 748 3702 803 id

2130 845 2230 901 est,
2259 835 2509 906 martyris
2565 844 2676 904 tua,
2705 836 2970 906 exquisivi.
3000 834 3070 892 Ut
3115 834 3315 890 inimici
3357 837 3528 891 nostri
3571 837 3704 892 inde

2129 935 2474 992 venerentur,
2498 928 2638 982 unde
2665 937 3047 994 contemnunt;
3072 942 3194 984 cum
3215 942 3348 998 quos
3369 944 3701 999 persequen-

2128 1017 2228 1071 dos
2255 1026 2606 1086 putaverunt,
2630 1017 2996 1074 intellexerint
3021 1019 3380 1073 honorandos.

2200 1109 2379 1177 (Vera.
2408 1108 2524 1179 25.)
2553 1108 2754 1164 Etenim
2780 1109 3018 1164 sederunt
3045 1110 3320 1181 principes,
3349 1121 3395 1164 et
3421 1113 3698 1166 adversum

2128 1214 2207 1251 me
2245 1196 2599 1267 loquebantur.
2654 1197 2783 1253 Inde
2824 1198 3129 1267 persecutio
3168 1199 3347 1267 gravis
3390 1207 3525 1266 erat,
3569 1204 3699 1269 quia

2128 1304 2248 1344 eam
2275 1290 2544 1353 sedentes,
2574 1288 2625 1343 id
2652 1299 2757 1354 est,
2798 1288 3097 1358 judiciariis
3135 1289 3352 1344 sedibus
3394 1291 3700 1346 eminentes

2128 1378 2394 1449 principes
2439 1378 2834 1433 decernebant:
2863 1379 3007 1449 quod
3050 1388 3105 1434 et
3145 1379 3197 1432 in
3230 1380 3406 1448 ipsum
3454 1390 3614 1450 caput
3640 1392 3699 1436 et

2129 1469 2184 1523 in
2234 1483 2431 1538 corpus
2458 1470 2572 1540 ejus
2602 1479 2780 1525 actum
2821 1485 2942 1525 esse
2981 1486 3086 1524 non
3114 1471 3329 1526 dubium
3373 1481 3474 1527 est.
3507 1473 3699 1528 Seruus

2129 1570 2302 1612 autem
2326 1567 2443 1614 tuus
2472 1560 2793 1614 exercebatur
2814 1561 2868 1614 in
2888 1561 2988 1614 tuis
3007 1561 3484 1631 justi/icationibus.
3511 1564 3700 1632 Qualis

455 1665 742 1736 proﬁtetur
778 1665 831 1718 in
881 1670 1058 1727 terra;
1088 1660 1214 1730 quia
1264 1665 1444 1714 certus
1472 1666 1557 1712 est
1599 1654 1669 1712 de
1713 1652 2023 1709 bmreditate
2051 1654 2098 1714 B
2127 1648 2443 1702 exercitatio
2468 1648 2582 1702 haec
2612 1647 2795 1715 fuerit,
2823 1651 3098 1718 sequentia
3125 1652 3338 1706 docent.

455 1757 739 1829 promissa.
761 1753 868 1812 Sed
890 1753 1011 1824 quia
1037 1751 1250 1806 tentatio
1269 1749 1467 1804 estvita
1502 1750 1725 1802 humana
1749 1760 1902 1817 super
1922 1754 2026 1798 ter-

455 1862 568 1900 ram
592 1842 732 1914 (Job.
762 1857 857 1910 vti,
881 1839 957 1912 1),
981 1841 1116 1910 petit
1141 1853 1208 1895 ne
1238 1839 1294 1894 in
1327 1846 1568 1907 tempore
1589 1832 1948 1891 tribulationis
1973 1842 2027 1888 et

456 1935 788 1995 difﬁcultatis
815 1933 1216 1990 abscondantur
1259 1931 1329 1985 ab
1377 1944 1442 1986 eo
1469 1927 1720 1984 mandata
1760 1925 1879 1991 Dei,
1908 1939 2028 1996 qua:

459 2030 640 2100 utique
677 2028 731 2082 iu
755 2025 934 2081 medio
958 2022 1248 2078 constituta
1270 2029 1416 2085 sunt,
1443 2030 1496 2075 et
1523 2027 1746 2089 possunt
1771 2019 1930 2072 etiam
1959 2016 2030 2071 ab

459 2118 637 2188 impiis
675 2117 823 2172 sciri.
868 2113 1000 2170 Nam
1024 2129 1182 2183 quem
1223 2114 1355 2168 latet
1382 2110 1758 2166 brevissimum
1783 2108 2030 2177 plenissi-

459 2221 712 2277 mumque
756 2205 1086 2270 mandatum,
1133 2201 1332 2273 Diliges
1365 2201 1642 2255 Dominum
1682 2199 1844 2252 Deum
1881 2204 2030 2250 tuum

459 2317 524 2354 ea:
557 2306 666 2354 toto
699 2298 852 2352 corde
887 2304 1008 2362 tuo,
1048 2303 1094 2348 et
1141 2309 1207 2349 ex
1235 2303 1341 2346 tota
1375 2293 1547 2346 anima
1587 2301 1698 2355 tua,
1743 2298 1790 2344 et
1827 2305 1888 2342 ea:
1925 2297 2031 2342 tota

461 2401 623 2446 mente
658 2397 749 2444 tua
782 2387 995 2462 (Matth.
1027 2402 1166 2452 xxtt,
1194 2387 1283 2456 37)
1304 2383 1579 2456 ,et;439
1617 2383 1810 2453 Diliges
1849 2381 2028 2453 proxi-

462 2499 600 2537 mum
627 2492 768 2536 tuum
794 2481 925 2536 sicut
961 2481 1178 2551 teipsum
1222 2475 1448 2548 (Ibid)?
1494 2476 1552 2531 ln
1600 2476 1794 2546 quibus
1821 2473 2031 2529 duobus

463 2573 722 2629 mandatis
755 2581 865 2628 tota
887 2573 972 2628 lex
996 2569 1191 2640 pendet
1214 2578 1268 2624 et
1295 2566 1882 2638 propinetaa.Quomodo
1903 2579 2030 2634 ergo

463 2667 549 2722 hic
576 2674 735 2721 terra:
766 2664 939 2719 incola
963 2670 1085 2718 orat
1105 2669 1160 2716 ut
1182 2660 1248 2716 ab
1269 2675 1333 2715 eo
1356 2674 1462 2714 non
1487 2657 1886 2713 abscondantur
1911 2669 2030 2724 quae

461 2774 597 2828 pene
618 2756 883 2813 nemiuem
910 2756 1096 2820 latent,
1125 2753 1230 2807 nisi
1257 2750 1381 2821 quia
1407 2749 1691 2807 Dominum
1712 2761 1870 2802 nosse
1897 2760 2031 2815 pau-

2202 1738 2382 1811 (Vers.
2412 1736 2532 1809 ‘24.)
2560 1739 2702 1793 Nam
2741 1749 2790 1792 et
2837 1740 3120 1794 testimonia
3150 1748 3239 1795 tua
3281 1743 3542 1797 meditatio
3583 1760 3700 1797 mea

2129 1837 2224 1895 est,
2255 1839 2302 1884 et
2341 1830 2610 1883 consilium
2657 1845 2828 1884 meum
2866 1830 3259 1901 justiﬁcationes
3301 1843 3402 1888 tute
3423 1843 3560 1889 sunt.
3603 1833 3703 1890 Sic

2128 1937 2256 1992 ergo
2296 1922 2648 1977 exercebatur
2691 1935 2880 1977 servus
2924 1919 3146 1987 Christi,
3198 1933 3254 1978 ut
3299 1934 3484 1978 contra
3514 1939 3700 1994 perse-

2129 2022 2356 2082 quentes
2398 2011 2685 2067 dilectione
2748 2021 3000 2067 certaret.
3051 2013 3344 2069 Consilium
3395 2016 3700 2072 sedentium

2130 2105 2426 2174 principum
2482 2104 2600 2171 l'uit,
2660 2105 2905 2159 inventos
2946 2103 3108 2176 M0
3135 2114 3397 2177 martyres
3429 2107 3699 2174 perdere;

2129 2196 2410 2252 consilium
2445 2195 2757 2265 patientium
2804 2205 3099 2267 martyrum
3143 2197 3260 2265 fuit,
3297 2198 3545 2253 inimicos
3577 2213 3701 2268 per-

2129 2287 2270 2342 ditos
2300 2286 2561 2341 invenire.
2607 2285 2920 2343 Ileddebant
2967 2287 3046 2342 illi
3085 2290 3224 2343 mala
3255 2305 3349 2358 pro
3391 2289 3567 2355 bonis,
3606 2291 3700 2346 isti

2131 2375 2270 2431 bona
2303 2391 2397 2444 pro
2423 2375 2594 2430 malis.
2627 2375 2762 2441 Quid
2791 2391 2920 2449 ergo
2949 2378 3171 2442 mirum,
3213 2378 3259 2432 si
3289 2379 3379 2434 isti
3405 2381 3703 2436 occidendo

2131 2465 2466 2533 deiecerunt,
2513 2465 2590 2520 illi
2640 2465 2916 2522 moriendo
2937 2467 3213 2523 vicerunt?

2800 2617 3030 2658 DALETI.

2204 2735 2386 2806 (Vera.
2413 2734 2534 2804 25.)
2556 2733 2786 2789 Adhaesit
2817 2736 3099 2805 pavimento
3129 2736 3301 2789 anima
3329 2752 3466 2800 mea,
3497 2736 3705 2805 viviﬁci:

461 2865 647 2907 eorum
684 2856 795 2914 est;
829 2856 885 2902 et
912 2858 1249 2914 consequens
1277 2852 1362 2898 est
1386 2850 1445 2896 ut
1483 2841 1532 2897 ei
1561 2840 1871 2895 mandatum
1901 2837 2027 2894 dile-

2134 2841 2211 2878 me
2236 2823 2515 2878 secundum
2561 2823 2762 2878 verbum
2805 2832 2969 2878 tuum.
2999 2824 3100 2890 Qui
3137 2839 3196 2880 se
3241 2824 3498 2879 viviﬁcari
3543 2827 3704 2894 petit,

459 2941 655 3000 ctionis
680 2939 752 2994 sit
779 2937 1171 3001 absconditum,
1197 2942 1224 2972 α
1252 2933 1378 3004 quia
1398 2931 1543 2986 aliud
1568 2945 1669 3002 pro
1692 2930 1797 2984 alio
1825 2928 2030 2998 diligit:

2132 2917 2384 2986 quoniam
2404 2915 2630 2971 adhaesit
2656 2916 2962 2986 pavimento
2987 2917 3162 2972 anima
3192 2917 3329 2987 ejus,
3363 2917 3570 2972 videtur
3597 2918 3706 2973 hoc

459 3044 514 3089 et
542 3032 632 3103 qui
658 3039 803 3087 errat
829 3030 885 3084 in
916 3027 1127 3083 Domini
1154 3039 1359 3094 amore,
1392 3030 1536 3079 errat
1569 3021 1732 3078 etiam
1773 3022 1825 3075 in
1849 3019 2027 3092 proxi-

2135 3021 2378 3076 poscere,
2429 3012 2488 3060 ut
2530 3020 2560 3059 a
2606 3005 2837 3060 terrenis
2883 3005 3266 3074 cupiditatibus
3307 3017 3544 3061 eruatur.
3590 3006 3704 3062 Sed

457 3123 532 3178 mi
574 3120 884 3182 charitate?
921 3118 1087 3175 Recte
1131 3116 1314 3186 itaque
1343 3115 1434 3185 qui
1464 3113 1637 3170 incola
1663 3122 1748 3168 est
1775 3112 1830 3166 in
1859 3121 2024 3180 terra,

457 3223 514 3268 et
539 3213 627 3283 qui
659 3219 873 3268 terrena
899 3224 1007 3266 non
1039 3207 1230 3278 diligit,
1258 3205 1498 3277 postulat
1527 3204 1627 3259 sibi
1654 3202 2026 3258 mandatorum

457 3305 558 3361 Dei
581 3303 858 3358 scientiam
878 3300 1146 3357 revelari:
1175 3313 1244 3355 ne
1269 3298 1354 3354 vel
1375 3299 1428 3353 iu
1456 3296 1570 3362 Dei,
1602 3294 1688 3350 vel
1716 3295 1770 3350 in
1797 3293 2028 3364 proximi

457 3394 745 3450 dilectione
773 3392 1004 3446 iallatur.

523 3482 704 3553 (Vera.
733 3479 850 3551 20.)
879 3477 1173 3548 Concupivit
1201 3478 1375 3532 anima
1402 3491 1514 3532 mea
1545 3475 1837 3531 desiderare
1863 3474 2027 3546 justi-

458 3575 718 3642 ﬁcationes
767 3583 880 3629 tuas
906 3573 960 3627 in
998 3573 1136 3625 omni
1175 3581 1419 3641 tempore.
1466 3569 1787 3638 Concupivi,
1834 3565 2026 3636 inquit,

455 3664 896 3737 justitieationum
928 3673 1141 3720 tuarum
1184 3661 1507 3717 desiderium
1538 3659 1737 3714 habere
1774 3671 1942 3727 usque
1973 3657 2026 3709 in

455 3762 636 3816 linem.
687 3760 766 3814 Tu
795 3760 938 3815 enim
986 3771 1074 3812 me
1096 3755 1380 3825 justiiicas,
1431 3764 1517 3807 tua
1568 3766 1653 3806 me
1699 3749 1826 3806 facit
1853 3748 2026 3818 gratia

456 3857 660 3923 justum
709 3861 764 3906 et
803 3852 1001 3907 bonum
1031 3867 1044 3902 :
1076 3846 1105 3887 δ
1128 3849 1257 3902 mihi
1308 3857 1392 3901 est
1427 3860 1643 3916 semper
1671 3843 1772 3897 hoc
1818 3841 2030 3898 deside-

456 3961 599 4011 rare,
653 3953 706 3999 et
736 3944 790 3997 in
819 3942 921 3997 hoc
953 3951 1044 3995 tuo
1073 3939 1324 4008 praesidio
1352 3937 1629 3992 delectari.
1659 3934 1910 4004 Alioquin
1938 3933 2025 4001 ju-

456 4046 570 4090 stus
595 4049 702 4091 non
730 4048 847 4098 ero,
877 4034 922 4087 si
949 4039 1042 4084 aut
1065 4030 1296 4085 defuerit
1334 4028 1464 4084 mihi
1491 4025 1659 4097 gratia
1688 4033 1800 4092 tua,
1827 4031 1920 4079 aut
1948 4022 2028 4078 iu-

456 4124 665 4179 ilaverit
688 4137 775 4177 me
805 4121 1076 4191 superbia.

526 4213 709 4283 (Vers.
736 4205 1448 4284 21.)!ncrepasttsuperbos,
1480 4204 1737 4261 maledicti
1759 4219 1846 4274 qut
1877 4201 2029 4258 decli-

457 4318 581 4364 nant
602 4325 635 4364 a
662 4308 916 4364 mandatis
943 4305 1060 4360 tuis.
1092 4303 1185 4359 Illa
1219 4299 1512 4370 increpatio
1541 4299 1631 4354 hic
1676 4293 2024 4365 intelligenda

2130 3112 2238 3152 non
2266 3097 2390 3152 talia
2417 3094 2579 3152 verba
2611 3093 2886 3164 praemissa
2913 3104 3061 3159 sunt,
3088 3103 3148 3149 ut
3169 3095 3236 3150 de
3261 3109 3328 3150 eo
3354 3096 3444 3165 qui
3467 3095 3701 3163 dicebat,

2131 3188 2270 3241 Nam
2311 3194 2360 3239 et
2391 3183 2678 3239 testimonia
2729 3194 2819 3238 tua
2864 3185 3120 3238 meditatio
3162 3200 3297 3248 mea,
3339 3193 3388 3240 et
3435 3186 3706 3240 comitium

2127 3293 2298 3331 meum
2315 3275 2721 3347 jusliﬁcationes
2751 3285 2872 3341 tute,
2904 3274 3233 3330 credendum
3259 3276 3330 3331 sit
3358 3276 3500 3345 quod
3529 3287 3709 3331 terre-

2130 3380 2214 3420 nae
2239 3365 2407 3434 magis
2432 3364 2824 3419 conversationi
2853 3364 3129 3420 inhaeserit
3148 3380 3308 3435 quam
3331 3365 3554 3422 cheSti.
3578 3365 3700 3420 Non

2130 3472 2258 3528 ergo
2294 3472 2323 3510 a
2369 3454 2817 3523 concupiscentiis
2853 3456 3037 3510 mundi
3084 3456 3261 3524 avelli,
3304 3471 3405 3512 nec
3448 3471 3478 3510 a
3520 3457 3702 3512 carnis

2128 3549 2385 3603 societate
2409 3547 2668 3615 separari,
2701 3545 2795 3601 sed
2822 3547 2889 3602 ab
2921 3546 3198 3602 all‘eetibus
3220 3547 3522 3602 carnalibus
3545 3557 3702 3618 aptat

2128 3639 2380 3710 abjungi;
2411 3647 2471 3696 ut
2497 3638 2586 3691 illa
2617 3638 3050 3708 concupiscentia
3097 3654 3218 3709 qua:
3246 3639 3576 3708 concupiscit
3601 3639 3702 3694 ad-

2129 3744 2320 3787 versus
2344 3729 2592 3798 spiritum
2624 3726 2765 3797 (Gal.
2793 3744 2843 3793 v,
2872 3728 2962 3794 17)
3006 3730 3173 3799 magis
3200 3731 3612 3797 comminuatur,
3642 3743 3703 3786 et

2128 3819 2560 3890 concupiscentia
2608 3834 2727 3890 qua:
2785 3821 3121 3890 concupiscit
3176 3825 3436 3876 adversus
3478 3835 3700 3877 carnem

2132 3911 2598 3983 perseverantibus
2666 3910 2992 3979 profectibus
3055 3921 3334 3981 augeatur.
3392 3911 3559 3966 Nemo
3614 3923 3704 3966 est

2128 4005 2272 4059 enim
2319 4001 2473 4072 cujus
2513 4000 2743 4056 animam
2785 4002 3134 4070 corruptibile
3181 4017 3379 4071 corpus
3422 4004 3574 4074 (Sap.
3617 4019 3700 4069 ix,

2133 4091 2220 4164 15)
2251 4101 2304 4148 et
2356 4090 2674 4146 inhabitatio
2702 4099 2912 4146 terrena
2957 4106 3064 4146 non
3091 4103 3343 4163 aggravet
3378 4092 3550 4164 (Sent.
3583 4093 3700 4161 18).

2129 4186 2302 4241 donec
2348 4184 2699 4254 corruptibile
2742 4183 2843 4238 hoc
2888 4184 3141 4238 induatur
3209 4186 3701 4254 ~incorruptionem

2131 4279 2175 4345 (Ι
2201 4277 2317 4332 Cor.
2333 4293 2437 4346 xv,
2469 4277 2582 4347 55),
2614 4285 2668 4330 et
2689 4275 2911 4330 verbum
2942 4275 3056 4341 Dei,
3089 4291 3193 4346 quo
3213 4277 3321 4332 vita
3347 4287 3544 4333 azterna
3569 4293 3702 4348 pro-

457 4411 561 4469 est,
611 4415 768 4470 quam
801 4397 956 4468 primi
1007 4396 1280 4451 hominum
1307 4395 1578 4464 genitores
1607 4406 1700 4444 sua
1729 4397 2024 4456 transgres~
2051 4372 2104 4432 D
2130 4374 2375 4470 mittitur.
2405 4371 2708 4470 ῖιῐξρξθξξυτ·

456 4493 610 4546 sione
633 4499 960 4556 meruerunt,
989 4487 1321 4544 declinantes
1362 4500 1389 4537 a
1422 4483 1674 4538 mandato
1700 4481 1792 4537 Dei
1824 4495 1916 4549 per
1940 4492 2029 4533 su-

461 4579 723 4650 perbiam,
758 4589 782 4618 ο
810 4594 969 4650 quant
995 4577 1439 4647 concupiverant,
1470 4587 1574 4629 non
1602 4571 1743 4642 quod
1772 4571 1910 4624 Deus
1939 4568 2028 4623 di-

458 4671 735 4742 ligendum
781 4669 1055 4738 praecepit,
1104 4667 1202 4723 sed
1259 4665 1400 4736 quod
1441 4663 1686 4718 diabolus
1739 4659 2027 4714 invidendo

460 4762 725 4835 persuasit
756 4757 908 4832 (Gen.
951 4775 1029 4826 ιιι,
1065 4761 1146 4830 5).
1175 4755 1362 4814 Omnis
1393 4757 1571 4824 itaque
1604 4753 1866 4822 superbus
1903 4749 2029 4806 huic

460 4852 812 4923 increpationi
837 4848 1109 4919 subjectus
1134 4855 1239 4914 est,
1267 4845 1381 4900 sive
1403 4841 1761 4905 hirreditario,
1792 4841 1907 4895 sive
1937 4852 2030 4893 vo-

458 4945 677 5001 luntatis
705 4940 952 4995 arbitrio.

522 5032 704 5104 (Vers.
733 5030 852 5102 22.)
882 5032 1038 5100 Aufer
1062 5043 1098 5082 ιι
1124 5041 1203 5081 me
1231 5025 1559 5098 opprobrium
1589 5031 1634 5076 et
1662 5030 2026 5089 contemptum,

456 5236 596 5308 enim
613 5230 786 5308 nostri
808 5230 1006 5308 habent
1028 5241 1120 5298 per
1157 5240 1305 5308 suam
1324 5225 1603 5308 justitiam.
1629 5220 2023 5308 Necxpujtamus

457 5287 594 5360 illud
610 5287 662 5359 in
699 5287 916 5359 sensum
953 5287 1199 5361 Apostoli
1230 5287 1494 5358 recidere,
1525 5305 1631 5361 quo
1675 5290 1805 5343 dicit
1824 5289 1908 5361 _de_
1927 5287 2024 5343 Ju-

457 5357 886 5438 lii—eisrﬂomsx,
911 5372 946 5428 3
967 5385 982 5425 :
1005 5357 1315 5440 ignorantes
1343 5357 1489 5440 enim,
1512 5357 1772 5440 iustitiam
1812 5357 1931 5440 Dei,
1972 5367 2024 5440 et

458 5427 600 5498 suam
638 5427 932 5513 querentes,
962 5427 1204 5505 ualuere,
1239 5435 1460 5510 justitia:
1501 5427 1598 5486 Dei
1624 5447 1726 5484 non
1751 5436 1870 5482 sunt
1903 5427 2019 5480 sub-

459 5525 738 5637 ,ccylt‘orte
763 5578 852 5650 qui
879 5575 1060 5648 aliud;
1089 5590 1209 5635 cum
1239 5574 1398 5648 paulo
1419 5581 1538 5644 post
1565 5571 1794 5635 dicatur,
1843 5577 1887 5623 et
1938 5567 2024 5638 qui

2205 4465 2386 4534 (Vers.
2416 4460 2530 4531 26.)
2571 4459 2687 4512 Vias
2731 4473 2868 4512 meas
2895 4459 3174 4527 enuntiavi,
3202 4467 3252 4513 et
3292 4460 3549 4515 exaudisti
3575 4477 3652 4513 me
3682 4478 3704 4515 :

2132 4555 2258 4609 doce
2305 4569 2387 4606 me
2419 4550 2818 4624 justi/icationes
2861 4557 2996 4601 tuas.
3042 4548 3293 4615 Peccata,
3346 4550 3538 4618 inquit,
3577 4566 3700 4604 mea

2130 4644 2408 4702 confessus
2455 4657 2593 4704 sum,
2642 4649 2698 4695 et
2743 4638 3009 4693 exaudisti
3063 4653 3188 4704 me;
3255 4639 3529 4693 enuntiavi
3583 4639 3704 4693 vias

2131 4751 2302 4801 meas,
2335 4745 2390 4790 et
2414 4731 2608 4788 delesti
2649 4744 2784 4786 eas:
2832 4728 2966 4783 doce
2994 4743 3081 4784 me
3126 4739 3262 4784 tuas.
3312 4730 3426 4784 Non
3450 4744 3579 4799 ergo
3606 4744 3701 4785 eas

2122 4826 2535 4902 justiﬁcationes
2576 4820 2687 4875 vult
2713 4819 2941 4883 discere,
2991 4821 3042 4872 in
3073 4821 3265 4888 quibus
3309 4822 3697 4886 exercebatur;

2127 4920 2221 4975 sed
2249 4918 2317 4972 ab
2341 4914 2447 4969 illis
2476 4910 2542 4966 ad
2572 4911 2690 4964 illas
2714 4907 2986 4963 desiderat
3016 4909 3316 4975 pervenire.

2200 5004 2523 5082 (Vers.27.)
2580 4999 2729 5054 Viam
2764 4995 3196 5070 justiﬁcalionum
3244 5008 3444 5052 tuarum
3494 5002 3702 5053 insinua

2298 5211 2307 5239 l

2125 5221 2521 5339 errgtliurtasse,
2553 5288 2719 5327 meum
2746 5278 2840 5324 est.
2874 5267 3014 5323 Editi
3046 5275 3257 5327 omnes,
3283 5260 3408 5312 mihi
3438 5267 3529 5311 est.

2203 5364 2223 5391 ο
2252 5351 2351 5406 Vix
2393 5336 2696 5402 dubitamus
2739 5340 2842 5410 legi
2881 5339 3078 5393 debere
3114 5350 3237 5402 qua,
3285 5344 3392 5384 non
3432 5341 3610 5399 quam,
3642 5336 3704 5381 ut

2129 5423 2260 5481 editi
2281 5431 2473 5475 omnes
2492 5415 2706 5468 habent.

2199 5475 2224 5529 δ
2249 5489 2402 5562 Apud
2428 5483 2804 5556 Augustinum,
2832 5493 2929 5549 quo
2958 5475 3069 5530 ideo
3090 5480 3410 5528 contemnor.
