4026 6176
298 251 412 306 5:1!

1074 248 1488 305 I’SALMURUM
1528 249 1571 302 A
1611 245 1651 302 C
1690 246 1781 301 AD
1819 245 1903 302 CL
1943 243 2327 301 EXPOSITIO.
2367 245 2562 303 PSAL.
2605 246 2833 301 CXVIII.

3478 251 3584 306 542

301 365 463 427 mihi.
495 374 540 419 et
587 363 854 418 exercebar
881 362 936 417 in
980 362 1296 416 mirabilibus
1340 363 1461 416 tuis.
1509 361 1638 415 Haec
1679 368 1886 428 petens,
1919 362 1970 422 Α
1993 375 2146 426 rum;
2173 362 2416 430 quoniam
2447 361 2562 430 ipsa
2590 362 2749 415 volui.
2788 363 2958 428 Quam
3003 363 3148 430 prius
3174 363 3306 416 ditit
3336 365 3582 437 viamja--

305 457 488 524 magis
534 455 864 525 profectibus
899 454 1238 522 concupiscit
1273 453 1478 522 augeri.
1533 453 1671 506 Sunt
1715 459 1895 503 autem

303 544 562 614 quaedam
581 544 996 614 justiﬁcationes
1015 553 1121 597 tam
1145 543 1407 597 sublimes
1429 549 1589 610 atque
1603 539 1896 602 mirabiles,

305 653 376 695 ut
407 642 458 694 hi
489 640 579 708 qui
607 639 821 710 experti
853 653 959 692 non
1001 647 1147 706 sunt,
1178 643 1366 705 putent
1392 635 1460 690 ad
1487 649 1579 690 eas
1614 634 1897 686 humanam

307 730 684 794 inﬁrmitatem
708 729 990 799 pervenire
1012 743 1117 783 non
1149 741 1331 797 posse.

394 820 577 893 (Vers.
606 820 724 883 28.)
772 820 1071 873 Dormitavit
1095 820 1270 872 anima
1297 833 1411 872 mea
1444 832 1552 889 pra:
1579 818 1753 881 ttedio,
1782 833 1905 870 con-

312 915 472 980 ﬁrma
501 929 581 966 me
607 913 662 966 in
691 913 851 966 verbis
882 913 1004 965 tuis.
1049 911 1263 980 Fatigor
1294 924 1523 979 namque
1567 925 1633 963 ex
1675 909 1900 962 inﬁrmi-

314 1014 454 1069 tate,
487 1014 542 1059 et
567 1005 781 1058 relabor
807 1020 874 1060 ex
898 1004 1080 1058 taedio.
1117 1002 1379 1072 Conﬁrma
1414 1019 1493 1056 me
1521 1002 1572 1056 in
1597 1002 1906 1067 promissio-

315 1096 483 1149 nibus
510 1096 649 1159 tuis;
681 1104 840 1163 atque
881 1110 974 1162 per
1002 1109 1062 1148 ea
1091 1110 1209 1161 qua:
1251 1093 1467 1157 dedisti,
1499 1093 1672 1146 enitar
1718 1106 1907 1145 ascen-

316 1188 477 1254 dere,
516 1195 572 1240 ut
615 1185 916 1240 dormitaus
960 1185 1011 1237 in
1061 1183 1464 1239 inﬁrmitatibus
1506 1183 1640 1237 meis
1679 1183 1903 1247 exciter,

317 1289 490 1343 atque
510 1276 703 1331 inciter
731 1277 785 1329 in
812 1276 975 1328 verbis
1003 1277 1121 1329 tuis.

400 1371 577 1440 (Vers.
599 1367 719 1438 29.)
754 1368 904 1421 Viam
936 1367 1220 1435 iniquitatis
1256 1381 1430 1420 amove
1457 1383 1488 1417 a
1509 1381 1608 1431 me,
1633 1375 1679 1418 et
1710 1363 1773 1417 de
1803 1363 1912 1431 lege

322 1470 420 1514 tua
450 1462 689 1514 miserere
716 1461 835 1512 mei.
867 1458 942 1512 Ne
973 1459 1056 1512 lex
1089 1457 1370 1519 laetorum,
1414 1471 1510 1524 per
1539 1469 1698 1523 quam
1743 1453 1915 1506 abun-

319 1550 480 1603 davit
515 1553 799 1618 peccatum
831 1545 1004 1616 (Rom.
1031 1561 1086 1613 v,
1115 1544 1230 1615 20),
1255 1545 1323 1600 ad
1352 1545 1670 1614 iniquitates
1699 1557 1785 1596 me
1812 1540 1908 1595 ad-

319 1643 495 1695 ducat
517 1639 828 1702 inﬁrmum;
857 1636 985 1706 lege,
1015 1636 1212 1704 inquit,
1240 1646 1353 1699 tua,
1386 1637 1489 1690 hoc
1511 1644 1615 1698 est,
1641 1635 1759 1703 lege
1785 1630 1911 1684 ﬁdei

1998 451 2385 518 stiﬁcationum,
2444 452 2687 506 eamdem
2738 452 2870 506 dicit
2924 455 3152 506 semitam
3201 457 3586 508 mandatorum.

2000 542 2137 609 Quia
2182 553 2403 614 angusta
2453 545 2558 609 via,
2589 554 2692 609 est,
2723 561 2842 614 qua:
2871 545 3020 599 ducit
3044 546 3112 599 ad
3147 547 3308 601 vitam
3353 548 3586 617 (Matth.

2000 651 2096 702 vlt,
2131 634 2237 706 14)
2264 651 2278 691 :
2310 647 2364 691 et
2392 651 2512 691 cum
2542 636 2611 691 sit
2640 646 2887 705 angusta,
2912 638 3014 691 nisi
3047 639 3267 694 dilatato
3295 641 3458 695 corde
3484 656 3590 694 non

1998 720 2240 780 curritur
2270 726 2456 796 (Sent.
2493 727 2611 797 19).
2646 727 2751 782 Sed
2779 729 3028 797 quoniam
3061 730 3235 785 adhuc
3277 732 3379 786 iste
3428 733 3595 800 proﬁ-

2002 820 2094 885 cit,
2127 829 2181 874 et
2227 820 2404 874 adhuc
2449 821 2641 888 currit,
2691 820 2814 877 ideo
2862 822 3102 877 divinum
3142 839 3248 892 quo
3296 824 3596 879 deducatur

2004 911 2195 980 quaerit
2221 910 2498 965 auxilium.

2077 1001 2263 1073 (Vers.
2289 1001 2418 1072 56.)
2451 1000 2659 1057 lnclina
2687 1020 2776 1059 cor
2804 1021 2972 1059 meum
2999 1007 3050 1058 in
3081 1007 3368 1059 testimonia
3406 1016 3516 1070 tua,
3546 1015 3595 1058 et

2007 1095 2190 1147 nonin
2223 1096 2515 1148 avaritiam.
2548 1096 2648 1162 Qui
2680 1110 2775 1151 cor
2803 1111 2957 1151 suum
3007 1097 3250 1151 inclinari
3296 1097 3347 1150 in
3395 1095 3595 1164 aliquid

2011 1186 2170 1254 petit,
2205 1185 2416 1253 plenius
2441 1195 2497 1242 et
2520 1187 2816 1255 perfectius
2845 1188 2916 1255 id,
2946 1204 3104 1259 quam
3134 1190 3266 1253 vult,
3294 1189 3430 1242 velle
3454 1189 3600 1242 desi-

2009 1275 2182 1330 derat.
2212 1275 2442 1330 Volebat
2467 1277 2611 1330 enim
2641 1292 2764 1331 cum
2786 1277 3015 1346 diceret,
3043 1278 3220 1332 Deduc
3242 1294 3322 1332 me
3341 1278 3395 1330 in
3417 1278 3598 1330 semita

2009 1364 2368 1418 mandatorum
2391 1373 2596 1419 tuorum
2616 1405 2631 1430 ,
2660 1367 2899 1434 quoniam
2914 1368 3080 1435 ipsam
3108 1368 3287 1431 volui;
3314 1375 3368 1420 et
3402 1375 3522 1419 orat
3542 1374 3600 1418 ut

2012 1455 2162 1520 velit,
2191 1469 2316 1509 cum
2337 1454 2492 1521 dicit,
2523 1454 2731 1510 Inclina
2756 1472 2845 1510 cor
2871 1473 3039 1510 nteant
3076 1459 3131 1510 in
3171 1457 3455 1510 testimonia
3484 1467 3595 1519 tua,

2014 1556 2064 1602 et
2105 1563 2207 1601 non
2251 1548 2307 1600 in
2346 1549 2635 1602 avaritiam.
2667 1549 2794 1604 Orat
2821 1563 2950 1618 ergo
2979 1559 3037 1604 ut
3077 1551 3130 1603 in
3174 1549 3288 1618 ipsa
3327 1549 3601 1603 voluntate

2015 1637 2284 1707 proﬁciat,
2309 1647 2363 1693 et
2392 1654 2485 1693 cor
2507 1654 2614 1694 non
2658 1640 2712 1694 in
2759 1641 3061 1706 avaritiam,
3082 1640 3179 1695 sed
3211 1642 3263 1693 in
3296 1639 3598 1693 testimonia

327 1732 515 1800 (Rom.
548 1748 629 1796 ιιι,
657 1731 781 1800 27),
814 1734 1046 1785 miserere
1099 1732 1229 1795 mei;
1261 1742 1315 1783 ut
1369 1745 1465 1799 per
1500 1732 1722 1798 gratiam
1776 1737 1917 1782 tuam
1948 1718 1996 1779 Β
2019 1729 2182 1801 442
2223 1731 2312 1785 Dei
2345 1730 2539 1786 habeat
2582 1732 2930 1792 inclinatum;
2975 1748 3095 1802 qua:
3147 1732 3453 1787 testimonia
3499 1732 3602 1785 hoc

324 1824 523 1878 faciam
555 1823 700 1892 quod
729 1838 824 1892 per
855 1838 939 1875 me
968 1823 1141 1891 ipsum
1174 1833 1197 1858 ³
1231 1823 1453 1891 implere
1484 1837 1586 1875 non
1619 1822 1793 1875 valeo.

405 1914 592 1982 (Vers.
623 1915 712 1980 50,
735 1914 851 1982 51.)
890 1914 1040 1968 Viam
1069 1915 1292 1968 veritatis
1319 1915 1466 1983 elegi,
1486 1915 1687 1984 judicia
1710 1923 1797 1967 tua
1817 1929 1919 1966 non

326 2025 448 2064 eum
481 2009 684 2062 oblitus.
724 2007 883 2079 441
914 2009 1120 2061 Adhtesi
1158 2008 1459 2062 testimoniis
1501 2009 1635 2072 tuis,
1669 2005 1920 2068 Domine;

327 2105 444 2156 noli
489 2119 569 2155 me
614 2103 944 2172 confundere.
999 2100 1147 2154 Viam
1174 2101 1396 2154 veritatis
1423 2099 1574 2171 elegi,
1605 2099 1693 2154 ubi
1736 2113 1922 2152 curre-

329 2211 493 2248 rem:
540 2194 748 2264 judicia
795 2202 883 2246 tua
933 2210 1034 2246 non
1085 2210 1200 2246 sum
1242 2193 1464 2254 oblitus,
1521 2199 1580 2244 ut
1625 2205 1918 2245 currcrcm.

331 2287 545 2340 Adhrzsi
570 2287 870 2339 testimoniis
903 2286 1025 2352 tuis,
1050 2300 1170 2339 cum
1202 2298 1499 2348 currerem,
1526 2280 1746 2336 Domine
1771 2323 1786 2347 ,
1816 2281 1925 2335 noli

333 2395 421 2430 me
449 2379 779 2444 confundere.
806 2377 1085 2442 Quomodo
1124 2389 1231 2444 quo
1259 2390 1417 2429 curro
1448 2374 1788 2442 pertendam,
1820 2387 1927 2441 quo

335 2469 525 2532 tendo,
555 2467 909 2537 perveniam?
944 2466 1062 2520 Non
1088 2467 1234 2520 enim
1272 2465 1506 2530 volentis,
1536 2479 1697 2532 neque
1722 2479 1930 2517 curren-

338 2565 427 2620 tis.
461 2562 549 2614 sed
573 2562 852 2613 miserentis
884 2569 954 2612 est
985 2559 1079 2612 Dei
1102 2558 1278 2627 (Rom.
1312 2571 1386 2623 Ix,
1423 2557 1538 2624 16).

418 2652 604 2723 (Vers.
627 2650 744 2722 52.)
774 2650 922 2705 Viam
948 2651 1313 2704 mandatorum
1334 2659 1535 2701 tuorum
1563 2646 1788 2711 cucurri,
1815 2661 1932 2698 cum

338 2743 578 2797 dilatasti
601 2757 688 2795 cor
715 2758 902 2794 meum.
926 2738 1115 2795 Cordis
1135 2739 1397 2802 dilatatio,
1429 2736 1456 2775 δ
1490 2738 1726 2791 veritatis
1748 2744 1830 2790 est
1853 2735 1935 2787 di-

341 2835 514 2889 lectio
545 2848 561 2886 :
589 2832 730 2902 quod
753 2832 847 2886 Dei
874 2846 1099 2885 munere
1132 2829 1210 2894 ﬁt,
1237 2839 1293 2882 ut
1313 2829 1360 2883 ei
1388 2844 1492 2882 non
1519 2829 1716 2880 timore
1738 2839 1932 2892 pmnte,

342 2924 444 2978 sed
477 2939 662 2977 amore
695 2922 916 2990 justitize
944 2921 1236 2985 serviatur,
1264 2934 1387 2973 cum
1433 2917 1669 2971 charitas
1709 2916 1805 2970 Dei
1837 2915 1938 2969 dil-

343 3014 593 3069 lunditur
612 3014 665 3066 in
693 3012 934 3066 cordibus
970 3011 1158 3065 nostris
1189 3026 1278 3079 per
1305 3009 1557 3080 Spiritum
1597 3018 1828 3061 sanctum
1850 3006 1937 3073 qui

2020 1821 2321 1885 insinuant,
2352 1821 2454 1876 hoc
2483 1821 2702 1890 docent,
2737 1831 2796 1877 ut
2831 1825 2973 1878 Deus
2995 1824 3161 1892 gratis
3185 1824 3391 1878 colatur
3433 1840 3444 1875 :
3477 1826 3598 1891 quia

2021 1911 2068 1966 si
2107 1926 2201 1966 cor
2233 1927 2338 1966 non
2383 1912 2435 1965 in
2467 1913 2745 1967 avaritiam
2773 1913 2844 1967 sit
2886 1914 3241 1976 declinatum,
3284 1913 3449 1968 Deum
3495 1927 3601 1966 non

2021 2001 2250 2054 colimus
2281 2000 2386 2054 nisi
2433 2010 2652 2071 propter
2702 2003 2890 2069 Deum,
2934 2013 2989 2057 ut
3029 2003 3121 2057 Dei
3168 2003 3342 2058 cultus
3392 2005 3509 2071 ipse
3535 2003 3610 2056 sit

2022 2105 2270 2156 merces;
2319 2105 2440 2146 nam
2466 2093 2557 2161 qui
2603 2093 2770 2148 Deum
2813 2093 2936 2149 ideo
2967 2093 3099 2149 colit
3125 2103 3184 2150 ut
3227 2095 3428 2163 aliquid
3456 2093 3600 2148 aliud

2025 2192 2398 2250 promereatur
2418 2197 2577 2251 quam
2602 2183 2798 2252 ipsum,
2815 2201 2921 2240 non
2941 2201 3100 2256 quem
3123 2187 3255 2241 colit
3276 2186 3470 2256 diligit,
3485 2186 3606 2257 quia

2027 2287 2133 2327 non
2155 2273 2352 2341 ipsum,
2383 2275 2477 2329 sed
2510 2275 2659 2332 aliud
2685 2278 3020 2346 concupiscit
3043 2277 3215 2350 (Sent.
3246 2278 3370 2350 20).

2098 2363 2289 2433 (Vers.
2323 2367 2410 2421 57.
2439 2366 2459 2438 )
2487 2370 2666 2422 Averte
2692 2371 2866 2423 oculos
2905 2387 3064 2438 meos,
3095 2387 3158 2424 ne
3184 2372 3388 2424 videant
3410 2372 3612 2426 vanita-

2029 2465 2161 2521 tem;
2182 2458 2332 2511 invia
2358 2469 2448 2513 tua
2471 2462 2671 2529 viviﬁca
2696 2478 2792 2516 me.
2815 2463 3017 2531 Averte,
3044 2464 3234 2533 inquit,
3260 2465 3434 2518 oculos
3455 2481 3611 2530 meos,

2030 2563 2137 2602 non
2165 2563 2480 2619 corporeos,
2505 2567 2735 2620 quorum
2764 2555 2988 2610 intuitus
3012 2555 3173 2609 etiam
3209 2555 3396 2610 nolens
3419 2556 3613 2610 multas

2034 2640 2296 2694 vanitates
2317 2640 2498 2706 videt;
2523 2641 2619 2696 sed
2643 2643 2825 2696 cordis
2847 2644 3053 2709 oculos,
3084 2658 3151 2699 ue
3184 2645 3374 2699 intenti
3397 2645 3505 2698 sint
3525 2659 3618 2699 va-

2035 2732 2212 2800 nitati,
2235 2746 2302 2786 ne
2329 2732 2613 2788 humanam
2642 2733 2870 2803 gloriam
2913 2745 3178 2804 quaerant,
3209 2751 3308 2790 nec
3336 2752 3458 2791 cum
3487 2736 3616 2790 boni

2034 2822 2236 2891 aliquid
2266 2831 2546 2892 appetunt,
2579 2839 2685 2878 non
2713 2824 3005 2882 dilectione
3047 2826 3213 2894 ipsius
3241 2827 3435 2882 summi
3466 2825 3616 2892 boui,

2036 2917 2133 2971 sed
2155 2929 2337 2970 amore
2367 2917 2652 2984 prtesentis
2692 2917 2941 2972 utilitatis
2962 2925 3019 2973 et
3045 2919 3222 2973 laudis
3247 2918 3350 2973 hoc
3391 2918 3618 2972 faciant:

2040 3021 2108 3062 ne
2136 3013 2409 3074 postremo
2425 3007 2690 3076 justitiam
2714 3019 2864 3062 suam
2889 3009 2955 3064 ad
2979 3025 3038 3064 se
3060 3010 3228 3080 magis
3256 3025 3414 3080 quam
3437 3009 3503 3063 ad
3527 3009 3624 3062 Do-

348 3111 511 3160 datus
538 3115 611 3158 est
633 3104 776 3157 nobis
801 3103 978 3174 (Rom.
1001 3118 1055 3169 ν,
1088 3104 1120 3156 5
1143 3075 1328 3169 ).’1‹Ιθο
1347 3075 1480 3170 ergo
1504 3101 1604 3155 iste
1627 3100 1764 3153 viam
1787 3113 1935 3152 man-
1963 3075 2011 3139 (ἶ
2044 3098 2248 3154 minum
2276 3075 2538 3164 referant,
2563 3107 2617 3154 et
2645 3099 2698 3154 in
2729 3113 2790 3155 se
2815 3102 2984 3171 magis
3010 3075 3174 3171 quain
3191 3102 3244 3156 in
3266 3075 3494 3155 Domino
3512 3101 3626 3168 glo.

347 3197 603 3251 datorum
632 3195 730 3251 Dei
755 3194 1020 3261 cucurrit,
1043 3192 1169 3264 quia
1199 3207 1293 3247 cor
1329 3191 1447 3262 ejus
1493 3190 1752 3245 Dominus
1800 3190 1936 3244 dila-

348 3289 510 3344 tavit.

431 3467 622 3539 (Vera.
652 3463 782 3534 55.)
812 3462 995 3531 Legem
1019 3480 1149 3536 pone
1176 3464 1323 3532 mihi,
1355 3463 1595 3530 Domine,
1627 3463 1762 3516 viam
1782 3462 1944 3534 justio

356 3560 660 3630 ﬁcationum
685 3569 908 3622 tuarum,
936 3565 982 3611 et
1011 3559 1276 3626 exquiram
1301 3571 1417 3609 eam
1436 3571 1651 3624 semper.
1676 3554 1778 3621 Qui
1800 3554 1942 3608 viam

365 3650 741 3706 mandatorum
774 3649 868 3704 Dei
909 3663 970 3704 se
997 3648 1232 3702 dilatato
1277 3647 1442 3702 corde
1484 3646 1789 3701 cucurrisse
1829 3644 1944 3713 jam

364 3743 613 3807 dixerat,
631 3739 902 3809 quomodo
926 3753 1067 3793 nunc
1092 3738 1266 3808 legem
1285 3737 1388 3792 sibi
1410 3736 1646 3806 postulat
1666 3733 1818 3806 poni!
1845 3734 1949 3790 nisi

358 3835 492 3903 quia
524 3832 814 3902 proﬁciens
861 3831 1119 3901 loquitur,
1151 3839 1207 3885 et
1251 3829 1455 3884 donum
1504 3827 1602 3883 Dei
1652 3827 1804 3881 novit
1828 3840 1949 3882 esse

362 3927 515 3996 quod
541 3925 788 3994 proﬁcit;
833 3933 888 3980 et
931 3932 987 3977 ut
1011 3923 1184 3992 magis
1207 3923 1487 3991 magisque
1519 3919 1784 3990 proﬁciat,
1808 3919 1948 3987 quod

369 4017 560 4081 habet,
588 4030 619 4069 a
649 4031 752 4084 quo
784 4017 991 4085 accepit
1017 4014 1190 4083 poscit
1217 4012 1423 4082 augeri.
1454 4011 1600 4081 Ergo
1625 4020 1681 4066 et
1713 4011 1950 4066 cucurrit

369 4109 521 4162 hanc
551 4109 716 4173 viam,
743 4114 798 4161 et
818 4120 1037 4160 currere
1065 4106 1240 4175 cupit;
1272 4103 1556 4173 exquisivit
1586 4110 1642 4157 et
1669 4102 1954 4172 exquirere

368 4205 542 4261 amat,
575 4197 748 4253 donec
798 4195 1096 4265 perfectum
1149 4196 1220 4251 sit
1266 4195 1515 4265 gaudium
1561 4195 1680 4249 sine
1719 4193 1955 4263 periculo

364 4293 679 4356 aluittendi,
709 4291 848 4360 quod
872 4302 930 4346 ut
978 4292 1370 4361 apprehendat,
1396 4306 1612 4361 semper
1632 4291 1882 4361 exquirit.

448 4382 636 4450 (Vers.
667 4383 792 4451 56.)
820 4382 896 4435 Da
918 4383 1042 4435 mihi
1069 4383 1402 4451 intellectum,
1435 4393 1483 4437 et
1506 4383 1764 4436 scrutabor
1793 4382 1955 4452 legem

370 4445 517 4525 tuam
533 4513 547 4534 ,
570 4483 616 4525 et
639 4445 921 4527 custodiam
945 4473 1090 4526 illam
1126 4475 1178 4526 in
1202 4482 1307 4527 toto
1328 4445 1480 4527 corde
1500 4489 1630 4527 meo.
1665 4474 1806 4542 Ergo
1835 4445 1954 4527 alti-
1979 4445 2032 4505 D

370 4563 620 4616 tudinem
649 4569 703 4617 et
731 4563 1143 4631 profunditatem
1192 4564 1326 4632 legis
1353 4579 1510 4618 nemo
1540 4572 1804 4633 penetrat,
1852 4563 1955 4618 nisi

370 4656 466 4718 qui
499 4655 829 4709 intellectum
859 4657 1150 4724 acceperit.
1199 4657 1332 4711 Cum
1363 4667 1539 4712 autem
1573 4657 1848 4725 plenitudo
1874 4657 1956 4712 le-

369 4747 456 4812 gis
488 4747 556 4799 sit
593 4745 811 4800 dilectio
852 4746 1049 4815 (Rom.
1075 4763 1206 4814 xm,
1239 4748 1364 4819 10),
1391 4757 1446 4804 et
1475 4749 1566 4805 ille
1596 4750 1763 4819 legem
1798 4749 1956 4803 intel-

371 4836 507 4902 ligat
537 4835 627 4903 qui
657 4851 820 4905 opera
865 4839 1240 4893 mandatorum
1267 4839 1385 4908 ejus
1405 4841 1733 4909 exsequitur,
1777 4840 1959 4910 prole-

368 4936 464 4979 cto
493 4924 579 4980 hic
612 4925 761 4983 illam
789 4928 892 4982 sibi
916 4929 1233 4984 charitatem
1283 4931 1633 5001 multiplicari
1661 4932 1819 5001 petit,
1851 4947 1956 5000 qua

368 5016 522 5070 Deus
550 5019 932 5091 proximusque
959 5019 1223 5088 diligitur,
1268 5031 1322 5074 ut
1356 5020 1513 5090 hujus
1542 5021 1768 5091 duplicis
1800 5036 1956 5075 man-

369 5111 506 5177 dati,
537 5112 604 5166 de
632 5128 740 5180 quo
766 5111 960 5178 pendet
989 5119 1099 5165 tota
1141 5112 1232 5166 lex
1284 5121 1338 5167 et
1391 5112 1668 5183 prophetae
1718 5112 1738 5182 (
1766 5111 1933 5167 Matth

369 5220 512 5266 nn,
535 5203 647 5274 40),
675 5203 967 5271 perfectam
995 5203 1192 5260 habeat
1237 5206 1545 5272 scientiam,
1576 5220 1804 5277 eamque
1847 5213 1962 5262 toto

374 5293 542 5348 corde
572 5293 864 5348 custodiat.

452 5383 641 5444 (ἵετε.
669 5383 784 5452 55.)
824 5382 1003 5440 Deduc
1022 5401 1102 5440 me
1134 5386 1187 5440 in
1225 5386 1409 5440 semita
1437 5387 1798 5440 mandatorum
1846 5395 1962 5442 tuo-

445 5599 470 5625 ἰ
501 5587 873 5657 Lugdunensis
910 5587 1076 5642 editio
1118 5586 1482 5643 addit-vocem
1527 5588 1758 5654 implere,
1788 5603 1946 5655 quam

370 5661 630 5716 omittunt
672 5657 905 5719 lteram,
953 5659 1114 5715 Duac.
1165 5669 1220 5715 et
1260 5658 1451 5715 Colon.
1495 5657 1713 5724 Legitur
1769 5669 1946 5714 autem

2044 3191 2273 3245 rientur.
2301 3190 2450 3244 Hanc
2481 3204 2612 3259 ergo
2638 3191 2928 3247 vanitatem
2965 3194 3405 3260 perhorrescens,
3437 3190 3630 3245 merito

2042 3281 2259 3350 adjecit,
2283 3279 2351 3335 In
2380 3282 2460 3334 via
2485 3290 2574 3335 tua
2595 3281 2800 3350 viviﬁca
2829 3299 2931 3348 me,
2962 3284 3014 3337 id
3040 3293 3153 3349 est,
3180 3282 3237 3337 in
3267 3283 3505 3348 Christo,
3536 3282 3632 3350 qui

2044 3384 2127 3430 est
2149 3373 2451 3430 contrarius
2495 3374 2742 3444 vanitati,
2775 3385 2829 3431 et
2859 3390 2969 3431 non
2999 3377 3174 3432 solum
3208 3378 3292 3432 via
3314 3384 3430 3443 est,
3455 3376 3550 3431 sed
3577 3385 3632 3431 et

2043 3467 2152 3524 vita
2180 3474 2235 3521 et
2255 3466 2454 3522 veritas
2485 3465 2664 3536 (Joan.
2697 3483 2810 3535 xiv,
2835 3468 2920 3540 6).

2120 3557 2302 3628 (Vers.
2320 3557 2444 3629 58.)
2469 3559 2654 3615 Statue
2671 3576 2810 3614 servo
2829 3569 2916 3615 tuo
2933 3561 3188 3632 eloquium
3209 3570 3352 3615 tuum
3379 3563 3433 3616 in
3457 3563 3635 3615 timore

2047 3656 2154 3702 tuo.
2181 3648 2389 3704 Stabile
2419 3649 2480 3703 ﬁt
2519 3651 2794 3718 eloquium
2824 3652 2920 3706 Dei
2960 3653 3015 3707 in
3057 3654 3222 3709 corde
3253 3663 3472 3722 nostro,
3507 3667 3632 3708 cum

2049 3737 2111 3793 ﬁt
2150 3739 2294 3808 quod
2340 3739 2536 3794 eodem
2573 3741 2794 3810 iubetur
2837 3743 3083 3810 eloquio,
3115 3752 3170 3797 et
3215 3744 3482 3809 avellitur,
3511 3758 3634 3798 sum

2050 3828 2377 3883 contrarium
2405 3843 2540 3897 epus
2570 3831 2762 3899 agitur.
2799 3831 2944 3886 Petit
2975 3847 3105 3901 ergo
3145 3847 3334 3888 servus
3361 3834 3458 3889 Dei
3486 3843 3544 3888 ut
3581 3834 3634 3888 in

2052 3935 2118 3976 eo
2139 3921 2492 3978 conﬁrmetur
2516 3923 2822 3978 obedientia
2847 3939 3219 3994 perseverans,
3252 3941 3372 3996 quas
3398 3927 3468 3982 de
3493 3933 3636 3980 statu

2053 4028 2154 4069 suo
2179 4015 2326 4069 nullo
2356 4015 2513 4070 mala:
2531 4015 2761 4071 actionis
2781 4025 3060 4072 moveatur
3080 4017 3342 4087 impulsu;
3366 4016 3505 4086 quod
3529 4031 3638 4071 non

2055 4106 2285 4162 habetur
2310 4107 2413 4162 nisi
2451 4122 2546 4177 per
2577 4107 2834 4177 Spiritum
2854 4153 2868 4178 ,
2901 4119 2955 4164 et
2982 4117 3189 4165 castum
3224 4109 3490 4174 timorem,
3531 4123 3639 4177 quo

2055 4205 2280 4253 cavetur
2299 4212 2368 4252 ne
2393 4196 2702 4253 oﬁendatur
2731 4197 2988 4268 charitas,
3013 4215 3119 4255 non
3155 4215 3260 4270 quo
3290 4201 3544 4256 metuitur
3575 4216 3642 4255 ne

2058 4287 2342 4344 damnetur
2364 4289 2629 4358 impietas.

2131 4378 2150 4446 (
2164 4377 2322 4433 Vers.
2346 4377 2471 4449 59.)
2497 4380 2718 4449 Amputa
2745 4380 3072 4451 approbrium
3103 4397 3289 4446 meum,
3317 4381 3453 4449 quod
3473 4382 3641 4448 suspi-

2061 4481 2202 4525 catus
2223 4487 2358 4537 sum,
2387 4472 2507 4540 quia
2537 4473 2740 4542 judicia
2771 4481 2857 4526 tua
2882 4473 3078 4527 suavia.
3106 4473 3180 4527 De
3209 4474 3430 4528 occultis
3460 4472 3641 4528 cordis

2062 4560 2223 4616 alieni
2275 4561 2767 4631 temerejudicare,
2809 4571 3087 4632 peccatum
3118 4571 3220 4627 est,
3250 4572 3305 4617 et
3329 4578 3452 4618 eum
3490 4561 3642 4632 cujus

2063 4673 2168 4712 non
2197 4657 2453 4712 videntur
2481 4672 2643 4727 opera
2685 4657 2790 4711 nisi
2829 4657 2989 4724 bona,
3021 4673 3084 4712 ex
3109 4658 3416 4726 suspicione
3455 4672 3642 4726 repre-

2063 4747 2299 4801 hendere
2325 4745 2508 4818 (Sent.
2532 4746 2650 4816 21).
2683 4747 2795 4802 lloc
2817 4762 2945 4817 ergo
2971 4748 3312 4817 opprobiutn,
3343 4747 3445 4802 hoc
3469 4747 3644 4814 suspi-

2064 4838 2237 4893 cionis
2261 4837 2474 4903 vitium,
2505 4837 2593 4893 hic
2614 4837 2705 4907 qui
2727 4838 2838 4892 vult
2877 4853 2997 4894 esse
3021 4839 3294 4908 perfectus
3315 4881 3331 4904 ,
3355 4852 3384 4891 a
3409 4854 3466 4892 se
3493 4845 3645 4906 optat

2065 4930 2283 4985 auferri.
2313 4930 2576 4998 Quoniam
2612 4944 2799 4985 eorum
2822 4946 2940 5001 qua:
2970 4932 3236 5001 incognita
3267 4931 3467 4984 homini
3495 4937 3639 4992 sunt,

2065 5022 2213 5078 solus
2237 5022 2379 5076 Deus
2411 5022 2588 5090 justus
2627 5022 2901 5090 inspector
2922 5032 3007 5078 est
3032 5040 3045 5078 :
3072 5031 3129 5077 et
3154 5021 3353 5092 judicia
3379 5021 3496 5091 ejus
3520 5036 3627 5075 sua-

2067 5112 2146 5167 via
2167 5120 2310 5178 sunt,
2344 5112 2595 5181 quoniam
2617 5127 2770 5168 vera.

2140 5201 2332 5271 (Vers.
2360 5200 2485 5269 40.)
2534 5201 2666 5256 Ecce
2705 5204 2969 5269 concupivi
3017 5203 3264 5256 mandata
3293 5210 3411 5266 tua,
3455 5203 3507 5255 in
3552 5209 3641 5252 tua

2059 5292 2262 5364 justitia
2292 5292 2492 5360 viviﬁca
2519 5309 2616 5347 me.
2651 5293 2848 5347 Fecisti
2869 5307 2974 5356 me,
2997 5293 3181 5360 inquit,
3211 5290 3456 5359 cupidum
3491 5304 3639 5342 man-

2064 5383 2314 5438 datorum
2336 5390 2572 5450 tuorum,
2599 5383 2683 5437 {ac
2714 5391 2769 5437 et
2798 5381 3312 5449 elﬁcaccm;adjuva
3353 5391 3407 5436 ut
3445 5379 3639 5434 faciam

2055 5587 2219 5642 etiam
2251 5586 2388 5653 apud
2423 5585 2776 5654 Augustinum
2810 5584 2912 5638 hoc
2939 5584 3080 5638 loco.

2131 5658 2154 5696 ιι
2186 5658 2240 5712 In
2263 5658 2545 5725 Augustini
2568 5655 2728 5723 libro,
2757 5657 2969 5721 iustitia:
2998 5666 3070 5709 est
3099 5656 3388 5711 delectatio.
