4030 6178
491 235 601 295 με

1712 234 1770 289 S.
1813 230 2149 288 PROSPERI
2188 233 2516 299 AQUITANI

3650 238 3758 298 5M

490 351 629 422 quod
658 349 1025 416 commendas,
1055 349 1194 404 dona
1224 352 1339 420 ipse
1366 347 1507 420 quod
1552 348 1815 409 mandas;
1847 349 1968 417 quia
2014 349 2068 402 in
2096 351 2144 409 Α
2172 362 2226 400 tn
2264 350 2521 404 mandatis
2546 350 2677 417 tuis,
2707 366 2822 421 qui:
2870 352 3031 407 dilexi
3060 354 3224 408 valde.
3262 353 3330 407 Et
3374 354 3535 408 levavi
3577 371 3758 413 manus

490 458 578 497 me
604 443 745 498 unde
793 457 1033 496 morerer
1063 442 1259 508 habui,
1303 441 1445 496 unde
1494 450 1675 495 autem
1721 442 1923 508 vivam,
1965 456 2072 495 non

487 520 722 597 invenio,
750 533 849 587 nisi
872 534 923 587 in
948 543 1019 599 te,
1045 534 1135 602 qui
1167 532 1371 587 homini
1400 541 1493 586 tuo
1518 545 1734 587 omnem
1760 532 2070 601 a-quitatem

486 624 539 676 in
575 631 659 676 tua
692 633 745 676 et
770 625 1004 692 proximi
1036 623 1330 679 dilectione
1360 623 1610 693 posuisti.

1211 731 1341 773 νιυ.

553 803 738 874 (Vers.
768 804 849 860 li.
869 804 890 877 )
914 806 979 858 Et
1001 807 1168 860 veniat
1191 822 1341 878 super
1355 822 1434 860 me
1454 805 1806 860 misericordia
1827 813 1935 874 tua,
1962 804 2071 859 Do-

476 898 638 961 mine,
666 897 895 952 salutare
923 908 1065 952 tuum
1093 898 1377 952 secundum
1422 899 1686 969 eloquium
1730 909 1897 955 tuum.
1926 900 2067 968 Quid

477 988 655 1054 poscit
697 988 799 1042 nisi
829 997 887 1043 ut
912 988 1161 1043 mandata
1191 1004 1309 1060 qua:
1338 990 1613 1059 concupit,
1644 1005 1742 1059 per
1766 992 1882 1060 ejus
1903 994 2066 1048 mise-

475 1078 767 1133 ricordiam
790 1077 952 1134 faciat
989 1088 1014 1116 ι
1037 1096 1159 1149 qua:
1185 1080 1502 1135 mandavit?
1538 1083 1601 1135 Et
1644 1096 1767 1151 quae
1791 1091 1874 1138 est
1901 1084 2067 1139 mise-

471 1168 710 1224 rtcordia
738 1168 841 1224 nisi
870 1168 1153 1225 Christus?
1195 1171 1261 1225 Et
1285 1171 1583 1228 secundum
1613 1172 1755 1241 quod
1785 1172 2060 1242 eloquium

472 1256 636 1330 “3
666 1259 767 1315 nisi
795 1261 1089 1315 secundum
1134 1263 1357 1317 verbum
1404 1263 1799 1332 promissionis,
1834 1280 1941 1333 quo
1965 1280 2061 1320 vos

471 1360 589 1403 cata
619 1358 748 1405 sunt
773 1366 837 1406 ea
862 1367 981 1421 quae
1005 1367 1110 1407 non
1137 1362 1312 1417 erant,
1340 1362 1610 1423 tamquam
1649 1366 1832 1408 essent
1866 1354 2056 1427 (Rom.

462 1456 556 1506 tv,
590 1440 726 1512 i7)?
747 1442 882 1510 Quia
913 1454 967 1499 et
1011 1444 1206 1513 quibus
1252 1445 1573 1514 promissum
1602 1455 1717 1510 est,
1750 1446 1912 1501 etiam
1953 1448 2057 1517 ipsi

470 1533 724 1600 promissi
773 1541 920 1599 sunt,
961 1544 1016 1589 ut
1040 1543 1207 1591 totum
1234 1550 1431 1605 corpus
1460 1536 1659 1591 Christi
1682 1536 1844 1605 dicat,
1872 1534 2057 1594 Gratia

469 1620 567 1675 Dei
587 1638 703 1675 sum
720 1624 857 1693 quod
876 1639 993 1678 sum
1017 1625 1035 1695 (
1063 1624 1082 1680 l
1112 1626 1233 1680 Cor.
1259 1640 1357 1693 xv,
1391 1625 1515 1696 10).

2178 454 2315 493 meas
2344 441 2413 495 ad
2439 443 2686 497 mandata
2726 453 2815 498 tua
2852 460 2968 515 ques
2995 444 3154 500 dilexi
3172 486 3189 511 ,
3232 454 3280 501 et
3302 448 3567 501 exercebar
3589 449 3643 502 in
3655 452 3757 522 ju-

2174 531 2571 599 stiﬁcationibus
2619 535 2740 588 tuis.
2796 535 3114 606 Superiores
3156 551 3342 594 versus
3388 541 3756 607 precationem

2175 619 2508 687 habuerunt,
2537 639 2641 693 qua
2685 625 3010 694 adjutorium
3053 628 3238 697 gratia:
3284 630 3605 696 postulatum
3646 639 3755 686 est.

2172 707 2236 762 Hi
2267 720 2445 765 autem
2476 714 2843 772 narrationem
2870 714 3090 783 habent,
3123 732 3225 786 qua
3266 718 3566 773 ostenditur
3589 718 3756 793 ΑΜ

2169 802 2295 871 quid
2323 806 2490 873 gratia
2522 807 3003 875 pctitacontulerit
3033 826 3046 861 :
3081 818 3349 879 tamquam
3379 810 3603 875 diceret,
3629 812 3757 868 Haec

2168 905 2289 945 cum
2329 908 2562 961 orarem,
2601 896 2865 951 exaudisti
2896 913 3001 963 me,
3038 907 3093 954 et
3120 899 3460 954 ambulabam
3492 902 3543 954 in
3571 900 3756 956 latitu-

2166 980 2313 1048 dine,
2348 983 2399 1037 id
2425 993 2510 1039 est
2530 986 2870 1041 ambulabam
2900 988 2951 1042 in
2986 989 3272 1055 charitate,
3304 1006 3426 1059 quae
3463 991 3657 1058 diﬁusa
3678 1003 3755 1048 est

2164 1075 2217 1127 in
2244 1077 2482 1131 cordibus
2510 1080 2697 1134 nostris
2727 1096 2816 1146 per
2836 1080 3093 1149 Spiritum
3113 1093 3368 1150 sanctum,
3396 1084 3483 1151 qui
3502 1084 3655 1140 datus
3677 1095 3754 1140 est

2164 1167 2311 1221 nobis
2342 1168 2533 1239 (Rom.
2569 1185 2626 1235 v,
2652 1169 2737 1239 5).
2771 1171 2869 1225 Hic
2892 1180 2976 1228 est
3010 1172 3103 1227 ille
3136 1173 3366 1242 Spiritus
3410 1174 3464 1229 in
3500 1190 3607 1244 quo
3637 1177 3750 1232 cla-

2163 1273 2395 1323 mamus,
2426 1261 2569 1316 Abba
2600 1260 2758 1316 Pater
2802 1262 2961 1332 (Gal.
2991 1279 3066 1329 tv,
3100 1263 3191 1334 6),
3233 1278 3297 1320 ac
3321 1280 3415 1333 per
3447 1266 3547 1320 hoc
3575 1266 3746 1337 ipsius

2160 1358 2243 1405 est
2268 1351 2409 1420 quod
2434 1353 2683 1407 mandata
2709 1354 2801 1409 Dei
2832 1354 3118 1424 exquisivit
3143 1372 3157 1408 :
3185 1356 3275 1425 qui
3304 1366 3553 1425 acceptus
3579 1358 3741 1413 etiam

2159 1440 2264 1497 hoc
2293 1443 2432 1512 agit,
2460 1454 2516 1499 ut
2544 1446 2743 1515 largius
2767 1447 3113 1516 acclpiendus
3142 1448 3396 1516 petendo,
3424 1450 3739 1518 quaerendo,

2157 1533 2420 1602 pulsando
2460 1548 2751 1603 quaeratur.
2784 1537 2888 1592 Per
2912 1536 3055 1593 hunc
3083 1538 3264 1609 itaque
3288 1539 3593 1595 dilectionis
3619 1540 3739 1610 Spi-

2158 1624 2320 1679 ritum
2369 1626 2727 1685 confirmatus
2756 1636 2861 1695 est,
2894 1639 2951 1685 ut
2982 1632 3035 1685 in
3074 1640 3372 1700 conspectu
3402 1647 3587 1703 regum
3628 1648 3736 1691 non

535 1711 732 1783 (Vers.
784 1714 922 1785 42.)
974 1715 1042 1769 Et
1092 1718 1410 1787 respondebo
1457 1718 1884 1789 exprobrantibus
1931 1719 2060 1775 mihi
2088 1712 2607 1787 Bcunl'underetur,
2663 1729 2722 1791 ut
2772 1720 2825 1774 in
2875 1721 3145 1776 mandatis
3204 1721 3304 1777 Dei
3354 1722 3735 1793 cogitationem

466 1804 699 1874 verbum,
733 1808 853 1875 quia
892 1812 1092 1880 speravi
1118 1810 1173 1863 in
1197 1810 1515 1865 sermonibus
1543 1813 1667 1865 tuis.
1711 1811 1931 1867 Verbum
1957 1829 2052 1869 ea:-

464 1897 852 1965 probrantibus,
897 1915 964 1954 an
991 1900 1195 1954 verbum
1228 1902 1565 1972 respondebo,
1598 1903 1904 1973 ambiguum
1934 1913 2049 1971 est;

462 1988 559 2043 sed
601 1999 885 2060 utrumque
925 1988 954 2029 δ
985 1991 1232 2046 Christus
1262 2000 1438 2047 sonat.
1486 1991 1664 2061 Ipsum
1705 1994 1848 2048 enim
1896 1995 2053 2051 nobis

462 2080 822 2147 exprobrant,
850 2090 873 2119 °
903 2080 1098 2151 quibus
1134 2089 1220 2136 est
1253 2082 1548 2137 cruciﬁxus
1592 2083 1681 2139 vel
1710 2085 2048 2153 scandalum,

462 2170 545 2222 vel
568 2170 790 2225 stultitia
820 2170 875 2241 (Ι
907 2170 1027 2225 Cor.
1059 2186 1098 2239 ι,
1131 2171 1236 2233 25)
1267 2188 1282 2238 ;
1315 2173 1623 2242 ignorantes
1651 2175 1775 2243 quia
1827 2173 2050 2231 Verbum

462 2275 581 2313 caro
625 2264 816 2331 factum
851 2271 945 2327 est,
977 2271 1027 2317 et
1068 2261 1314 2317 habitavit
1341 2265 1396 2318 in
1442 2264 1588 2319 nobis
1624 2265 1817 2335 (Joan.
1847 2281 1884 2333 ι,
1922 2267 2047 2339 14).

461 2351 617 2417 Quod
668 2351 901 2408 Verbum
946 2353 1000 2409 in
1028 2355 1294 2425 prlncipio
1318 2364 1464 2422 erat,
1510 2366 1562 2411 et
1588 2358 1730 2427 apud
1762 2358 2046 2415 Dominum

461 2451 597 2497 erat.
628 2443 738 2500 Sed
767 2444 871 2500 etsi
892 2445 996 2516 ipsi
1020 2447 1438 2517 exprobratores
1460 2462 1565 2503 non
1590 2448 1821 2504 Verbum
1848 2464 2049 2520 expro-

458 2532 640 2597 brent,
671 2534 812 2603 quod
837 2550 933 2591 eos
964 2536 1118 2605 latet,
1144 2538 1267 2607 quia
1292 2537 1545 2595 divinitas
1572 2540 1687 2610 ejus
1726 2541 1797 2595 ab
1826 2541 1905 2597 eis
1936 2557 2044 2599 non

458 2626 1357 2695 cognoscitur,aquibusinlirmitas
1388 2630 1440 2684 in
1463 2644 1625 2686 cruce
1650 2632 2042 2702 contemnitur,

458 2730 559 2770 nos
590 2724 773 2772 tamen
798 2719 1049 2775 omnibus
1072 2720 1522 2790 exprobrantibus
1544 2722 1785 2778 Verbum
1817 2738 2043 2793 respon-

457 2806 702 2861 deamus.
730 2809 923 2863 Parum
951 2818 1032 2864 est
1059 2811 1204 2865 enim
1234 2809 1289 2865 in
1324 2810 1489 2866 corde
1519 2811 1718 2867 habere
1745 2812 2038 2881 Christum,

456 2898 561 2953 nisi
588 2899 731 2968 quod
762 2900 925 2955 corde
954 2901 1249 2969 credimus,
1272 2916 1365 2957 ore
1386 2902 1734 2971 proﬁteamur
1760 2903 1949 2975 (Rom.
1984 2920 2039 2973 x,

455 2989 581 3059 10).
610 2991 714 3046 Sed
743 2991 846 3048 hoc
872 2991 944 3046 ita
967 2993 1182 3048 demum
1207 2993 1321 3049 fieri
1354 2994 1579 3064 poterit,
1603 2995 1648 3051 si
1676 2994 1731 3050 in
1760 2997 2039 3065 promissis

456 3080 551 3137 Dei
574 3098 698 3153 spes
726 3084 890 3141 fuerit
910 3086 1064 3141 firma
1087 3087 1380 3142 credentis.

528 3175 724 3246 (Vers.
754 3176 884 3249 43.)
920 3177 987 3233 Et
1028 3194 1092 3233 ne
1120 3179 1327 3249 auferas
1370 3196 1403 3233 a
1442 3196 1522 3233 me
1559 3183 1765 3235 verbum
1808 3183 2037 3239 veritatis

455 3287 613 3337 usque
639 3271 819 3338 valde;
848 3271 951 3328 hoc
967 3280 1072 3339 est,
1106 3287 1213 3328 non
1241 3274 1314 3330 ita
1341 3275 1633 3331 conturber
1660 3278 1760 3331 sub
1781 3293 2035 3347 persecu-

454 3365 619 3419 tionis
635 3364 867 3435 ﬂagello,
881 3374 939 3420 ut
959 3380 991 3420 a
1011 3380 1098 3423 me
1122 3368 1339 3436 penitus
1359 3367 1633 3423 auferatur
1652 3369 1924 3425 confessio
1945 3386 2037 3427 ve-

452 3455 660 3523 ritatis;
684 3456 813 3526 quia
834 3455 990 3511 multi
1012 3456 1103 3526 qui
1120 3456 1187 3512 ad
1213 3456 1402 3512 horam
1426 3458 1671 3528 negando
1699 3458 2034 3527 defecerunt,

452 3556 641 3615 postea
673 3545 984 3617 pmnitendo
1030 3546 1267 3617 reparati
1314 3557 1464 3613 sunt,
1506 3556 1563 3603 et
1602 3548 1836 3617 palmam
1875 3566 2035 3619 quam

453 3638 802 3708 perdiderant
829 3646 1257 3709 resumpserunt.
1295 3637 1433 3706 Quia
1477 3639 1535 3693 in
1562 3639 1781 3711 judiciis
1810 3641 1913 3695 tuis
1942 3658 2035 3695 su-

450 3730 776 3801 persperavi;
803 3729 854 3786 id
879 3737 983 3801 est,
1013 3730 1136 3801 quia
1176 3730 1377 3801 judicia
1400 3737 1510 3797 tua,
1542 3731 1735 3802 quibus
1758 3748 1847 3789 me
1867 3735 2038 3790 corri-

450 3820 535 3891 pis
554 3831 611 3877 et
633 3821 897 3892 ﬂagellas,
933 3836 1039 3878 non
1061 3821 1240 3877 solum
1279 3822 1413 3878 mihi
1450 3838 1561 3880 non
1583 3821 1837 3880 auferunt
1858 3840 2031 3897 spem,

449 3913 548 3969 sed
569 3915 732 3968 etiam
759 3921 974 3986 augent,
996 3913 1124 3970 dum
1146 3929 1305 3985 quem
1326 3914 1505 3987 diligis
1524 3915 1774 3987 corripis,
1796 3917 2035 3988 ﬂagellas

449 4014 635 4060 autem
662 4019 881 4061 omnem
904 4006 1071 4060 filium
1102 4020 1262 4077 quem
1293 4007 1488 4075 recipis
1513 4007 1701 4079 (Hebr.
1729 4022 1827 4075 xu,
1856 4009 1943 4078 6).
1968 4009 2036 4065 Et

452 4098 577 4153 ideo
599 4096 914 4167 plerumque
940 4111 1085 4163 eum,
1117 4099 1208 4167 qui
1237 4098 1337 4153 sibi
1364 4098 1519 4154 fortis
1548 4098 1858 4168 videbatur,
1886 4100 2034 4156 inﬂr-

452 4188 588 4242 mari
609 4188 763 4254 sinis,
788 4198 843 4242 ut
863 4187 1211 4258 praesumptio
1229 4188 1521 4256 auferatur,
1542 4199 1597 4245 et
1621 4192 2034 4260 perseverantiae

450 4280 622 4335 virtus
651 4294 721 4335 ex
762 4290 848 4334 tua
874 4280 1227 4349 opitulatione
1257 4288 1561 4348 reparetur.

2155 1818 2308 1860 suam
2340 1819 2645 1875 exerceret,
2679 1818 2734 1865 et
2762 1811 2921 1867 valde
2949 1812 3136 1866 eadem
3169 1812 3421 1867 mandata
3449 1813 3730 1884 diligeret;

2153 1898 2370 1951 elevans
2413 1913 2604 1953 manus
2644 1913 2792 1967 suas,
2826 1916 2933 1956 non
2962 1902 3027 1955 ad
3072 1910 3285 1958 terrena
3323 1918 3508 1972 opera.
3532 1905 3629 1962 sed
3664 1906 3733 1962 ad

2154 1989 2419 2058 ctelestia,
2444 2002 2792 2047 exerceretur
2821 1992 2874 2047 in
2895 1993 3373 2063 justiﬁcationibus
3399 1994 3516 2051 Dei.

2867 2143 3011 2183 ZAIN.

2182 2336 2185 2339 ν
2221 2262 2404 2329 (Vers.
2439 2262 2530 2327 49,
2554 2263 2684 2334 50.)
2719 2263 2973 2318 Memento
2999 2264 3138 2319 verbi
3160 2265 3235 2319 tui
3258 2281 3401 2321 servo
3423 2266 3603 2330 tuo,in
3630 2283 3730 2338 quo

2149 2353 2275 2407 mihi
2296 2370 2438 2425 spent
2474 2354 2694 2421 dedisti;
2726 2356 2833 2409 hac
2866 2373 2944 2410 me
2966 2358 3230 2411 consolata
3258 2366 3333 2411 est
3360 2360 3411 2411 in
3444 2357 3732 2414 humilitate

2146 2462 2277 2509 mea,
2334 2448 2454 2516 quia
2482 2447 2687 2501 uerbum
2735 2456 2879 2501 tuum
2914 2448 3189 2515 viviﬁcavit
3224 2466 3322 2503 me.
3369 2450 3505 2504 Cum
3532 2449 3732 2505 dicitur

2149 2534 2280 2600 Deo,
2306 2536 2586 2604 Memento,
2631 2539 2838 2593 orantis
2867 2538 3222 2607 desiderium,
3264 2554 3372 2609 quo
3402 2540 3730 2609 promissum

2145 2627 2443 2683 accelerari
2470 2630 2670 2698 poscit,
2699 2630 3005 2684 ostenditur
3032 2647 3045 2684 :
3090 2645 3198 2685 non
3229 2630 3395 2695 Deus,
3418 2633 3571 2702 quasi
3604 2632 3657 2685 id
3680 2632 3731 2686 ei

2145 2735 2175 2774 a
2208 2722 2583 2777 recordatione
2604 2723 2897 2792 exciderit,
2927 2724 3272 2779 admonetur.
3299 2722 3556 2777 Memento
3576 2738 3732 2793 ergo,

2143 2812 2339 2882 inquit,
2365 2814 2500 2868 verbi
2520 2814 2595 2868 tui
2624 2830 2768 2869 servo
2789 2822 2901 2881 tuo,
2936 2815 3041 2869 hoc
3066 2823 3169 2879 est,
3200 2814 3370 2884 Imple
3398 2815 3732 2884 promissum

2144 2911 2326 2969 tuum;
2358 2904 2410 2956 in
2434 2919 2533 2974 quo
2555 2904 2684 2957 mihi
2703 2922 2843 2974 spem
2868 2904 3077 2973 dedisti,
3105 2904 3207 2959 hoc
3225 2914 3329 2973 est,
3357 2904 3411 2958 in
3432 2920 3540 2972 quo
3565 2905 3733 2959 verbo

2143 3008 2231 3049 me
2254 3009 2477 3063 sperare
2505 2993 2702 3050 fecisti.
2730 2994 2860 3050 Hac
2882 3012 2961 3050 me
2980 2995 3244 3050 consolata
3270 2995 3421 3049 estin
3438 2994 3734 3049 humilitate

2064 3085 2109 3147 C
2141 3100 2256 3138 mea
2283 3084 2440 3139 :haec
2461 3085 2672 3141 scilicet
2692 3099 2817 3155 spes
2855 3101 2975 3141 mea
3003 3086 3283 3142 consolata
3310 3094 3415 3150 est,
3447 3101 3569 3155 qua:
3601 3086 3732 3141 data

2139 3186 2225 3230 est
2255 3175 2571 3242 humilibus,
2607 3178 2816 3233 dicente
2838 3178 3133 3248 Scriptura,
3159 3175 3301 3232 Deus
3328 3177 3564 3247 superbis
3595 3178 3731 3231 resi-

2135 3267 2222 3321 stit
2241 3308 2257 3333 ,
2285 3266 2564 3321 humilibus
2586 3276 2754 3321 autent
2780 3268 2867 3321 dat
2896 3269 3116 3340 gratiam
3145 3265 3351 3338 (Iacob.
3382 3282 3457 3335 tv,
3476 3267 3565 3336 6).
3584 3267 3733 3335 Quia

2136 3360 2342 3414 verbum
2368 3369 2515 3414 tuum
2534 3361 2806 3429 viviﬁcavit
2844 3377 2963 3416 me:
2992 3359 3115 3431 quia
3140 3359 3273 3416 fecit
3297 3375 3384 3416 me
3416 3361 3469 3414 in
3515 3371 3570 3415 te
3596 3374 3729 3430 spe-

2139 3466 2283 3517 rare,
2308 3462 2362 3507 et
2388 3467 2499 3506 non
2521 3451 2757 3508 deiicere
2783 3454 2835 3507 in
2871 3452 3239 3507 tribulatione.

2211 3542 2403 3615 (Vers.
2432 3542 2557 3615 5t.)
2592 3543 2813 3616 Superbi
2849 3543 3019 3614 inique
3056 3544 3273 3614 agebant
3295 3557 3453 3613 usque
3483 3541 3675 3608 valde;
3699 3557 3735 3595 ι

2138 3635 2247 3705 lege
2270 3646 2441 3690 autem
2467 3645 2556 3690 tua
2575 3653 2676 3690 non
2696 3636 2966 3692 declinavi.
2991 3636 3267 3706 Superbos
3290 3634 3520 3706 intelligi
3544 3637 3731 3691 voluit

2138 3736 2513 3795 persecutores
2535 3725 2841 3793 humilium,
2870 3726 2971 3782 hoc
2994 3736 3099 3794 est,
3118 3726 3313 3797 impios
3342 3738 3734 3795 persecutores

2135 3816 2377 3885 piorum;
2417 3827 2473 3873 et
2496 3818 2619 3874 ideo
2642 3818 2894 3889 subjecit,
2917 3819 2963 3873 Α
3000 3818 3110 3890 lege
3131 3827 3301 3873 autem
3326 3826 3414 3872 tua
3433 3834 3540 3872 non
3561 3819 3736 3874 decli-

2136 3908 2282 3973 navi,
2312 3909 2434 3977 quia
2461 3905 2570 3964 hoc
2612 3923 2736 3964 eum
2787 3908 2969 3965 facere
2992 3910 3297 3979 persecutio
3336 3910 3733 3980 compellebat.

2207 3999 2390 4068 (Vers.
2416 3998 2528 4071 52.)
2557 3998 2758 4055 Memor
2786 4002 2862 4072 fui
2876 4001 3194 4073 judiciorum
3222 4009 3425 4056 tuorum
3444 4017 3477 4053 a
3507 4003 3735 4069 siccato,

2140 4090 2384 4159 Domine,
2425 4103 2473 4147 et
2496 4094 2792 4149 consolatus
2832 4111 2965 4149 sum.
2995 4095 3041 4149 Α
3065 4096 3274 4160 siccato,
3300 4094 3495 4165 inquit,
3516 4109 3586 4150 ex
3618 4112 3738 4166 quo

2136 4199 2305 4256 genus
2349 4185 2628 4241 hominum
2656 4188 2886 4255 sumpsit
2912 4187 3212 4253 exordium,
3243 4203 3435 4240 memor
3469 4187 3550 4254 [ui
3579 4188 3737 4255 iudi-

2131 4279 2332 4332 ciorum
2352 4288 2583 4332 tuorunt.
2608 4277 2675 4331 Et
2696 4277 2824 4347 quia
2845 4277 3071 4347 probavi
3093 4278 3240 4347 quod
3270 4292 3461 4334 omnes
3487 4280 3595 4337 vite
3621 4292 3742 4341 tua

523 4369 703 4442 (Vers.
728 4368 856 4443 4i.)
886 4369 951 4424 Et
975 4369 1259 4424 custodiam
1276 4368 1440 4441 legem
1461 4378 1604 4425 tuam
1624 4386 1841 4443 semper,
1862 4371 1917 4427 in
1937 4388 2036 4427 sae.
2132 4366 2512 4423 misericordia
2541 4374 2597 4421 et
2625 4367 2831 4421 veritas
2868 4367 3041 4436 (Psal.
3080 4384 3222 4432 xxxv,
3266 4368 3373 4433 10).
3406 4374 3735 4429 consolatio

447 4463 623 4518 culum
647 4470 696 4518 et
738 4463 793 4517 in
824 4464 1070 4518 steculum
1094 4462 1291 4517 sweuli.
1324 4463 1478 4530 Quod
1518 4464 1675 4531 dixit,
1719 4481 1939 4534 semper,
1965 4479 2034 4522 ne
2059 4447 2112 4509 Ῑ)
2137 4475 2263 4518 nem
2291 4461 2474 4532 accepi
2494 4461 2549 4515 in
2580 4460 2784 4515 auxilio
2804 4460 2994 4529 gratia:
3017 4468 3140 4524 tute,
3167 4465 3221 4512 et
3242 4470 3339 4526 per
3360 4456 3476 4527 ipsa
3506 4472 3745 4527 quoque

447 4554 516 4608 ad
547 4568 707 4609 omne
745 4552 901 4609 istius
927 4555 1051 4610 vitae
1081 4564 1292 4626 tempus
1319 4557 1688 4611 tantunuuodo
1713 4555 2030 4626 referretur,
2137 4567 2268 4608 vasa
2298 4553 2414 4617 irae,
2446 4551 2687 4607 intellexi
2714 4550 2929 4605 divitias
2953 4550 3144 4619 gloria:
3180 4558 3283 4604 tute
3312 4547 3368 4602 in
3397 4562 3526 4603 vasa
3557 4550 3744 4605 mise-

446 4646 666 4717 adjecit,
694 4656 741 4700 et
764 4646 817 4700 in
838 4648 1086 4701 sceculum
1109 4648 1305 4703 seaculi.
1336 4647 1443 4702 Lex
1474 4655 1675 4715 autem,
1709 4663 1871 4718 quam
1901 4662 2030 4717 per-
2136 4644 2382 4701 ricordiae
2415 4643 2591 4715 (Rom.
2622 4658 2697 4707 rx,
2726 4642 2797 4696 22
2824 4650 2870 4694 et
2893 4639 3023 4708 23).

446 4748 609 4809 petuo
650 4738 921 4794 custodire
947 4739 1243 4805 desiderat,
1274 4741 1511 4795 charitas
1559 4739 1870 4809 accipienda
1900 4747 1985 4793 est
2014 4751 2029 4793 :
2207 4738 2387 4809 (Vers.
2420 4736 2510 4803 55,
2541 4733 2667 4803 54.)
2700 4732 2930 4787 deium
2960 4731 3179 4785 detinuit
3208 4746 3289 4785 me
3312 4746 3343 4782 a
3364 4732 3747 4798 peccatoribus

444 4832 570 4901 quia
599 4831 712 4900 ipsa
737 4838 821 4886 est
842 4831 1119 4901 plenitudo
1142 4832 1273 4901 legis
1303 4831 1492 4903 (Rom.
1526 4847 1643 4899 xttt,
1669 4832 1792 4903 10),
1820 4840 1874 4887 et
1905 4847 2027 4888 ces-
2136 4826 2599 4899 derelinquentibus
2620 4825 2779 4895 legem
2799 4833 2960 4877 tuam.
2994 4821 3281 4877 Cantabiles
3306 4822 3435 4875 mihi
3467 4834 3629 4877 erant
3642 4827 3752 4896 ju-

441 4923 689 4977 santibus
735 4924 945 4978 caeteris
973 4923 1273 4989 mandatis,
1304 4923 1415 4978 sola
1466 4930 1747 4993 permanet
1784 4924 1837 4980 in
1867 4933 2027 4979 teter-
2132 4921 2465 4990 stiﬁcationes
2481 4927 2582 4972 tua:
2598 4919 2651 4971 in
2673 4918 2786 4971 loco
2808 4915 3059 4969 incolatus
3084 4915 3201 4968 mei.
3216 4912 3472 4981 Quamvis
3496 4914 3746 4969 Medium

443 5029 597 5069 num-
2136 5022 2409 5084 pateretur
2429 5028 2456 5066 a
2488 5009 2886 5081 peccatoribus,
2914 5022 3035 5063 cum
3057 5007 3254 5077 quibus
3280 5020 3405 5060 eum
3433 5009 3751 5075 prasentis

514 5112 537 5175 (
563 5104 718 5160 Vers.
748 5106 933 5166 45-48.
962 5105 983 5178 )
1015 5105 1082 5159 Et
1132 5106 1455 5161 ambulabant
1482 5108 1536 5160 in
1580 5107 1873 5175 latitudine,
1905 5107 2027 5178 quia
2132 5107 2256 5161 vita:
2279 5103 2641 5176 peregrinatio
2658 5100 2957 5167 detinebat,
2972 5108 3149 5154 tamen
3167 5096 3465 5154 cantabiles
3490 5097 3545 5151 ei
3564 5107 3751 5153 erant

445 5196 690 5251 mandata
710 5208 798 5251 tua
817 5198 1086 5267 exquisivi.
1132 5197 1199 5251 Et
1223 5197 1463 5266 loquebar
1490 5198 1554 5251 de
1590 5199 1888 5252 testimoniis
1926 5200 2027 5254 tuis
2127 5196 2544 5266 iustiﬁcationes
2570 5194 2685 5260 Dei,
2719 5192 2842 5263 quia
2883 5190 3313 5261 peregrinantem
3363 5185 3543 5259 gratia
3585 5190 3755 5246 sola-

441 5290 492 5342 in
517 5297 788 5357 conspectu
816 5304 1014 5360 regum,
1040 5297 1085 5343 et
1108 5304 1209 5342 non
1233 5288 1605 5359 confundebar.
1637 5288 1707 5342 Et
1746 5290 2028 5344 meditabar
2132 5287 2311 5343 batur.

2131 5522 2240 5565 stus
2265 5519 2431 5564 sonat.
2514 5579 2523 5581 4
2816 5579 2826 5581 μ
2990 5573 3004 5581 _
3091 5573 3111 5581 _
3366 5580 3369 5581 ,
3436 5570 3471 5581 ..

2207 5593 2229 5620 ο
2265 5582 2355 5637 Sic
2382 5579 2627 5648 Lugdun.
2654 5585 2775 5646 post
2803 5579 2938 5645 Aug.
2977 5573 3049 5630 At
3090 5573 3290 5648 Lovan.
3324 5570 3520 5648 etalii.
3546 5588 3585 5627 α
3619 5575 3755 5645 qui.

2134 5655 2223 5708 bus
2253 5662 2327 5707 est
2350 5641 2761 5717 cruciﬁxumsel
2786 5641 3118 5714 scandalum,
3148 5645 3223 5700 vel
3257 5641 3562 5699 stultitiam.

521 5516 545 5543 ι
570 5510 736 5630 άλιιιιᾱ
786 5509 1169 5580 Augustinum,
1219 5511 1305 5582 qui
1359 5511 1665 5575 mandavit;
1714 5512 1867 5579 editi,
1914 5526 2026 5581 quae

521 5595 564 5630 ιη
607 5592 727 5630 ttvtt.

468 5594 529 5630 ita
570 5592 633 5630 αα
656 5600 663 5621 ν
690 5592 727 5631 ι.

449 5594 466 5632 ί
522 5595 970 5717 δηιιιιᾹιιειιειίῑιο,
1000 5659 1255 5711 Christum
1279 5663 1456 5718 sonat;
1490 5652 1616 5711 editi
1658 5653 1852 5719 nostri,
1880 5652 2027 5709 Chri-
