4026 6176
366 261 486 320 345

1127 261 1550 318 PSALMORUM
1591 264 1630 317 A
1675 262 1716 318 C
1754 261 1845 317 AD
1880 259 1968 318 CL
2011 261 2389 318 EXPOSITIO.
2423 261 2618 320 PSAL.
2659 262 2893 320 CXVIII.

3537 270 3643 328 346

501 373 646 429 Vers.
683 373 816 444 55.)
853 374 1048 428 Memor
1091 375 1168 443 [ui
1196 375 1252 428 in
1278 384 1425 428 nocte
1467 375 1686 430 nominis
1714 377 1820 442 tui,
1845 372 1949 429 Do-

2129 373 2293 448 m
2332 375 2512 444 (Vers.
2563 373 2679 446 6|.)
2727 376 2900 432 Funes
2943 386 3268 446 peccatorum
3311 387 3642 453 συνεκπιρίεεὶ

366 470 534 534 mine,
561 478 606 521 et
622 469 871 522 custodivi
887 468 1048 540 legem
1072 476 1232 521 tuam.
1248 465 1409 538 M5
1431 466 1545 520 Nox
1571 478 1653 522 est
1677 475 1701 504 ⁸
1723 468 1776 522 in
1798 477 1954 522 teter-

366 575 537 625 num;
569 574 690 613 nam
718 559 1059 614 mortalitatis
1083 573 1189 613 nox
1219 559 1272 612 in
1302 559 1550 626 superbis
1579 559 1956 636 iniquqagen-

367 649 550 714 tibus;
584 664 689 704 nox
713 649 764 703 in
793 649 968 714 taedio,
1001 663 1031 702 a
1059 649 1429 718 peccatoribus
1459 648 1955 719 derelinquentibus

364 741 472 797 Dei
503 743 712 811 legem;
737 756 839 796 nox
868 751 947 796 est
970 750 1243 810 postremo
1269 740 1325 796 in
1355 741 1475 796 loco
1505 739 1954 810 peregrinationis

365 837 557 902 hujus,
601 835 778 888 donec
809 836 983 887 veniat
1011 834 1266 888 Dominus
1288 875 1302 897 ,
1333 842 1389 888 et
1416 833 1678 886 illuminet
1724 832 1953 886 abscon-

364 928 482 982 dita
521 927 864 981 tenebrarum
910 926 969 996 (l
999 923 1119 979 Cor.
1164 940 1242 992 tv,
1270 925 1361 995 5).
1396 925 1450 978 1η
1500 924 1604 978 hac
1639 939 1768 993 ergo
1799 931 1956 978 nocte

373 1035 589 1074 memor
614 1019 774 1073 debet
801 1033 920 1072 esse
953 1018 1113 1072 homo
1152 1019 1384 1072 nominis
1417 1017 1646 1082 Domini,
1694 1025 1754 1070 ut
1781 1015 1953 1085 legem

365 1111 490 1179 ejus
519 1111 807 1174 custodiat,
835 1118 889 1164 et
917 1110 1018 1164 hoc
1054 1110 1225 1178 ipsum
1252 1109 1318 1162 ad
1349 1109 1573 1178 gloriam
1607 1109 1699 1162 Dei
1726 1108 1952 1172 referat;

372 1207 632 1274 quoniam
657 1204 972 1274 adjutorium
998 1213 1226 1256 nostrum
1250 1204 1302 1256 in
1325 1202 1526 1256 nomine
1551 1200 1754 1254 Domini
1780 1200 1952 1270 (Psal.

365 1311 558 1360 cxxttt,
588 1294 676 1362 8).

448 1389 628 1460 (Vers.
667 1385 787 1458 56.)
816 1385 944 1439 Ilwc
978 1386 1114 1455 facta
1141 1394 1215 1438 est
1244 1384 1388 1453 mihi,
1417 1385 1537 1455 quia
1555 1383 1955 1456 justiﬁcationes

366 1494 486 1536 tuas
521 1480 784 1549 exquisivi.
822 1480 1064 1534 Justitias
1093 1479 1276 1547 utique
1319 1488 1436 1531 tuas
1470 1478 1664 1546 quibus
1693 1474 1956 1544 justilicas

365 1574 597 1642 impium
628 1571 805 1641 (Rom.
839 1586 910 1636 tv,
940 1570 1021 1638 5),
1054 1584 1158 1623 non
1191 1583 1359 1635 meas,
1394 1585 1514 1638 qua:
1555 1583 1658 1622 non
1698 1568 1839 1636 pium
1880 1567 1957 1619 ta-

364 1668 540 1732 ciunt,
582 1663 676 1719 sed
717 1663 1034 1732 superbum.
1073 1663 1206 1728 Quae
1249 1671 1331 1716 cst
1373 1677 1502 1730 ergo
1542 1661 1610 1716 de
1653 1675 1754 1730 qua
1802 1659 1952 1729 dicit,

2056 476 2174 519 sunt
2209 483 2308 533 me,
2349 479 2396 520 et
2433 469 2560 538 legis
2600 479 2699 523 tua:
2732 487 2835 523 non
2873 487 2989 524 sum
3019 471 3223 528 oblitus.
3267 473 3641 545 Peccatorum,

2056 571 2162 610 non
2194 558 2262 611 ab
2291 573 2355 612 eo
2382 559 2523 627 quod
2551 569 2676 614 sunt
2709 570 2924 628 peccata
2954 562 3278 618 declinatum
3306 575 3410 632 est,
3440 568 3536 623 sed
3572 569 3642 624 ab

2056 661 2123 702 eo
2150 648 2290 716 quod
2335 659 2461 704 sunt
2501 659 2835 718 peccatores.
2880 651 3054 708 Funes
3094 656 3269 724 itaque
3297 671 3639 727 peccatorum,

2059 738 2447 807 impedimenta
2469 752 2592 795 sunt
2617 743 2984 812 inimicorum,
3014 746 3129 800 sive
3151 748 3494 814 spiritalium,
3526 751 3642 807 sive

2055 832 2376 896 carnalium,
2416 835 2504 902 qui
2545 844 2786 900 sanctos,
2819 851 2918 904 pro
2948 836 3042 889 Dei
3082 837 3196 905 lege
3228 852 3399 907 usque
3425 840 3490 894 ad
3519 855 3644 895 san-

2056 923 2273 992 guinem
2299 924 2664 991 deccrtantes,
2689 927 3020 995 quibuslibet
3040 928 3441 985 ditlicultatibus
3467 932 3643 1001 impli-

2057 1027 2182 1066 care
2234 1023 2516 1082 conantur,
2567 1016 2762 1084 quibus
2809 1031 2903 1072 eos
2951 1033 2980 1070 a
3029 1021 3330 1076 constantia
3379 1023 3640 1091 patiendi,

2061 1109 2210 1170 quasi
2242 1107 2458 1161 funibus
2487 1123 2550 1163 ac
2581 1110 2830 1174 restibus,
2864 1111 3228 1166 retrahebant.
3262 1112 3366 1168 Sed
3396 1115 3440 1169 si
3467 1116 3643 1184 impli-

2057 1207 2182 1251 cant
2230 1213 2452 1266 corpus,
2499 1216 2606 1254 non
2649 1201 2925 1270 implicant
2970 1202 3242 1270 animum;
3294 1205 3346 1259 in
3392 1221 3502 1276 quo
3541 1208 3644 1264 iste

2058 1288 2191 1352 legis
2239 1288 2333 1342 Dei
2376 1304 2480 1341 non
2519 1300 2604 1343 est
2642 1290 2861 1356 oblitus,
2905 1293 3028 1362 quia
3068 1293 3249 1349 Sermo
3290 1293 3386 1351 Dei
3432 1314 3532 1352 non
3567 1309 3641 1352 cst

2056 1380 2299 1448 alligatus
2324 1378 2395 1448 (ll
2431 1378 2563 1432 Tim.
2585 1393 2644 1432 ll.
2671 1379 2748 1450 9).

2129 1471 2307 1543 (Vers.
2339 1471 2454 1541 6‘2.)
2497 1471 2668 1526 Media
2703 1483 2845 1528 nocte
2875 1476 3142 1550 surgebant
3179 1478 3248 1530 ad
3285 1480 3642 1548 conﬁtendum

2060 1563 2172 1629 tibi,
2210 1581 2362 1631 super
2385 1565 2584 1632 judicia
2607 1567 2826 1636 justitiw
2855 1575 2976 1621 tuae.
3016 1568 3184 1622 Media
3215 1585 3344 1638 nox,
3377 1571 3640 1639 profunda

2059 1655 2333 1709 tribulatio
2365 1664 2465 1719 est,
2500 1655 2621 1725 quia
2663 1673 2767 1710 non
2816 1658 2897 1712 sic
2936 1658 3296 1728 atﬂigebatur,
3328 1673 3390 1715 ut
3423 1676 3644 1732 surgere

366 1760 501 1814 Ha’c
533 1760 667 1830 facta
693 1767 764 1811 est
793 1757 957 1810 mihi!
986 1756 1101 1810 Non
1140 1756 1284 1810 enim
1322 1755 1431 1809 Lex
1473 1754 1819 1824 intelligenda
1849 1762 1950 1820 est,
1985 1747 2030 1806 Β
2061 1763 2166 1801 non
2200 1750 2425 1802 valeret.
2466 1748 2733 1816 Surgebat
2766 1759 2969 1816 autem,
3019 1761 3076 1806 ιιι
3119 1756 3470 1810 conﬁteretur
3508 1757 3640 1824 Deo,

364 1866 532 1920 quam
563 1848 861 1903 masculino
893 1861 1090 1916 genere
1121 1845 1338 1901 Grzecus
1378 1845 1645 1911 enuntiat,
1679 1859 1801 1899 cum
1833 1858 1953 1898 me-

367 1946 477 1999 lius
511 1943 805 2011 accipiatur
836 1941 904 1995 de
931 1950 1110 2004 nocte,
1143 1938 1267 2007 quia
1300 1939 1549 2007 superius
1573 1937 1802 2002 dixerat,
1839 1935 1955 1989 Me-

365 2051 484 2089 mor
507 2035 585 2106 [ui
608 2042 754 2087 nocte
780 2032 998 2085 nominis
1029 2041 1136 2096 tut,
1169 2045 1290 2100 qua:
1321 2032 1458 2099 facta
1486 2037 1557 2081 est
1590 2026 1735 2094 mihi,
1765 2025 1818 2081 id
1848 2033 1953 2094 est,

366 2137 433 2182 ut
471 2127 748 2196 prodesset
779 2123 930 2178 mihi.
967 2121 1231 2190 Quoniam
1264 2121 1381 2174 hate
1416 2119 1531 2188 ipsa
1569 2117 1866 2181 humilitas,
1902 2117 1954 2170 in

366 2221 497 2276 loco
528 2217 978 2288 peregrinationis
1014 2215 1192 2283 hujus,
1231 2229 1349 2282 qua:
1381 2212 1572 2266 merito
1613 2227 1717 2265 nox
1758 2209 1958 2264 intelli-

367 2312 540 2380 gitur,
570 2309 789 2380 prodest
813 2307 895 2362 eis
919 2308 1007 2375 qui
1040 2305 1328 2360 salubriter
1348 2312 1671 2358 exercentur
1702 2302 1755 2355 in
1785 2315 1868 2364 ea,
1896 2309 1955 2355 ut

366 2403 582 2458 discant
614 2416 718 2454 non
744 2399 1047 2468 superbire,
1077 2406 1295 2466 pr0pter
1323 2394 1463 2466 quod
1496 2393 1693 2448 malum
1720 2395 1773 2448 in
1797 2393 1954 2447 istam

366 2501 590 2547 noctem
623 2490 810 2561 pulsus
839 2497 922 2544 est
953 2488 1135 2542 homo.

1079 2625 1246 2665 ΕΕἹΗ.

445 2749 624 2824 (Vers.
664 2750 778 2817 57.)
822 2747 999 2801 Portio
1049 2762 1184 2814 mea,
1229 2744 1477 2809 Domine,
1517 2743 1658 2812 dixi,
1701 2742 1958 2797 custodire

363 2846 533 2914 legem
564 2853 722 2895 tuam.
753 2838 783 2878 δ
812 2840 921 2894 Nisi
953 2839 1072 2907 quia
1112 2838 1181 2892 ita
1222 2839 1322 2891 erit
1351 2837 1527 2906 portio
1556 2836 1816 2904 cujusque
1844 2834 1954 2890 Do-

365 2937 584 2999 minus,
615 2948 735 2988 cum
776 2931 946 3001 legem
983 2930 1150 3000 ipsius
1189 2928 1522 2983 custodierit.
1556 2927 1662 2983 Sed
1699 2927 1825 2996 quia
1856 2926 1956 2981 hoc

362 3042 478 3082 non
524 3027 582 3079 tit
624 3028 740 3079 sine
783 3024 1052 3093 adjutorio
1097 3021 1213 3088 Dei,
1245 3021 1371 3091 quid
1413 3020 1686 3090 praecipiat
1721 3019 1953 3075 obtineri

362 3119 629 3181 ostendit,
660 3117 956 3187 adjungens
986 3132 1001 3169 :

441 3211 625 3281 (Vera.
659 3211 776 3278 58.)
805 3208 1049 3261 Precatus
1070 3222 1181 3260 sum
1211 3203 1394 3275 faciem
1420 3211 1556 3256 tuam
1581 3203 1636 3260 in
1665 3210 1772 3256 toto
1801 3203 1954 3258 corde

364 3319 509 3368 meo,
556 3303 794 3355 miserere
835 3300 932 3352 mei
981 3298 1254 3351 secundum
1293 3295 1552 3364 eloquium
1596 3302 1760 3349 tuum.
1812 3294 1951 3361 Quid

362 3409 550 3451 autem
594 3395 695 3448 hac
737 3407 897 3462 prece
935 3389 1252 3454 obtinuerit,
1289 3389 1428 3443 etin
1457 3403 1616 3458 quem
1650 3388 1950 3458 profecmm

365 3485 700 3558 pervenerit,
729 3490 1124 3551 consequenter
1153 3478 1410 3547 ostendit,
1439 3478 1622 3533 dicens
1649 3496 1662 3531 :

441 3580 621 3651 (Vers.
651 3578 766 3646 59.)
800 3576 1031 3648 Cagitavi
1054 3576 1163 3628 vias
1191 3591 1350 3638 meas,
1375 3581 1424 3627 et
1451 3575 1607 3627 averti
1635 3574 1787 3640 pedes
1811 3589 1949 3628 meos

360 3675 422 3724 in
461 3671 745 3724 testimonia
784 3679 888 3721 tua.
930 3665 1122 3732 Averti,
1164 3663 1362 3733 inquit,
1404 3664 1556 3732 pedes
1594 3681 1730 3717 meos
1769 3678 1798 3717 a
1847 3663 1950 3720 viis

361 3782 488 3834 quae
531 3764 660 3818 mihi
701 3762 1110 3831 displicuerunt,
1144 3767 1202 3812 ut
1245 3759 1385 3812 irent
1421 3757 1476 3810 in
1520 3757 1808 3811 testimonia
1836 3766 1945 3824 tua,

361 3871 534 3929 atque
571 3859 641 3911 ibi
685 3857 942 3910 haberent
982 3853 1143 3907 viam.
1185 3851 1338 3919 Quod
1374 3860 1554 3905 autem
1594 3850 1681 3904 hic
1712 3850 1945 3920 positum

359 3961 473 4018 est,
506 3951 671 4005 Acmi
701 3947 850 4019 pedes
880 3961 1037 4009 meos,
1072 3942 1127 3997 in
1161 3941 1433 3997 nonnullis
1462 3941 1680 4012 legitur,
1709 3941 1947 3997 Avertisti

358 4046 522 4112 pedes
547 4055 724 4104 meos;
753 4046 810 4092 ut
839 4037 939 4090 hoc
971 4034 1065 4089 Dei
1092 4033 1270 4103 potius
1298 4033 1485 4102 gratias
1524 4033 1809 4087 tribuatur.
1838 4033 1945 4089 Sed

357 4135 480 4189 sive
525 4131 646 4193 hoc,
688 4130 802 4184 sive
849 4126 980 4180 illud
1018 4125 1106 4190 sit,
1145 4124 1378 4178 dubitari
1416 4138 1524 4177 non
1565 4133 1742 4192 potest
1777 4124 1945 4180 divini

357 4242 488 4282 esse
533 4225 795 4286 muneris,
831 4231 852 4258 ο
898 4234 1022 4274 cum
1068 4225 1122 4272 et
1155 4226 1302 4272 recte
1337 4216 1653 4286 cogitamus,
1683 4225 1739 4272 et
1779 4218 1945 4286 pedes

358 4329 582 4372 nostros
623 4314 690 4367 ab
737 4325 924 4367 errore
963 4322 1297 4364 revocamus.
1345 4307 1568 4374 Quoties
1610 4309 1754 4363 enim
1804 4310 1944 4365 bona

355 4411 596 4479 agimus,
623 4405 764 4460 Deus
793 4403 848 4457 in
877 4402 1232 4469 nobis,atque
1261 4400 1561 4468 nobiscum,
1582 4409 1640 4455 ut
1658 4417 1944 4470 operemur

2055 1837 2202 1906 justo
2245 1839 2448 1906 judicio
2505 1839 2621 1908 ejus
2669 1839 2847 1894 datam
2901 1845 3271 1910 peccatoribus
3322 1857 3640 1914 potestatem

2059 1943 2160 1999 qua
2193 1941 2410 1986 sanctos
2438 1931 2530 1985 Dei
2567 1947 3040 2002 persequerentur,
3067 1951 3201 2004 quos
3227 1937 3442 2007 adjuvat
3471 1941 3641 2009 gratia

2059 2022 2197 2087 Dei,
2253 2032 2313 2076 ut
2369 2023 2674 2091 ltujusmodi
2741 2027 3000 2082 exercitia
3074 2027 3318 2084 facerent
3385 2031 3642 2090 clariores

2065 2116 2235 2185 (Sent.
2266 2115 2380 2185 εδ).

2129 2206 2307 2276 (Vers.
2347 2206 2460 2276 65.)
2493 2207 2756 2279 Ρανιὶερρε
2777 2226 2888 2262 sum
2919 2226 3009 2282 ego
3032 2226 3258 2264 omnium
3290 2213 3575 2268 timentium
3596 2225 3644 2269 te

2059 2305 2105 2351 el
2129 2300 2522 2352 custodientium
2550 2301 2794 2352 ntandata
2820 2311 2927 2353 tua.
2968 2301 3077 2356 Vox
3103 2302 3204 2357 ista
3235 2305 3450 2374 proprie
3479 2305 3644 2374 ipsius

2058 2390 2249 2457 capitis
2276 2391 2619 2458 intelligenda
2651 2401 2753 2446 est.
2788 2391 2900 2446 Non
2935 2393 3078 2446 enim
3109 2392 3450 2449 efﬁceremur
3481 2396 3645 2464 parti-

2059 2464 2208 2549 cipes
2237 2481 2534 2536 divinitatis
2559 2481 2783 2546 Christi,
2810 2481 2911 2536 nisi
2936 2483 3051 2550 ipse
3075 2484 3416 2540 mortalitatis
3447 2497 3644 2542 nostra:

2059 2574 2330 2641 particeps
2374 2574 2546 2627 ﬁeret.
2594 2573 2699 2628 Per
2745 2573 2885 2629 banc
2928 2585 3106 2628 autem
3152 2577 3640 2644 participationem,

2059 2664 2176 2732 ejus
2206 2664 2362 2718 nobis
2395 2665 2566 2733 gratia
2602 2664 3066 2732 subministratur,
3090 2675 3149 2718 ut
3181 2676 3331 2720 caste
3361 2669 3644 2723 timeamus

2061 2754 2228 2808 Deum
2269 2762 2324 2808 et
2375 2754 2738 2808 custodiamus
2787 2755 3040 2808 mandata
3094 2756 3229 2822 ejus.
3279 2755 3404 2810 Ideo
3446 2760 3644 2828 quippe

2059 2844 2202 2900 Deus
2231 2844 2528 2913 hominum,
2566 2847 2884 2900 immortalis
2911 2847 3243 2915 mortalium,
3285 2850 3519 2919 suscepit
3548 2865 3643 2905 na-

2059 2951 2255 3004 turam,
2289 2953 2342 2996 et
2373 2939 2748 3010 participando
2775 2955 2928 2995 suam
2960 2940 3106 3009 fecit,
3141 2951 3199 2995 ut
3227 2957 3451 3010 granum
3477 2943 3642 3000 cade-

2059 3045 2141 3090 ret
2170 3034 2195 3071 ά
2228 3035 2280 3090 in
2314 3044 2458 3089 terra
2488 3033 2665 3105 (Joan.
2702 3050 2794 3099 xu,
2823 3033 2892 3089 24
2923 3044 2970 3088 et
2997 3033 3111 3106 25),
3152 3035 3643 3108 mortiﬁcatumque

1981 3115 2029 3178 C
2059 3127 2288 3182 multum
2318 3126 2547 3181 fructum
2581 3126 2798 3181 faceret.

2127 3219 2308 3289 (Vers.
2349 3219 2464 3283 64.)
2515 3217 2878 3272 Misericordia
2929 3226 3039 3285 tua,
3083 3218 3319 3285 Domine,
3369 3219 3520 3290 plena
3569 3229 3642 3275 est

2052 3317 2208 3364 terra.
2254 3309 2312 3363 ln
2339 3323 2406 3364 eo
2426 3309 2632 3376 utique,
2661 3308 2800 3377 quod
2823 3307 3149 3377 justiticatur
3174 3310 3387 3379 impius,
3411 3311 3462 3364 in
3488 3310 3644 3380 cujus

2049 3401 2342 3457 inell'abilis
2382 3401 2568 3471 gratia:
2611 3399 2838 3454 scientia
2881 3411 2938 3454 ut
2976 3400 3310 3471 proﬁciatur,
3354 3400 3593 3472 adjungit
3639 3419 3655 3458 ;

2050 3493 2120 3547 Et
2137 3493 2538 3565 justiﬁcationes
2565 3500 2679 3546 tuas
2707 3492 2830 3546 doce
2859 3508 2939 3547 me

2756 3645 2900 3684 τετε

2120 3762 2305 3832 (Vera.
2323 3760 2438 3833 65.)
2462 3761 2756 3816 Bonitatem
2778 3763 2945 3832 fecisti
2964 3778 3077 3815 cum
3100 3778 3241 3816 servo
3263 3775 3371 3826 tuo,
3395 3761 3635 3829 Domine,

2046 3855 2331 3909 secundum
2365 3854 2571 3907 verbum
2606 3862 2772 3906 tuum.
2814 3852 3030 3916 Fecisti,
3072 3853 3265 3920 inquit,
3300 3853 3546 3920 Domine,
3578 3864 3636 3908 ut

2049 3960 2135 4000 me
2188 3945 2485 4000 delectaret
2534 3944 2756 4011 bonum,
2809 3942 2952 4012 quod
3006 3943 3188 4011 utique
3243 3958 3494 4012 magnum
3548 3952 3633 4000 est

2046 4047 2195 4094 tuum
2235 4037 2458 4092 donum.
2491 4035 2788 4091 Secundum
2824 4035 3031 4088 verbum
3072 4044 3237 4099 tuum,
3269 4035 3370 4089 hoc
3408 4045 3512 4100 est,
3541 4051 3630 4090 se-

2046 4130 2281 4185 cundum
2325 4128 2650 4197 promissum
2694 4135 2841 4180 tuum
2877 4143 2889 4178 :
2922 4135 2981 4180 ut
3021 4127 3173 4180 ﬁrma
3227 4126 3300 4181 sit
3340 4127 3630 4194 promissio

2047 4223 2195 4278 omni
2221 4220 2409 4276 semini
2441 4218 2619 4290 (Itoni.
2649 4234 2721 4282 tv,
2755 4217 2866 4288 16).

2122 4316 2300 4386 (Vers.
2334 4313 2448 4384 66.)
2483 4314 2815 4373 Suavitatem.
2841 4321 2888 4366 et
2913 4313 3271 4377 eruditionem,
3293 4321 3341 4366 et
3369 4314 3632 4368 scientiam

2046 4409 2171 4461 doce
2200 4422 2310 4472 me;
2341 4407 2464 4476 quia
2504 4407 2558 4458 in
2599 4405 2854 4459 mandatis
2895 4405 2992 4458 tuis
3031 4405 3248 4460 credidi.
3287 4407 3485 4474 Augeri
3527 4406 3631 4461 sibi

355 4507 619 4569 operatur
664 4497 682 4560 (
707 4496 941 4551 Sentent.
967 4491 1072 4558 22,
1102 4499 1149 4546 et
1201 4507 1317 4543 can.
1348 4491 1381 4547 9
1412 4492 1594 4546 concil.
1635 4507 1672 4546 tt
1722 4495 1941 4547 Arausi-

2060 4511 2148 4553 .sta
2187 4500 2379 4567 poscit,
2405 4508 2459 4551 et
2493 4506 2515 4534 ο
2549 4497 2754 4566 perlicit
2788 4498 2836 4551 ei
2870 4497 3040 4566 gratia
3079 4496 3196 4561 Dei,
3229 4497 3398 4565 magis
3438 4498 3632 4567 magis-

353 4593 523 4659 cani).

437 4683 618 4754 (Vers.
647 4680 762 4754 60.)
795 4681 1020 4735 Paratus
1057 4698 1192 4746 sum,
1225 4689 1272 4735 et
1313 4696 1416 4733 non
1452 4695 1563 4732 sum
1604 4678 1851 4744 turbatus,
1888 4686 1943 4732 ut

358 4777 647 4830 custodiam
675 4775 919 4826 mandata
957 4783 1065 4827 tua.
1102 4771 1402 4826 Confitetur
1429 4770 1724 4835 humiliter,
1754 4770 1820 4824 ad
1847 4785 1946 4825 cu-

356 4867 643 4922 stodienda
681 4865 928 4921 mandata
968 4872 1305 4920 constantem
1346 4877 1410 4918 se
1448 4861 1644 4918 factum
1683 4879 1804 4919 esse
1850 4880 1944 4933 per

352 4959 608 5030 gratiam.

433 5128 458 5157 ι
490 5119 565 5173 Ita
592 5118 718 5174 editi
741 5132 929 5172 omnes
958 5115 1318 5184 Prosperiaui.
1351 5113 1485 5169 Cum
1511 5128 1640 5168 vero
1662 5112 1801 5180 apud
1834 5116 1939 5172 Au-

351 5191 628 5260 gustinum
652 5189 876 5256 legatur,
897 5187 1017 5240 No.1:
1036 5197 1110 5240 est
1129 5188 1219 5260 illa
1241 5187 1524 5260 humilitas,
1549 5184 1635 5260 ubi
1660 5195 1732 5237 est
1753 5197 1942 5260 morta-

351 5256 518 5316 litatis
559 5275 809 5325 (erumna,
854 5274 958 5311 non
996 5259 1265 5312 immerito
1303 5257 1444 5310 forte
1483 5256 1824 5326 suspicamur
1859 5259 1938 5313 le-

348 5331 585 5401 gendum
617 5347 633 5387 ς
673 5329 798 5383 Non:
834 5338 907 5401 est
941 5329 994 5401 in
1007 5345 1262 5401 aerumna
1297 5327 1655 5401 mortalitatis;
1677 5341 1816 5392 nam,
1842 5342 1939 5397 pro

353 5396 712 5462 inmeritum,
749 5399 892 5468 quod
934 5398 1068 5452 editi
1111 5413 1300 5452 omnes
1341 5396 1650 5466 praeferunt.

423 5473 451 5510 δ
487 5473 608 5524 Hazc
639 5466 897 5538 intellige,
931 5468 1230 5536 supplendo
1271 5483 1390 5538 quae
1414 5475 1558 5538 sunt
1585 5466 1726 5538 apud
1755 5468 1936 5536 Augu-

347 5546 574 5606 stinum,
605 5541 742 5603 Quid
775 5537 869 5603 est,
898 5538 1074 5592 Portio
1104 5554 1238 5603 mea,
1270 5537 1510 5602 Domine,
1542 5537 1650 5589 dixi
1675 5541 1935 5594 custodire

349 5617 514 5684 .‘egem
541 5622 702 5671 tuam,
727 5611 825 5684 n_isi
847 5610 986 5674 quia,
1016 5614 1157 5684 eted

427 5695 448 5721 ε
484 5681 709 5743 Lovan.,
742 5679 905 5732 Duae.
929 5689 982 5732 et
1011 5677 1228 5743 Colum,
1259 5686 1436 5730 etcum
1461 5687 1591 5730 recte
1625 5677 1931 5746 cogitamus,

2045 4605 2150 4661 que
2179 4591 2231 4643 in
2262 4590 2406 4643 omni
2435 4589 2722 4643 dulcedine
2758 4589 3031 4642 bonitatis.
3070 4588 3239 4642 Docet
3274 4598 3452 4642 autem
3485 4589 3631 4644 Deus

2046 4685 2364 4748 suavitatem,
2382 4682 2690 4750 inspirando
2703 4682 3048 4736 dilectionem
3071 4700 3083 4734 :
3101 4681 3262 4738 docet
3279 4683 3629 4751 disciplinam,

2049 4775 2209 4847 M7
2258 4774 2607 4844 temperando
2657 4773 3087 4840 tribulationem;
3142 4774 3298 4829 docet
3344 4775 3628 4839 scientiam,

2048 4867 2374 4922 insinuando
2403 4865 2786 4932 cognitionem.
2822 4864 2955 4930 Quia
2982 4864 3243 4918 mandatis
3275 4865 3375 4917 tuis
3402 4864 3631 4928 credidi;

2047 4962 2149 5016 hoc
2181 4970 2282 5026 cst,
2316 4959 2516 5013 credidi
2555 4958 2697 5028 quod
2732 4967 2786 5012 tu
2828 4959 2914 5012 illa
2955 4957 3314 5022 mandaveris,
3343 4957 3432 5026 qui
3461 4955 3632 5011 donas

2045 5127 2093 5172 et
2131 5116 2302 5187 pedes,
2344 5122 2448 5187 etc.
2487 5112 2758 5182 Lugdun.,
2791 5129 2906 5166 cum
2943 5122 2986 5164 et
3032 5121 3181 5187 recte.
3221 5109 3309 5164 Sic
3336 5125 3550 5178 quoque
3577 5111 3630 5187 in

2045 5183 2312 5242 sententia
2352 5183 2442 5251 ‘22,
2487 5187 2540 5238 in
2585 5201 2688 5254 qua
2739 5200 2836 5255 pro
2880 5194 3011 5236 recte
3049 5183 3275 5249 legimus
3313 5191 3451 5235 recta
3492 5183 3631 5248 cogi-

2044 5266 2504 5396 m’t’imdugustinus
2537 5326 2593 5379 in
2625 5335 2835 5390 terram,
2873 5333 2933 5376 ut
2961 5322 3014 5377 ln
3046 5329 3273 5389 utroque
3300 5330 3448 5375 textu
3475 5320 3629 5376 Scri-

2051 5409 2325 5531 “aliide
2356 5466 2733 5534 Augustinum,
2754 5472 2804 5534 et
2826 5461 3037 5529 perﬁci;
3059 5476 3177 5512 nam
3206 5461 3376 5529 utique
3403 5462 3492 5531 qui
3509 5463 3628 5533 jam

2041 5538 2264 5600 dixerat,
2305 5533 2628 5591 Suav’itatem
2666 5533 2828 5598 fecisti
2868 5547 2983 5583 cum
3024 5546 3165 5583 servo
3208 5542 3328 5596 tuo;
3370 5535 3628 5600 quomodo

2042 5609 2187 5671 dicit,
2215 5608 2528 5661 Suavitatem
2551 5605 2790 5675 docente,
2815 5601 3012 5675 nisiut
3042 5601 3088 5675 ei
3119 5603 3287 5675 gratia
3317 5603 3412 5656 Dei
3442 5604 3604 5675 magis

2043 5670 2306 5746 magisque
2332 5677 2609 5728 innatcscat
2640 5670 2908 5724 dulcedine
2935 5671 3176 5727 bonitatis
