4030 6178
496 214 602 274 δέη

1708 224 1764 279 s.
1811 218 2146 277 PROSPERI
2178 223 2499 292 AQUITANI

3652 223 3754 278 548

500 339 562 384 ut
591 329 748 396 fiant;
783 344 888 385 non
918 340 1094 387 autem
1123 331 1306 396 homo,
1336 331 1425 400 qui
1450 332 1548 388 etsi
1578 341 1752 402 potest
1779 343 1962 387 notum
1994 331 2069 385 [τί-
2095 333 2144 391 A
2169 337 2456 393 sentiatur.
2481 330 2637 398 Quod
2662 344 2793 400 ergo
2823 327 2919 393 ait,
2954 328 3140 383 Manus
3170 334 3274 383 tum
3307 327 3541 396 fecerunt
3567 342 3667 384 me.
3696 336 3745 378 et

500 435 626 477 cere
664 431 1008 491 prtcceptum,
1043 433 1070 460 ι
1111 424 1431 480 obedientia:
1469 436 1648 480 tamen
1689 426 1923 480 tribuere
1965 442 2070 478 non

500 521 676 581 potest
697 513 915 566 donum.
939 513 1080 568 Doce
1093 514 1449 582 disciplinam,
1467 515 1713 570 docendo
1734 515 2070 582 patientiam;

501 605 636 657 doce
659 604 957 665 scientiam,
984 605 1332 658 illuminando
1359 605 1790 674 intelligentiam;
1820 603 2071 674 quoniam

503 703 556 748 te
585 695 791 749 credidi
823 695 911 748 illa
944 697 1244 756 mandasse.
1271 697 1360 764 qui
1389 698 1530 751 Deus
1555 713 1635 764 es,
1666 709 1720 752 et
1748 698 1950 752 homini
1977 697 2075 750 do-

504 799 601 838 nas
624 783 650 821 ι’
674 784 813 839 unde
840 786 1007 853 possit
1036 785 1210 840 facere
1238 787 1378 855 quod
1412 788 1652 842 mandas.

573 874 751 945 (Vers.
804 877 917 940 67.)
961 874 1273 945 Priusquam
1337 878 1634 931 humiliarer
1688 895 1782 950 ego
1844 879 2072 952 deliqui,

503 976 769 1040 propterea
804 967 1058 1039 eloquium
1095 979 1235 1021 tuum
1272 985 1364 1039 ego
1399 972 1670 1028 custodivi.
1709 973 1933 1040 Propter
1962 974 2073 1042 pri-

504 1074 672 1123 mum,
698 1059 889 1127 inquit,
914 1059 1169 1112 delictum
1193 1060 1500 1114 humiliatus
1521 1077 1637 1114 sum
1660 1077 1675 1126 ;
1699 1071 1753 1116 et
1778 1078 1842 1116 ne
1864 1079 2076 1118 rursum

503 1149 839 1217 humiliarer,
871 1150 1123 1221 eloquium
1149 1160 1293 1206 tuum
1323 1154 1593 1207 custodivi.
1625 1154 1698 1208 lla
1728 1171 1821 1221 per
1846 1156 2073 1226 gratiam

505 1250 648 1294 tuam
697 1241 894 1309 profuit
938 1243 1169 1312 experiri
1215 1258 1450 1312 poenam,
1486 1256 1544 1298 ut
1573 1246 1908 1315 acquirerem
1949 1249 2079 1303 obe-

505 1332 784 1385 dienliam.

578 1423 757 1492 (Vers.
784 1421 900 1494 68.)
926 1423 1110 1478 Suavis
1132 1441 1181 1477 es
1205 1437 1278 1489 tu,
1311 1424 1545 1493 Domine,
1575 1436 1622 1479 et
1649 1429 1699 1479 in
1720 1438 1805 1481 tua
1829 1431 2083 1484 suavitate

506 1515 629 1567 doce
674 1531 752 1569 me
779 1516 1175 1586 justiﬁcationes
1211 1525 1348 1572 tuas.
1377 1515 1514 1571 Vere
1542 1519 1650 1570 vult
1679 1518 1854 1573 ficere
1886 1521 2082 1587 justifi-

507 1606 746 1660 cationes
784 1607 903 1670 Dei,
936 1606 1148 1676 quando
1178 1620 1271 1661 eas
1307 1606 1359 1660 in
1397 1606 1515 1676 ejus
1543 1607 1807 1664 suavitate
1836 1612 1950 1664 vult
1999 1611 2081 1665 di-

506 1711 682 1755 scere.

577 1787 756 1856 (Vers.
791 1786 907 1856 69.)
938 1785 1291 1849 Multiplicata
1324 1798 1399 1842 est
1432 1804 1587 1857 super
1614 1805 1694 1844 me
1718 1792 1958 1861 iniquitas
1988 1810 2083 1847 su-

508 1879 800 1948 perborum.
844 1878 1039 1932 Eorum
1070 1879 1301 1944 scilicet,
1333 1879 1527 1946 quibus
1560 1895 1666 1934 non
1697 1882 1910 1949 profuit,
1942 1884 2085 1952 quod

509 1979 694 2037 postea
724 1983 882 2037 quam
909 1969 1156 2036 deliquit,
1197 1970 1472 2024 humiliata
1497 1979 1580 2024 est
1613 1971 1840 2026 humana
1873 1982 2084 2029 natura.

511 2060 625 2130 Ego
658 2071 828 2114 autem
855 2063 908 2113 in
941 2069 1044 2113 toto
1077 2061 1227 2114 corde
1269 2077 1378 2114 meo
1411 2063 1672 2115 scrutabor
1701 2064 1944 2117 mandata
1975 2074 2084 2118 tua.

509 2151 874 2218 Quantalibet,
895 2150 1086 2216 inquit,
1106 2151 1340 2204 abundet
1363 2151 1632 2221 iniquitas,
1655 2167 1758 2206 non
1779 2154 2089 2222 refrigescet

509 2241 564 2295 in
598 2256 682 2294 tne
699 2240 929 2294 charitas
955 2239 1166 2308 (Matth.
1186 2257 1330 2304 xxtv,
1347 2242 1455 2311 12).
1471 2241 1552 2296 Ad
1570 2243 1671 2298 hoc
1684 2245 1824 2298 enim
1841 2247 2086 2302 mandata

513 2342 600 2383 tua
636 2346 823 2385 amans
856 2338 1088 2393 scrutor.
1111 2340 1172 2386 ut
1199 2332 1487 2401 perfectius
1516 2348 1579 2388 ea
1609 2333 1854 2389 faciendo
1889 2351 2088 2407 cogno-

513 2438 682 2478 scam.

585 2515 766 2586 (Vers.
796 2515 914 2587 70.)
935 2515 1274 2589 Coagulatum
1309 2527 1382 2570 est
1412 2519 1550 2572 ‘sicut
1571 2519 1650 2572 lac
1669 2535 1757 2573 cor
1775 2537 1970 2587 eorum,
1996 2538 2088 2593 ego

511 2616 682 2660 autem
710 2607 874 2677 legem
906 2617 1046 2659 tuam
1077 2607 1346 2660 meditatus
1368 2625 1502 2662 sum.
1529 2606 1653 2676 Cor,
1686 2609 1876 2677 inquit,
1903 2625 2090 2677 super-

514 2700 703 2753 borum
732 2698 1050 2753 obduratum
1079 2707 1162 2753 est
1190 2718 1201 2753 :
1232 2714 1332 2768 ego
1362 2709 1540 2754 autem
1569 2701 1700 2770 legis
1733 2712 1835 2755 tute
1865 2704 2091 2756 medita-

516 2790 661 2846 tione
695 2790 854 2844 didici
887 2791 1013 2859 quia
1051 2791 1295 2859 superbis
1331 2793 1560 2856 resistis,
1590 2801 1641 2845 et
1681 2792 1968 2846 humilibus
1995 2793 2091 2848 das

511 2883 736 2952 gratiam
767 2881 907 2951 (Jac.
941 2897 1014 2948 tv,
1044 2881 1123 2951 6).

587 2975 770 3049 (Vers.
799 2973 913 3045 7t.)
937 2974 1137 3027 Bonum
1170 2983 1243 3028 est
1277 2973 1405 3028 mihi
1432 2975 1568 3042 quod
1595 2975 1880 3030 humiliasti
1905 2992 2002 3039 me,
2036 2985 2091 3029 ut

2176 420 2458 487 ﬁnxerunt,
2501 421 2618 474 sive
2649 419 3026 490 plasmaverunt
3066 434 3164 484 me,
3201 435 3307 473 non
3346 418 3641 486 incongrue
3675 417 3747 468 ita

2174 508 2518 575 discernitur,
2563 518 2623 564 ut
2658 514 2884 577 fecerunt
2923 510 2988 564 ad
3027 511 3282 573 animam,
3321 509 3577 577 ﬁnxerunt
3619 521 3750 560 vero

2174 597 2240 652 ad
2271 607 2468 668 corpus
2497 600 2785 668 pertineat.
2817 600 2966 654 Licet
2993 601 3200 654 soleant
3230 599 3346 652 haec
3383 597 3753 652 indifferenter

2176 692 2349 760 posita
2381 693 2630 762 reperiri.
2667 694 2780 747 Hoc
2808 702 2982 748 autem
3013 707 3148 761 opus
3176 692 3291 757 Dei,
3333 707 3439 744 non
3481 690 3654 742 solum
3697 687 3752 739 in

2179 783 2334 851 primi
2375 785 2607 840 hominis
2643 785 2952 840 conditione
2996 784 3290 853 praecessit,
3321 783 3374 835 in
3411 795 3520 850 quo
3559 792 3756 834 omnes

2179 885 2424 939 seminali
2449 886 2660 942 ratione
2680 895 2805 940 sunt
2825 887 3046 952 conditi,
3071 885 3165 940 sed
3186 884 3345 938 etiam
3368 883 3419 936 in
3442 879 3754 951 quotidiana

2178 985 2507 1054 singulorum
2558 987 2831 1042 hominum
2873 987 3145 1042 creatione
3189 983 3486 1053 perficitur.
3528 979 3663 1048 Quia
3705 978 3752 1032 si

2179 1086 2485 1154 Operatoria
2517 1087 2604 1140 illa
2636 1086 2733 1142 Dei
2765 1087 3021 1156 potentia,
3054 1086 3122 1139 ab
3153 1087 3256 1139 hoc
3293 1098 3351 1139 se
3380 1096 3544 1153 opere
3573 1079 3751 1136 conti-

2182 1195 2358 1251 neret,
2387 1196 2576 1241 cuncta
2608 1187 2921 1242 deficerent.

2252 1285 2433 1355 (lbid.)
2466 1285 2546 1338 Da
2575 1286 2702 1339 mihi
2731 1287 3064 1350 intellectum,
3091 1295 3143 1338 ut
3165 1284 3358 1338 discam
3379 1283 3620 1335 mandata
3645 1291 3752 1336 tua.

2182 1377 2447 1448 Numquid
2489 1379 2558 1432 ita
2601 1378 2813 1434 condita
2853 1387 2933 1433 est
2979 1378 3206 1432 humana
3244 1384 3457 1440 natura,
3488 1383 3544 1427 ut
3569 1381 3754 1428 careat

2184 1469 2496 1524 intellectu?
2525 1469 2662 1536 Quid
2694 1471 2854 1539 igitur
2881 1468 2981 1523 sibi
3009 1468 3120 1522 dari
3154 1467 3406 1536 postulat,
3435 1465 3573 1534 quod
3602 1478 3756 1518 acce-

2185 1559 2282 1628 pit,
2313 1559 2418 1614 nisi
2447 1561 2590 1629 quod
2621 1560 2825 1628 peccati
2856 1560 2984 1613 vitio
3019 1561 3190 1627 ipsum
3223 1557 3465 1625 primitus
3494 1555 3757 1609 rationale

2185 1658 2490 1718 corruptum
2515 1659 2617 1714 est,
2638 1659 2690 1704 et
2714 1649 2900 1719 gratia:
2925 1664 3150 1704 munere
3171 1643 3199 1684 (ι
3221 1645 3616 1702 reformandum
3639 1645 3757 1700 est?

2185 1742 2300 1796 Non
2328 1744 2471 1796 enim
2494 1743 2690 1796 sufﬁcit
2711 1752 2917 1796 naturas
2946 1741 3085 1811 quod
3108 1740 3157 1794 ei
3183 1740 3462 1803 remansit,
3488 1738 3592 1793 nisi
3619 1738 3758 1792 reci-

2185 1834 2346 1904 piata
2369 1841 2681 1904 reparatore
2706 1834 2845 1901 quod
2875 1831 3129 1899 perdidit.
3159 1833 3416 1886 Dominus
3445 1845 3572 1900 ergo
3597 1829 3756 1884 Jesus

2185 1923 2237 1977 in
2271 1925 2372 1977 hoc
2403 1924 2608 1992 psalmo
2635 1938 2733 1992 per
2763 1924 3100 1993 prophetam,
3123 1932 3390 1994 tamquam
3423 1923 3547 1988 sibi,
3572 1921 3759 1992 petivit

2184 2013 2514 2068 intellectum
2542 2014 2659 2068 dari
2690 2031 2717 2067 a
2751 2015 2862 2069 Deo
2891 2016 3108 2084 corpori
3139 2030 3256 2080 suo,
3288 2014 3429 2085 quod
3460 2025 3542 2069 est
3573 2013 3756 2068 Eccle-

2184 2103 2263 2158 sia
2305 2103 2518 2175 (Ephes.
2567 2119 2620 2172 v,
2675 2103 2788 2174 23).
2832 2105 2963 2159 Cum
3008 2105 3128 2175 ipso
3169 2109 3310 2160 enim
3365 2107 3473 2161 vita
3516 2105 3760 2173 corporis

2186 2193 2321 2262 ejus.
2356 2197 2456 2249 hoc
2484 2203 2568 2249 est
2595 2197 2773 2263 populi
2805 2196 2940 2264 ejus,
2971 2196 3280 2251 abscondita
3321 2206 3402 2252 est
3425 2198 3476 2250 in
3526 2195 3757 2249 Domino

2188 2283 2409 2356 (Coloss.
2447 2301 2525 2354 nt,
2557 2284 2644 2352 5);
2679 2295 2733 2341 et
2762 2287 2875 2356 ipse
2907 2288 2957 2341 in
2993 2288 3182 2342 eodem
3221 2303 3444 2356 corpore
3484 2303 3582 2342 suo
3625 2286 3762 2341 indi-

2186 2378 2417 2446 gentiam
2458 2377 2656 2446 patitur
2719 2385 2775 2433 et
2813 2393 2908 2448 per
2947 2379 2998 2433 id
3045 2379 3186 2449 quod
3229 2378 3485 2434 membris
3527 2378 3639 2432 suis
3679 2385 3762 2432 est

2189 2483 2567 2526 necessarium.

2262 2567 2441 2638 (Vers.
2473 2569 2587 2640 τι.)
2621 2571 2720 2639 Qui
2751 2573 2928 2627 timent
2961 2584 3026 2640 te,
3053 2574 3292 2629 videbunt
3316 2591 3413 2639 me,
3439 2583 3485 2626 et
3510 2573 3764 2643 iocunda-

2189 2657 2398 2726 buntur,
2439 2662 2680 2731 quoniam
2719 2665 2770 2716 in
2813 2665 2957 2718 verba
2995 2672 3084 2718 tua
3123 2665 3340 2734 speravi.
3384 2663 3629 2717 Prazsens
3661 2663 3765 2716 vita

2190 2759 2496 2806 sanctorum
2530 2754 2736 2808 timoris
2774 2763 2856 2809 est
2898 2765 2952 2810 et
2991 2756 3233 2811 laboris:
3267 2755 3358 2810 sed
3393 2755 3586 2808 habent
3615 2769 3764 2820 spem

2191 2842 2392 2897 laetitia:
2409 2853 2460 2896 et
2483 2845 2829 2914 jocunditatis
2850 2859 3088 2902 aeternae.
3112 2848 3246 2913 Quia
3269 2862 3392 2914 ergo
3417 2845 3590 2898 adhuc
3614 2845 3768 2898 titnet

2194 2933 2458 3001 Ecclesia,
2484 2947 2537 2991 et
2569 2940 2804 2992 nondum
2836 2955 2894 2994 se
2920 2940 3065 2994 videt
3092 2939 3143 2994 in
3173 2955 3237 2994 eo
3267 2953 3430 3007 regno
3459 2939 3543 2991 ubi
3572 2952 3766 2990 secura

513 3029 713 3121 άίὲεαιη
743 3029 1140 3138 iustiﬁcationes
1351 3067 1568 3122 Poenam
1957 3069 2088 3121 ηιειιί
2116 3059 2158 3120 c
2192 3029 2487 3138 sese:
2529 3046 2642 3138 ξρετξ
2804 3047 2939 3138 εειυῖε
2981 3032 3770 3138 νιίεεδξιιπεηίμξιίῖξιῑεξξπξνξιεξ

511 3161 582 3212 ad
627 3159 992 3228 disciplinam,
1031 3167 1086 3212 et
1127 3157 1548 3212 humiliationem
1595 3156 1662 3211 ad
1701 3157 2087 3224 eruditionem;

513 3251 638 3318 quia
668 3249 1079 3316 justiftcationes
1113 3256 1232 3303 tuas
1270 3249 1342 3302 ita
1376 3249 1538 3318 cupio
1569 3263 1750 3316 nosse,
1791 3259 1848 3302 ut
1877 3249 2089 3304 faciam.

517 3341 632 3396 Non
660 3341 803 3394 enim
827 3349 909 3393 est
937 3354 1061 3394 vera
1089 3340 1312 3393 scientia
1340 3339 1488 3409 boni,
1515 3340 1618 3394 nisi
1645 3340 1712 3394 ad
1744 3339 1846 3394 hoc
1895 3355 2094 3409 cognoo

516 3442 716 3495 scatur,
749 3443 808 3483 ut
846 3439 1031 3500 agatur
1062 3430 1232 3497 (Sent.
1270 3428 1385 3496 24).

587 3521 768 3592 (Vers.
799 3520 916 3588 72.)
946 3519 1144 3572 Bonum
1181 3521 1305 3573 mihi
1346 3523 1430 3574 lea:
1467 3522 1573 3575 oris
1608 3522 1705 3586 tui,
1747 3538 1900 3592 super
1934 3523 2096 3575 millia

516 3615 633 3664 auri
677 3622 724 3663 et
766 3613 985 3680 argenti.
1028 3611 1097 3666 Ut
1137 3613 1368 3680 amplius
1414 3613 1598 3682 diligat
1637 3613 1874 3667 charitas
1923 3615 2093 3684 legem

518 3704 650 3771 Dei,
709 3719 868 3774 quam
931 3704 1104 3775 diligit
1165 3705 1430 3774 cupiditas
1493 3708 1662 3761 millia
1716 3709 1835 3763 auri
1893 3717 1948 3762 et
2001 3723 2092 3762 ar-

516 3805 685 3864 gcntt.

1251 3925 1363 3966 10D.

591 4041 776 4114 (Vers.
805 4043 920 4113 75.)
947 4027 1132 4097 Manus
1154 4055 1255 4098 tute
1286 4044 1512 4114 fecerunt
1541 4061 1618 4099 me
1646 4054 1690 4098 et
1721 4046 2099 4114 plasmaoerunt

522 4153 623 4191 me.
663 4138 847 4191 Manus
891 4138 1099 4190 Domini
1157 4149 1282 4193 sunt
1331 4149 1568 4207 potestas
1616 4141 1730 4204 Dei,
1773 4155 1890 4209 qute
1935 4140 2102 4195 efficit

523 4245 685 4298 Opera
716 4229 1005 4285 voluntatis
1033 4246 1174 4299 suae,
1207 4239 1266 4284 ut
1294 4231 1424 4284 nihil
1463 4232 1526 4285 de
1558 4231 1666 4286 Deo
1698 4247 1792 4299 per
1824 4247 2098 4301 nuncupa-

525 4321 722 4374 tionem
762 4336 950 4373 manus
991 4335 1267 4389 corporeae
1305 4322 1622 4390 cogitemus.
1660 4321 1827 4394 448
1861 4323 2012 4389 Quod
2053 4325 2095 4378 si

2197 3129 2490 3187 praesentes
2531 3121 2853 3177 tentationes
2892 3121 2944 3176 in
2985 3122 3250 3192 promissa
3284 3122 3372 3176 Dei
3404 3133 3623 3190 sperare
3663 3132 3770 3172 non

2193 3210 2395 3267 deficit.

2265 3310 2446 3376 (Vers.
2477 3311 2569 3376 75,
2600 3310 2717 3381 76.)
2759 3309 3003 3382 Cognoui,
3053 3310 3291 3378 Domine,
3335 3310 3578 3381 quoniam
3621 3311 3772 3379 justo

2185 3400 2392 3470 judicia
2422 3411 2544 3465 tua;
2571 3412 2618 3456 et
2645 3403 2699 3455 in
2725 3404 2933 3455 veritate
2956 3412 3043 3454 tua
3069 3401 3307 3455 humilias
3335 3418 3430 3453 nte.
3458 3398 3580 3452 Fiat
3600 3409 3775 3452 autem

2193 3492 2543 3546 misericordia
2563 3501 2673 3558 tua,
2701 3502 2756 3546 ut
2780 3493 3068 3547 consoletur
3089 3509 3186 3558 me,
3219 3493 3494 3547 secundum
3515 3491 3774 3561 eloquium

2194 3590 2337 3635 tuum
2365 3598 2506 3636 servo
2533 3593 2641 3636 tuo.
2668 3583 2923 3649 Quamvis
2945 3598 3109 3652 grave
3130 3583 3315 3653 jugum
3343 3583 3412 3636 sit
3439 3596 3600 3650 super
3637 3583 3776 3635 ﬁlios

2193 3673 2387 3737 Adam,
2419 3689 2524 3742 quo
2563 3684 2805 3729 creatura
2847 3678 3074 3728 humana
3111 3674 3427 3743 deprimitur
3456 3673 3648 3744 (Eccli.
3684 3689 3771 3736 η,

2197 3767 2276 3836 1),
2301 3767 2527 3836 cognovi
2559 3777 2734 3822 tamen
2764 3766 2904 3836 quod
2928 3763 3069 3836 justa
3098 3777 3223 3821 sunt
3245 3765 3441 3835 judicia
3470 3775 3580 3831 tua,
3605 3775 3662 3820 et
3693 3779 3778 3819 se-

2194 3857 2428 3911 cundum
2467 3857 2746 3911 veritatem
2793 3857 3100 3912 humiliatus
3144 3865 3228 3912 est
3267 3856 3450 3912 homo.
3484 3855 3604 3909 Fiat
3635 3872 3769 3926 ergo

2196 3949 2546 4002 misericordia
2583 3957 2691 4014 tua,
2722 3949 3014 4004 secundum
3058 3950 3468 4018 promissionem
3507 3958 3679 4014 tuam,
3711 3949 3779 4003 de

2198 4043 2556 4111 praesentibus
2599 4043 2912 4099 muneribus
2951 4046 3182 4115 accipiat
3223 4045 3465 4100 mortalis
3494 4049 3602 4100 vita
3633 4047 3778 4100 sola-

2199 4137 2369 4203 tium,
2407 4143 2462 4188 et
2513 4134 2686 4190 futura
2718 4136 3034 4192 aeternitatis
3080 4137 3221 4192 bona
3269 4139 3532 4207 patienter
3582 4153 3780 4208 exspe-

2206 4234 2339 4281 ctet.

2269 4325 2434 4397 m
2461 4325 2640 4395 (Vers.
2673 4325 2784 4397 77.)
2815 4325 3034 4381 Veniant
3059 4328 3184 4382 mihi
3211 4329 3558 4384 miserationes
3580 4342 3706 4396 tua,
3736 4343 3783 4384 et

524 4412 750 4482 pluralis
801 4426 1059 4466 numerus
1113 4423 1314 4475 movet,
1357 4414 1687 4481 accipiantur
1752 4431 1943 4469 manus
2003 4416 2097 4470 Dei
2127 4419 2178 4478 D
2201 4420 2383 4473 vivam.
2413 4416 2558 4472 Tunc
2584 4433 2708 4473 vere
2738 4419 2930 4486 vivam,
2964 4419 3177 4488 quando
3200 4437 3303 4475 non
3330 4423 3528 4476 timebo
3561 4437 3629 4476 ne
3663 4438 3782 4476 mo-

527 4515 547 4540 c
576 4504 1069 4572 virtus,sapicntia;
1113 4505 1254 4574 quod
1287 4517 1566 4574 utrumque
1596 4521 1731 4560 unus
1751 4517 1832 4562 est
1853 4508 2099 4564 Christus

529 4595 567 4662 (I
605 4593 720 4648 Cor.
750 4611 788 4661 t,
812 4596 931 4663 24),
960 4601 1046 4665 qui
1077 4606 1132 4651 et
1161 4598 1439 4652 brachium
1477 4599 1687 4652 Domini
1721 4600 1916 4654 dicitur
1942 4601 2094 4670 (lsai.

527 4701 580 4748 ν,
617 4683 696 4753 l).
738 4684 1085 4754 Accipiantur
1132 4698 1402 4756 postremo
1448 4705 1636 4744 manus
1674 4690 1792 4755 Dei,
1837 4691 2003 4746 Filius
2046 4703 2101 4748 et

525 4774 759 4842 Spiritus
786 4784 1024 4843 sanctus,
1057 4777 1146 4846 qui
1185 4787 1239 4832 et
1277 4779 1510 4848 Spiritus
1539 4790 1752 4834 sanctus
1782 4793 2100 4850 cooperator

529 4885 612 4930 est
645 4875 821 4929 Patris
847 4883 901 4929 et
928 4875 1048 4928 Filii
1091 4875 1131 4943 (1
1161 4876 1284 4930 Cor.
1322 4894 1419 4939 χιι,
1458 4879 1569 4946 ll),
1601 4886 1813 4934 tantum
1841 4888 1900 4934 ttt
1929 4881 1981 4934 in
2009 4896 2111 4934 na-

528 4976 652 5021 tura
683 4966 1153 5020 incommutabilis
1195 4968 1422 5023 Deitatis
1453 4970 1602 5024 nulla
1638 4970 1812 5024 forma
1848 4986 2108 5038 corporea

598 5140 622 5166 ⁸
657 5131 751 5204 llic
783 5133 984 5204 virgula
1013 5136 1272 5201 apposita,
1303 5150 1422 5204 quae
1454 5146 1571 5200 post
1595 5153 1782 5190 vocem
1807 5139 2103 5191 obedientite

529 5201 813 5271 notabatur
844 5203 894 5254 in
922 5203 1100 5266 editis,
1135 5201 1528 5257 lui-utn'sensui
1567 5207 1791 5271 planiori
1837 5210 2100 5262 redditum

526 5269 816 5324 credimus.
850 5272 935 5325 Ait
972 5275 1114 5325 enim
1161 5275 1506 5334 Augustinus,
1538 5269 1599 5330 Si
1633 5279 1768 5328 enim
1798 5281 1945 5328 homo
1981 5277 2106 5329 mihi

531 5344 636 5412 luec
653 5341 858 5409 juberet
879 5342 1181 5410 forinsecus,
1209 5344 1452 5406 numquid
1475 5355 1524 5395 ul
1545 5349 1698 5398 etimn
1724 5351 1941 5412 facerent
1969 5349 2106 5412 quod

531 5409 738 5477 pubebat
768 5409 1039 5482 adjuvaret
1081 5415 1407 5467 intrinsecus.
1455 5415 1532 5467 En
1568 5409 1863 5468 obedientia:
1890 5409 2106 5479 donum,

533 5495 640 5557 non
674 5494 804 5557 vero
832 5481 1130 5557 caedicntiae
1163 5497 1488 5557 praccptum,
1513 5486 1656 5555 quod
1689 5486 1794 5539 alia
1827 5487 2109 5556 interpun-

539 5551 718 5603 ctione
744 5550 1072 5616 signabatur.

609 5617 634 5652 δ’
669 5621 890 5688 August.
924 5638 938 5674 :
969 5624 1103 5676 unde
1143 5625 1301 5688 facias
1339 5643 1453 5679 eum
1495 5630 1658 5693 facere
1694 5628 1830 5694 quod
1871 5627 2106 5679 mandas.

2201 4509 2331 4563 riar.
2365 4507 2479 4576 Ipsa
2507 4515 2591 4561 est
2630 4510 2772 4562 enim
2803 4523 2929 4562 vera
2951 4511 3056 4563 vita
3079 4552 3094 4578 ,
3133 4526 3254 4580 quae
3283 4511 3399 4565 sine
3427 4512 3536 4566 ullo
3566 4512 3782 4566 addita-

2203 4606 2385 4653 mento
2413 4597 2627 4664 dicitur,
2672 4598 2822 4666 quasi
2856 4599 3000 4652 aliud
3024 4598 3094 4652 ibi
3131 4615 3234 4654 non
3265 4602 3334 4654 sit
3364 4601 3546 4656 vivere
3575 4642 3589 4664 ,
3623 4617 3784 4669 quam

2204 4690 2324 4744 sine
2354 4689 2462 4742 ullo
2485 4689 2588 4742 line
2613 4729 2626 4748 .
2674 4699 2728 4743 et
2757 4691 2876 4744 sine
2903 4691 3006 4744 ulla
3037 4692 3252 4745 miseria
3291 4695 3492 4748 vivere.
3536 4694 3676 4760 Quia
3708 4697 3788 4748 lex

2206 4789 2294 4833 tua
2333 4781 2593 4832 meditatio
2633 4795 2744 4833 mea
2777 4789 2872 4832 est.
2924 4781 3051 4834 Ηωο
3090 4783 3390 4848 meditatio,
3432 4785 3529 4838 nisi
3560 4797 3714 4840 esset
3741 4787 3790 4838 in

2209 4873 2312 4927 fide
2339 4887 2456 4942 qua:
2496 4886 2591 4940 per
2632 4871 2973 4927 dilectionem
3017 4885 3272 4940 cperatur
3316 4875 3466 4944 (Gal.
3507 4892 3563 4946 v,
3599 4878 3690 4944 6),
3725 4879 3789 4932 ad

2205 4967 2370 5019 vitam
2415 4977 2525 5017 non
2566 4964 2872 5032 perveniret
2914 4971 3193 5018 aeternam.
3241 4965 3356 5020 Non
3404 4983 3531 5036 ergo
3585 4968 3792 5022 utiliter

2282 5148 2305 5176 ε
2336 5137 2392 5191 In
2438 5138 2763 5204 Augustino,
2811 5136 2968 5189 virtus
3009 5147 3054 5190 et
3101 5139 3394 5204 sapientia;
3437 5139 3700 5206 particula
3747 5149 3793 5194 et

2208 5209 2348 5262 forte
2376 5210 2574 5261 excidit
2603 5222 2631 5259 a
2663 5207 2936 5260 codicibus
2967 5207 3239 5275 Prosperi.

2278 5275 2305 5314 ἀ
2337 5277 2394 5330 in
2433 5277 2562 5330 edit.
2611 5276 2856 5345 Lugdun.
2896 5286 2949 5329 et
2989 5278 3215 5340 Lovan.,
3246 5277 3572 5346 formandum
3609 5289 3703 5332 est.
3736 5279 3791 5333 in

2211 5348 2375 5401 Duac.
2407 5357 2461 5400 et
2488 5346 2678 5408 Colon,
2708 5346 3092 5415 reformandum
3135 5357 3228 5399 est.
3271 5348 3422 5412 Quod
3456 5351 3675 5416 pr0pins
3707 5365 3793 5401 ac-

2210 5418 2402 5471 cedere
2433 5417 2642 5468 videtur
2685 5416 2750 5468 ad
2795 5416 2924 5468 illud
2970 5417 3266 5483 Augustini.
3314 5421 3444 5481 Quia
3484 5428 3560 5479 tu,
3602 5421 3790 5482 inquit,

2215 5487 2467 5557 formasti.
2494 5497 2546 5537 tu
2578 5489 2799 5557 reforma
2828 5501 2845 5537 :
2883 5495 2937 5536 ut
2967 5486 3137 5557 [iutin
3176 5503 3389 5552 corpore
3419 5487 3631 5548 Christi,
3656 5488 3794 5553 quod

2215 5555 2286 5608 ait
2317 5556 2610 5622 Apostolus,
2655 5555 3022 5620 Reformamini
3061 5556 3113 5606 in
3143 5557 3366 5608 nouita‘e
3404 5574 3582 5610 sensus
3614 5560 3790 5622 uestri,

2221 5627 2374 5680 llum.
2408 5641 2501 5693 xit,
2521 5627 2575 5690 2,
2607 5635 2660 5681 et
2689 5625 2754 5679 ad
2781 5627 3055 5692 sequentia
3088 5625 3144 5680 S.
3179 5624 3431 5694 Pt'OSpefl
3462 5627 3646 5681 verba.
