  <div class='ocr_page' id='page_1' title='image "/cluster/home/n/w/nwhite01/storage/ocr_20150623/51/hvd.32044054758610/180.png"; bbox 0 0 4030 6178; ppageno 0'>
   <div class='ocr_carea' id='block_1_1' title="bbox 301 269 410 325">
    <p class='ocr_par' dir='ltr' id='par_1_1' title="bbox 301 269 410 325">
     <span class='ocr_line' id='line_1_1' title="bbox 301 269 410 325; baseline 0.028 -3"><span class='ocrx_word' id='word_1_1' title='bbox 301 269 410 325; x_wconf 63' lang='lat'><strong>549</strong></span> 
     </span>
    </p>
   </div>
   <div class='ocr_carea' id='block_1_2' title="bbox 1043 265 2809 326">
    <p class='ocr_par' dir='ltr' id='par_1_2' title="bbox 1043 265 2809 326">
     <span class='ocr_line' id='line_1_2' title="bbox 1043 265 2809 326; baseline 0.001 -3"><span class='ocrx_word' id='word_1_2' title='bbox 1043 265 1463 323; x_wconf 67' lang='lat' dir='ltr'><strong>PSALMORU!</strong></span> <span class='ocrx_word' id='word_1_3' title='bbox 1503 266 1547 321; x_wconf 89' lang='lat' dir='ltr'><strong>A</strong></span> <span class='ocrx_word' id='word_1_4' title='bbox 1585 265 1626 321; x_wconf 84' lang='lat' dir='ltr'><strong><em>C</em></strong></span> <span class='ocrx_word' id='word_1_5' title='bbox 1663 265 1754 320; x_wconf 85' lang='lat' dir='ltr'><strong>AD</strong></span> <span class='ocrx_word' id='word_1_6' title='bbox 1793 265 1881 321; x_wconf 83' lang='lat' dir='ltr'><strong>CL</strong></span> <span class='ocrx_word' id='word_1_7' title='bbox 1921 265 2300 323; x_wconf 78' lang='lat' dir='ltr'><strong>EXPUSITIO.</strong></span> <span class='ocrx_word' id='word_1_8' title='bbox 2344 268 2537 326; x_wconf 83' lang='lat' dir='ltr'><strong>PSAL.</strong></span> <span class='ocrx_word' id='word_1_9' title='bbox 2576 266 2809 325; x_wconf 74' lang='lat' dir='ltr'><strong>CXVIII.</strong></span> 
     </span>
    </p>
   </div>
   <div class='ocr_carea' id='block_1_3' title="bbox 3444 275 3555 333">
    <p class='ocr_par' dir='ltr' id='par_1_3' title="bbox 3444 275 3555 333">
     <span class='ocr_line' id='line_1_3' title="bbox 3444 275 3555 333; baseline 0 -42"><span class='ocrx_word' id='word_1_10' title='bbox 3444 275 3555 333; x_wconf 53' lang='lat'><strong>350</strong></span> 
     </span>
    </p>
   </div>
   <div class='ocr_carea' id='block_1_4' title="bbox 296 374 3555 454">
    <p class='ocr_par' dir='ltr' id='par_1_4' title="bbox 296 374 3555 454">
     <span class='ocr_line' id='line_1_4' title="bbox 296 374 3555 454; baseline 0.004 -25"><span class='ocrx_word' id='word_1_11' title='bbox 296 374 591 431; x_wconf 71' lang='lat' dir='ltr'><strong>meditatur</strong></span> <span class='ocrx_word' id='word_1_12' title='bbox 619 375 790 446; x_wconf 88' lang='lat' dir='ltr'><strong>legem</strong></span> <span class='ocrx_word' id='word_1_13' title='bbox 820 375 938 441; x_wconf 90' lang='lat' dir='ltr'><strong>Dei,</strong></span> <span class='ocrx_word' id='word_1_14' title='bbox 967 378 1059 446; x_wconf 86' lang='lat' dir='ltr'><strong>qui</strong></span> <span class='ocrx_word' id='word_1_15' title='bbox 1088 377 1296 431; x_wconf 75' lang='lat' dir='ltr'><strong>laborat</strong></span> <span class='ocrx_word' id='word_1_16' title='bbox 1317 385 1378 431; x_wconf 89' lang='lat' dir='ltr'><strong>ut</strong></span> <span class='ocrx_word' id='word_1_17' title='bbox 1407 374 1667 431; x_wconf 80' lang='lat' dir='ltr'><strong>memoria</strong></span> <span class='ocrx_word' id='word_1_18' title='bbox 1690 384 1869 431; x_wconf 88' lang='lat' dir='ltr'><strong>teneat</strong></span> <span class='ocrx_word' id='word_1_19' title='bbox 1892 378 1945 437; x_wconf 74' lang='grc' dir='ltr'>Α</span> <span class='ocrx_word' id='word_1_20' title='bbox 1973 376 2025 431; x_wconf 88' lang='lat' dir='ltr'><strong>id</strong></span> <span class='ocrx_word' id='word_1_21' title='bbox 2052 389 2155 443; x_wconf 69' lang='lat' dir='ltr'><strong>est,</strong></span> <span class='ocrx_word' id='word_1_22' title='bbox 2187 382 2470 449; x_wconf 79' lang='lat' dir='ltr'><strong>promissu,</strong></span> <span class='ocrx_word' id='word_1_23' title='bbox 2505 382 2768 437; x_wconf 91' lang='lat' dir='ltr'><strong>tendentis</strong></span> <span class='ocrx_word' id='word_1_24' title='bbox 2790 426 2805 451; x_wconf 93' lang='lat'><strong>,</strong></span> <span class='ocrx_word' id='word_1_25' title='bbox 2833 383 2916 438; x_wconf 91' lang='lat' dir='ltr'><strong>cui</strong></span> <span class='ocrx_word' id='word_1_26' title='bbox 2945 394 3281 454; x_wconf 89' lang='lat' dir='ltr'><strong>speratarum</strong></span> <span class='ocrx_word' id='word_1_27' title='bbox 3304 386 3555 443; x_wconf 91' lang='lat' dir='ltr'><strong>consola-</strong></span> 
     </span>
    </p>
   </div>
   <div class='ocr_carea' id='block_1_5' title="bbox 298 467 1436 539">
    <p class='ocr_par' dir='ltr' id='par_1_5' title="bbox 298 467 1436 539">
     <span class='ocr_line' id='line_1_5' title="bbox 298 467 1436 539; baseline -0.001 -16"><span class='ocrx_word' id='word_1_28' title='bbox 298 468 448 539; x_wconf 87' lang='lat' dir='ltr'><strong>quod</strong></span> <span class='ocrx_word' id='word_1_29' title='bbox 480 478 503 507; x_wconf 81' lang='grc'><strong><em>⁸</em></strong></span> <span class='ocrx_word' id='word_1_30' title='bbox 530 469 740 524; x_wconf 82' lang='lat' dir='ltr'><strong>actione</strong></span> <span class='ocrx_word' id='word_1_31' title='bbox 768 484 874 524; x_wconf 94' lang='lat' dir='ltr'><strong>non</strong></span> <span class='ocrx_word' id='word_1_32' title='bbox 906 469 1091 538; x_wconf 89' lang='lat' dir='ltr'><strong>implet</strong></span> <span class='ocrx_word' id='word_1_33' title='bbox 1120 467 1290 538; x_wconf 83' lang='lat' dir='ltr'><strong>(Sent.</strong></span> <span class='ocrx_word' id='word_1_34' title='bbox 1316 468 1436 539; x_wconf 66' lang='grc'><strong>24).</strong></span> 
     </span>
    </p>
   </div>
   <div class='ocr_carea' id='block_1_6' title="bbox 373 558 1872 633">
    <p class='ocr_par' dir='ltr' id='par_1_6' title="bbox 373 558 1872 633">
     <span class='ocr_line' id='line_1_6' title="bbox 373 558 1872 633; baseline -0.002 -17"><span class='ocrx_word' id='word_1_35' title='bbox 373 560 560 629; x_wconf 72' lang='lat' dir='ltr'><strong>(Vera.</strong></span> <span class='ocrx_word' id='word_1_36' title='bbox 588 560 704 631; x_wconf 88' lang='lat'><strong>78.)</strong></span> <span class='ocrx_word' id='word_1_37' title='bbox 734 559 1130 633; x_wconf 77' lang='lat' dir='ltr'><strong>Confundantur</strong></span> <span class='ocrx_word' id='word_1_38' title='bbox 1156 561 1387 630; x_wconf 89' lang='lat' dir='ltr'><strong>superbi,</strong></span> <span class='ocrx_word' id='word_1_39' title='bbox 1416 560 1537 631; x_wconf 91' lang='lat' dir='ltr'><strong>quia</strong></span> <span class='ocrx_word' id='word_1_40' title='bbox 1563 560 1752 632; x_wconf 87' lang='lat' dir='ltr'><strong>injuste</strong></span> <span class='ocrx_word' id='word_1_41' title='bbox 1777 558 1872 613; x_wconf 88' lang='lat' dir='ltr'><strong>ini-</strong></span> 
     </span>
    </p>
   </div>
   <div class='ocr_carea' id='block_1_7' title="bbox 295 650 1875 721">
    <p class='ocr_par' dir='ltr' id='par_1_7' title="bbox 295 650 1875 721">
     <span class='ocr_line' id='line_1_7' title="bbox 295 650 1875 721; baseline -0.001 -16"><span class='ocrx_word' id='word_1_42' title='bbox 295 651 549 721; x_wconf 77' lang='lat' dir='ltr'><strong>quitatem</strong></span> <span class='ocrx_word' id='word_1_43' title='bbox 598 651 827 721; x_wconf 76' lang='lat' dir='ltr'><strong>fecerunt</strong></span> <span class='ocrx_word' id='word_1_44' title='bbox 868 652 920 705; x_wconf 88' lang='lat' dir='ltr'><strong>in</strong></span> <span class='ocrx_word' id='word_1_45' title='bbox 978 667 1096 717; x_wconf 87' lang='lat' dir='ltr'><strong>me;</strong></span> <span class='ocrx_word' id='word_1_46' title='bbox 1160 666 1250 721; x_wconf 93' lang='lat' dir='ltr'><strong>ego</strong></span> <span class='ocrx_word' id='word_1_47' title='bbox 1295 662 1467 704; x_wconf 84' lang='lat' dir='ltr'><strong>autem</strong></span> <span class='ocrx_word' id='word_1_48' title='bbox 1510 650 1778 705; x_wconf 69' lang='lat' dir='ltr'><strong>exercebar</strong></span> <span class='ocrx_word' id='word_1_49' title='bbox 1819 650 1875 703; x_wconf 89' lang='lat' dir='ltr'><strong>in</strong></span> 
     </span>
    </p>
   </div>
   <div class='ocr_carea' id='block_1_8' title="bbox 294 742 1875 813">
    <p class='ocr_par' dir='ltr' id='par_1_8' title="bbox 294 742 1875 813">
     <span class='ocr_line' id='line_1_8' title="bbox 294 742 1875 813; baseline 0 -18"><span class='ocrx_word' id='word_1_50' title='bbox 294 744 562 798; x_wconf 83' lang='lat' dir='ltr'><strong>mandatis</strong></span> <span class='ocrx_word' id='word_1_51' title='bbox 585 745 708 798; x_wconf 89' lang='lat' dir='ltr'><strong>tuis.</strong></span> <span class='ocrx_word' id='word_1_52' title='bbox 735 744 989 810; x_wconf 82' lang='lat' dir='ltr'><strong>Quamvis</strong></span> <span class='ocrx_word' id='word_1_53' title='bbox 1013 743 1237 798; x_wconf 62' lang='lat' dir='ltr'><strong>saeviant</strong></span> <span class='ocrx_word' id='word_1_54' title='bbox 1260 743 1477 813; x_wconf 83' lang='lat' dir='ltr'><strong>superbi</strong></span> <span class='ocrx_word' id='word_1_55' title='bbox 1494 783 1507 806; x_wconf 92' lang='lat'><strong>,</strong></span> <span class='ocrx_word' id='word_1_56' title='bbox 1538 752 1595 797; x_wconf 90' lang='lat' dir='ltr'><strong>et</strong></span> <span class='ocrx_word' id='word_1_57' title='bbox 1626 742 1875 809; x_wconf 87' lang='lat' dir='ltr'><strong>iniquita-</strong></span> 
     </span>
    </p>
   </div>
   <div class='ocr_carea' id='block_1_9' title="bbox 296 834 1874 906">
    <p class='ocr_par' dir='ltr' id='par_1_9' title="bbox 296 834 1874 906">
     <span class='ocr_line' id='line_1_9' title="bbox 296 834 1874 906; baseline -0.001 -19"><span class='ocrx_word' id='word_1_58' title='bbox 296 848 408 890; x_wconf 86' lang='lat' dir='ltr'><strong>tem</strong></span> <span class='ocrx_word' id='word_1_59' title='bbox 453 844 745 906; x_wconf 86' lang='lat' dir='ltr'><strong>operentur</strong></span> <span class='ocrx_word' id='word_1_60' title='bbox 776 838 827 889; x_wconf 93' lang='lat' dir='ltr'><strong>in</strong></span> <span class='ocrx_word' id='word_1_61' title='bbox 866 844 1116 901; x_wconf 86' lang='lat' dir='ltr'><strong>sanctos,</strong></span> <span class='ocrx_word' id='word_1_62' title='bbox 1164 834 1400 889; x_wconf 89' lang='lat' dir='ltr'><strong>charitas</strong></span> <span class='ocrx_word' id='word_1_63' title='bbox 1444 843 1623 888; x_wconf 87' lang='lat' dir='ltr'><strong>tamen</strong></span> <span class='ocrx_word' id='word_1_64' title='bbox 1663 836 1874 902; x_wconf 90' lang='lat' dir='ltr'><strong>piorum</strong></span> 
     </span>
    </p>
   </div>
   <div class='ocr_carea' id='block_1_10' title="bbox 296 925 1876 997">
    <p class='ocr_par' dir='ltr' id='par_1_10' title="bbox 296 925 1876 997">
     <span class='ocr_line' id='line_1_10' title="bbox 296 925 1876 997; baseline 0.001 -18"><span class='ocrx_word' id='word_1_65' title='bbox 296 941 407 980; x_wconf 83' lang='lat' dir='ltr'><strong>non</strong></span> <span class='ocrx_word' id='word_1_66' title='bbox 442 925 764 997; x_wconf 73' lang='lat' dir='ltr'><strong>refrigescit,</strong></span> <span class='ocrx_word' id='word_1_67' title='bbox 804 935 861 982; x_wconf 92' lang='lat' dir='ltr'><strong>et</strong></span> <span class='ocrx_word' id='word_1_68' title='bbox 894 942 925 981; x_wconf 89' lang='lat' dir='ltr'><strong>a</strong></span> <span class='ocrx_word' id='word_1_69' title='bbox 956 927 1325 983; x_wconf 83' lang='lat' dir='ltr'><strong>mandatorum</strong></span> <span class='ocrx_word' id='word_1_70' title='bbox 1366 926 1462 983; x_wconf 86' lang='lat' dir='ltr'><strong>Dei</strong></span> <span class='ocrx_word' id='word_1_71' title='bbox 1489 926 1876 981; x_wconf 81' lang='lat' dir='ltr'><strong>exercitatione</strong></span> 
     </span>
    </p>
   </div>
   <div class='ocr_carea' id='block_1_11' title="bbox 294 1019 659 1073">
    <p class='ocr_par' dir='ltr' id='par_1_11' title="bbox 294 1019 659 1073">
     <span class='ocr_line' id='line_1_11' title="bbox 294 1019 659 1073; baseline 0.003 -1"><span class='ocrx_word' id='word_1_72' title='bbox 294 1035 409 1073; x_wconf 88' lang='lat' dir='ltr'><strong>non</strong></span> <span class='ocrx_word' id='word_1_73' title='bbox 437 1019 659 1073; x_wconf 88' lang='lat' dir='ltr'><strong>desinit.</strong></span> 
     </span>
    </p>
   </div>
   <div class='ocr_carea' id='block_1_12' title="bbox 376 1108 1875 1183">
    <p class='ocr_par' dir='ltr' id='par_1_12' title="bbox 376 1108 1875 1183">
     <span class='ocr_line' id='line_1_12' title="bbox 376 1108 1875 1183; baseline -0.003 -18"><span class='ocrx_word' id='word_1_74' title='bbox 376 1110 558 1183; x_wconf 83' lang='lat' dir='ltr'><strong>(Vers.</strong></span> <span class='ocrx_word' id='word_1_75' title='bbox 590 1109 710 1182; x_wconf 86' lang='lat'><strong>79.)</strong></span> <span class='ocrx_word' id='word_1_76' title='bbox 759 1112 1130 1165; x_wconf 73' lang='lat' dir='ltr'><strong>Convertuntur</strong></span> <span class='ocrx_word' id='word_1_77' title='bbox 1174 1110 1245 1163; x_wconf 91' lang='lat' dir='ltr'><strong>ad</strong></span> <span class='ocrx_word' id='word_1_78' title='bbox 1290 1126 1370 1164; x_wconf 89' lang='lat' dir='ltr'><strong>me</strong></span> <span class='ocrx_word' id='word_1_79' title='bbox 1404 1108 1491 1180; x_wconf 86' lang='lat' dir='ltr'><strong>qui</strong></span> <span class='ocrx_word' id='word_1_80' title='bbox 1530 1111 1703 1164; x_wconf 83' lang='lat' dir='ltr'><strong>timent</strong></span> <span class='ocrx_word' id='word_1_81' title='bbox 1732 1117 1797 1173; x_wconf 90' lang='lat' dir='ltr'><strong>te,</strong></span> <span class='ocrx_word' id='word_1_82' title='bbox 1825 1115 1875 1161; x_wconf 88' lang='lat' dir='ltr'><strong>et</strong></span> 
     </span>
    </p>
   </div>
   <div class='ocr_carea' id='block_1_13' title="bbox 295 1198 1877 1273">
    <p class='ocr_par' dir='ltr' id='par_1_13' title="bbox 295 1198 1877 1273">
     <span class='ocr_line' id='line_1_13' title="bbox 295 1198 1877 1273; baseline -0.003 -17"><span class='ocrx_word' id='word_1_83' title='bbox 295 1204 388 1269; x_wconf 86' lang='lat' dir='ltr'><strong>qui</strong></span> <span class='ocrx_word' id='word_1_84' title='bbox 417 1210 731 1273; x_wconf 80' lang='lat' dir='ltr'><strong>cognoscunt</strong></span> <span class='ocrx_word' id='word_1_85' title='bbox 758 1202 1045 1256; x_wconf 89' lang='lat' dir='ltr'><strong>testimonia</strong></span> <span class='ocrx_word' id='word_1_86' title='bbox 1067 1211 1174 1255; x_wconf 89' lang='lat' dir='ltr'><strong>tua.</strong></span> <span class='ocrx_word' id='word_1_87' title='bbox 1213 1200 1331 1255; x_wconf 84' lang='lat' dir='ltr'><strong>Non</strong></span> <span class='ocrx_word' id='word_1_88' title='bbox 1363 1208 1447 1255; x_wconf 90' lang='lat' dir='ltr'><strong>est</strong></span> <span class='ocrx_word' id='word_1_89' title='bbox 1468 1199 1746 1269; x_wconf 79' lang='lat' dir='ltr'><strong>quisquam</strong></span> <span class='ocrx_word' id='word_1_90' title='bbox 1779 1198 1877 1252; x_wconf 93' lang='lat' dir='ltr'><strong>ho-</strong></span> 
     </span>
    </p>
   </div>
   <div class='ocr_carea' id='block_1_14' title="bbox 298 1292 1871 1364">
    <p class='ocr_par' dir='ltr' id='par_1_14' title="bbox 298 1292 1871 1364">
     <span class='ocr_line' id='line_1_14' title="bbox 298 1292 1871 1364; baseline -0.002 -16"><span class='ocrx_word' id='word_1_91' title='bbox 298 1298 505 1349; x_wconf 87' lang='lat' dir='ltr'><strong>minum</strong></span> <span class='ocrx_word' id='word_1_92' title='bbox 538 1294 631 1364; x_wconf 86' lang='lat' dir='ltr'><strong>qui</strong></span> <span class='ocrx_word' id='word_1_93' title='bbox 662 1295 833 1364; x_wconf 80' lang='lat' dir='ltr'><strong>possit</strong></span> <span class='ocrx_word' id='word_1_94' title='bbox 860 1294 963 1349; x_wconf 92' lang='lat' dir='ltr'><strong>hoc</strong></span> <span class='ocrx_word' id='word_1_95' title='bbox 991 1293 1206 1361; x_wconf 87' lang='lat' dir='ltr'><strong>dicere,</strong></span> <span class='ocrx_word' id='word_1_96' title='bbox 1231 1303 1430 1364; x_wconf 60' lang='lat' dir='ltr'><strong>prater</strong></span> <span class='ocrx_word' id='word_1_97' title='bbox 1460 1292 1608 1346; x_wconf 93' lang='lat' dir='ltr'><strong>illum</strong></span> <span class='ocrx_word' id='word_1_98' title='bbox 1636 1292 1723 1361; x_wconf 91' lang='lat' dir='ltr'><strong>qui</strong></span> <span class='ocrx_word' id='word_1_99' title='bbox 1750 1305 1871 1346; x_wconf 90' lang='lat' dir='ltr'><strong>cum</strong></span> 
     </span>
    </p>
   </div>
   <div class='ocr_carea' id='block_1_15' title="bbox 296 1383 1870 1449">
    <p class='ocr_par' dir='ltr' id='par_1_15' title="bbox 296 1383 1870 1449">
     <span class='ocr_line' id='line_1_15' title="bbox 296 1383 1870 1449; baseline -0.001 -11"><span class='ocrx_word' id='word_1_100' title='bbox 296 1387 377 1438; x_wconf 87' lang='lat' dir='ltr'><strong>sit</strong></span> <span class='ocrx_word' id='word_1_101' title='bbox 401 1384 545 1439; x_wconf 91' lang='lat' dir='ltr'><strong>Deus</strong></span> <span class='ocrx_word' id='word_1_102' title='bbox 567 1383 952 1449; x_wconf 88' lang='lat' dir='ltr'><strong>universitatis,</strong></span> <span class='ocrx_word' id='word_1_103' title='bbox 977 1392 1222 1439; x_wconf 88' lang='lat' dir='ltr'><strong>naturam</strong></span> <span class='ocrx_word' id='word_1_104' title='bbox 1242 1383 1346 1439; x_wconf 86' lang='lat' dir='ltr'><strong>sibi</strong></span> <span class='ocrx_word' id='word_1_105' title='bbox 1368 1384 1540 1436; x_wconf 87' lang='lat' dir='ltr'><strong>univit</strong></span> <span class='ocrx_word' id='word_1_106' title='bbox 1555 1384 1870 1437; x_wconf 86' lang='lat' dir='ltr'><strong>humanam:</strong></span> 
     </span>
    </p>
   </div>
   <div class='ocr_carea' id='block_1_16' title="bbox 299 1474 1876 1546">
    <p class='ocr_par' dir='ltr' id='par_1_16' title="bbox 299 1474 1876 1546">
     <span class='ocr_line' id='line_1_16' title="bbox 299 1474 1876 1546; baseline 0 -18"><span class='ocrx_word' id='word_1_107' title='bbox 299 1474 371 1529; x_wconf 87' lang='lat' dir='ltr'><strong>ad</strong></span> <span class='ocrx_word' id='word_1_108' title='bbox 396 1490 556 1546; x_wconf 87' lang='lat' dir='ltr'><strong>quem</strong></span> <span class='ocrx_word' id='word_1_109' title='bbox 586 1485 973 1531; x_wconf 82' lang='lat' dir='ltr'><strong>convertentur</strong></span> <span class='ocrx_word' id='word_1_110' title='bbox 995 1476 1241 1531; x_wconf 81' lang='lat' dir='ltr'><strong>timentes</strong></span> <span class='ocrx_word' id='word_1_111' title='bbox 1261 1475 1568 1540; x_wconf 91' lang='lat' dir='ltr'><strong>Dominum,</strong></span> <span class='ocrx_word' id='word_1_112' title='bbox 1601 1483 1657 1529; x_wconf 93' lang='lat' dir='ltr'><strong>et</strong></span> <span class='ocrx_word' id='word_1_113' title='bbox 1679 1489 1876 1544; x_wconf 84' lang='lat' dir='ltr'><strong>cogno-</strong></span> 
     </span>
    </p>
   </div>
   <div class='ocr_carea' id='block_1_17' title="bbox 296 1565 1875 1637">
    <p class='ocr_par' dir='ltr' id='par_1_17' title="bbox 296 1565 1875 1637">
     <span class='ocr_line' id='line_1_17' title="bbox 296 1565 1875 1637; baseline 0.001 -18"><span class='ocrx_word' id='word_1_114' title='bbox 296 1577 515 1621; x_wconf 88' lang='lat' dir='ltr'><strong>scentes</strong></span> <span class='ocrx_word' id='word_1_115' title='bbox 558 1566 819 1636; x_wconf 89' lang='lat' dir='ltr'><strong>compleri</strong></span> <span class='ocrx_word' id='word_1_116' title='bbox 870 1567 1177 1621; x_wconf 88' lang='lat' dir='ltr'><strong>testimonia</strong></span> <span class='ocrx_word' id='word_1_117' title='bbox 1222 1566 1355 1633; x_wconf 85' lang='lat' dir='ltr'><strong>Dei,</strong></span> <span class='ocrx_word' id='word_1_118' title='bbox 1396 1581 1517 1637; x_wconf 76' lang='lat' dir='ltr'><strong>qua:</strong></span> <span class='ocrx_word' id='word_1_119' title='bbox 1555 1566 1624 1621; x_wconf 90' lang='lat' dir='ltr'><strong>de</strong></span> <span class='ocrx_word' id='word_1_120' title='bbox 1660 1565 1753 1621; x_wconf 91' lang='lat' dir='ltr'><strong>illo</strong></span> <span class='ocrx_word' id='word_1_121' title='bbox 1778 1579 1875 1636; x_wconf 88' lang='lat' dir='ltr'><strong>per</strong></span> 
     </span>
    </p>
   </div>
   <div class='ocr_carea' id='block_1_18' title="bbox 291 1656 1378 1727">
    <p class='ocr_par' dir='ltr' id='par_1_18' title="bbox 291 1656 1378 1727">
     <span class='ocr_line' id='line_1_18' title="bbox 291 1656 1378 1727; baseline -0.001 -16"><span class='ocrx_word' id='word_1_122' title='bbox 291 1656 595 1727; x_wconf 86' lang='lat' dir='ltr'><strong>prophetas</strong></span> <span class='ocrx_word' id='word_1_123' title='bbox 620 1665 767 1711; x_wconf 90' lang='lat' dir='ltr'><strong>tanto</strong></span> <span class='ocrx_word' id='word_1_124' title='bbox 795 1665 924 1712; x_wconf 84' lang='lat' dir='ltr'><strong>ante</strong></span> <span class='ocrx_word' id='word_1_125' title='bbox 951 1658 1204 1727; x_wconf 64' lang='lat' dir='ltr'><strong>praedicta</strong></span> <span class='ocrx_word' id='word_1_126' title='bbox 1233 1667 1378 1711; x_wconf 91' lang='lat' dir='ltr'><strong>sunt.</strong></span> 
     </span>
    </p>
   </div>
   <div class='ocr_carea' id='block_1_19' title="bbox 1978 469 3549 548">
    <p class='ocr_par' dir='ltr' id='par_1_19' title="bbox 1978 469 3549 548">
     <span class='ocr_line' id='line_1_19' title="bbox 1978 469 3549 548; baseline 0.009 -27"><span class='ocrx_word' id='word_1_127' title='bbox 1978 469 2180 523; x_wconf 83' lang='lat' dir='ltr'><strong>tionum</strong></span> <span class='ocrx_word' id='word_1_128' title='bbox 2226 472 2399 540; x_wconf 77' lang='lat' dir='ltr'><strong>longa:</strong></span> <span class='ocrx_word' id='word_1_129' title='bbox 2434 484 2560 527; x_wconf 90' lang='lat' dir='ltr'><strong>sunt</strong></span> <span class='ocrx_word' id='word_1_130' title='bbox 2602 490 2790 529; x_wconf 73' lang='lat' dir='ltr'><strong>morte.</strong></span> <span class='ocrx_word' id='word_1_131' title='bbox 2829 475 2962 541; x_wconf 85' lang='lat' dir='ltr'><strong>Quia</strong></span> <span class='ocrx_word' id='word_1_132' title='bbox 2992 478 3156 531; x_wconf 89' lang='lat' dir='ltr'><strong>etiam</strong></span> <span class='ocrx_word' id='word_1_133' title='bbox 3182 478 3328 548; x_wconf 88' lang='lat' dir='ltr'><strong>quod</strong></span> <span class='ocrx_word' id='word_1_134' title='bbox 3353 479 3549 535; x_wconf 84' lang='lat' dir='ltr'><strong>subve-</strong></span> 
     </span>
    </p>
   </div>
   <div class='ocr_carea' id='block_1_20' title="bbox 1978 560 3203 635">
    <p class='ocr_par' dir='ltr' id='par_1_20' title="bbox 1978 560 3203 635">
     <span class='ocr_line' id='line_1_20' title="bbox 1978 560 3203 635; baseline 0.007 -22"><span class='ocrx_word' id='word_1_135' title='bbox 1978 560 2148 615; x_wconf 89' lang='lat' dir='ltr'><strong>nienti</strong></span> <span class='ocrx_word' id='word_1_136' title='bbox 2178 560 2341 616; x_wconf 84' lang='lat' dir='ltr'><strong>breve</strong></span> <span class='ocrx_word' id='word_1_137' title='bbox 2360 573 2467 631; x_wconf 93' lang='lat' dir='ltr'><strong>est,</strong></span> <span class='ocrx_word' id='word_1_138' title='bbox 2493 564 2709 634; x_wconf 88' lang='lat' dir='ltr'><strong>longum</strong></span> <span class='ocrx_word' id='word_1_139' title='bbox 2740 566 2950 621; x_wconf 90' lang='lat' dir='ltr'><strong>videtur</strong></span> <span class='ocrx_word' id='word_1_140' title='bbox 2978 568 3203 635; x_wconf 80' lang='lat' dir='ltr'><strong>optanti.</strong></span> 
     </span>
    </p>
   </div>
   <div class='ocr_carea' id='block_1_21' title="bbox 2049 650 3549 731">
    <p class='ocr_par' dir='ltr' id='par_1_21' title="bbox 2049 650 3549 731">
     <span class='ocr_line' id='line_1_21' title="bbox 2049 650 3549 731; baseline 0.005 -27"><span class='ocrx_word' id='word_1_141' title='bbox 2049 650 2230 719; x_wconf 81' lang='lat' dir='ltr'><strong>(Vers.</strong></span> <span class='ocrx_word' id='word_1_142' title='bbox 2248 652 2363 721; x_wconf 80' lang='lat'><strong>85.)</strong></span> <span class='ocrx_word' id='word_1_143' title='bbox 2386 654 2639 718; x_wconf 82' lang='lat' dir='ltr'><strong>Quoniam</strong></span> <span class='ocrx_word' id='word_1_144' title='bbox 2655 658 2825 726; x_wconf 81' lang='lat' dir='ltr'><strong>factus</strong></span> <span class='ocrx_word' id='word_1_145' title='bbox 2848 673 2961 710; x_wconf 89' lang='lat' dir='ltr'><strong>sum</strong></span> <span class='ocrx_word' id='word_1_146' title='bbox 2984 658 3111 710; x_wconf 89' lang='lat' dir='ltr'><strong>sicut</strong></span> <span class='ocrx_word' id='word_1_147' title='bbox 3137 667 3249 711; x_wconf 91' lang='lat' dir='ltr'><strong>uter</strong></span> <span class='ocrx_word' id='word_1_148' title='bbox 3268 659 3320 711; x_wconf 90' lang='lat' dir='ltr'><strong>in</strong></span> <span class='ocrx_word' id='word_1_149' title='bbox 3340 660 3549 731; x_wconf 83' lang='lat' dir='ltr'><strong>pruina,</strong></span> 
     </span>
    </p>
   </div>
   <div class='ocr_carea' id='block_1_22' title="bbox 1969 741 3553 814">
    <p class='ocr_par' dir='ltr' id='par_1_22' title="bbox 1969 741 3553 814">
     <span class='ocr_line' id='line_1_22' title="bbox 1969 741 3553 814; baseline 0.006 -20"><span class='ocrx_word' id='word_1_150' title='bbox 1969 741 2367 811; x_wconf 78' lang='lat' dir='ltr'><strong>justiﬁcationes</strong></span> <span class='ocrx_word' id='word_1_151' title='bbox 2394 754 2510 797; x_wconf 89' lang='lat' dir='ltr'><strong>tuas</strong></span> <span class='ocrx_word' id='word_1_152' title='bbox 2540 762 2644 799; x_wconf 90' lang='lat' dir='ltr'><strong>non</strong></span> <span class='ocrx_word' id='word_1_153' title='bbox 2671 762 2784 800; x_wconf 88' lang='lat' dir='ltr'><strong>sum</strong></span> <span class='ocrx_word' id='word_1_154' title='bbox 2814 748 3019 801; x_wconf 90' lang='lat' dir='ltr'><strong>oblitus.</strong></span> <span class='ocrx_word' id='word_1_155' title='bbox 3068 748 3169 803; x_wconf 91' lang='lat' dir='ltr'><strong>Per</strong></span> <span class='ocrx_word' id='word_1_156' title='bbox 3195 758 3367 803; x_wconf 89' lang='lat' dir='ltr'><strong>utrem</strong></span> <span class='ocrx_word' id='word_1_157' title='bbox 3392 789 3407 814; x_wconf 94' lang='lat'><strong>,</strong></span> <span class='ocrx_word' id='word_1_158' title='bbox 3434 765 3553 803; x_wconf 88' lang='lat' dir='ltr'><strong>car-</strong></span> 
     </span>
    </p>
   </div>
   <div class='ocr_carea' id='block_1_23' title="bbox 1979 835 3554 907">
    <p class='ocr_par' dir='ltr' id='par_1_23' title="bbox 1979 835 3554 907">
     <span class='ocr_line' id='line_1_23' title="bbox 1979 835 3554 907; baseline 0.009 -21"><span class='ocrx_word' id='word_1_159' title='bbox 1979 848 2101 887; x_wconf 90' lang='lat' dir='ltr'><strong>nem</strong></span> <span class='ocrx_word' id='word_1_160' title='bbox 2130 837 2321 889; x_wconf 85' lang='lat' dir='ltr'><strong>ntortis</strong></span> <span class='ocrx_word' id='word_1_161' title='bbox 2351 835 2543 905; x_wconf 88' lang='lat' dir='ltr'><strong>hujus;</strong></span> <span class='ocrx_word' id='word_1_162' title='bbox 2592 853 2687 907; x_wconf 92' lang='lat' dir='ltr'><strong>per</strong></span> <span class='ocrx_word' id='word_1_163' title='bbox 2710 838 2952 907; x_wconf 88' lang='lat' dir='ltr'><strong>pruinam</strong></span> <span class='ocrx_word' id='word_1_164' title='bbox 2982 856 3111 895; x_wconf 87' lang='lat' dir='ltr'><strong>vero</strong></span> <span class='ocrx_word' id='word_1_165' title='bbox 3149 843 3370 898; x_wconf 76' lang='lat' dir='ltr'><strong>cmleste</strong></span> <span class='ocrx_word' id='word_1_166' title='bbox 3399 844 3554 900; x_wconf 88' lang='lat' dir='ltr'><strong>bene-</strong></span> 
     </span>
    </p>
   </div>
   <div class='ocr_carea' id='block_1_24' title="bbox 1980 924 3552 1003">
    <p class='ocr_par' dir='ltr' id='par_1_24' title="bbox 1980 924 3552 1003">
     <span class='ocr_line' id='line_1_24' title="bbox 1980 924 3552 1003; baseline 0.006 -25"><span class='ocrx_word' id='word_1_167' title='bbox 1980 924 2156 980; x_wconf 80' lang='lat' dir='ltr'><strong>ficium</strong></span> <span class='ocrx_word' id='word_1_168' title='bbox 2182 926 2298 979; x_wconf 90' lang='lat' dir='ltr'><strong>vult</strong></span> <span class='ocrx_word' id='word_1_169' title='bbox 2334 927 2598 998; x_wconf 84' lang='lat' dir='ltr'><strong>intelligi,</strong></span> <span class='ocrx_word' id='word_1_170' title='bbox 2646 945 2755 999; x_wconf 90' lang='lat' dir='ltr'><strong>quo</strong></span> <span class='ocrx_word' id='word_1_171' title='bbox 2789 931 3036 987; x_wconf 85' lang='lat' dir='ltr'><strong>carnales</strong></span> <span class='ocrx_word' id='word_1_172' title='bbox 3078 932 3552 1003; x_wconf 63' lang='lat' dir='ltr'><strong>concupiscentia,</strong></span> 
     </span>
    </p>
   </div>
   <div class='ocr_carea' id='block_1_25' title="bbox 1977 1015 3549 1095">
    <p class='ocr_par' dir='ltr' id='par_1_25' title="bbox 1977 1015 3549 1095">
     <span class='ocr_line' id='line_1_25' title="bbox 1977 1015 3549 1095; baseline 0.006 -26"><span class='ocrx_word' id='word_1_173' title='bbox 1977 1016 2119 1085; x_wconf 89' lang='lat' dir='ltr'><strong>velut</strong></span> <span class='ocrx_word' id='word_1_174' title='bbox 2166 1015 2363 1086; x_wconf 80' lang='lat' dir='ltr'><strong>frigore</strong></span> <span class='ocrx_word' id='word_1_175' title='bbox 2410 1018 2696 1075; x_wconf 87' lang='lat' dir='ltr'><strong>cohibente</strong></span> <span class='ocrx_word' id='word_1_176' title='bbox 2738 1031 3044 1088; x_wconf 73' lang='lat' dir='ltr'><strong>torpescant</strong></span> <span class='ocrx_word' id='word_1_177' title='bbox 3069 1032 3123 1078; x_wconf 88' lang='lat' dir='ltr'><strong>et</strong></span> <span class='ocrx_word' id='word_1_178' title='bbox 3150 1022 3273 1078; x_wconf 89' lang='lat' dir='ltr'><strong>hinc</strong></span> <span class='ocrx_word' id='word_1_179' title='bbox 3301 1023 3358 1079; x_wconf 85' lang='lat' dir='ltr'><strong>lit</strong></span> <span class='ocrx_word' id='word_1_180' title='bbox 3386 1034 3440 1079; x_wconf 92' lang='lat' dir='ltr'><strong>ut</strong></span> <span class='ocrx_word' id='word_1_181' title='bbox 3461 1026 3549 1095; x_wconf 88' lang='lat' dir='ltr'><strong>ju-</strong></span> 
     </span>
    </p>
   </div>
   <div class='ocr_carea' id='block_1_26' title="bbox 1978 1105 3249 1169">
    <p class='ocr_par' dir='ltr' id='par_1_26' title="bbox 1978 1105 3249 1169">
     <span class='ocr_line' id='line_1_26' title="bbox 1978 1105 3249 1169; baseline 0.006 -9"><span class='ocrx_word' id='word_1_182' title='bbox 1978 1105 2328 1163; x_wconf 86' lang='lat' dir='ltr'><strong>stilicationes</strong></span> <span class='ocrx_word' id='word_1_183' title='bbox 2359 1108 2452 1163; x_wconf 90' lang='lat' dir='ltr'><strong>Dei</strong></span> <span class='ocrx_word' id='word_1_184' title='bbox 2475 1110 2543 1165; x_wconf 91' lang='lat' dir='ltr'><strong>de</strong></span> <span class='ocrx_word' id='word_1_185' title='bbox 2567 1112 2823 1167; x_wconf 84' lang='lat' dir='ltr'><strong>memoria</strong></span> <span class='ocrx_word' id='word_1_186' title='bbox 2850 1128 2955 1168; x_wconf 91' lang='lat' dir='ltr'><strong>non</strong></span> <span class='ocrx_word' id='word_1_187' title='bbox 2984 1113 3249 1169; x_wconf 86' lang='lat' dir='ltr'><strong>labantur.</strong></span> 
     </span>
    </p>
   </div>
   <div class='ocr_carea' id='block_1_27' title="bbox 2050 1198 3551 1280">
    <p class='ocr_par' dir='ltr' id='par_1_27' title="bbox 2050 1198 3551 1280">
     <span class='ocr_line' id='line_1_27' title="bbox 2050 1198 3551 1280; baseline 0.005 -28"><span class='ocrx_word' id='word_1_188' title='bbox 2050 1198 2229 1267; x_wconf 84' lang='lat' dir='ltr'><strong>(Vers.</strong></span> <span class='ocrx_word' id='word_1_189' title='bbox 2261 1199 2373 1268; x_wconf 71' lang='lat' dir='ltr'><strong>8t.)</strong></span> <span class='ocrx_word' id='word_1_190' title='bbox 2410 1202 2543 1266; x_wconf 85' lang='lat' dir='ltr'><strong>Quot</strong></span> <span class='ocrx_word' id='word_1_191' title='bbox 2572 1213 2689 1257; x_wconf 90' lang='lat' dir='ltr'><strong>sunt</strong></span> <span class='ocrx_word' id='word_1_192' title='bbox 2715 1204 2821 1258; x_wconf 89' lang='lat' dir='ltr'><strong>dies</strong></span> <span class='ocrx_word' id='word_1_193' title='bbox 2850 1206 2979 1259; x_wconf 81' lang='lat' dir='ltr'><strong>servi</strong></span> <span class='ocrx_word' id='word_1_194' title='bbox 3009 1207 3124 1274; x_wconf 90' lang='lat' dir='ltr'><strong>tui,</strong></span> <span class='ocrx_word' id='word_1_195' title='bbox 3158 1206 3365 1275; x_wconf 82' lang='lat' dir='ltr'><strong>quando</strong></span> <span class='ocrx_word' id='word_1_196' title='bbox 3396 1211 3551 1280; x_wconf 82' lang='lat' dir='ltr'><strong>facies</strong></span> 
     </span>
    </p>
   </div>
   <div class='ocr_carea' id='block_1_28' title="bbox 1980 1288 3553 1367">
    <p class='ocr_par' dir='ltr' id='par_1_28' title="bbox 1980 1288 3553 1367">
     <span class='ocr_line' id='line_1_28' title="bbox 1980 1288 3553 1367; baseline 0.006 -28"><span class='ocrx_word' id='word_1_197' title='bbox 1980 1288 2043 1340; x_wconf 89' lang='lat' dir='ltr'><strong>de</strong></span> <span class='ocrx_word' id='word_1_198' title='bbox 2068 1291 2485 1360; x_wconf 83' lang='lat' dir='ltr'><strong>persequentibus</strong></span> <span class='ocrx_word' id='word_1_199' title='bbox 2533 1309 2613 1346; x_wconf 89' lang='lat' dir='ltr'><strong>me</strong></span> <span class='ocrx_word' id='word_1_200' title='bbox 2629 1294 2929 1363; x_wconf 78' lang='lat' dir='ltr'><strong>judicium?</strong></span> <span class='ocrx_word' id='word_1_201' title='bbox 2957 1296 3020 1350; x_wconf 82' lang='lat' dir='ltr'><strong>Et</strong></span> <span class='ocrx_word' id='word_1_202' title='bbox 3046 1295 3099 1349; x_wconf 89' lang='lat' dir='ltr'><strong>in</strong></span> <span class='ocrx_word' id='word_1_203' title='bbox 3129 1296 3447 1367; x_wconf 80' lang='lat' dir='ltr'><strong>Apocalypsi</strong></span> <span class='ocrx_word' id='word_1_204' title='bbox 3472 1308 3553 1352; x_wconf 87' lang='lat' dir='ltr'><strong>est</strong></span> 
     </span>
    </p>
   </div>
   <div class='ocr_carea' id='block_1_29' title="bbox 1979 1378 3552 1458">
    <p class='ocr_par' dir='ltr' id='par_1_29' title="bbox 1979 1378 3552 1458">
     <span class='ocr_line' id='line_1_29' title="bbox 1979 1378 3552 1458; baseline 0.006 -25"><span class='ocrx_word' id='word_1_205' title='bbox 1979 1378 2082 1434; x_wconf 89' lang='lat' dir='ltr'><strong>ista</strong></span> <span class='ocrx_word' id='word_1_206' title='bbox 2120 1396 2221 1435; x_wconf 81' lang='lat' dir='ltr'><strong>vox</strong></span> <span class='ocrx_word' id='word_1_207' title='bbox 2270 1391 2560 1453; x_wconf 82' lang='lat' dir='ltr'><strong>martyrum</strong></span> <span class='ocrx_word' id='word_1_208' title='bbox 2593 1384 2776 1456; x_wconf 75' lang='lat' dir='ltr'><strong>(Apoc.</strong></span> <span class='ocrx_word' id='word_1_209' title='bbox 2805 1403 2877 1451; x_wconf 76' lang='lat' dir='ltr'><strong>Vl,</strong></span> <span class='ocrx_word' id='word_1_210' title='bbox 2910 1385 3018 1456; x_wconf 87' lang='lat' dir='ltr'><strong>l0),</strong></span> <span class='ocrx_word' id='word_1_211' title='bbox 3059 1396 3114 1442; x_wconf 89' lang='lat' dir='ltr'><strong>et</strong></span> <span class='ocrx_word' id='word_1_212' title='bbox 3150 1387 3402 1458; x_wconf 89' lang='lat' dir='ltr'><strong>discipuli</strong></span> <span class='ocrx_word' id='word_1_213' title='bbox 3432 1398 3455 1426; x_wconf 79' lang='grc' dir='ltr'><strong>ο</strong></span> <span class='ocrx_word' id='word_1_214' title='bbox 3485 1390 3552 1443; x_wconf 86' lang='lat' dir='ltr'><strong>ad</strong></span> 
     </span>
    </p>
   </div>
   <div class='ocr_carea' id='block_1_30' title="bbox 1983 1472 3549 1549">
    <p class='ocr_par' dir='ltr' id='par_1_30' title="bbox 1983 1472 3549 1549">
     <span class='ocr_line' id='line_1_30' title="bbox 1983 1472 3549 1549; baseline 0.006 -24"><span class='ocrx_word' id='word_1_215' title='bbox 1983 1472 2264 1526; x_wconf 91' lang='lat' dir='ltr'><strong>Dominum</strong></span> <span class='ocrx_word' id='word_1_216' title='bbox 2302 1474 2524 1528; x_wconf 88' lang='lat' dir='ltr'><strong>indicari</strong></span> <span class='ocrx_word' id='word_1_217' title='bbox 2553 1475 2654 1529; x_wconf 91' lang='lat' dir='ltr'><strong>sibi</strong></span> <span class='ocrx_word' id='word_1_218' title='bbox 2682 1475 2823 1531; x_wconf 87' lang='lat' dir='ltr'><strong>diem</strong></span> <span class='ocrx_word' id='word_1_219' title='bbox 2856 1478 2976 1531; x_wconf 83' lang='lat' dir='ltr'><strong>linis</strong></span> <span class='ocrx_word' id='word_1_220' title='bbox 3014 1487 3309 1547; x_wconf 81' lang='lat' dir='ltr'><strong>exposcunt</strong></span> <span class='ocrx_word' id='word_1_221' title='bbox 3335 1478 3549 1549; x_wconf 75' lang='lat' dir='ltr'><strong>(Matth.</strong></span> 
     </span>
    </p>
   </div>
   <div class='ocr_carea' id='block_1_31' title="bbox 1979 1562 3549 1634">
    <p class='ocr_par' dir='ltr' id='par_1_31' title="bbox 1979 1562 3549 1634">
     <span class='ocr_line' id='line_1_31' title="bbox 1979 1562 3549 1634; baseline 0.004 -18"><span class='ocrx_word' id='word_1_222' title='bbox 1979 1578 2134 1628; x_wconf 81' lang='lat' dir='ltr'><strong>xxiv,</strong></span> <span class='ocrx_word' id='word_1_223' title='bbox 2167 1562 2244 1633; x_wconf 81' lang='lat'><strong>3).</strong></span> <span class='ocrx_word' id='word_1_224' title='bbox 2282 1563 2387 1620; x_wconf 90' lang='lat' dir='ltr'><strong>Sed</strong></span> <span class='ocrx_word' id='word_1_225' title='bbox 2418 1564 2521 1619; x_wconf 87' lang='lat' dir='ltr'><strong>illis</strong></span> <span class='ocrx_word' id='word_1_226' title='bbox 2550 1565 2802 1634; x_wconf 85' lang='lat' dir='ltr'><strong>patientia</strong></span> <span class='ocrx_word' id='word_1_227' title='bbox 2831 1567 3101 1633; x_wconf 91' lang='lat' dir='ltr'><strong>indicitur,</strong></span> <span class='ocrx_word' id='word_1_228' title='bbox 3125 1578 3181 1621; x_wconf 89' lang='lat' dir='ltr'><strong>et</strong></span> <span class='ocrx_word' id='word_1_229' title='bbox 3206 1569 3319 1623; x_wconf 88' lang='lat' dir='ltr'><strong>istis</strong></span> <span class='ocrx_word' id='word_1_230' title='bbox 3345 1570 3549 1623; x_wconf 86' lang='lat' dir='ltr'><strong>consti-</strong></span> 
     </span>
    </p>
   </div>
   <div class='ocr_carea' id='block_1_32' title="bbox 1981 1654 3554 1730">
    <p class='ocr_par' dir='ltr' id='par_1_32' title="bbox 1981 1654 3554 1730">
     <span class='ocr_line' id='line_1_32' title="bbox 1981 1654 3554 1730; baseline 0.004 -21"><span class='ocrx_word' id='word_1_231' title='bbox 1981 1654 2118 1711; x_wconf 91' lang='lat' dir='ltr'><strong>tutio</strong></span> <span class='ocrx_word' id='word_1_232' title='bbox 2155 1665 2359 1711; x_wconf 89' lang='lat' dir='ltr'><strong>secreta</strong></span> <span class='ocrx_word' id='word_1_233' title='bbox 2391 1672 2497 1712; x_wconf 94' lang='lat' dir='ltr'><strong>non</strong></span> <span class='ocrx_word' id='word_1_234' title='bbox 2527 1658 2797 1728; x_wconf 89' lang='lat' dir='ltr'><strong>panditur.</strong></span> <span class='ocrx_word' id='word_1_235' title='bbox 2847 1660 2903 1713; x_wconf 93' lang='lat' dir='ltr'><strong>ln</strong></span> <span class='ocrx_word' id='word_1_236' title='bbox 2932 1659 3018 1713; x_wconf 88' lang='lat' dir='ltr'><strong>his</strong></span> <span class='ocrx_word' id='word_1_237' title='bbox 3047 1676 3176 1729; x_wconf 89' lang='lat' dir='ltr'><strong>ergo</strong></span> <span class='ocrx_word' id='word_1_238' title='bbox 3217 1660 3407 1730; x_wconf 87' lang='lat' dir='ltr'><strong>psalmi</strong></span> <span class='ocrx_word' id='word_1_239' title='bbox 3432 1675 3554 1716; x_wconf 90' lang='lat' dir='ltr'><strong>ver-</strong></span> 
     </span>
    </p>
   </div>
   <div class='ocr_carea' id='block_1_33' title="bbox 368 1744 3553 1823">
    <p class='ocr_par' dir='ltr' id='par_1_33' title="bbox 368 1744 3553 1823">
     <span class='ocr_line' id='line_1_33' title="bbox 368 1744 3553 1823; baseline 0.003 -23"><span class='ocrx_word' id='word_1_240' title='bbox 368 1746 552 1815; x_wconf 84' lang='lat' dir='ltr'><strong>(Vers.</strong></span> <span class='ocrx_word' id='word_1_241' title='bbox 588 1748 701 1818; x_wconf 87' lang='lat'><strong>80.)</strong></span> <span class='ocrx_word' id='word_1_242' title='bbox 728 1744 855 1802; x_wconf 86' lang='lat' dir='ltr'><strong>Fiat</strong></span> <span class='ocrx_word' id='word_1_243' title='bbox 875 1764 964 1802; x_wconf 90' lang='lat' dir='ltr'><strong>cor</strong></span> <span class='ocrx_word' id='word_1_244' title='bbox 988 1764 1155 1801; x_wconf 88' lang='lat' dir='ltr'><strong>meum</strong></span> <span class='ocrx_word' id='word_1_245' title='bbox 1179 1748 1565 1802; x_wconf 87' lang='lat' dir='ltr'><strong>immaculatum</strong></span> <span class='ocrx_word' id='word_1_246' title='bbox 1588 1749 1639 1801; x_wconf 87' lang='lat' dir='ltr'><strong>iu</strong></span> <span class='ocrx_word' id='word_1_247' title='bbox 1658 1748 1758 1802; x_wconf 89' lang='lat' dir='ltr'><strong>tuis</strong></span> <span class='ocrx_word' id='word_1_248' title='bbox 1776 1751 1841 1821; x_wconf 85' lang='lat' dir='ltr'><strong>ju</strong></span> <span class='ocrx_word' id='word_1_249' title='bbox 1902 1744 1951 1806; x_wconf 88' lang='lat' dir='ltr'><strong>B</strong></span> <span class='ocrx_word' id='word_1_250' title='bbox 1979 1746 2081 1812; x_wconf 88' lang='lat' dir='ltr'><strong>his,</strong></span> <span class='ocrx_word' id='word_1_251' title='bbox 2110 1747 2248 1802; x_wconf 86' lang='lat' dir='ltr'><strong>bene</strong></span> <span class='ocrx_word' id='word_1_252' title='bbox 2292 1747 2609 1819; x_wconf 80' lang='lat' dir='ltr'><strong>intelligitur</strong></span> <span class='ocrx_word' id='word_1_253' title='bbox 2651 1749 2771 1805; x_wconf 72' lang='lat' dir='ltr'><strong>haec</strong></span> <span class='ocrx_word' id='word_1_254' title='bbox 2814 1751 2928 1821; x_wconf 90' lang='lat' dir='ltr'><strong>ipsa</strong></span> <span class='ocrx_word' id='word_1_255' title='bbox 2976 1750 3234 1808; x_wconf 75' lang='lat' dir='ltr'><strong>Ecclesia:</strong></span> <span class='ocrx_word' id='word_1_256' title='bbox 3280 1751 3553 1823; x_wconf 86' lang='lat' dir='ltr'><strong>inquisitio</strong></span> 
     </span>
    </p>
   </div>
   <div class='ocr_carea' id='block_1_34' title="bbox 294 1836 1873 1909">
    <p class='ocr_par' dir='ltr' id='par_1_34' title="bbox 294 1836 1873 1909">
     <span class='ocr_line' id='line_1_34' title="bbox 294 1836 1873 1909; baseline 0.004 -20"><span class='ocrx_word' id='word_1_257' title='bbox 294 1836 735 1906; x_wconf 80' lang='lat' dir='ltr'><strong>stiﬁcationibus;</strong></span> <span class='ocrx_word' id='word_1_258' title='bbox 777 1849 832 1891; x_wconf 85' lang='lat' dir='ltr'><strong>ut</strong></span> <span class='ocrx_word' id='word_1_259' title='bbox 871 1855 974 1892; x_wconf 91' lang='lat' dir='ltr'><strong>non</strong></span> <span class='ocrx_word' id='word_1_260' title='bbox 1017 1840 1325 1909; x_wconf 81' lang='lat' dir='ltr'><strong>confundar.</strong></span> <span class='ocrx_word' id='word_1_261' title='bbox 1382 1839 1539 1895; x_wconf 84' lang='lat' dir='ltr'><strong>Redit</strong></span> <span class='ocrx_word' id='word_1_262' title='bbox 1573 1840 1641 1894; x_wconf 85' lang='lat' dir='ltr'><strong>ad</strong></span> <span class='ocrx_word' id='word_1_263' title='bbox 1686 1856 1873 1895; x_wconf 79' lang='lat' dir='ltr'><strong>vocem</strong></span> 
     </span>
    </p>
   </div>
   <div class='ocr_carea' id='block_1_35' title="bbox 292 1927 1875 2000">
    <p class='ocr_par' dir='ltr' id='par_1_35' title="bbox 292 1927 1875 2000">
     <span class='ocr_line' id='line_1_35' title="bbox 292 1927 1875 2000; baseline 0.004 -21"><span class='ocrx_word' id='word_1_264' title='bbox 292 1929 575 1996; x_wconf 87' lang='lat' dir='ltr'><strong>corporis,</strong></span> <span class='ocrx_word' id='word_1_265' title='bbox 599 1927 701 1983; x_wconf 89' lang='lat' dir='ltr'><strong>hoc</strong></span> <span class='ocrx_word' id='word_1_266' title='bbox 722 1939 826 1994; x_wconf 89' lang='lat' dir='ltr'><strong>est,</strong></span> <span class='ocrx_word' id='word_1_267' title='bbox 857 1930 1219 1984; x_wconf 89' lang='lat' dir='ltr'><strong>membrorum</strong></span> <span class='ocrx_word' id='word_1_268' title='bbox 1248 1944 1466 1983; x_wconf 91' lang='lat' dir='ltr'><strong>suorum</strong></span> <span class='ocrx_word' id='word_1_269' title='bbox 1484 1971 1497 1991; x_wconf 90' lang='lat'><strong>.</strong></span> <span class='ocrx_word' id='word_1_270' title='bbox 1527 1946 1752 2000; x_wconf 89' lang='lat' dir='ltr'><strong>quorum</strong></span> <span class='ocrx_word' id='word_1_271' title='bbox 1780 1945 1875 1985; x_wconf 89' lang='lat' dir='ltr'><strong>cor</strong></span> 
     </span>
    </p>
   </div>
   <div class='ocr_carea' id='block_1_36' title="bbox 294 2019 1871 2090">
    <p class='ocr_par' dir='ltr' id='par_1_36' title="bbox 294 2019 1871 2090">
     <span class='ocr_line' id='line_1_36' title="bbox 294 2019 1871 2090; baseline 0.002 -19"><span class='ocrx_word' id='word_1_272' title='bbox 294 2021 358 2073; x_wconf 89' lang='lat' dir='ltr'><strong>lit</strong></span> <span class='ocrx_word' id='word_1_273' title='bbox 388 2020 788 2073; x_wconf 83' lang='lat' dir='ltr'><strong>immaculatum</strong></span> <span class='ocrx_word' id='word_1_274' title='bbox 832 2034 928 2088; x_wconf 92' lang='lat' dir='ltr'><strong>per</strong></span> <span class='ocrx_word' id='word_1_275' title='bbox 956 2020 1128 2088; x_wconf 91' lang='lat' dir='ltr'><strong>ipsum</strong></span> <span class='ocrx_word' id='word_1_276' title='bbox 1162 2019 1406 2090; x_wconf 88' lang='lat' dir='ltr'><strong>corporis</strong></span> <span class='ocrx_word' id='word_1_277' title='bbox 1432 2030 1615 2090; x_wconf 85' lang='lat' dir='ltr'><strong>caput,</strong></span> <span class='ocrx_word' id='word_1_278' title='bbox 1637 2020 1740 2077; x_wconf 89' lang='lat' dir='ltr'><strong>hoc</strong></span> <span class='ocrx_word' id='word_1_279' title='bbox 1767 2030 1871 2089; x_wconf 88' lang='lat' dir='ltr'><strong>est,</strong></span> 
     </span>
    </p>
   </div>
   <div class='ocr_carea' id='block_1_37' title="bbox 293 2110 1875 2181">
    <p class='ocr_par' dir='ltr' id='par_1_37' title="bbox 293 2110 1875 2181">
     <span class='ocr_line' id='line_1_37' title="bbox 293 2110 1875 2181; baseline 0.003 -18"><span class='ocrx_word' id='word_1_280' title='bbox 293 2126 401 2178; x_wconf 87' lang='lat' dir='ltr'><strong>per</strong></span> <span class='ocrx_word' id='word_1_281' title='bbox 426 2111 649 2178; x_wconf 79' lang='lat' dir='ltr'><strong>gratiam</strong></span> <span class='ocrx_word' id='word_1_282' title='bbox 676 2111 794 2177; x_wconf 91' lang='lat' dir='ltr'><strong>Dei,</strong></span> <span class='ocrx_word' id='word_1_283' title='bbox 818 2110 874 2165; x_wconf 92' lang='lat' dir='ltr'><strong>in</strong></span> <span class='ocrx_word' id='word_1_284' title='bbox 898 2110 929 2150; x_wconf 73' lang='grc' dir='ltr'><strong>ιι</strong></span> <span class='ocrx_word' id='word_1_285' title='bbox 956 2113 1316 2181; x_wconf 78' lang='lat' dir='ltr'><strong>generationis</strong></span> <span class='ocrx_word' id='word_1_286' title='bbox 1334 2114 1569 2180; x_wconf 89' lang='lat' dir='ltr'><strong>lavacro,</strong></span> <span class='ocrx_word' id='word_1_287' title='bbox 1601 2113 1690 2168; x_wconf 91' lang='lat' dir='ltr'><strong>ubi</strong></span> <span class='ocrx_word' id='word_1_288' title='bbox 1725 2112 1875 2167; x_wconf 83' lang='lat' dir='ltr'><strong>ablu-</strong></span> 
     </span>
    </p>
   </div>
   <div class='ocr_carea' id='block_1_38' title="bbox 285 2205 1875 2277">
    <p class='ocr_par' dir='ltr' id='par_1_38' title="bbox 285 2205 1875 2277">
     <span class='ocr_line' id='line_1_38' title="bbox 285 2205 1875 2277; baseline -0.001 -16"><span class='ocrx_word' id='word_1_289' title='bbox 285 2216 341 2261; x_wconf 88' lang='lat' dir='ltr'><strong>ta</strong></span> <span class='ocrx_word' id='word_1_290' title='bbox 376 2217 509 2261; x_wconf 91' lang='lat' dir='ltr'><strong>sunt</strong></span> <span class='ocrx_word' id='word_1_291' title='bbox 535 2208 718 2262; x_wconf 89' lang='lat' dir='ltr'><strong>omnia</strong></span> <span class='ocrx_word' id='word_1_292' title='bbox 744 2215 971 2277; x_wconf 89' lang='lat' dir='ltr'><strong>peccata</strong></span> <span class='ocrx_word' id='word_1_293' title='bbox 994 2208 1295 2277; x_wconf 57' lang='lat' dir='ltr'><strong>praeterita,</strong></span> <span class='ocrx_word' id='word_1_294' title='bbox 1330 2207 1385 2261; x_wconf 91' lang='lat' dir='ltr'><strong>in</strong></span> <span class='ocrx_word' id='word_1_295' title='bbox 1413 2206 1687 2277; x_wconf 87' lang='lat' dir='ltr'><strong>adjutorio</strong></span> <span class='ocrx_word' id='word_1_296' title='bbox 1708 2205 1875 2277; x_wconf 91' lang='lat' dir='ltr'><strong>spiri-</strong></span> 
     </span>
    </p>
   </div>
   <div class='ocr_carea' id='block_1_39' title="bbox 285 2298 1873 2369">
    <p class='ocr_par' dir='ltr' id='par_1_39' title="bbox 285 2298 1873 2369">
     <span class='ocr_line' id='line_1_39' title="bbox 285 2298 1873 2369; baseline -0.001 -17"><span class='ocrx_word' id='word_1_297' title='bbox 285 2308 401 2362; x_wconf 86' lang='lat' dir='ltr'><strong>tus,</strong></span> <span class='ocrx_word' id='word_1_298' title='bbox 442 2314 553 2367; x_wconf 93' lang='lat' dir='ltr'><strong>quo</strong></span> <span class='ocrx_word' id='word_1_299' title='bbox 592 2298 1032 2367; x_wconf 89' lang='lat' dir='ltr'><strong>concupiscimus</strong></span> <span class='ocrx_word' id='word_1_300' title='bbox 1070 2299 1335 2357; x_wconf 89' lang='lat' dir='ltr'><strong>adversus</strong></span> <span class='ocrx_word' id='word_1_301' title='bbox 1379 2314 1599 2353; x_wconf 89' lang='lat' dir='ltr'><strong>carnem</strong></span> <span class='ocrx_word' id='word_1_302' title='bbox 1637 2298 1779 2369; x_wconf 86' lang='lat' dir='ltr'><strong>(Gal.</strong></span> <span class='ocrx_word' id='word_1_303' title='bbox 1817 2313 1873 2361; x_wconf 90' lang='lat' dir='ltr'><strong>v,</strong></span> 
     </span>
    </p>
   </div>
   <div class='ocr_carea' id='block_1_40' title="bbox 284 2390 1877 2461">
    <p class='ocr_par' dir='ltr' id='par_1_40' title="bbox 284 2390 1877 2461">
     <span class='ocr_line' id='line_1_40' title="bbox 284 2390 1877 2461; baseline 0.003 -18"><span class='ocrx_word' id='word_1_304' title='bbox 284 2391 404 2459; x_wconf 78' lang='grc'><strong>17),</strong></span> <span class='ocrx_word' id='word_1_305' title='bbox 440 2406 510 2445; x_wconf 90' lang='lat' dir='ltr'><strong>ne</strong></span> <span class='ocrx_word' id='word_1_306' title='bbox 562 2391 684 2461; x_wconf 87' lang='lat' dir='ltr'><strong>ejus</strong></span> <span class='ocrx_word' id='word_1_307' title='bbox 728 2390 1031 2460; x_wconf 88' lang='lat' dir='ltr'><strong>cupiditate</strong></span> <span class='ocrx_word' id='word_1_308' title='bbox 1079 2391 1368 2445; x_wconf 84' lang='lat' dir='ltr'><strong>vincamur</strong></span> <span class='ocrx_word' id='word_1_309' title='bbox 1398 2401 1444 2455; x_wconf 70' lang='grc' dir='ltr'><strong>ε,</strong></span> <span class='ocrx_word' id='word_1_310' title='bbox 1486 2391 1541 2444; x_wconf 93' lang='lat' dir='ltr'><strong>in</strong></span> <span class='ocrx_word' id='word_1_311' title='bbox 1580 2390 1877 2448; x_wconf 66' lang='lat' dir='ltr'><strong>Dominiczn</strong></span> 
     </span>
    </p>
   </div>
   <div class='ocr_carea' id='block_1_41' title="bbox 292 2477 1875 2547">
    <p class='ocr_par' dir='ltr' id='par_1_41' title="bbox 292 2477 1875 2547">
     <span class='ocr_line' id='line_1_41' title="bbox 292 2477 1875 2547; baseline 0.003 -17"><span class='ocrx_word' id='word_1_312' title='bbox 292 2477 563 2531; x_wconf 85' lang='lat' dir='ltr'><strong>orationis</strong></span> <span class='ocrx_word' id='word_1_313' title='bbox 599 2478 828 2545; x_wconf 79' lang='lat' dir='ltr'><strong>ell‘ectu,</strong></span> <span class='ocrx_word' id='word_1_314' title='bbox 862 2493 965 2547; x_wconf 92' lang='lat' dir='ltr'><strong>qua</strong></span> <span class='ocrx_word' id='word_1_315' title='bbox 1009 2478 1271 2544; x_wconf 87' lang='lat' dir='ltr'><strong>dicimus,</strong></span> <span class='ocrx_word' id='word_1_316' title='bbox 1300 2478 1513 2533; x_wconf 84' lang='lat' dir='ltr'><strong>Dimitte</strong></span> <span class='ocrx_word' id='word_1_317' title='bbox 1538 2480 1680 2533; x_wconf 89' lang='lat' dir='ltr'><strong>nobis</strong></span> <span class='ocrx_word' id='word_1_318' title='bbox 1705 2480 1875 2535; x_wconf 90' lang='lat' dir='ltr'><strong>debita</strong></span> 
     </span>
    </p>
   </div>
   <div class='ocr_carea' id='block_1_42' title="bbox 298 2566 1874 2640">
    <p class='ocr_par' dir='ltr' id='par_1_42' title="bbox 298 2566 1874 2640">
     <span class='ocr_line' id='line_1_42' title="bbox 298 2566 1874 2640; baseline 0.003 -19"><span class='ocrx_word' id='word_1_319' title='bbox 298 2578 485 2621; x_wconf 89' lang='lat' dir='ltr'><strong>nostra</strong></span> <span class='ocrx_word' id='word_1_320' title='bbox 517 2566 732 2640; x_wconf 76' lang='lat' dir='ltr'><strong>(Matth.</strong></span> <span class='ocrx_word' id='word_1_321' title='bbox 766 2584 843 2636; x_wconf 78' lang='lat' dir='ltr'><strong>v1,</strong></span> <span class='ocrx_word' id='word_1_322' title='bbox 878 2568 990 2640; x_wconf 76' lang='grc'><strong>12).</strong></span> <span class='ocrx_word' id='word_1_323' title='bbox 1039 2568 1149 2635; x_wconf 84' lang='lat' dir='ltr'><strong>Ita,</strong></span> <span class='ocrx_word' id='word_1_324' title='bbox 1182 2568 1378 2623; x_wconf 89' lang='lat' dir='ltr'><strong>donata</strong></span> <span class='ocrx_word' id='word_1_325' title='bbox 1408 2568 1560 2625; x_wconf 88' lang='lat' dir='ltr'><strong>nobis</strong></span> <span class='ocrx_word' id='word_1_326' title='bbox 1589 2585 1874 2640; x_wconf 85' lang='lat' dir='ltr'><strong>regenera-</strong></span> 
     </span>
    </p>
   </div>
   <div class='ocr_carea' id='block_1_43' title="bbox 292 2660 1870 2731">
    <p class='ocr_par' dir='ltr' id='par_1_43' title="bbox 292 2660 1870 2731">
     <span class='ocr_line' id='line_1_43' title="bbox 292 2660 1870 2731; baseline 0.001 -16"><span class='ocrx_word' id='word_1_327' title='bbox 292 2663 470 2726; x_wconf 88' lang='lat' dir='ltr'><strong>tione,</strong></span> <span class='ocrx_word' id='word_1_328' title='bbox 497 2660 614 2717; x_wconf 80' lang='lat' dir='ltr'><strong>fusa</strong></span> <span class='ocrx_word' id='word_1_329' title='bbox 642 2663 970 2731; x_wconf 88' lang='lat' dir='ltr'><strong>precatione,</strong></span> <span class='ocrx_word' id='word_1_330' title='bbox 993 2661 1051 2716; x_wconf 85' lang='lat' dir='ltr'><strong>lit</strong></span> <span class='ocrx_word' id='word_1_331' title='bbox 1070 2676 1165 2717; x_wconf 92' lang='lat' dir='ltr'><strong>cor</strong></span> <span class='ocrx_word' id='word_1_332' title='bbox 1186 2670 1425 2716; x_wconf 89' lang='lat' dir='ltr'><strong>nostrum</strong></span> <span class='ocrx_word' id='word_1_333' title='bbox 1449 2662 1870 2731; x_wconf 90' lang='lat' dir='ltr'><strong>immaculatum,</strong></span> 
     </span>
    </p>
   </div>
   <div class='ocr_carea' id='block_1_44' title="bbox 292 2751 1873 2822">
    <p class='ocr_par' dir='ltr' id='par_1_44' title="bbox 292 2751 1873 2822">
     <span class='ocr_line' id='line_1_44' title="bbox 292 2751 1873 2822; baseline 0.001 -17"><span class='ocrx_word' id='word_1_334' title='bbox 292 2764 352 2805; x_wconf 90' lang='lat' dir='ltr'><strong>ut</strong></span> <span class='ocrx_word' id='word_1_335' title='bbox 382 2766 490 2808; x_wconf 92' lang='lat' dir='ltr'><strong>non</strong></span> <span class='ocrx_word' id='word_1_336' title='bbox 521 2752 915 2807; x_wconf 80' lang='lat' dir='ltr'><strong>conlundamur</strong></span> <span class='ocrx_word' id='word_1_337' title='bbox 946 2770 959 2806; x_wconf 89' lang='lat'><strong>:</strong></span> <span class='ocrx_word' id='word_1_338' title='bbox 1002 2752 1129 2822; x_wconf 91' lang='lat' dir='ltr'><strong>quia</strong></span> <span class='ocrx_word' id='word_1_339' title='bbox 1156 2762 1209 2807; x_wconf 91' lang='lat' dir='ltr'><strong>et</strong></span> <span class='ocrx_word' id='word_1_340' title='bbox 1241 2752 1342 2806; x_wconf 89' lang='lat' dir='ltr'><strong>hoc</strong></span> <span class='ocrx_word' id='word_1_341' title='bbox 1370 2751 1435 2806; x_wconf 90' lang='lat' dir='ltr'><strong>ad</strong></span> <span class='ocrx_word' id='word_1_342' title='bbox 1463 2752 1873 2820; x_wconf 75' lang='lat' dir='ltr'><strong>iustificationes</strong></span> 
     </span>
    </p>
   </div>
   <div class='ocr_carea' id='block_1_45' title="bbox 294 2843 1873 2914">
    <p class='ocr_par' dir='ltr' id='par_1_45' title="bbox 294 2843 1873 2914">
     <span class='ocr_line' id='line_1_45' title="bbox 294 2843 1873 2914; baseline -0.001 -15"><span class='ocrx_word' id='word_1_343' title='bbox 294 2845 395 2899; x_wconf 89' lang='lat' dir='ltr'><strong>Dei</strong></span> <span class='ocrx_word' id='word_1_344' title='bbox 424 2843 696 2914; x_wconf 91' lang='lat' dir='ltr'><strong>pertinet,</strong></span> <span class='ocrx_word' id='word_1_345' title='bbox 719 2843 934 2913; x_wconf 91' lang='lat' dir='ltr'><strong>quando</strong></span> <span class='ocrx_word' id='word_1_346' title='bbox 964 2843 1104 2898; x_wconf 88' lang='lat' dir='ltr'><strong>inter</strong></span> <span class='ocrx_word' id='word_1_347' title='bbox 1131 2843 1234 2897; x_wconf 87' lang='lat' dir='ltr'><strong>alia</strong></span> <span class='ocrx_word' id='word_1_348' title='bbox 1262 2844 1381 2912; x_wconf 84' lang='lat' dir='ltr'><strong>ejus</strong></span> <span class='ocrx_word' id='word_1_349' title='bbox 1409 2843 1656 2897; x_wconf 89' lang='lat' dir='ltr'><strong>mandata</strong></span> <span class='ocrx_word' id='word_1_350' title='bbox 1688 2845 1873 2912; x_wconf 66' lang='lat' dir='ltr'><strong>praeci-</strong></span> 
     </span>
    </p>
   </div>
   <div class='ocr_carea' id='block_1_46' title="bbox 289 2932 1875 3004">
    <p class='ocr_par' dir='ltr' id='par_1_46' title="bbox 289 2932 1875 3004">
     <span class='ocr_line' id='line_1_46' title="bbox 289 2932 1875 3004; baseline 0 -17"><span class='ocrx_word' id='word_1_351' title='bbox 289 2937 462 3004; x_wconf 84' lang='lat' dir='ltr'><strong>pitur,</strong></span> <span class='ocrx_word' id='word_1_352' title='bbox 485 2932 737 2989; x_wconf 88' lang='lat' dir='ltr'><strong>Dimittite</strong></span> <span class='ocrx_word' id='word_1_353' title='bbox 758 2976 775 3003; x_wconf 93' lang='lat'><strong>,</strong></span> <span class='ocrx_word' id='word_1_354' title='bbox 804 2943 849 2988; x_wconf 87' lang='lat' dir='ltr'><strong>et</strong></span> <span class='ocrx_word' id='word_1_355' title='bbox 874 2933 1157 2989; x_wconf 85' lang='lat' dir='ltr'><strong>dimittetur</strong></span> <span class='ocrx_word' id='word_1_356' title='bbox 1186 2934 1358 3002; x_wconf 74' lang='lat' dir='ltr'><strong>vobis;</strong></span> <span class='ocrx_word' id='word_1_357' title='bbox 1395 2934 1543 3000; x_wconf 89' lang='lat' dir='ltr'><strong>date,</strong></span> <span class='ocrx_word' id='word_1_358' title='bbox 1580 2942 1627 2989; x_wconf 90' lang='lat' dir='ltr'><strong>et</strong></span> <span class='ocrx_word' id='word_1_359' title='bbox 1670 2934 1875 2987; x_wconf 87' lang='lat' dir='ltr'><strong>dabitur</strong></span> 
     </span>
    </p>
   </div>
   <div class='ocr_carea' id='block_1_47' title="bbox 289 3024 1033 3096">
    <p class='ocr_par' dir='ltr' id='par_1_47' title="bbox 289 3024 1033 3096">
     <span class='ocr_line' id='line_1_47' title="bbox 289 3024 1033 3096; baseline 0 -19"><span class='ocrx_word' id='word_1_360' title='bbox 289 3025 433 3079; x_wconf 72' lang='lat' dir='ltr'><strong>vobis</strong></span> <span class='ocrx_word' id='word_1_361' title='bbox 467 3024 621 3086; x_wconf 84' lang='lat' dir='ltr'><strong>(Luc.</strong></span> <span class='ocrx_word' id='word_1_362' title='bbox 646 3040 719 3090; x_wconf 73' lang='lat' dir='ltr'><strong>Vl,</strong></span> <span class='ocrx_word' id='word_1_363' title='bbox 749 3026 817 3081; x_wconf 81' lang='lat'><strong>37</strong></span> <span class='ocrx_word' id='word_1_364' title='bbox 844 3037 891 3079; x_wconf 89' lang='lat' dir='ltr'><strong>et</strong></span> <span class='ocrx_word' id='word_1_365' title='bbox 919 3024 1033 3096; x_wconf 78' lang='lat'><strong>58).</strong></span> 
     </span>
    </p>
   </div>
   <div class='ocr_carea' id='block_1_48' title="bbox 978 3134 1189 3175">
    <p class='ocr_par' dir='ltr' id='par_1_48' title="bbox 978 3134 1189 3175">
     <span class='ocr_line' id='line_1_48' title="bbox 978 3134 1189 3175; baseline 0.005 -1"><span class='ocrx_word' id='word_1_366' title='bbox 978 3134 1189 3175; x_wconf 74' lang='lat' dir='ltr'><strong>CAPI.</strong></span> 
     </span>
    </p>
   </div>
   <div class='ocr_carea' id='block_1_49' title="bbox 362 3210 1874 3282">
    <p class='ocr_par' dir='ltr' id='par_1_49' title="bbox 362 3210 1874 3282">
     <span class='ocr_line' id='line_1_49' title="bbox 362 3210 1874 3282; baseline -0.001 -18"><span class='ocrx_word' id='word_1_367' title='bbox 362 3211 553 3282; x_wconf 84' lang='lat' dir='ltr'><strong>(Vers.</strong></span> <span class='ocrx_word' id='word_1_368' title='bbox 584 3211 701 3282; x_wconf 76' lang='grc'><strong>81.)</strong></span> <span class='ocrx_word' id='word_1_369' title='bbox 735 3210 931 3282; x_wconf 80' lang='lat' dir='ltr'><strong>Defecit</strong></span> <span class='ocrx_word' id='word_1_370' title='bbox 958 3212 1011 3265; x_wconf 92' lang='lat' dir='ltr'><strong>in</strong></span> <span class='ocrx_word' id='word_1_371' title='bbox 1040 3212 1270 3267; x_wconf 88' lang='lat' dir='ltr'><strong>salutare</strong></span> <span class='ocrx_word' id='word_1_372' title='bbox 1299 3220 1442 3266; x_wconf 84' lang='lat' dir='ltr'><strong>tuum</strong></span> <span class='ocrx_word' id='word_1_373' title='bbox 1470 3211 1642 3266; x_wconf 87' lang='lat' dir='ltr'><strong>anima</strong></span> <span class='ocrx_word' id='word_1_374' title='bbox 1670 3226 1801 3274; x_wconf 84' lang='lat' dir='ltr'><strong>mea,</strong></span> <span class='ocrx_word' id='word_1_375' title='bbox 1827 3220 1874 3264; x_wconf 92' lang='lat' dir='ltr'><strong>et</strong></span> 
     </span>
    </p>
   </div>
   <div class='ocr_carea' id='block_1_50' title="bbox 288 3301 1876 3373">
    <p class='ocr_par' dir='ltr' id='par_1_50' title="bbox 288 3301 1876 3373">
     <span class='ocr_line' id='line_1_50' title="bbox 288 3301 1876 3373; baseline 0.002 -17"><span class='ocrx_word' id='word_1_376' title='bbox 288 3303 345 3357; x_wconf 86' lang='lat' dir='ltr'><strong>in</strong></span> <span class='ocrx_word' id='word_1_377' title='bbox 390 3303 601 3357; x_wconf 66' lang='lat' dir='ltr'><strong>verbum</strong></span> <span class='ocrx_word' id='word_1_378' title='bbox 647 3312 791 3357; x_wconf 82' lang='lat' dir='ltr'><strong>tuum</strong></span> <span class='ocrx_word' id='word_1_379' title='bbox 837 3301 1333 3373; x_wconf 62' lang='lat' dir='ltr'><strong>semperdsperaui.</strong></span> <span class='ocrx_word' id='word_1_380' title='bbox 1385 3304 1503 3359; x_wconf 80' lang='lat' dir='ltr'><strong>Non</strong></span> <span class='ocrx_word' id='word_1_381' title='bbox 1542 3304 1637 3371; x_wconf 83' lang='lat' dir='ltr'><strong>ait,</strong></span> <span class='ocrx_word' id='word_1_382' title='bbox 1672 3304 1876 3359; x_wconf 76' lang='lat' dir='ltr'><strong>Deiecit</strong></span> 
     </span>
    </p>
   </div>
   <div class='ocr_carea' id='block_1_51' title="bbox 288 3393 1870 3464">
    <p class='ocr_par' dir='ltr' id='par_1_51' title="bbox 288 3393 1870 3464">
     <span class='ocr_line' id='line_1_51' title="bbox 288 3393 1870 3464; baseline -0.001 -16"><span class='ocrx_word' id='word_1_383' title='bbox 288 3394 525 3449; x_wconf 76' lang='lat' dir='ltr'><strong>salutari</strong></span> <span class='ocrx_word' id='word_1_384' title='bbox 557 3403 687 3461; x_wconf 86' lang='lat' dir='ltr'><strong>tuo;</strong></span> <span class='ocrx_word' id='word_1_385' title='bbox 721 3394 837 3463; x_wconf 85' lang='lat' dir='ltr'><strong>sed,</strong></span> <span class='ocrx_word' id='word_1_386' title='bbox 869 3394 1067 3464; x_wconf 77' lang='lat' dir='ltr'><strong>Defeci:</strong></span> <span class='ocrx_word' id='word_1_387' title='bbox 1093 3395 1148 3448; x_wconf 91' lang='lat' dir='ltr'><strong>in</strong></span> <span class='ocrx_word' id='word_1_388' title='bbox 1172 3396 1396 3450; x_wconf 84' lang='lat' dir='ltr'><strong>salutare</strong></span> <span class='ocrx_word' id='word_1_389' title='bbox 1424 3404 1600 3461; x_wconf 89' lang='lat' dir='ltr'><strong>tuum,</strong></span> <span class='ocrx_word' id='word_1_390' title='bbox 1638 3393 1741 3449; x_wconf 87' lang='lat' dir='ltr'><strong>hoc</strong></span> <span class='ocrx_word' id='word_1_391' title='bbox 1768 3405 1870 3459; x_wconf 89' lang='lat' dir='ltr'><strong>est,</strong></span> 
     </span>
    </p>
   </div>
   <div class='ocr_carea' id='block_1_52' title="bbox 288 3484 1874 3556">
    <p class='ocr_par' dir='ltr' id='par_1_52' title="bbox 288 3484 1874 3556">
     <span class='ocr_line' id='line_1_52' title="bbox 288 3484 1874 3556; baseline 0.002 -19"><span class='ocrx_word' id='word_1_392' title='bbox 288 3485 358 3538; x_wconf 85' lang='lat' dir='ltr'><strong>ad</strong></span> <span class='ocrx_word' id='word_1_393' title='bbox 407 3484 646 3540; x_wconf 88' lang='lat' dir='ltr'><strong>salutare</strong></span> <span class='ocrx_word' id='word_1_394' title='bbox 697 3494 846 3541; x_wconf 87' lang='lat' dir='ltr'><strong>tuum</strong></span> <span class='ocrx_word' id='word_1_395' title='bbox 870 3526 885 3551; x_wconf 93' lang='lat'><strong>,</strong></span> <span class='ocrx_word' id='word_1_396' title='bbox 912 3487 1085 3539; x_wconf 86' lang='lat' dir='ltr'><strong>anima</strong></span> <span class='ocrx_word' id='word_1_397' title='bbox 1109 3501 1242 3539; x_wconf 91' lang='lat' dir='ltr'><strong>mea.</strong></span> <span class='ocrx_word' id='word_1_398' title='bbox 1293 3485 1477 3539; x_wconf 88' lang='lat' dir='ltr'><strong>Bonus</strong></span> <span class='ocrx_word' id='word_1_399' title='bbox 1506 3493 1591 3539; x_wconf 86' lang='lat' dir='ltr'><strong>est</strong></span> <span class='ocrx_word' id='word_1_400' title='bbox 1617 3498 1746 3556; x_wconf 84' lang='lat' dir='ltr'><strong>ergo</strong></span> <span class='ocrx_word' id='word_1_401' title='bbox 1772 3484 1874 3540; x_wconf 88' lang='lat' dir='ltr'><strong>iste</strong></span> 
     </span>
    </p>
   </div>
   <div class='ocr_carea' id='block_1_53' title="bbox 288 3574 1873 3639">
    <p class='ocr_par' dir='ltr' id='par_1_53' title="bbox 288 3574 1873 3639">
     <span class='ocr_line' id='line_1_53' title="bbox 288 3574 1873 3639; baseline 0.001 -11"><span class='ocrx_word' id='word_1_402' title='bbox 288 3577 579 3630; x_wconf 83' lang='lat' dir='ltr'><strong>detectus:</strong></span> <span class='ocrx_word' id='word_1_403' title='bbox 625 3576 825 3631; x_wconf 86' lang='lat' dir='ltr'><strong>indicat</strong></span> <span class='ocrx_word' id='word_1_404' title='bbox 873 3577 1016 3630; x_wconf 86' lang='lat' dir='ltr'><strong>enim</strong></span> <span class='ocrx_word' id='word_1_405' title='bbox 1066 3574 1393 3631; x_wconf 86' lang='lat' dir='ltr'><strong>desiderium</strong></span> <span class='ocrx_word' id='word_1_406' title='bbox 1443 3574 1593 3639; x_wconf 89' lang='lat' dir='ltr'><strong>boni,</strong></span> <span class='ocrx_word' id='word_1_407' title='bbox 1633 3574 1873 3629; x_wconf 86' lang='lat' dir='ltr'><strong>nundum</strong></span> 
     </span>
    </p>
   </div>
   <div class='ocr_carea' id='block_1_54' title="bbox 289 3665 1873 3736">
    <p class='ocr_par' dir='ltr' id='par_1_54' title="bbox 289 3665 1873 3736">
     <span class='ocr_line' id='line_1_54' title="bbox 289 3665 1873 3736; baseline 0.001 -16"><span class='ocrx_word' id='word_1_408' title='bbox 289 3666 513 3736; x_wconf 88' lang='lat' dir='ltr'><strong>quidem</strong></span> <span class='ocrx_word' id='word_1_409' title='bbox 546 3666 748 3734; x_wconf 87' lang='lat' dir='ltr'><strong>adepti,</strong></span> <span class='ocrx_word' id='word_1_410' title='bbox 776 3667 871 3722; x_wconf 86' lang='lat' dir='ltr'><strong>sed</strong></span> <span class='ocrx_word' id='word_1_411' title='bbox 903 3666 1214 3721; x_wconf 81' lang='lat' dir='ltr'><strong>avidissime</strong></span> <span class='ocrx_word' id='word_1_412' title='bbox 1239 3665 1549 3735; x_wconf 84' lang='lat' dir='ltr'><strong>concupiti;</strong></span> <span class='ocrx_word' id='word_1_413' title='bbox 1579 3680 1685 3736; x_wconf 92' lang='lat' dir='ltr'><strong>quo</strong></span> <span class='ocrx_word' id='word_1_414' title='bbox 1724 3666 1873 3721; x_wconf 89' lang='lat' dir='ltr'><strong>desi-</strong></span> 
     </span>
    </p>
   </div>
   <div class='ocr_carea' id='block_1_55' title="bbox 289 3756 1873 3823">
    <p class='ocr_par' dir='ltr' id='par_1_55' title="bbox 289 3756 1873 3823">
     <span class='ocr_line' id='line_1_55' title="bbox 289 3756 1873 3823; baseline 0.002 -14"><span class='ocrx_word' id='word_1_415' title='bbox 289 3757 451 3810; x_wconf 87' lang='lat' dir='ltr'><strong>derio</strong></span> <span class='ocrx_word' id='word_1_416' title='bbox 504 3756 823 3811; x_wconf 77' lang='lat' dir='ltr'><strong>inﬂammati</strong></span> <span class='ocrx_word' id='word_1_417' title='bbox 868 3766 995 3812; x_wconf 90' lang='lat' dir='ltr'><strong>sunt</strong></span> <span class='ocrx_word' id='word_1_418' title='bbox 1033 3758 1272 3811; x_wconf 90' lang='lat' dir='ltr'><strong>omnium</strong></span> <span class='ocrx_word' id='word_1_419' title='bbox 1322 3764 1632 3823; x_wconf 90' lang='lat' dir='ltr'><strong>temporum</strong></span> <span class='ocrx_word' id='word_1_420' title='bbox 1675 3756 1873 3812; x_wconf 88' lang='lat' dir='ltr'><strong>sancti.</strong></span> 
     </span>
    </p>
   </div>
   <div class='ocr_carea' id='block_1_56' title="bbox 288 3845 1877 3918">
    <p class='ocr_par' dir='ltr' id='par_1_56' title="bbox 288 3845 1877 3918">
     <span class='ocr_line' id='line_1_56' title="bbox 288 3845 1877 3918; baseline 0.001 -19"><span class='ocrx_word' id='word_1_421' title='bbox 288 3846 437 3913; x_wconf 85' lang='lat' dir='ltr'><strong>Quia</strong></span> <span class='ocrx_word' id='word_1_422' title='bbox 480 3848 621 3901; x_wconf 87' lang='lat' dir='ltr'><strong>sicut</strong></span> <span class='ocrx_word' id='word_1_423' title='bbox 660 3862 949 3918; x_wconf 88' lang='lat' dir='ltr'><strong>numquam</strong></span> <span class='ocrx_word' id='word_1_424' title='bbox 992 3847 1319 3911; x_wconf 78' lang='lat' dir='ltr'><strong>defuerunt,</strong></span> <span class='ocrx_word' id='word_1_425' title='bbox 1358 3845 1449 3915; x_wconf 89' lang='lat' dir='ltr'><strong>qui</strong></span> <span class='ocrx_word' id='word_1_426' title='bbox 1489 3846 1877 3901; x_wconf 85' lang='lat' dir='ltr'><strong>incarnationis</strong></span> 
     </span>
    </p>
   </div>
   <div class='ocr_carea' id='block_1_57' title="bbox 288 3933 1878 4006">
    <p class='ocr_par' dir='ltr' id='par_1_57' title="bbox 288 3933 1878 4006">
     <span class='ocr_line' id='line_1_57' title="bbox 288 3933 1878 4006; baseline -0.001 -14"><span class='ocrx_word' id='word_1_427' title='bbox 288 3933 503 3992; x_wconf 83' lang='lat' dir='ltr'><strong>Christi</strong></span> <span class='ocrx_word' id='word_1_428' title='bbox 527 3936 813 3991; x_wconf 86' lang='lat' dir='ltr'><strong>adventum</strong></span> <span class='ocrx_word' id='word_1_429' title='bbox 836 3937 1244 4005; x_wconf 91' lang='lat' dir='ltr'><strong>desiderarent,</strong></span> <span class='ocrx_word' id='word_1_430' title='bbox 1271 3937 1340 3991; x_wconf 83' lang='lat' dir='ltr'><strong>ita</strong></span> <span class='ocrx_word' id='word_1_431' title='bbox 1368 3943 1651 4006; x_wconf 88' lang='lat' dir='ltr'><strong>postquam</strong></span> <span class='ocrx_word' id='word_1_432' title='bbox 1688 3950 1878 3992; x_wconf 89' lang='lat' dir='ltr'><strong>ascen-</strong></span> 
     </span>
    </p>
   </div>
   <div class='ocr_carea' id='block_1_58' title="bbox 290 4029 1876 4103">
    <p class='ocr_par' dir='ltr' id='par_1_58' title="bbox 290 4029 1876 4103">
     <span class='ocr_line' id='line_1_58' title="bbox 290 4029 1876 4103; baseline 0.003 -22"><span class='ocrx_word' id='word_1_433' title='bbox 290 4029 371 4082; x_wconf 91' lang='lat' dir='ltr'><strong>dit</strong></span> <span class='ocrx_word' id='word_1_434' title='bbox 399 4030 455 4082; x_wconf 93' lang='lat' dir='ltr'><strong>in</strong></span> <span class='ocrx_word' id='word_1_435' title='bbox 488 4030 681 4095; x_wconf 61' lang='lat' dir='ltr'><strong>caelos,</strong></span> <span class='ocrx_word' id='word_1_436' title='bbox 712 4045 818 4085; x_wconf 93' lang='lat' dir='ltr'><strong>non</strong></span> <span class='ocrx_word' id='word_1_437' title='bbox 848 4030 1014 4103; x_wconf 63' lang='grc'><strong>450</strong></span> <span class='ocrx_word' id='word_1_438' title='bbox 1041 4031 1240 4085; x_wconf 89' lang='lat' dir='ltr'><strong>desunt</strong></span> <span class='ocrx_word' id='word_1_439' title='bbox 1264 4031 1355 4102; x_wconf 89' lang='lat' dir='ltr'><strong>qui</strong></span> <span class='ocrx_word' id='word_1_440' title='bbox 1383 4031 1876 4086; x_wconf 83' lang='lat' dir='ltr'><strong>manilestationem</strong></span> 
     </span>
    </p>
   </div>
   <div class='ocr_carea' id='block_1_59' title="bbox 291 4119 1878 4190">
    <p class='ocr_par' dir='ltr' id='par_1_59' title="bbox 291 4119 1878 4190">
     <span class='ocr_line' id='line_1_59' title="bbox 291 4119 1878 4190; baseline 0.003 -17"><span class='ocrx_word' id='word_1_441' title='bbox 291 4119 489 4189; x_wconf 89' lang='lat' dir='ltr'><strong>ipsius,</strong></span> <span class='ocrx_word' id='word_1_442' title='bbox 519 4136 623 4190; x_wconf 90' lang='lat' dir='ltr'><strong>qua</strong></span> <span class='ocrx_word' id='word_1_443' title='bbox 646 4121 710 4175; x_wconf 88' lang='lat' dir='ltr'><strong>ad</strong></span> <span class='ocrx_word' id='word_1_444' title='bbox 733 4121 1056 4190; x_wconf 88' lang='lat' dir='ltr'><strong>judicandos</strong></span> <span class='ocrx_word' id='word_1_445' title='bbox 1083 4121 1241 4176; x_wconf 87' lang='lat' dir='ltr'><strong>vivos</strong></span> <span class='ocrx_word' id='word_1_446' title='bbox 1265 4132 1320 4177; x_wconf 88' lang='lat' dir='ltr'><strong>et</strong></span> <span class='ocrx_word' id='word_1_447' title='bbox 1346 4132 1591 4177; x_wconf 90' lang='lat' dir='ltr'><strong>mortuos</strong></span> <span class='ocrx_word' id='word_1_448' title='bbox 1620 4131 1878 4178; x_wconf 85' lang='lat' dir='ltr'><strong>venturus</strong></span> 
     </span>
    </p>
   </div>
   <div class='ocr_carea' id='block_1_60' title="bbox 292 4213 1881 4284">
    <p class='ocr_par' dir='ltr' id='par_1_60' title="bbox 292 4213 1881 4284">
     <span class='ocr_line' id='line_1_60' title="bbox 292 4213 1881 4284; baseline 0.003 -20"><span class='ocrx_word' id='word_1_449' title='bbox 292 4220 403 4278; x_wconf 87' lang='lat' dir='ltr'><strong>est,</strong></span> <span class='ocrx_word' id='word_1_450' title='bbox 434 4213 847 4280; x_wconf 80' lang='lat' dir='ltr'><strong>coacupiscant.</strong></span> <span class='ocrx_word' id='word_1_451' title='bbox 891 4213 1089 4283; x_wconf 86' lang='lat' dir='ltr'><strong>Defecit</strong></span> <span class='ocrx_word' id='word_1_452' title='bbox 1111 4229 1240 4284; x_wconf 88' lang='lat' dir='ltr'><strong>ergo</strong></span> <span class='ocrx_word' id='word_1_453' title='bbox 1269 4215 1325 4267; x_wconf 89' lang='lat' dir='ltr'><strong>in</strong></span> <span class='ocrx_word' id='word_1_454' title='bbox 1351 4214 1576 4269; x_wconf 86' lang='lat' dir='ltr'><strong>salutare</strong></span> <span class='ocrx_word' id='word_1_455' title='bbox 1602 4224 1745 4268; x_wconf 90' lang='lat' dir='ltr'><strong>tuum</strong></span> <span class='ocrx_word' id='word_1_456' title='bbox 1764 4216 1881 4269; x_wconf 90' lang='lat' dir='ltr'><strong>ani-</strong></span> 
     </span>
    </p>
   </div>
   <div class='ocr_carea' id='block_1_61' title="bbox 291 4304 1877 4375">
    <p class='ocr_par' dir='ltr' id='par_1_61' title="bbox 291 4304 1877 4375">
     <span class='ocr_line' id='line_1_61' title="bbox 291 4304 1877 4375; baseline 0.003 -23"><span class='ocrx_word' id='word_1_457' title='bbox 291 4317 383 4352; x_wconf 84' lang='lat' dir='ltr'><strong>ma</strong></span> <span class='ocrx_word' id='word_1_458' title='bbox 411 4318 528 4354; x_wconf 87' lang='lat' dir='ltr'><strong>mea</strong></span> <span class='ocrx_word' id='word_1_459' title='bbox 551 4341 569 4368; x_wconf 96' lang='lat'><strong>,</strong></span> <span class='ocrx_word' id='word_1_460' title='bbox 598 4315 645 4356; x_wconf 90' lang='lat' dir='ltr'><strong>et</strong></span> <span class='ocrx_word' id='word_1_461' title='bbox 676 4304 729 4356; x_wconf 91' lang='lat' dir='ltr'><strong>in</strong></span> <span class='ocrx_word' id='word_1_462' title='bbox 759 4306 961 4357; x_wconf 82' lang='lat' dir='ltr'><strong>uerbum</strong></span> <span class='ocrx_word' id='word_1_463' title='bbox 990 4316 1133 4358; x_wconf 88' lang='lat' dir='ltr'><strong>tuum</strong></span> <span class='ocrx_word' id='word_1_464' title='bbox 1159 4305 1538 4375; x_wconf 86' lang='lat' dir='ltr'><strong>supersperavi.</strong></span> <span class='ocrx_word' id='word_1_465' title='bbox 1580 4305 1705 4359; x_wconf 66' lang='lat' dir='ltr'><strong>llaec</strong></span> <span class='ocrx_word' id='word_1_466' title='bbox 1733 4305 1877 4359; x_wconf 92' lang='lat' dir='ltr'><strong>enim</strong></span> 
     </span>
    </p>
   </div>
   <div class='ocr_carea' id='block_1_62' title="bbox 294 4393 1879 4463">
    <p class='ocr_par' dir='ltr' id='par_1_62' title="bbox 294 4393 1879 4463">
     <span class='ocr_line' id='line_1_62' title="bbox 294 4393 1879 4463; baseline 0.003 -19"><span class='ocrx_word' id='word_1_467' title='bbox 294 4405 432 4460; x_wconf 85' lang='lat' dir='ltr'><strong>spes</strong></span> <span class='ocrx_word' id='word_1_468' title='bbox 482 4394 728 4459; x_wconf 88' lang='lat' dir='ltr'><strong>promissi</strong></span> <span class='ocrx_word' id='word_1_469' title='bbox 760 4393 840 4448; x_wconf 88' lang='lat' dir='ltr'><strong>tui</strong></span> <span class='ocrx_word' id='word_1_470' title='bbox 870 4394 1013 4459; x_wconf 82' lang='lat' dir='ltr'><strong>fecit,</strong></span> <span class='ocrx_word' id='word_1_471' title='bbox 1058 4403 1117 4447; x_wconf 95' lang='lat' dir='ltr'><strong>ut</strong></span> <span class='ocrx_word' id='word_1_472' title='bbox 1160 4393 1303 4463; x_wconf 89' lang='lat' dir='ltr'><strong>quod</strong></span> <span class='ocrx_word' id='word_1_473' title='bbox 1344 4394 1579 4447; x_wconf 92' lang='lat' dir='ltr'><strong>nondum</strong></span> <span class='ocrx_word' id='word_1_474' title='bbox 1614 4393 1795 4456; x_wconf 86' lang='lat' dir='ltr'><strong>video.</strong></span> <span class='ocrx_word' id='word_1_475' title='bbox 1824 4402 1879 4448; x_wconf 88' lang='lat' dir='ltr'><strong>et</strong></span> 
     </span>
    </p>
   </div>
   <div class='ocr_carea' id='block_1_63' title="bbox 291 4485 1731 4554">
    <p class='ocr_par' dir='ltr' id='par_1_63' title="bbox 291 4485 1731 4554">
     <span class='ocr_line' id='line_1_63' title="bbox 291 4485 1731 4554; baseline -0.001 -15"><span class='ocrx_word' id='word_1_476' title='bbox 291 4485 652 4539; x_wconf 83' lang='lat' dir='ltr'><strong>vehementer</strong></span> <span class='ocrx_word' id='word_1_477' title='bbox 677 4486 1005 4549; x_wconf 81' lang='lat' dir='ltr'><strong>desiderem,</strong></span> <span class='ocrx_word' id='word_1_478' title='bbox 1035 4496 1087 4539; x_wconf 93' lang='lat' dir='ltr'><strong>et</strong></span> <span class='ocrx_word' id='word_1_479' title='bbox 1110 4486 1375 4554; x_wconf 82' lang='lat' dir='ltr'><strong>patienter</strong></span> <span class='ocrx_word' id='word_1_480' title='bbox 1401 4495 1731 4553; x_wconf 81' lang='lat' dir='ltr'><strong>exspectem.</strong></span> 
     </span>
    </p>
   </div>
   <div class='ocr_carea' id='block_1_64' title="bbox 369 4575 1875 4647">
    <p class='ocr_par' dir='ltr' id='par_1_64' title="bbox 369 4575 1875 4647">
     <span class='ocr_line' id='line_1_64' title="bbox 369 4575 1875 4647; baseline 0.001 -18"><span class='ocrx_word' id='word_1_481' title='bbox 369 4575 553 4644; x_wconf 78' lang='lat' dir='ltr'><strong>(Vera.</strong></span> <span class='ocrx_word' id='word_1_482' title='bbox 584 4576 701 4646; x_wconf 73' lang='lat'><strong>82.)</strong></span> <span class='ocrx_word' id='word_1_483' title='bbox 732 4575 1040 4647; x_wconf 80' lang='lat' dir='ltr'><strong>Defecerunt</strong></span> <span class='ocrx_word' id='word_1_484' title='bbox 1065 4578 1199 4629; x_wconf 90' lang='lat' dir='ltr'><strong>oculi</strong></span> <span class='ocrx_word' id='word_1_485' title='bbox 1227 4578 1326 4629; x_wconf 90' lang='lat' dir='ltr'><strong>mei</strong></span> <span class='ocrx_word' id='word_1_486' title='bbox 1348 4577 1399 4629; x_wconf 90' lang='lat' dir='ltr'><strong>in</strong></span> <span class='ocrx_word' id='word_1_487' title='bbox 1430 4577 1686 4644; x_wconf 76' lang='lat' dir='ltr'><strong>eloquium</strong></span> <span class='ocrx_word' id='word_1_488' title='bbox 1712 4588 1875 4643; x_wconf 89' lang='lat' dir='ltr'><strong>tuum,</strong></span> 
     </span>
    </p>
   </div>
   <div class='ocr_carea' id='block_1_65' title="bbox 292 4665 1881 4735">
    <p class='ocr_par' dir='ltr' id='par_1_65' title="bbox 292 4665 1881 4735">
     <span class='ocr_line' id='line_1_65' title="bbox 292 4665 1881 4735; baseline 0.003 -18"><span class='ocrx_word' id='word_1_489' title='bbox 292 4668 553 4735; x_wconf 84' lang='lat' dir='ltr'><strong>dicentes,</strong></span> <span class='ocrx_word' id='word_1_490' title='bbox 591 4668 807 4731; x_wconf 82' lang='lat' dir='ltr'><strong>Quando</strong></span> <span class='ocrx_word' id='word_1_491' title='bbox 844 4667 1190 4719; x_wconf 82' lang='lat' dir='ltr'><strong>consolaberis</strong></span> <span class='ocrx_word' id='word_1_492' title='bbox 1218 4668 1333 4719; x_wconf 85' lang='lat' dir='ltr'><strong>me?</strong></span> <span class='ocrx_word' id='word_1_493' title='bbox 1378 4665 1433 4719; x_wconf 92' lang='lat' dir='ltr'><strong>In</strong></span> <span class='ocrx_word' id='word_1_494' title='bbox 1465 4666 1632 4719; x_wconf 88' lang='lat' dir='ltr'><strong>oculis</strong></span> <span class='ocrx_word' id='word_1_495' title='bbox 1660 4666 1881 4721; x_wconf 85' lang='lat' dir='ltr'><strong>interio-</strong></span> 
     </span>
    </p>
   </div>
   <div class='ocr_carea' id='block_1_66' title="bbox 295 4756 1877 4829">
    <p class='ocr_par' dir='ltr' id='par_1_66' title="bbox 295 4756 1877 4829">
     <span class='ocr_line' id='line_1_66' title="bbox 295 4756 1877 4829; baseline 0.001 -19"><span class='ocrx_word' id='word_1_496' title='bbox 295 4758 451 4810; x_wconf 80' lang='lat' dir='ltr'><strong>ribus</strong></span> <span class='ocrx_word' id='word_1_497' title='bbox 474 4798 490 4822; x_wconf 91' lang='lat'><strong>,</strong></span> <span class='ocrx_word' id='word_1_498' title='bbox 529 4756 671 4811; x_wconf 86' lang='lat' dir='ltr'><strong>idem</strong></span> <span class='ocrx_word' id='word_1_499' title='bbox 719 4759 959 4813; x_wconf 77' lang='lat' dir='ltr'><strong>delectus</strong></span> <span class='ocrx_word' id='word_1_500' title='bbox 984 4758 1241 4813; x_wconf 85' lang='lat' dir='ltr'><strong>desiderii</strong></span> <span class='ocrx_word' id='word_1_501' title='bbox 1272 4757 1391 4827; x_wconf 85' lang='lat' dir='ltr'><strong>ejus</strong></span> <span class='ocrx_word' id='word_1_502' title='bbox 1413 4756 1480 4811; x_wconf 89' lang='lat' dir='ltr'><strong>ad</strong></span> <span class='ocrx_word' id='word_1_503' title='bbox 1514 4757 1607 4811; x_wconf 89' lang='lat' dir='ltr'><strong>Dei</strong></span> <span class='ocrx_word' id='word_1_504' title='bbox 1636 4758 1877 4829; x_wconf 87' lang='lat' dir='ltr'><strong>eloquia,</strong></span> 
     </span>
    </p>
   </div>
   <div class='ocr_carea' id='block_1_67' title="bbox 442 4914 1879 4980">
    <p class='ocr_par' dir='ltr' id='par_1_67' title="bbox 442 4914 1879 4980">
     <span class='ocr_line' id='line_1_67' title="bbox 442 4914 1879 4980; baseline 0.005 -13"><span class='ocrx_word' id='word_1_505' title='bbox 442 4914 709 4980; x_wconf 76' lang='lat' dir='ltr'><strong>Lugduu.,</strong></span> <span class='ocrx_word' id='word_1_506' title='bbox 738 4923 792 4966; x_wconf 91' lang='lat' dir='ltr'><strong>ut</strong></span> <span class='ocrx_word' id='word_1_507' title='bbox 822 4916 954 4967; x_wconf 90' lang='lat' dir='ltr'><strong>actio</strong></span> <span class='ocrx_word' id='word_1_508' title='bbox 976 4925 1169 4980; x_wconf 79' lang='lat' dir='ltr'><strong>teneat,</strong></span> <span class='ocrx_word' id='word_1_509' title='bbox 1201 4915 1337 4970; x_wconf 77' lang='lat' dir='ltr'><strong>forte</strong></span> <span class='ocrx_word' id='word_1_510' title='bbox 1360 4915 1527 4977; x_wconf 82' lang='lat' dir='ltr'><strong>lectio,</strong></span> <span class='ocrx_word' id='word_1_511' title='bbox 1552 4926 1642 4969; x_wconf 83' lang='lat' dir='ltr'><strong>aut</strong></span> <span class='ocrx_word' id='word_1_512' title='bbox 1667 4917 1879 4974; x_wconf 86' lang='lat' dir='ltr'><strong>lectione</strong></span> 
     </span>
    </p>
   </div>
   <div class='ocr_carea' id='block_1_68' title="bbox 297 4986 1878 5051">
    <p class='ocr_par' dir='ltr' id='par_1_68' title="bbox 297 4986 1878 5051">
     <span class='ocr_line' id='line_1_68' title="bbox 297 4986 1878 5051; baseline 0.003 -14"><span class='ocrx_word' id='word_1_513' title='bbox 297 4996 488 5039; x_wconf 71' lang='lat' dir='ltr'><strong>teneat.</strong></span> <span class='ocrx_word' id='word_1_514' title='bbox 518 4987 688 5051; x_wconf 83' lang='lat' dir='ltr'><strong>Quam</strong></span> <span class='ocrx_word' id='word_1_515' title='bbox 712 5000 898 5037; x_wconf 79' lang='lat' dir='ltr'><strong>vocem</strong></span> <span class='ocrx_word' id='word_1_516' title='bbox 925 4987 1149 5046; x_wconf 88' lang='lat' dir='ltr'><strong>Lovan.,</strong></span> <span class='ocrx_word' id='word_1_517' title='bbox 1178 4989 1338 5040; x_wconf 81' lang='lat' dir='ltr'><strong>Duae.</strong></span> <span class='ocrx_word' id='word_1_518' title='bbox 1365 5000 1419 5038; x_wconf 92' lang='lat' dir='ltr'><strong>et</strong></span> <span class='ocrx_word' id='word_1_519' title='bbox 1444 4988 1631 5039; x_wconf 74' lang='lat' dir='ltr'><strong>Colon.</strong></span> <span class='ocrx_word' id='word_1_520' title='bbox 1657 4986 1710 5039; x_wconf 90' lang='lat' dir='ltr'><strong>in</strong></span> <span class='ocrx_word' id='word_1_521' title='bbox 1741 5004 1878 5042; x_wconf 88' lang='lat' dir='ltr'><strong>mar-</strong></span> 
     </span>
    </p>
   </div>
   <div class='ocr_carea' id='block_1_69' title="bbox 294 5055 1875 5125">
    <p class='ocr_par' dir='ltr' id='par_1_69' title="bbox 294 5055 1875 5125">
     <span class='ocr_line' id='line_1_69' title="bbox 294 5055 1875 5125; baseline 0.003 -19"><span class='ocrx_word' id='word_1_522' title='bbox 294 5058 427 5125; x_wconf 82' lang='lat' dir='ltr'><strong>gine</strong></span> <span class='ocrx_word' id='word_1_523' title='bbox 455 5066 680 5118; x_wconf 87' lang='lat' dir='ltr'><strong>notant,</strong></span> <span class='ocrx_word' id='word_1_524' title='bbox 735 5066 999 5122; x_wconf 74' lang='lat' dir='ltr'><strong>tamquam</strong></span> <span class='ocrx_word' id='word_1_525' title='bbox 1049 5056 1320 5125; x_wconf 75' lang='lat' dir='ltr'><strong>legeretur</strong></span> <span class='ocrx_word' id='word_1_526' title='bbox 1348 5055 1585 5125; x_wconf 82' lang='lat' dir='ltr'><strong>alicubi,</strong></span> <span class='ocrx_word' id='word_1_527' title='bbox 1632 5065 1723 5108; x_wconf 87' lang='lat' dir='ltr'><strong>aut</strong></span> <span class='ocrx_word' id='word_1_528' title='bbox 1772 5057 1875 5125; x_wconf 86' lang='lat' dir='ltr'><strong>legi</strong></span> 
     </span>
    </p>
   </div>
   <div class='ocr_carea' id='block_1_70' title="bbox 299 5122 1876 5194">
    <p class='ocr_par' dir='ltr' id='par_1_70' title="bbox 299 5122 1876 5194">
     <span class='ocr_line' id='line_1_70' title="bbox 299 5122 1876 5194; baseline 0.003 -16"><span class='ocrx_word' id='word_1_529' title='bbox 299 5122 487 5194; x_wconf 74' lang='lat' dir='ltr'><strong>posset</strong></span> <span class='ocrx_word' id='word_1_530' title='bbox 528 5139 625 5194; x_wconf 90' lang='lat' dir='ltr'><strong>pro</strong></span> <span class='ocrx_word' id='word_1_531' title='bbox 652 5138 783 5176; x_wconf 85' lang='lat' dir='ltr'><strong>voce</strong></span> <span class='ocrx_word' id='word_1_532' title='bbox 827 5123 1072 5190; x_wconf 76' lang='lat' dir='ltr'><strong>sequenti</strong></span> <span class='ocrx_word' id='word_1_533' title='bbox 1117 5127 1344 5189; x_wconf 87' lang='lat' dir='ltr'><strong>actione,</strong></span> <span class='ocrx_word' id='word_1_534' title='bbox 1373 5141 1492 5177; x_wconf 86' lang='lat' dir='ltr'><strong>cum</strong></span> <span class='ocrx_word' id='word_1_535' title='bbox 1518 5122 1653 5179; x_wconf 80' lang='lat' dir='ltr'><strong>forte</strong></span> <span class='ocrx_word' id='word_1_536' title='bbox 1686 5122 1876 5182; x_wconf 75' lang='lat' dir='ltr'><strong>melius</strong></span> 
     </span>
    </p>
   </div>
   <div class='ocr_carea' id='block_1_71' title="bbox 297 5194 1873 5265">
    <p class='ocr_par' dir='ltr' id='par_1_71' title="bbox 297 5194 1873 5265">
     <span class='ocr_line' id='line_1_71' title="bbox 297 5194 1873 5265; baseline 0 -16"><span class='ocrx_word' id='word_1_537' title='bbox 297 5194 612 5249; x_wconf 83' lang='lat' dir='ltr'><strong>crederetur</strong></span> <span class='ocrx_word' id='word_1_538' title='bbox 642 5194 970 5265; x_wconf 84' lang='lat' dir='ltr'><strong>respondere</strong></span> <span class='ocrx_word' id='word_1_539' title='bbox 993 5194 1158 5265; x_wconf 85' lang='lat' dir='ltr'><strong>priori</strong></span> <span class='ocrx_word' id='word_1_540' title='bbox 1188 5196 1343 5261; x_wconf 87' lang='lat' dir='ltr'><strong>parti,</strong></span> <span class='ocrx_word' id='word_1_541' title='bbox 1373 5205 1427 5247; x_wconf 91' lang='lat' dir='ltr'><strong>ut</strong></span> <span class='ocrx_word' id='word_1_542' title='bbox 1445 5196 1658 5247; x_wconf 88' lang='lat' dir='ltr'><strong>lectione</strong></span> <span class='ocrx_word' id='word_1_543' title='bbox 1685 5204 1873 5265; x_wconf 87' lang='lat' dir='ltr'><strong>teneat,</strong></span> 
     </span>
    </p>
   </div>
   <div class='ocr_carea' id='block_1_72' title="bbox 300 5263 1873 5333">
    <p class='ocr_par' dir='ltr' id='par_1_72' title="bbox 300 5263 1873 5333">
     <span class='ocr_line' id='line_1_72' title="bbox 300 5263 1873 5333; baseline 0.001 -16"><span class='ocrx_word' id='word_1_544' title='bbox 300 5279 435 5333; x_wconf 81' lang='lat' dir='ltr'><strong>pro,</strong></span> <span class='ocrx_word' id='word_1_545' title='bbox 459 5264 705 5333; x_wconf 80' lang='lat' dir='ltr'><strong>memoria</strong></span> <span class='ocrx_word' id='word_1_546' title='bbox 724 5271 919 5328; x_wconf 88' lang='lat' dir='ltr'><strong>teneat,</strong></span> <span class='ocrx_word' id='word_1_547' title='bbox 960 5263 1102 5330; x_wconf 88' lang='lat' dir='ltr'><strong>quod</strong></span> <span class='ocrx_word' id='word_1_548' title='bbox 1132 5264 1333 5317; x_wconf 87' lang='lat' dir='ltr'><strong>habent</strong></span> <span class='ocrx_word' id='word_1_549' title='bbox 1364 5265 1603 5330; x_wconf 60' lang='lat' dir='ltr'><strong>praedicti</strong></span> <span class='ocrx_word' id='word_1_550' title='bbox 1634 5263 1873 5332; x_wconf 84' lang='lat' dir='ltr'><strong>codices,</strong></span> 
     </span>
    </p>
   </div>
   <div class='ocr_carea' id='block_1_73' title="bbox 299 5331 1875 5404">
    <p class='ocr_par' dir='ltr' id='par_1_73' title="bbox 299 5331 1875 5404">
     <span class='ocr_line' id='line_1_73' title="bbox 299 5331 1875 5404; baseline 0.001 -16"><span class='ocrx_word' id='word_1_551' title='bbox 299 5331 654 5388; x_wconf 75' lang='lat' dir='ltr'><strong>conforntiter</strong></span> <span class='ocrx_word' id='word_1_552' title='bbox 681 5331 966 5404; x_wconf 79' lang='lat' dir='ltr'><strong>Augustini</strong></span> <span class='ocrx_word' id='word_1_553' title='bbox 997 5334 1137 5400; x_wconf 89' lang='lat' dir='ltr'><strong>loco,</strong></span> <span class='ocrx_word' id='word_1_554' title='bbox 1167 5349 1281 5386; x_wconf 89' lang='lat' dir='ltr'><strong>cum</strong></span> <span class='ocrx_word' id='word_1_555' title='bbox 1307 5344 1464 5387; x_wconf 91' lang='lat' dir='ltr'><strong>totam</strong></span> <span class='ocrx_word' id='word_1_556' title='bbox 1492 5334 1652 5404; x_wconf 86' lang='lat' dir='ltr'><strong>legem</strong></span> <span class='ocrx_word' id='word_1_557' title='bbox 1681 5331 1875 5389; x_wconf 51' lang='lat' dir='ltr'><strong>inemo?</strong></span> 
     </span>
    </p>
   </div>
   <div class='ocr_carea' id='block_1_74' title="bbox 300 5403 762 5457">
    <p class='ocr_par' dir='ltr' id='par_1_74' title="bbox 300 5403 762 5457">
     <span class='ocr_line' id='line_1_74' title="bbox 300 5403 762 5457; baseline -0.004 0"><span class='ocrx_word' id='word_1_558' title='bbox 300 5405 405 5457; x_wconf 70' lang='lat' dir='ltr'><strong>rite</strong></span> <span class='ocrx_word' id='word_1_559' title='bbox 439 5403 762 5455; x_wconf 84' lang='lat' dir='ltr'><strong>mandaverit.</strong></span> 
     </span>
    </p>
   </div>
   <div class='ocr_carea' id='block_1_75' title="bbox 386 5472 1875 5542">
    <p class='ocr_par' dir='ltr' id='par_1_75' title="bbox 386 5472 1875 5542">
     <span class='ocr_line' id='line_1_75' title="bbox 386 5472 1875 5542; baseline 0.001 -16"><span class='ocrx_word' id='word_1_560' title='bbox 386 5472 415 5509; x_wconf 71' lang='grc' dir='ltr'>δ</span> <span class='ocrx_word' id='word_1_561' title='bbox 455 5472 635 5527; x_wconf 79' lang='lat' dir='ltr'><strong>Melius</strong></span> <span class='ocrx_word' id='word_1_562' title='bbox 666 5472 801 5526; x_wconf 77' lang='lat' dir='ltr'><strong>forte</strong></span> <span class='ocrx_word' id='word_1_563' title='bbox 829 5472 1115 5542; x_wconf 75' lang='lat' dir='ltr'><strong>legeretur,</strong></span> <span class='ocrx_word' id='word_1_564' title='bbox 1141 5474 1195 5526; x_wconf 90' lang='lat' dir='ltr'><strong>in</strong></span> <span class='ocrx_word' id='word_1_565' title='bbox 1228 5473 1619 5542; x_wconf 80' lang='lat' dir='ltr'><strong>regenerationis</strong></span> <span class='ocrx_word' id='word_1_566' title='bbox 1649 5474 1875 5540; x_wconf 83' lang='lat' dir='ltr'><strong>lavacro,</strong></span> 
     </span>
    </p>
   </div>
   <div class='ocr_carea' id='block_1_76' title="bbox 305 5542 1876 5614">
    <p class='ocr_par' dir='ltr' id='par_1_76' title="bbox 305 5542 1876 5614">
     <span class='ocr_line' id='line_1_76' title="bbox 305 5542 1876 5614; baseline -0.001 -16"><span class='ocrx_word' id='word_1_567' title='bbox 305 5551 374 5598; x_wconf 80' lang='lat' dir='ltr'><strong>ut</strong></span> <span class='ocrx_word' id='word_1_568' title='bbox 415 5542 740 5613; x_wconf 81' lang='lat' dir='ltr'><strong>Augustinus</strong></span> <span class='ocrx_word' id='word_1_569' title='bbox 787 5543 888 5614; x_wconf 80' lang='lat' dir='ltr'><strong>hoc</strong></span> <span class='ocrx_word' id='word_1_570' title='bbox 936 5544 1126 5614; x_wconf 68' lang='lat' dir='ltr'><strong>eodem</strong></span> <span class='ocrx_word' id='word_1_571' title='bbox 1171 5543 1312 5608; x_wconf 92' lang='lat' dir='ltr'><strong>loco,</strong></span> <span class='ocrx_word' id='word_1_572' title='bbox 1354 5560 1441 5609; x_wconf 89' lang='lat' dir='ltr'><strong>per</strong></span> <span class='ocrx_word' id='word_1_573' title='bbox 1484 5545 1876 5614; x_wconf 85' lang='lat' dir='ltr'><strong>regenerationis</strong></span> 
     </span>
    </p>
   </div>
   <div class='ocr_carea' id='block_1_77' title="bbox 307 5611 1878 5685">
    <p class='ocr_par' dir='ltr' id='par_1_77' title="bbox 307 5611 1878 5685">
     <span class='ocr_line' id='line_1_77' title="bbox 307 5611 1878 5685; baseline 0.003 -20"><span class='ocrx_word' id='word_1_574' title='bbox 307 5611 573 5685; x_wconf 74' lang='lat' dir='ltr'><strong>lavacrum</strong></span> <span class='ocrx_word' id='word_1_575' title='bbox 594 5627 613 5665; x_wconf 91' lang='lat'><strong><em>:</em></strong></span> <span class='ocrx_word' id='word_1_576' title='bbox 640 5626 765 5685; x_wconf 82' lang='lat' dir='ltr'><strong>nam</strong></span> <span class='ocrx_word' id='word_1_577' title='bbox 795 5620 850 5668; x_wconf 90' lang='lat' dir='ltr'><strong>et</strong></span> <span class='ocrx_word' id='word_1_578' title='bbox 873 5613 1008 5668; x_wconf 82' lang='lat' dir='ltr'><strong>infra</strong></span> <span class='ocrx_word' id='word_1_579' title='bbox 1035 5611 1269 5685; x_wconf 88' lang='lat' dir='ltr'><strong>Prosper</strong></span> <span class='ocrx_word' id='word_1_580' title='bbox 1290 5614 1406 5683; x_wconf 81' lang='lat' dir='ltr'><strong>ipse</strong></span> <span class='ocrx_word' id='word_1_581' title='bbox 1432 5614 1503 5669; x_wconf 90' lang='lat' dir='ltr'><strong>ait</strong></span> <span class='ocrx_word' id='word_1_582' title='bbox 1520 5611 1759 5680; x_wconf 57' lang='lat' dir='ltr'><strong>{donata</strong></span> <span class='ocrx_word' id='word_1_583' title='bbox 1785 5631 1878 5669; x_wconf 78' lang='lat' dir='ltr'><strong>no-</strong></span> 
     </span>
    </p>
   </div>
   <div class='ocr_carea' id='block_1_78' title="bbox 309 5683 805 5753">
    <p class='ocr_par' dir='ltr' id='par_1_78' title="bbox 309 5683 805 5753">
     <span class='ocr_line' id='line_1_78' title="bbox 309 5683 805 5753; baseline 0 -15"><span class='ocrx_word' id='word_1_584' title='bbox 309 5684 392 5738; x_wconf 82' lang='lat' dir='ltr'><strong>bis</strong></span> <span class='ocrx_word' id='word_1_585' title='bbox 420 5683 805 5753; x_wconf 84' lang='lat' dir='ltr'><strong>regensratione.</strong></span> 
     </span>
    </p>
   </div>
   <div class='ocr_carea' id='block_1_79' title="bbox 1977 1838 2315 1908">
    <p class='ocr_par' dir='ltr' id='par_1_79' title="bbox 1977 1838 2315 1908">
     <span class='ocr_line' id='line_1_79' title="bbox 1977 1838 2315 1908; baseline 0 -15"><span class='ocrx_word' id='word_1_586' title='bbox 1977 1838 2315 1908; x_wconf 76' lang='lat' dir='ltr'><strong>prophetam.</strong></span> 
     </span>
    </p>
   </div>
   <div class='ocr_carea' id='block_1_80' title="bbox 2049 1929 3553 2001">
    <p class='ocr_par' dir='ltr' id='par_1_80' title="bbox 2049 1929 3553 2001">
     <span class='ocr_line' id='line_1_80' title="bbox 2049 1929 3553 2001; baseline 0.003 -18"><span class='ocrx_word' id='word_1_587' title='bbox 2049 1929 2227 2000; x_wconf 86' lang='lat' dir='ltr'><strong>(Vers.</strong></span> <span class='ocrx_word' id='word_1_588' title='bbox 2252 1930 2368 1998; x_wconf 87' lang='lat'><strong>85.)</strong></span> <span class='ocrx_word' id='word_1_589' title='bbox 2400 1930 2755 1986; x_wconf 87' lang='lat' dir='ltr'><strong>Narraverunt</strong></span> <span class='ocrx_word' id='word_1_590' title='bbox 2796 1932 2922 1984; x_wconf 85' lang='lat' dir='ltr'><strong>mihi</strong></span> <span class='ocrx_word' id='word_1_591' title='bbox 2958 1932 3123 2001; x_wconf 89' lang='lat' dir='ltr'><strong>iniqui</strong></span> <span class='ocrx_word' id='word_1_592' title='bbox 3162 1931 3553 1999; x_wconf 87' lang='lat' dir='ltr'><strong>delectationes;</strong></span> 
     </span>
    </p>
   </div>
   <div class='ocr_carea' id='block_1_81' title="bbox 1974 2020 3552 2093">
    <p class='ocr_par' dir='ltr' id='par_1_81' title="bbox 1974 2020 3552 2093">
     <span class='ocr_line' id='line_1_81' title="bbox 1974 2020 3552 2093; baseline 0.002 -19"><span class='ocrx_word' id='word_1_593' title='bbox 1974 2020 2062 2074; x_wconf 87' lang='lat' dir='ltr'><strong>sed</strong></span> <span class='ocrx_word' id='word_1_594' title='bbox 2088 2036 2189 2074; x_wconf 89' lang='lat' dir='ltr'><strong>non</strong></span> <span class='ocrx_word' id='word_1_595' title='bbox 2218 2031 2273 2073; x_wconf 88' lang='lat' dir='ltr'><strong>ut</strong></span> <span class='ocrx_word' id='word_1_596' title='bbox 2296 2021 2379 2075; x_wconf 78' lang='lat' dir='ltr'><strong>lea:</strong></span> <span class='ocrx_word' id='word_1_597' title='bbox 2406 2031 2514 2087; x_wconf 87' lang='lat' dir='ltr'><strong>tua,</strong></span> <span class='ocrx_word' id='word_1_598' title='bbox 2546 2022 2779 2076; x_wconf 89' lang='lat' dir='ltr'><strong>Domine.</strong></span> <span class='ocrx_word' id='word_1_599' title='bbox 2811 2022 3039 2077; x_wconf 80' lang='lat' dir='ltr'><strong>Fabulas</strong></span> <span class='ocrx_word' id='word_1_600' title='bbox 3068 2038 3323 2078; x_wconf 89' lang='lat' dir='ltr'><strong>vanarum</strong></span> <span class='ocrx_word' id='word_1_601' title='bbox 3344 2024 3552 2093; x_wconf 89' lang='lat' dir='ltr'><strong>opinio-</strong></span> 
     </span>
    </p>
   </div>
   <div class='ocr_carea' id='block_1_82' title="bbox 1976 2108 3551 2183">
    <p class='ocr_par' dir='ltr' id='par_1_82' title="bbox 1976 2108 3551 2183">
     <span class='ocr_line' id='line_1_82' title="bbox 1976 2108 3551 2183; baseline 0.003 -20"><span class='ocrx_word' id='word_1_602' title='bbox 1976 2124 2123 2175; x_wconf 88' lang='lat' dir='ltr'><strong>num,</strong></span> <span class='ocrx_word' id='word_1_603' title='bbox 2152 2108 2171 2147; x_wconf 68' lang='grc' dir='ltr'>ί</span> <span class='ocrx_word' id='word_1_604' title='bbox 2202 2110 2539 2166; x_wconf 87' lang='lat' dir='ltr'><strong>delectabilis</strong></span> <span class='ocrx_word' id='word_1_605' title='bbox 2570 2112 2766 2183; x_wconf 89' lang='lat' dir='ltr'><strong>eloquii</strong></span> <span class='ocrx_word' id='word_1_606' title='bbox 2798 2122 2912 2167; x_wconf 87' lang='lat' dir='ltr'><strong>arte</strong></span> <span class='ocrx_word' id='word_1_607' title='bbox 2938 2114 3263 2182; x_wconf 90' lang='lat' dir='ltr'><strong>compositas</strong></span> <span class='ocrx_word' id='word_1_608' title='bbox 3286 2154 3301 2179; x_wconf 93' lang='lat'><strong>,</strong></span> <span class='ocrx_word' id='word_1_609' title='bbox 3327 2115 3395 2168; x_wconf 90' lang='lat' dir='ltr'><strong>ab</strong></span> <span class='ocrx_word' id='word_1_610' title='bbox 3452 2114 3551 2169; x_wconf 92' lang='lat' dir='ltr'><strong>ini-</strong></span> 
     </span>
    </p>
   </div>
   <div class='ocr_carea' id='block_1_83' title="bbox 1974 2200 3550 2269">
    <p class='ocr_par' dir='ltr' id='par_1_83' title="bbox 1974 2200 3550 2269">
     <span class='ocr_line' id='line_1_83' title="bbox 1974 2200 3550 2269; baseline 0.005 -18"><span class='ocrx_word' id='word_1_611' title='bbox 1974 2200 2091 2269; x_wconf 88' lang='lat' dir='ltr'><strong>quis</strong></span> <span class='ocrx_word' id='word_1_612' title='bbox 2119 2200 2222 2255; x_wconf 89' lang='lat' dir='ltr'><strong>sibi</strong></span> <span class='ocrx_word' id='word_1_613' title='bbox 2254 2201 2383 2255; x_wconf 89' lang='lat' dir='ltr'><strong>dicit</strong></span> <span class='ocrx_word' id='word_1_614' title='bbox 2407 2216 2527 2257; x_wconf 90' lang='lat' dir='ltr'><strong>esse</strong></span> <span class='ocrx_word' id='word_1_615' title='bbox 2554 2218 2797 2258; x_wconf 88' lang='lat' dir='ltr'><strong>narratas</strong></span> <span class='ocrx_word' id='word_1_616' title='bbox 2823 2222 2836 2259; x_wconf 89' lang='lat'>:</span> <span class='ocrx_word' id='word_1_617' title='bbox 2865 2204 2960 2259; x_wconf 90' lang='lat' dir='ltr'><strong>sed</strong></span> <span class='ocrx_word' id='word_1_618' title='bbox 2990 2203 3121 2258; x_wconf 91' lang='lat' dir='ltr'><strong>nihil</strong></span> <span class='ocrx_word' id='word_1_619' title='bbox 3152 2219 3211 2259; x_wconf 91' lang='lat' dir='ltr'><strong>se</strong></span> <span class='ocrx_word' id='word_1_620' title='bbox 3237 2205 3288 2258; x_wconf 92' lang='lat' dir='ltr'><strong>in</strong></span> <span class='ocrx_word' id='word_1_621' title='bbox 3319 2205 3394 2259; x_wconf 92' lang='lat' dir='ltr'><strong>eis</strong></span> <span class='ocrx_word' id='word_1_622' title='bbox 3420 2206 3550 2259; x_wconf 88' lang='lat' dir='ltr'><strong>utile</strong></span> 
     </span>
    </p>
   </div>
   <div class='ocr_carea' id='block_1_84' title="bbox 1975 2291 3553 2365">
    <p class='ocr_par' dir='ltr' id='par_1_84' title="bbox 1975 2291 3553 2365">
     <span class='ocr_line' id='line_1_84' title="bbox 1975 2291 3553 2365; baseline 0.003 -19"><span class='ocrx_word' id='word_1_623' title='bbox 1975 2291 2271 2360; x_wconf 89' lang='lat' dir='ltr'><strong>reperisse,</strong></span> <span class='ocrx_word' id='word_1_624' title='bbox 2320 2292 2462 2346; x_wconf 89' lang='lat' dir='ltr'><strong>sicut</strong></span> <span class='ocrx_word' id='word_1_625' title='bbox 2488 2293 2543 2347; x_wconf 94' lang='lat' dir='ltr'><strong>in</strong></span> <span class='ocrx_word' id='word_1_626' title='bbox 2574 2292 2687 2363; x_wconf 88' lang='lat' dir='ltr'><strong>lege</strong></span> <span class='ocrx_word' id='word_1_627' title='bbox 2739 2294 2985 2361; x_wconf 87' lang='lat' dir='ltr'><strong>Domini,</strong></span> <span class='ocrx_word' id='word_1_628' title='bbox 3032 2295 3083 2349; x_wconf 91' lang='lat' dir='ltr'><strong>in</strong></span> <span class='ocrx_word' id='word_1_629' title='bbox 3124 2308 3225 2365; x_wconf 86' lang='lat' dir='ltr'><strong>qua</strong></span> <span class='ocrx_word' id='word_1_630' title='bbox 3261 2304 3344 2350; x_wconf 91' lang='lat' dir='ltr'><strong>est</strong></span> <span class='ocrx_word' id='word_1_631' title='bbox 3376 2294 3553 2350; x_wconf 88' lang='lat' dir='ltr'><strong>omnis</strong></span> 
     </span>
    </p>
   </div>
   <div class='ocr_carea' id='block_1_85' title="bbox 1973 2386 2196 2439">
    <p class='ocr_par' dir='ltr' id='par_1_85' title="bbox 1973 2386 2196 2439">
     <span class='ocr_line' id='line_1_85' title="bbox 1973 2386 2196 2439; baseline 0.004 -1"><span class='ocrx_word' id='word_1_632' title='bbox 1973 2386 2196 2439; x_wconf 89' lang='lat' dir='ltr'><strong>veritas.</strong></span> 
     </span>
    </p>
   </div>
   <div class='ocr_carea' id='block_1_86' title="bbox 2045 2472 3545 2549">
    <p class='ocr_par' dir='ltr' id='par_1_86' title="bbox 2045 2472 3545 2549">
     <span class='ocr_line' id='line_1_86' title="bbox 2045 2472 3545 2549; baseline 0.003 -21"><span class='ocrx_word' id='word_1_633' title='bbox 2045 2474 2227 2546; x_wconf 84' lang='lat' dir='ltr'><strong>(Vers.</strong></span> <span class='ocrx_word' id='word_1_634' title='bbox 2258 2472 2375 2547; x_wconf 88' lang='lat'><strong>86.)</strong></span> <span class='ocrx_word' id='word_1_635' title='bbox 2421 2472 2625 2545; x_wconf 81' lang='lat' dir='ltr'><strong>Iniuste</strong></span> <span class='ocrx_word' id='word_1_636' title='bbox 2652 2478 2900 2547; x_wconf 86' lang='lat' dir='ltr'><strong>persecuti</strong></span> <span class='ocrx_word' id='word_1_637' title='bbox 2925 2486 3043 2531; x_wconf 90' lang='lat' dir='ltr'><strong>sunt</strong></span> <span class='ocrx_word' id='word_1_638' title='bbox 3072 2494 3149 2531; x_wconf 88' lang='lat' dir='ltr'><strong>me</strong></span> <span class='ocrx_word' id='word_1_639' title='bbox 3168 2520 3183 2546; x_wconf 93' lang='lat'><strong>,</strong></span> <span class='ocrx_word' id='word_1_640' title='bbox 3226 2478 3419 2549; x_wconf 84' lang='lat' dir='ltr'><strong>adjuva</strong></span> <span class='ocrx_word' id='word_1_641' title='bbox 3447 2495 3545 2534; x_wconf 89' lang='lat' dir='ltr'><strong>me.</strong></span> 
     </span>
    </p>
   </div>
   <div class='ocr_carea' id='block_1_87' title="bbox 1974 2564 3553 2635">
    <p class='ocr_par' dir='ltr' id='par_1_87' title="bbox 1974 2564 3553 2635">
     <span class='ocr_line' id='line_1_87' title="bbox 1974 2564 3553 2635; baseline 0.001 -15"><span class='ocrx_word' id='word_1_642' title='bbox 1974 2564 2401 2631; x_wconf 81' lang='lat' dir='ltr'><strong>Mendaciorum,</strong></span> <span class='ocrx_word' id='word_1_643' title='bbox 2429 2565 2621 2635; x_wconf 89' lang='lat' dir='ltr'><strong>inquit,</strong></span> <span class='ocrx_word' id='word_1_644' title='bbox 2654 2567 2849 2621; x_wconf 81' lang='lat' dir='ltr'><strong>fabulis</strong></span> <span class='ocrx_word' id='word_1_645' title='bbox 2872 2570 3114 2623; x_wconf 85' lang='lat' dir='ltr'><strong>veritatis</strong></span> <span class='ocrx_word' id='word_1_646' title='bbox 3141 2568 3389 2623; x_wconf 87' lang='lat' dir='ltr'><strong>mandata</strong></span> <span class='ocrx_word' id='word_1_647' title='bbox 3417 2586 3553 2635; x_wconf 71' lang='lat' dir='ltr'><strong>prm-</strong></span> 
     </span>
    </p>
   </div>
   <div class='ocr_carea' id='block_1_88' title="bbox 1974 2655 3551 2729">
    <p class='ocr_par' dir='ltr' id='par_1_88' title="bbox 1974 2655 3551 2729">
     <span class='ocr_line' id='line_1_88' title="bbox 1974 2655 3551 2729; baseline 0.001 -20"><span class='ocrx_word' id='word_1_648' title='bbox 1974 2658 2163 2725; x_wconf 89' lang='lat' dir='ltr'><strong>posui;</strong></span> <span class='ocrx_word' id='word_1_649' title='bbox 2210 2667 2264 2710; x_wconf 89' lang='lat' dir='ltr'><strong>et</strong></span> <span class='ocrx_word' id='word_1_650' title='bbox 2302 2656 2373 2710; x_wconf 88' lang='lat' dir='ltr'><strong>ob</strong></span> <span class='ocrx_word' id='word_1_651' title='bbox 2409 2655 2512 2711; x_wconf 89' lang='lat' dir='ltr'><strong>hoc</strong></span> <span class='ocrx_word' id='word_1_652' title='bbox 2549 2674 2628 2711; x_wconf 88' lang='lat' dir='ltr'><strong>me</strong></span> <span class='ocrx_word' id='word_1_653' title='bbox 2663 2659 2851 2728; x_wconf 83' lang='lat' dir='ltr'><strong>injuste</strong></span> <span class='ocrx_word' id='word_1_654' title='bbox 2880 2659 3126 2729; x_wconf 84' lang='lat' dir='ltr'><strong>persecuti</strong></span> <span class='ocrx_word' id='word_1_655' title='bbox 3149 2670 3265 2712; x_wconf 87' lang='lat' dir='ltr'><strong>sunt</strong></span> <span class='ocrx_word' id='word_1_656' title='bbox 3309 2659 3551 2712; x_wconf 77' lang='lat' dir='ltr'><strong>falsitatis</strong></span> 
     </span>
    </p>
   </div>
   <div class='ocr_carea' id='block_1_89' title="bbox 1975 2748 3552 2819">
    <p class='ocr_par' dir='ltr' id='par_1_89' title="bbox 1975 2748 3552 2819">
     <span class='ocr_line' id='line_1_89' title="bbox 1975 2748 3552 2819; baseline 0.002 -19"><span class='ocrx_word' id='word_1_657' title='bbox 1975 2755 2262 2802; x_wconf 87' lang='lat' dir='ltr'><strong>amatores.</strong></span> <span class='ocrx_word' id='word_1_658' title='bbox 2304 2749 2444 2817; x_wconf 84' lang='lat' dir='ltr'><strong>Ergo</strong></span> <span class='ocrx_word' id='word_1_659' title='bbox 2465 2748 2654 2818; x_wconf 81' lang='lat' dir='ltr'><strong>adjuva</strong></span> <span class='ocrx_word' id='word_1_660' title='bbox 2684 2765 2780 2814; x_wconf 89' lang='lat' dir='ltr'><strong>me,</strong></span> <span class='ocrx_word' id='word_1_661' title='bbox 2809 2756 2865 2803; x_wconf 93' lang='lat' dir='ltr'><strong>ut</strong></span> <span class='ocrx_word' id='word_1_662' title='bbox 2889 2749 3084 2818; x_wconf 85' lang='lat' dir='ltr'><strong>possim</strong></span> <span class='ocrx_word' id='word_1_663' title='bbox 3118 2764 3283 2819; x_wconf 91' lang='lat' dir='ltr'><strong>usque</strong></span> <span class='ocrx_word' id='word_1_664' title='bbox 3307 2750 3373 2803; x_wconf 92' lang='lat' dir='ltr'><strong>ad</strong></span> <span class='ocrx_word' id='word_1_665' title='bbox 3410 2765 3552 2803; x_wconf 89' lang='lat' dir='ltr'><strong>tuor-</strong></span> 
     </span>
    </p>
   </div>
   <div class='ocr_carea' id='block_1_90' title="bbox 1976 2843 2725 2910">
    <p class='ocr_par' dir='ltr' id='par_1_90' title="bbox 1976 2843 2725 2910">
     <span class='ocr_line' id='line_1_90' title="bbox 1976 2843 2725 2910; baseline -0.001 -14"><span class='ocrx_word' id='word_1_666' title='bbox 1976 2850 2082 2896; x_wconf 92' lang='lat' dir='ltr'><strong>tem</strong></span> <span class='ocrx_word' id='word_1_667' title='bbox 2109 2856 2207 2910; x_wconf 90' lang='lat' dir='ltr'><strong>pro</strong></span> <span class='ocrx_word' id='word_1_668' title='bbox 2236 2843 2463 2895; x_wconf 88' lang='lat' dir='ltr'><strong>veritate</strong></span> <span class='ocrx_word' id='word_1_669' title='bbox 2493 2854 2725 2897; x_wconf 87' lang='lat' dir='ltr'><strong>certare.</strong></span> 
     </span>
    </p>
   </div>
   <div class='ocr_carea' id='block_1_91' title="bbox 2052 2932 3549 3005">
    <p class='ocr_par' dir='ltr' id='par_1_91' title="bbox 2052 2932 3549 3005">
     <span class='ocr_line' id='line_1_91' title="bbox 2052 2932 3549 3005; baseline 0.003 -19"><span class='ocrx_word' id='word_1_670' title='bbox 2052 2933 2231 3001; x_wconf 85' lang='lat' dir='ltr'><strong>(Vers.</strong></span> <span class='ocrx_word' id='word_1_671' title='bbox 2267 2933 2382 3005; x_wconf 85' lang='lat'><strong>87.)</strong></span> <span class='ocrx_word' id='word_1_672' title='bbox 2429 2932 2811 2989; x_wconf 81' lang='lat' dir='ltr'><strong>Paulo-minus</strong></span> <span class='ocrx_word' id='word_1_673' title='bbox 2857 2944 3331 2990; x_wconf 86' lang='lat' dir='ltr'><strong>consummaverunt</strong></span> <span class='ocrx_word' id='word_1_674' title='bbox 3372 2953 3451 2990; x_wconf 83' lang='lat' dir='ltr'><strong>nte</strong></span> <span class='ocrx_word' id='word_1_675' title='bbox 3495 2938 3549 2991; x_wconf 88' lang='lat' dir='ltr'><strong>in</strong></span> 
     </span>
    </p>
   </div>
   <div class='ocr_carea' id='block_1_92' title="bbox 1977 3026 3551 3099">
    <p class='ocr_par' dir='ltr' id='par_1_92' title="bbox 1977 3026 3551 3099">
     <span class='ocr_line' id='line_1_92' title="bbox 1977 3026 3551 3099; baseline 0.003 -22"><span class='ocrx_word' id='word_1_676' title='bbox 1977 3033 2147 3088; x_wconf 88' lang='lat' dir='ltr'><strong>terra;</strong></span> <span class='ocrx_word' id='word_1_677' title='bbox 2191 3040 2284 3095; x_wconf 86' lang='lat' dir='ltr'><strong>ego</strong></span> <span class='ocrx_word' id='word_1_678' title='bbox 2322 3033 2492 3079; x_wconf 90' lang='lat' dir='ltr'><strong>autem</strong></span> <span class='ocrx_word' id='word_1_679' title='bbox 2521 3041 2620 3079; x_wconf 91' lang='lat' dir='ltr'><strong>non</strong></span> <span class='ocrx_word' id='word_1_680' title='bbox 2654 3026 2900 3094; x_wconf 85' lang='lat' dir='ltr'><strong>dereliqui</strong></span> <span class='ocrx_word' id='word_1_681' title='bbox 2932 3028 3177 3080; x_wconf 89' lang='lat' dir='ltr'><strong>mandata</strong></span> <span class='ocrx_word' id='word_1_682' title='bbox 3203 3036 3310 3080; x_wconf 91' lang='lat' dir='ltr'><strong>tua.</strong></span> <span class='ocrx_word' id='word_1_683' title='bbox 3363 3028 3551 3099; x_wconf 85' lang='lat' dir='ltr'><strong>Strage</strong></span> 
     </span>
    </p>
   </div>
   <div class='ocr_carea' id='block_1_93' title="bbox 1901 3106 3550 3187">
    <p class='ocr_par' dir='ltr' id='par_1_93' title="bbox 1901 3106 3550 3187">
     <span class='ocr_line' id='line_1_93' title="bbox 1901 3106 3550 3187; baseline 0.002 -16"><span class='ocrx_word' id='word_1_684' title='bbox 1901 3106 1946 3171; x_wconf 87' lang='lat' dir='ltr'><strong><em>C</em></strong></span> <span class='ocrx_word' id='word_1_685' title='bbox 1976 3125 2269 3187; x_wconf 85' lang='lat' dir='ltr'><strong>martyrum</strong></span> <span class='ocrx_word' id='word_1_686' title='bbox 2302 3117 2467 3181; x_wconf 84' lang='lat' dir='ltr'><strong>facta,</strong></span> <span class='ocrx_word' id='word_1_687' title='bbox 2498 3116 2624 3171; x_wconf 91' lang='lat' dir='ltr'><strong>dum</strong></span> <span class='ocrx_word' id='word_1_688' title='bbox 2665 3118 2990 3172; x_wconf 81' lang='lat' dir='ltr'><strong>conﬁtentur</strong></span> <span class='ocrx_word' id='word_1_689' title='bbox 3015 3127 3070 3173; x_wconf 92' lang='lat' dir='ltr'><strong>et</strong></span> <span class='ocrx_word' id='word_1_690' title='bbox 3100 3118 3391 3187; x_wconf 62' lang='lat' dir='ltr'><strong>pradicant</strong></span> <span class='ocrx_word' id='word_1_691' title='bbox 3416 3120 3550 3174; x_wconf 80' lang='lat' dir='ltr'><strong>veri-</strong></span> 
     </span>
    </p>
   </div>
   <div class='ocr_carea' id='block_1_94' title="bbox 1976 3208 3125 3279">
    <p class='ocr_par' dir='ltr' id='par_1_94' title="bbox 1976 3208 3125 3279">
     <span class='ocr_line' id='line_1_94' title="bbox 1976 3208 3125 3279; baseline 0.002 -14"><span class='ocrx_word' id='word_1_692' title='bbox 1976 3217 2162 3277; x_wconf 90' lang='lat' dir='ltr'><strong>tatem,</strong></span> <span class='ocrx_word' id='word_1_693' title='bbox 2193 3224 2350 3279; x_wconf 90' lang='lat' dir='ltr'><strong>quam</strong></span> <span class='ocrx_word' id='word_1_694' title='bbox 2378 3224 2409 3263; x_wconf 90' lang='lat' dir='ltr'><strong>a</strong></span> <span class='ocrx_word' id='word_1_695' title='bbox 2438 3219 2489 3263; x_wconf 89' lang='lat' dir='ltr'><strong>te</strong></span> <span class='ocrx_word' id='word_1_696' title='bbox 2515 3208 2732 3277; x_wconf 87' lang='lat' dir='ltr'><strong>adjutus</strong></span> <span class='ocrx_word' id='word_1_697' title='bbox 2758 3224 2862 3264; x_wconf 94' lang='lat' dir='ltr'><strong>non</strong></span> <span class='ocrx_word' id='word_1_698' title='bbox 2892 3209 3125 3267; x_wconf 89' lang='lat' dir='ltr'><strong>deserui.</strong></span> 
     </span>
    </p>
   </div>
   <div class='ocr_carea' id='block_1_95' title="bbox 2044 3302 3550 3375">
    <p class='ocr_par' dir='ltr' id='par_1_95' title="bbox 2044 3302 3550 3375">
     <span class='ocr_line' id='line_1_95' title="bbox 2044 3302 3550 3375; baseline -0.001 -19"><span class='ocrx_word' id='word_1_699' title='bbox 2044 3302 2223 3375; x_wconf 82' lang='lat' dir='ltr'><strong>(Vers.</strong></span> <span class='ocrx_word' id='word_1_700' title='bbox 2251 3302 2367 3371; x_wconf 92' lang='lat'><strong>88.)</strong></span> <span class='ocrx_word' id='word_1_701' title='bbox 2415 3302 2712 3358; x_wconf 82' lang='lat' dir='ltr'><strong>Secundum</strong></span> <span class='ocrx_word' id='word_1_702' title='bbox 2748 3302 3149 3356; x_wconf 88' lang='lat' dir='ltr'><strong>misericordiam</strong></span> <span class='ocrx_word' id='word_1_703' title='bbox 3182 3310 3321 3355; x_wconf 87' lang='lat' dir='ltr'><strong>tuam</strong></span> <span class='ocrx_word' id='word_1_704' title='bbox 3352 3302 3550 3372; x_wconf 78' lang='lat' dir='ltr'><strong>vivi/ica</strong></span> 
     </span>
    </p>
   </div>
   <div class='ocr_carea' id='block_1_96' title="bbox 1973 3393 3543 3462">
    <p class='ocr_par' dir='ltr' id='par_1_96' title="bbox 1973 3393 3543 3462">
     <span class='ocr_line' id='line_1_96' title="bbox 1973 3393 3543 3462; baseline -0.003 -13"><span class='ocrx_word' id='word_1_705' title='bbox 1973 3410 2084 3461; x_wconf 87' lang='lat' dir='ltr'><strong>me;</strong></span> <span class='ocrx_word' id='word_1_706' title='bbox 2109 3404 2156 3447; x_wconf 90' lang='lat' dir='ltr'><strong>et</strong></span> <span class='ocrx_word' id='word_1_707' title='bbox 2183 3393 2468 3447; x_wconf 87' lang='lat' dir='ltr'><strong>custodiam</strong></span> <span class='ocrx_word' id='word_1_708' title='bbox 2508 3393 2796 3447; x_wconf 85' lang='lat' dir='ltr'><strong>testimonia</strong></span> <span class='ocrx_word' id='word_1_709' title='bbox 2824 3394 2927 3447; x_wconf 88' lang='lat' dir='ltr'><strong>oris</strong></span> <span class='ocrx_word' id='word_1_710' title='bbox 2958 3394 3051 3446; x_wconf 90' lang='lat' dir='ltr'><strong>tui.</strong></span> <span class='ocrx_word' id='word_1_711' title='bbox 3090 3393 3348 3462; x_wconf 76' lang='lat' dir='ltr'><strong>Martyres</strong></span> <span class='ocrx_word' id='word_1_712' title='bbox 3371 3395 3543 3458; x_wconf 90' lang='lat' dir='ltr'><strong>enim,</strong></span> 
     </span>
    </p>
   </div>
   <div class='ocr_carea' id='block_1_97' title="bbox 1972 3484 3545 3558">
    <p class='ocr_par' dir='ltr' id='par_1_97' title="bbox 1972 3484 3545 3558">
     <span class='ocr_line' id='line_1_97' title="bbox 1972 3484 3545 3558; baseline -0.002 -16"><span class='ocrx_word' id='word_1_713' title='bbox 1972 3488 2095 3558; x_wconf 92' lang='lat' dir='ltr'><strong>quia</strong></span> <span class='ocrx_word' id='word_1_714' title='bbox 2119 3486 2485 3543; x_wconf 90' lang='lat' dir='ltr'><strong>misericordia</strong></span> <span class='ocrx_word' id='word_1_715' title='bbox 2514 3484 2614 3541; x_wconf 91' lang='lat' dir='ltr'><strong>Dei</strong></span> <span class='ocrx_word' id='word_1_716' title='bbox 2644 3485 2810 3556; x_wconf 87' lang='lat' dir='ltr'><strong>adjuti</strong></span> <span class='ocrx_word' id='word_1_717' title='bbox 2838 3495 2892 3541; x_wconf 91' lang='lat' dir='ltr'><strong>et</strong></span> <span class='ocrx_word' id='word_1_718' title='bbox 2921 3485 3169 3543; x_wconf 82' lang='lat' dir='ltr'><strong>viviﬁcali</strong></span> <span class='ocrx_word' id='word_1_719' title='bbox 3194 3492 3320 3539; x_wconf 90' lang='lat' dir='ltr'><strong>sunt</strong></span> <span class='ocrx_word' id='word_1_720' title='bbox 3342 3526 3357 3550; x_wconf 94' lang='lat'><strong>,</strong></span> <span class='ocrx_word' id='word_1_721' title='bbox 3402 3484 3545 3539; x_wconf 80' lang='lat' dir='ltr'><strong>veri-</strong></span> 
     </span>
    </p>
   </div>
   <div class='ocr_carea' id='block_1_98' title="bbox 1973 3576 3537 3649">
    <p class='ocr_par' dir='ltr' id='par_1_98' title="bbox 1973 3576 3537 3649">
     <span class='ocr_line' id='line_1_98' title="bbox 1973 3576 3537 3649; baseline 0.001 -16"><span class='ocrx_word' id='word_1_722' title='bbox 1973 3587 2157 3643; x_wconf 91' lang='lat' dir='ltr'><strong>tatem,</strong></span> <span class='ocrx_word' id='word_1_723' title='bbox 2188 3593 2308 3649; x_wconf 75' lang='lat' dir='ltr'><strong>qua:</strong></span> <span class='ocrx_word' id='word_1_724' title='bbox 2335 3577 2440 3633; x_wconf 85' lang='lat' dir='ltr'><strong>vita</strong></span> <span class='ocrx_word' id='word_1_725' title='bbox 2480 3585 2586 3645; x_wconf 87' lang='lat' dir='ltr'><strong>est,</strong></span> <span class='ocrx_word' id='word_1_726' title='bbox 2610 3590 2717 3641; x_wconf 83' lang='lat' dir='ltr'><strong>non</strong></span> <span class='ocrx_word' id='word_1_727' title='bbox 2744 3586 3026 3645; x_wconf 78' lang='lat' dir='ltr'><strong>negantes,</strong></span> <span class='ocrx_word' id='word_1_728' title='bbox 3062 3590 3160 3647; x_wconf 89' lang='lat' dir='ltr'><strong>pro</strong></span> <span class='ocrx_word' id='word_1_729' title='bbox 3200 3576 3387 3633; x_wconf 88' lang='lat' dir='ltr'><strong>eadem</strong></span> <span class='ocrx_word' id='word_1_730' title='bbox 3432 3589 3537 3633; x_wconf 78' lang='lat' dir='ltr'><strong>mo-</strong></span> 
     </span>
    </p>
   </div>
   <div class='ocr_carea' id='block_1_99' title="bbox 1972 3666 2477 3734">
    <p class='ocr_par' dir='ltr' id='par_1_99' title="bbox 1972 3666 2477 3734">
     <span class='ocr_line' id='line_1_99' title="bbox 1972 3666 2477 3734; baseline 0 -12"><span class='ocrx_word' id='word_1_731' title='bbox 1972 3666 2183 3734; x_wconf 87' lang='lat' dir='ltr'><strong>riendo,</strong></span> <span class='ocrx_word' id='word_1_732' title='bbox 2211 3668 2477 3723; x_wconf 84' lang='lat' dir='ltr'><strong>vicerunt.</strong></span> 
     </span>
    </p>
   </div>
   <div class='ocr_carea' id='block_1_100' title="bbox 2631 3772 2903 3811">
    <p class='ocr_par' dir='ltr' id='par_1_100' title="bbox 2631 3772 2903 3811">
     <span class='ocr_line' id='line_1_100' title="bbox 2631 3772 2903 3811; baseline 0 0"><span class='ocrx_word' id='word_1_733' title='bbox 2631 3772 2903 3811; x_wconf 74' lang='lat' dir='ltr'><strong>LAIIB.</strong></span> 
     </span>
    </p>
   </div>
   <div class='ocr_carea' id='block_1_101' title="bbox 2044 3844 3539 3921">
    <p class='ocr_par' dir='ltr' id='par_1_101' title="bbox 2044 3844 3539 3921">
     <span class='ocr_line' id='line_1_101' title="bbox 2044 3844 3539 3921; baseline -0.01 -15"><span class='ocrx_word' id='word_1_734' title='bbox 2044 3846 2387 3921; x_wconf 65' lang='lat' dir='ltr'><strong>451(Vers.</strong></span> <span class='ocrx_word' id='word_1_735' title='bbox 2408 3844 2521 3913; x_wconf 87' lang='lat'><strong>89.)</strong></span> <span class='ocrx_word' id='word_1_736' title='bbox 2538 3844 2604 3899; x_wconf 88' lang='lat' dir='ltr'><strong>In</strong></span> <span class='ocrx_word' id='word_1_737' title='bbox 2628 3857 2895 3911; x_wconf 80' lang='lat' dir='ltr'><strong>teternum,</strong></span> <span class='ocrx_word' id='word_1_738' title='bbox 2910 3844 3145 3908; x_wconf 90' lang='lat' dir='ltr'><strong>Domine,</strong></span> <span class='ocrx_word' id='word_1_739' title='bbox 3162 3852 3423 3915; x_wconf 85' lang='lat' dir='ltr'><strong>permanet</strong></span> <span class='ocrx_word' id='word_1_740' title='bbox 3439 3860 3539 3897; x_wconf 74' lang='lat' dir='ltr'><strong>ver.</strong></span> 
     </span>
    </p>
   </div>
   <div class='ocr_carea' id='block_1_102' title="bbox 1976 3935 3541 4004">
    <p class='ocr_par' dir='ltr' id='par_1_102' title="bbox 1976 3935 3541 4004">
     <span class='ocr_line' id='line_1_102' title="bbox 1976 3935 3541 4004; baseline -0.004 -9"><span class='ocrx_word' id='word_1_741' title='bbox 1976 3940 2101 3996; x_wconf 87' lang='lat' dir='ltr'><strong>bunt</strong></span> <span class='ocrx_word' id='word_1_742' title='bbox 2128 3952 2265 3995; x_wconf 87' lang='lat' dir='ltr'><strong>tuum</strong></span> <span class='ocrx_word' id='word_1_743' title='bbox 2287 3938 2341 3992; x_wconf 88' lang='lat' dir='ltr'><strong>in</strong></span> <span class='ocrx_word' id='word_1_744' title='bbox 2360 3936 2507 3991; x_wconf 66' lang='lat' dir='ltr'><strong>calo.</strong></span> <span class='ocrx_word' id='word_1_745' title='bbox 2531 3935 2817 3991; x_wconf 89' lang='lat' dir='ltr'><strong>Permanet</strong></span> <span class='ocrx_word' id='word_1_746' title='bbox 2842 3935 3058 3990; x_wconf 89' lang='lat' dir='ltr'><strong>verbum</strong></span> <span class='ocrx_word' id='word_1_747' title='bbox 3082 3936 3131 3989; x_wconf 95' lang='lat' dir='ltr'><strong>in</strong></span> <span class='ocrx_word' id='word_1_748' title='bbox 3147 3935 3348 4004; x_wconf 87' lang='lat' dir='ltr'><strong>angelis</strong></span> <span class='ocrx_word' id='word_1_749' title='bbox 3367 3948 3541 3989; x_wconf 78' lang='lat' dir='ltr'><strong>custo-</strong></span> 
     </span>
    </p>
   </div>
   <div class='ocr_carea' id='block_1_103' title="bbox 1976 4024 3297 4085">
    <p class='ocr_par' dir='ltr' id='par_1_103' title="bbox 1976 4024 3297 4085">
     <span class='ocr_line' id='line_1_103' title="bbox 1976 4024 3297 4085; baseline -0.007 0"><span class='ocrx_word' id='word_1_750' title='bbox 1976 4029 2244 4085; x_wconf 84' lang='lat' dir='ltr'><strong>dientihus</strong></span> <span class='ocrx_word' id='word_1_751' title='bbox 2272 4028 2390 4082; x_wconf 88' lang='lat' dir='ltr'><strong>sine</strong></span> <span class='ocrx_word' id='word_1_752' title='bbox 2420 4024 2721 4081; x_wconf 80' lang='lat' dir='ltr'><strong>defectione</strong></span> <span class='ocrx_word' id='word_1_753' title='bbox 2744 4033 2999 4079; x_wconf 72' lang='lat' dir='ltr'><strong>mternam</strong></span> <span class='ocrx_word' id='word_1_754' title='bbox 3029 4025 3297 4078; x_wconf 87' lang='lat' dir='ltr'><strong>militiam.</strong></span> 
     </span>
    </p>
   </div>
   <div class='ocr_carea' id='block_1_104' title="bbox 2051 4114 3554 4190">
    <p class='ocr_par' dir='ltr' id='par_1_104' title="bbox 2051 4114 3554 4190">
     <span class='ocr_line' id='line_1_104' title="bbox 2051 4114 3554 4190; baseline -0.003 -16"><span class='ocrx_word' id='word_1_755' title='bbox 2051 4118 2233 4190; x_wconf 81' lang='lat' dir='ltr'><strong>(Vers.</strong></span> <span class='ocrx_word' id='word_1_756' title='bbox 2265 4117 2385 4187; x_wconf 80' lang='lat'><strong>90.)</strong></span> <span class='ocrx_word' id='word_1_757' title='bbox 2433 4114 2503 4170; x_wconf 89' lang='lat' dir='ltr'><strong>In</strong></span> <span class='ocrx_word' id='word_1_758' title='bbox 2551 4116 2875 4187; x_wconf 83' lang='lat' dir='ltr'><strong>generatione</strong></span> <span class='ocrx_word' id='word_1_759' title='bbox 2921 4123 2966 4168; x_wconf 91' lang='lat' dir='ltr'><strong>et</strong></span> <span class='ocrx_word' id='word_1_760' title='bbox 3011 4115 3331 4184; x_wconf 86' lang='lat' dir='ltr'><strong>generatione</strong></span> <span class='ocrx_word' id='word_1_761' title='bbox 3368 4114 3554 4169; x_wconf 74' lang='lat' dir='ltr'><strong>veritas</strong></span> 
     </span>
    </p>
   </div>
   <div class='ocr_carea' id='block_1_105' title="bbox 1977 4206 3553 4281">
    <p class='ocr_par' dir='ltr' id='par_1_105' title="bbox 1977 4206 3553 4281">
     <span class='ocr_line' id='line_1_105' title="bbox 1977 4206 3553 4281; baseline -0.004 -17"><span class='ocrx_word' id='word_1_762' title='bbox 1977 4220 2097 4275; x_wconf 90' lang='lat' dir='ltr'><strong>tua;</strong></span> <span class='ocrx_word' id='word_1_763' title='bbox 2147 4208 2375 4281; x_wconf 80' lang='lat' dir='ltr'><strong>fundasti</strong></span> <span class='ocrx_word' id='word_1_764' title='bbox 2420 4219 2645 4275; x_wconf 91' lang='lat' dir='ltr'><strong>terram,</strong></span> <span class='ocrx_word' id='word_1_765' title='bbox 2689 4216 2738 4262; x_wconf 91' lang='lat' dir='ltr'><strong>et</strong></span> <span class='ocrx_word' id='word_1_766' title='bbox 2785 4216 3064 4278; x_wconf 79' lang='lat' dir='ltr'><strong>permanet.</strong></span> <span class='ocrx_word' id='word_1_767' title='bbox 3113 4206 3238 4261; x_wconf 87' lang='lat' dir='ltr'><strong>Post</strong></span> <span class='ocrx_word' id='word_1_768' title='bbox 3273 4210 3553 4264; x_wconf 68' lang='lat' dir='ltr'><strong>caelestem</strong></span> 
     </span>
    </p>
   </div>
   <div class='ocr_carea' id='block_1_106' title="bbox 1979 4297 3553 4368">
    <p class='ocr_par' dir='ltr' id='par_1_106' title="bbox 1979 4297 3553 4368">
     <span class='ocr_line' id='line_1_106' title="bbox 1979 4297 3553 4368; baseline -0.003 -13"><span class='ocrx_word' id='word_1_769' title='bbox 1979 4302 2275 4355; x_wconf 82' lang='lat' dir='ltr'><strong>Jerusalem</strong></span> <span class='ocrx_word' id='word_1_770' title='bbox 2303 4340 2318 4366; x_wconf 93' lang='lat'><strong>,</strong></span> <span class='ocrx_word' id='word_1_771' title='bbox 2364 4300 2603 4368; x_wconf 83' lang='lat' dir='ltr'><strong>respexit</strong></span> <span class='ocrx_word' id='word_1_772' title='bbox 2632 4306 2686 4353; x_wconf 90' lang='lat' dir='ltr'><strong>et</strong></span> <span class='ocrx_word' id='word_1_773' title='bbox 2723 4298 2884 4352; x_wconf 80' lang='lat' dir='ltr'><strong>tiliam</strong></span> <span class='ocrx_word' id='word_1_774' title='bbox 2916 4297 3035 4367; x_wconf 86' lang='lat' dir='ltr'><strong>ejus</strong></span> <span class='ocrx_word' id='word_1_775' title='bbox 3064 4297 3361 4351; x_wconf 86' lang='lat' dir='ltr'><strong>Ecclesiam</strong></span> <span class='ocrx_word' id='word_1_776' title='bbox 3384 4339 3398 4363; x_wconf 93' lang='lat'><strong>,</strong></span> <span class='ocrx_word' id='word_1_777' title='bbox 3431 4313 3553 4365; x_wconf 68' lang='lat' dir='ltr'><strong>qua</strong></span> 
     </span>
    </p>
   </div>
   <div class='ocr_carea' id='block_1_107' title="bbox 1979 4385 3554 4456">
    <p class='ocr_par' dir='ltr' id='par_1_107' title="bbox 1979 4385 3554 4456">
     <span class='ocr_line' id='line_1_107' title="bbox 1979 4385 3554 4456; baseline 0 -13"><span class='ocrx_word' id='word_1_778' title='bbox 1979 4389 2032 4443; x_wconf 89' lang='lat' dir='ltr'><strong>in</strong></span> <span class='ocrx_word' id='word_1_779' title='bbox 2066 4390 2166 4443; x_wconf 89' lang='lat' dir='ltr'><strong>hoc</strong></span> <span class='ocrx_word' id='word_1_780' title='bbox 2196 4389 2395 4442; x_wconf 93' lang='lat' dir='ltr'><strong>mundo</strong></span> <span class='ocrx_word' id='word_1_781' title='bbox 2416 4399 2791 4456; x_wconf 81' lang='lat' dir='ltr'><strong>conversatur,</strong></span> <span class='ocrx_word' id='word_1_782' title='bbox 2825 4396 2879 4443; x_wconf 91' lang='lat' dir='ltr'><strong>et</strong></span> <span class='ocrx_word' id='word_1_783' title='bbox 2918 4387 3091 4451; x_wconf 86' lang='lat' dir='ltr'><strong>dixit,</strong></span> <span class='ocrx_word' id='word_1_784' title='bbox 3125 4385 3190 4440; x_wconf 86' lang='lat' dir='ltr'><strong>In</strong></span> <span class='ocrx_word' id='word_1_785' title='bbox 3234 4390 3554 4455; x_wconf 79' lang='lat' dir='ltr'><strong>generatione</strong></span> 
     </span>
    </p>
   </div>
   <div class='ocr_carea' id='block_1_108' title="bbox 1900 4460 3549 4554">
    <p class='ocr_par' dir='ltr' id='par_1_108' title="bbox 1900 4460 3549 4554">
     <span class='ocr_line' id='line_1_108' title="bbox 1900 4460 3549 4554; baseline -0.002 -18"><span class='ocrx_word' id='word_1_786' title='bbox 1900 4460 2027 4537; x_wconf 84' lang='lat' dir='ltr'><strong>Det</strong></span> <span class='ocrx_word' id='word_1_787' title='bbox 2074 4483 2396 4554; x_wconf 88' lang='lat' dir='ltr'><strong>generatione</strong></span> <span class='ocrx_word' id='word_1_788' title='bbox 2438 4483 2620 4535; x_wconf 83' lang='lat' dir='ltr'><strong>veritas</strong></span> <span class='ocrx_word' id='word_1_789' title='bbox 2666 4490 2773 4534; x_wconf 85' lang='lat' dir='ltr'><strong>tua.</strong></span> <span class='ocrx_word' id='word_1_790' title='bbox 2826 4480 2935 4533; x_wconf 84' lang='lat' dir='ltr'><strong>Hac</strong></span> <span class='ocrx_word' id='word_1_791' title='bbox 2983 4488 3159 4533; x_wconf 89' lang='lat' dir='ltr'><strong>autem</strong></span> <span class='ocrx_word' id='word_1_792' title='bbox 3210 4481 3549 4547; x_wconf 78' lang='lat' dir='ltr'><strong>repetitione,</strong></span> 
     </span>
    </p>
   </div>
   <div class='ocr_carea' id='block_1_109' title="bbox 1984 4570 3551 4640">
    <p class='ocr_par' dir='ltr' id='par_1_109' title="bbox 1984 4570 3551 4640">
     <span class='ocr_line' id='line_1_109' title="bbox 1984 4570 3551 4640; baseline -0.001 -15"><span class='ocrx_word' id='word_1_793' title='bbox 1984 4574 2068 4628; x_wconf 87' lang='lat' dir='ltr'><strong>vel</strong></span> <span class='ocrx_word' id='word_1_794' title='bbox 2109 4586 2295 4626; x_wconf 90' lang='lat' dir='ltr'><strong>omnes</strong></span> <span class='ocrx_word' id='word_1_795' title='bbox 2333 4572 2707 4640; x_wconf 87' lang='lat' dir='ltr'><strong>generationes</strong></span> <span class='ocrx_word' id='word_1_796' title='bbox 2736 4570 3082 4637; x_wconf 82' lang='lat' dir='ltr'><strong>signiﬁcavit,</strong></span> <span class='ocrx_word' id='word_1_797' title='bbox 3136 4583 3165 4623; x_wconf 89' lang='lat' dir='ltr'><strong>a</strong></span> <span class='ocrx_word' id='word_1_798' title='bbox 3208 4571 3401 4638; x_wconf 84' lang='lat' dir='ltr'><strong>quibus</strong></span> <span class='ocrx_word' id='word_1_799' title='bbox 3446 4587 3551 4624; x_wconf 92' lang='lat' dir='ltr'><strong>non</strong></span> 
     </span>
    </p>
   </div>
   <div class='ocr_carea' id='block_1_110' title="bbox 1982 4657 3553 4727">
    <p class='ocr_par' dir='ltr' id='par_1_110' title="bbox 1982 4657 3553 4727">
     <span class='ocr_line' id='line_1_110' title="bbox 1982 4657 3553 4727; baseline -0.003 -10"><span class='ocrx_word' id='word_1_800' title='bbox 1982 4663 2151 4718; x_wconf 82' lang='lat' dir='ltr'><strong>defuit</strong></span> <span class='ocrx_word' id='word_1_801' title='bbox 2194 4660 2394 4715; x_wconf 85' lang='lat' dir='ltr'><strong>veritas</strong></span> <span class='ocrx_word' id='word_1_802' title='bbox 2440 4659 2565 4724; x_wconf 87' lang='lat' dir='ltr'><strong>Dei;</strong></span> <span class='ocrx_word' id='word_1_803' title='bbox 2603 4658 2688 4713; x_wconf 86' lang='lat' dir='ltr'><strong>vel</strong></span> <span class='ocrx_word' id='word_1_804' title='bbox 2732 4658 2865 4711; x_wconf 90' lang='lat' dir='ltr'><strong>duas</strong></span> <span class='ocrx_word' id='word_1_805' title='bbox 2901 4657 3123 4726; x_wconf 75' lang='lat' dir='ltr'><strong>intelligi</strong></span> <span class='ocrx_word' id='word_1_806' title='bbox 3153 4660 3361 4727; x_wconf 87' lang='lat' dir='ltr'><strong>voluit,</strong></span> <span class='ocrx_word' id='word_1_807' title='bbox 3396 4675 3553 4712; x_wconf 88' lang='lat' dir='ltr'><strong>unam</strong></span> 
     </span>
    </p>
   </div>
   <div class='ocr_carea' id='block_1_111' title="bbox 1983 4748 3555 4819">
    <p class='ocr_par' dir='ltr' id='par_1_111' title="bbox 1983 4748 3555 4819">
     <span class='ocr_line' id='line_1_111' title="bbox 1983 4748 3555 4819; baseline -0.006 -10"><span class='ocrx_word' id='word_1_808' title='bbox 1983 4755 2189 4814; x_wconf 87' lang='lat' dir='ltr'><strong>scilicet</strong></span> <span class='ocrx_word' id='word_1_809' title='bbox 2236 4750 2305 4805; x_wconf 92' lang='lat' dir='ltr'><strong>ad</strong></span> <span class='ocrx_word' id='word_1_810' title='bbox 2352 4749 2522 4819; x_wconf 86' lang='lat' dir='ltr'><strong>legem</strong></span> <span class='ocrx_word' id='word_1_811' title='bbox 2574 4756 2630 4803; x_wconf 93' lang='lat' dir='ltr'><strong>et</strong></span> <span class='ocrx_word' id='word_1_812' title='bbox 2673 4748 2985 4817; x_wconf 83' lang='lat' dir='ltr'><strong>prOphetas;</strong></span> <span class='ocrx_word' id='word_1_813' title='bbox 3032 4750 3254 4804; x_wconf 88' lang='lat' dir='ltr'><strong>alteram</strong></span> <span class='ocrx_word' id='word_1_814' title='bbox 3302 4764 3430 4803; x_wconf 80' lang='lat' dir='ltr'><strong>vero</strong></span> <span class='ocrx_word' id='word_1_815' title='bbox 3489 4750 3555 4801; x_wconf 85' lang='lat' dir='ltr'><strong>ad</strong></span> 
     </span>
    </p>
   </div>
   <div class='ocr_carea' id='block_1_112' title="bbox 2056 4907 3555 4979">
    <p class='ocr_par' dir='ltr' id='par_1_112' title="bbox 2056 4907 3555 4979">
     <span class='ocr_line' id='line_1_112' title="bbox 2056 4907 3555 4979; baseline -0.005 -11"><span class='ocrx_word' id='word_1_816' title='bbox 2056 4928 2075 4954; x_wconf 77' lang='grc' dir='ltr'>ε</span> <span class='ocrx_word' id='word_1_817' title='bbox 2120 4915 2175 4968; x_wconf 85' lang='grc' dir='ltr'><strong>1η</strong></span> <span class='ocrx_word' id='word_1_818' title='bbox 2222 4910 2499 4978; x_wconf 81' lang='lat' dir='ltr'><strong>Augustini</strong></span> <span class='ocrx_word' id='word_1_819' title='bbox 2525 4923 2687 4978; x_wconf 85' lang='lat' dir='ltr'><strong>opere</strong></span> <span class='ocrx_word' id='word_1_820' title='bbox 2716 4908 2965 4975; x_wconf 84' lang='lat' dir='ltr'><strong>habetur,</strong></span> <span class='ocrx_word' id='word_1_821' title='bbox 2996 4926 3085 4979; x_wconf 88' lang='lat' dir='ltr'><strong>per</strong></span> <span class='ocrx_word' id='word_1_822' title='bbox 3118 4907 3405 4961; x_wconf 74' lang='lat' dir='ltr'><strong>Dominictz</strong></span> <span class='ocrx_word' id='word_1_823' title='bbox 3437 4923 3555 4960; x_wconf 88' lang='lat' dir='ltr'><strong>ora-</strong></span> 
     </span>
    </p>
   </div>
   <div class='ocr_carea' id='block_1_113' title="bbox 1980 4984 2412 5048">
    <p class='ocr_par' dir='ltr' id='par_1_113' title="bbox 1980 4984 2412 5048">
     <span class='ocr_line' id='line_1_113' title="bbox 1980 4984 2412 5048; baseline -0.025 -7"><span class='ocrx_word' id='word_1_824' title='bbox 1980 4987 2132 5041; x_wconf 86' lang='lat' dir='ltr'><strong>tionis</strong></span> <span class='ocrx_word' id='word_1_825' title='bbox 2161 4984 2412 5048; x_wconf 74' lang='lat' dir='ltr'><strong>c/fectum.</strong></span> 
     </span>
    </p>
   </div>
   <div class='ocr_carea' id='block_1_114' title="bbox 2049 5047 3553 5117">
    <p class='ocr_par' dir='ltr' id='par_1_114' title="bbox 2049 5047 3553 5117">
     <span class='ocr_line' id='line_1_114' title="bbox 2049 5047 3553 5117; baseline -0.006 -9"><span class='ocrx_word' id='word_1_826' title='bbox 2049 5055 2076 5094; x_wconf 77' lang='grc' dir='ltr'>ά</span> <span class='ocrx_word' id='word_1_827' title='bbox 2118 5047 2396 5107; x_wconf 78' lang='lat' dir='ltr'><strong>Edit&#39;toncs</strong></span> <span class='ocrx_word' id='word_1_828' title='bbox 2424 5059 2622 5103; x_wconf 68' lang='lat' dir='ltr'><strong>noswm</strong></span> <span class='ocrx_word' id='word_1_829' title='bbox 2663 5063 2763 5117; x_wconf 89' lang='lat' dir='ltr'><strong>pro</strong></span> <span class='ocrx_word' id='word_1_830' title='bbox 2813 5048 3044 5103; x_wconf 89' lang='lat' dir='ltr'><strong>lectione</strong></span> <span class='ocrx_word' id='word_1_831' title='bbox 3083 5048 3290 5101; x_wconf 86' lang='lat' dir='ltr'><strong>diversa</strong></span> <span class='ocrx_word' id='word_1_832' title='bbox 3323 5047 3377 5100; x_wconf 94' lang='lat' dir='ltr'><strong>in</strong></span> <span class='ocrx_word' id='word_1_833' title='bbox 3408 5060 3553 5100; x_wconf 85' lang='lat' dir='ltr'><strong>mar-</strong></span> 
     </span>
    </p>
   </div>
   <div class='ocr_carea' id='block_1_115' title="bbox 2015 5117 3556 5189">
    <p class='ocr_par' dir='ltr' id='par_1_115' title="bbox 2015 5117 3556 5189">
     <span class='ocr_line' id='line_1_115' title="bbox 2015 5117 3556 5189; baseline -0.007 -9"><span class='ocrx_word' id='word_1_834' title='bbox 2015 5127 2106 5180; x_wconf 92' lang='lat' dir='ltr'><strong>ine</strong></span> <span class='ocrx_word' id='word_1_835' title='bbox 2153 5131 2373 5183; x_wconf 82' lang='lat' dir='ltr'><strong>nutaut,</strong></span> <span class='ocrx_word' id='word_1_836' title='bbox 2404 5119 2795 5189; x_wconf 84' lang='lat' dir='ltr'><strong>supersperavi,</strong></span> <span class='ocrx_word' id='word_1_837' title='bbox 2845 5120 2986 5188; x_wconf 86' lang='lat' dir='ltr'><strong>quod</strong></span> <span class='ocrx_word' id='word_1_838' title='bbox 3029 5120 3187 5171; x_wconf 86' lang='lat' dir='ltr'><strong>habet</strong></span> <span class='ocrx_word' id='word_1_839' title='bbox 3228 5118 3285 5172; x_wconf 92' lang='lat' dir='ltr'><strong>S.</strong></span> <span class='ocrx_word' id='word_1_840' title='bbox 3319 5117 3556 5189; x_wconf 89' lang='lat' dir='ltr'><strong>Prosper</strong></span> 
     </span>
    </p>
   </div>
   <div class='ocr_carea' id='block_1_116' title="bbox 1979 5188 3554 5257">
    <p class='ocr_par' dir='ltr' id='par_1_116' title="bbox 1979 5188 3554 5257">
     <span class='ocr_line' id='line_1_116' title="bbox 1979 5188 3554 5257; baseline -0.01 -6"><span class='ocrx_word' id='word_1_841' title='bbox 1979 5188 2137 5253; x_wconf 69' lang='lat' dir='ltr'><strong>intra.</strong></span> <span class='ocrx_word' id='word_1_842' title='bbox 2170 5200 2228 5245; x_wconf 92' lang='lat' dir='ltr'><strong>ut</strong></span> <span class='ocrx_word' id='word_1_843' title='bbox 2260 5188 2480 5253; x_wconf 77' lang='lat' dir='ltr'><strong>Vulgata</strong></span> <span class='ocrx_word' id='word_1_844' title='bbox 2524 5188 2742 5255; x_wconf 81' lang='lat' dir='ltr'><strong>nustra;</strong></span> <span class='ocrx_word' id='word_1_845' title='bbox 2775 5198 2864 5252; x_wconf 90' lang='lat' dir='ltr'><strong>et,</strong></span> <span class='ocrx_word' id='word_1_846' title='bbox 2910 5190 2988 5243; x_wconf 87' lang='lat' dir='ltr'><strong>ait</strong></span> <span class='ocrx_word' id='word_1_847' title='bbox 3022 5189 3368 5257; x_wconf 84' lang='lat' dir='ltr'><strong>Augustinus,</strong></span> <span class='ocrx_word' id='word_1_848' title='bbox 3402 5188 3554 5257; x_wconf 86' lang='lat' dir='ltr'><strong>etiam</strong></span> 
     </span>
    </p>
   </div>
   <div class='ocr_carea' id='block_1_117' title="bbox 1979 5256 3553 5330">
    <p class='ocr_par' dir='ltr' id='par_1_117' title="bbox 1979 5256 3553 5330">
     <span class='ocr_line' id='line_1_117' title="bbox 1979 5256 3553 5330; baseline -0.008 -12"><span class='ocrx_word' id='word_1_849' title='bbox 1979 5266 2062 5318; x_wconf 88' lang='lat' dir='ltr'><strong>ltic</strong></span> <span class='ocrx_word' id='word_1_850' title='bbox 2090 5262 2297 5318; x_wconf 69' lang='lat' dir='ltr'><strong>Graecus</strong></span> <span class='ocrx_word' id='word_1_851' title='bbox 2330 5259 2460 5312; x_wconf 89' lang='lat' dir='ltr'><strong>illud</strong></span> <span class='ocrx_word' id='word_1_852' title='bbox 2491 5260 2693 5312; x_wconf 74' lang='lat' dir='ltr'><strong>verbum</strong></span> <span class='ocrx_word' id='word_1_853' title='bbox 2725 5260 3023 5330; x_wconf 74' lang='grc' dir='ltr'><strong>(ἐπήλπισα)</strong></span> <span class='ocrx_word' id='word_1_854' title='bbox 3054 5256 3240 5310; x_wconf 83' lang='lat' dir='ltr'><strong>habet:</strong></span> <span class='ocrx_word' id='word_1_855' title='bbox 3270 5256 3405 5320; x_wconf 85' lang='lat' dir='ltr'><strong>quod</strong></span> <span class='ocrx_word' id='word_1_856' title='bbox 3434 5256 3553 5330; x_wconf 90' lang='lat' dir='ltr'><strong>qui-</strong></span> 
     </span>
    </p>
   </div>
   <div class='ocr_carea' id='block_1_118' title="bbox 1981 5328 3551 5397">
    <p class='ocr_par' dir='ltr' id='par_1_118' title="bbox 1981 5328 3551 5397">
     <span class='ocr_line' id='line_1_118' title="bbox 1981 5328 3551 5397; baseline -0.008 -10"><span class='ocrx_word' id='word_1_857' title='bbox 1981 5338 2100 5388; x_wconf 90' lang='lat' dir='ltr'><strong>dam</strong></span> <span class='ocrx_word' id='word_1_858' title='bbox 2141 5332 2301 5386; x_wconf 87' lang='lat' dir='ltr'><strong>nostri</strong></span> <span class='ocrx_word' id='word_1_859' title='bbox 2330 5332 2624 5397; x_wconf 84' lang='lat' dir='ltr'><strong>interpretes</strong></span> <span class='ocrx_word' id='word_1_860' title='bbox 2652 5328 3023 5397; x_wconf 84' lang='lat' dir='ltr'><strong>supersperavi</strong></span> <span class='ocrx_word' id='word_1_861' title='bbox 3050 5330 3325 5395; x_wconf 81' lang='lat' dir='ltr'><strong>transferre</strong></span> <span class='ocrx_word' id='word_1_862' title='bbox 3354 5328 3551 5397; x_wconf 33' lang='lat' dir='ltr'><strong>mutue:</strong></span> 
     </span>
    </p>
   </div>
   <div class='ocr_carea' id='block_1_119' title="bbox 1978 5394 3553 5471">
    <p class='ocr_par' dir='ltr' id='par_1_119' title="bbox 1978 5394 3553 5471">
     <span class='ocr_line' id='line_1_119' title="bbox 1978 5394 3553 5471; baseline -0.006 -15"><span class='ocrx_word' id='word_1_863' title='bbox 1978 5415 2100 5457; x_wconf 88' lang='lat' dir='ltr'><strong>runt</strong></span> <span class='ocrx_word' id='word_1_864' title='bbox 2126 5443 2139 5465; x_wconf 86' lang='lat'><strong>,</strong></span> <span class='ocrx_word' id='word_1_865' title='bbox 2186 5404 2305 5471; x_wconf 91' lang='lat' dir='ltr'><strong>quia</strong></span> <span class='ocrx_word' id='word_1_866' title='bbox 2337 5394 2516 5471; x_wconf 82' lang='lat' dir='ltr'><strong>procul</strong></span> <span class='ocrx_word' id='word_1_867' title='bbox 2546 5398 2699 5452; x_wconf 86' lang='lat' dir='ltr'><strong>dubio</strong></span> <span class='ocrx_word' id='word_1_868' title='bbox 2720 5394 3098 5468; x_wconf 79' lang='lat' dir='ltr'><strong>plusfuturum</strong></span> <span class='ocrx_word' id='word_1_869' title='bbox 3125 5394 3201 5450; x_wconf 85' lang='lat' dir='ltr'><strong>est</strong></span> <span class='ocrx_word' id='word_1_870' title='bbox 3224 5436 3239 5462; x_wconf 92' lang='lat'><strong>,</strong></span> <span class='ocrx_word' id='word_1_871' title='bbox 3268 5412 3418 5465; x_wconf 90' lang='lat' dir='ltr'><strong>quam</strong></span> <span class='ocrx_word' id='word_1_872' title='bbox 3449 5394 3553 5447; x_wconf 90' lang='lat' dir='ltr'><strong>dici</strong></span> 
     </span>
    </p>
   </div>
   <div class='ocr_carea' id='block_1_120' title="bbox 1981 5482 2170 5545">
    <p class='ocr_par' dir='ltr' id='par_1_120' title="bbox 1981 5482 2170 5545">
     <span class='ocr_line' id='line_1_120' title="bbox 1981 5482 2170 5545; baseline -0.021 -18"><span class='ocrx_word' id='word_1_873' title='bbox 1981 5482 2170 5545; x_wconf 61' lang='lat' dir='ltr'><strong>potest.</strong></span> 
     </span>
    </p>
   </div>
   <div class='ocr_carea' id='block_1_121' title="bbox 2056 5538 2639 5605">
    <p class='ocr_par' dir='ltr' id='par_1_121' title="bbox 2056 5538 2639 5605">
     <span class='ocr_line' id='line_1_121' title="bbox 2056 5538 2639 5605; baseline -0.009 -10"><span class='ocrx_word' id='word_1_874' title='bbox 2056 5553 2079 5581; x_wconf 73' lang='grc' dir='ltr'><strong>ο</strong></span> <span class='ocrx_word' id='word_1_875' title='bbox 2121 5542 2303 5605; x_wconf 85' lang='lat' dir='ltr'><strong>Forte,</strong></span> <span class='ocrx_word' id='word_1_876' title='bbox 2334 5555 2367 5591; x_wconf 91' lang='lat' dir='ltr'><strong>a</strong></span> <span class='ocrx_word' id='word_1_877' title='bbox 2399 5538 2639 5591; x_wconf 83' lang='lat' dir='ltr'><strong>Domino.</strong></span> 
     </span>
    </p>
   </div>
   <div class='ocr_carea' id='block_1_122' title="bbox 2059 5604 3553 5678">
    <p class='ocr_par' dir='ltr' id='par_1_122' title="bbox 2059 5604 3553 5678">
     <span class='ocr_line' id='line_1_122' title="bbox 2059 5604 3553 5678; baseline -0.008 -11"><span class='ocrx_word' id='word_1_878' title='bbox 2059 5610 2078 5650; x_wconf 71' lang='grc' dir='ltr'><em>τ</em></span> <span class='ocrx_word' id='word_1_879' title='bbox 2124 5604 2298 5666; x_wconf 84' lang='lat' dir='ltr'><strong>Editio</strong></span> <span class='ocrx_word' id='word_1_880' title='bbox 2324 5608 2589 5678; x_wconf 86' lang='lat' dir='ltr'><strong>Lugduu.,</strong></span> <span class='ocrx_word' id='word_1_881' title='bbox 2620 5604 2943 5659; x_wconf 74' lang='lat' dir='ltr'><strong>delectabile:</strong></span> <span class='ocrx_word' id='word_1_882' title='bbox 2963 5647 2975 5670; x_wconf 93' lang='lat'><strong>,</strong></span> <span class='ocrx_word' id='word_1_883' title='bbox 3008 5604 3195 5675; x_wconf 82' lang='lat' dir='ltr'><strong>eloquii</strong></span> <span class='ocrx_word' id='word_1_884' title='bbox 3219 5612 3326 5658; x_wconf 77' lang='lat' dir='ltr'><strong>arte</strong></span> <span class='ocrx_word' id='word_1_885' title='bbox 3348 5620 3553 5676; x_wconf 78' lang='lat' dir='ltr'><strong>compo-</strong></span> 
     </span>
    </p>
   </div>
   <div class='ocr_carea' id='block_1_123' title="bbox 1981 5683 2126 5739">
    <p class='ocr_par' dir='ltr' id='par_1_123' title="bbox 1981 5683 2126 5739">
     <span class='ocr_line' id='line_1_123' title="bbox 1981 5683 2126 5739; baseline 0.007 -3"><span class='ocrx_word' id='word_1_886' title='bbox 1981 5683 2126 5739; x_wconf 84' lang='lat' dir='ltr'><strong>sitas.</strong></span> 
     </span>
    </p>
   </div>
  </div>
