4026 6176
432 195 535 255 Silii

1670 192 1725 249 S.
1769 184 2102 246 PRUSPERI
2143 187 2465 254 AQUITANI

3594 188 3696 246 ὁδὶ

434 311 784 383 Evangelium
810 310 1194 381 pertinentem,
1221 322 1389 375 supra
1418 306 1827 360 fundamentum
1860 313 2019 356 aeter-
2048 301 2091 357 Α
2122 302 2337 355 doctum
2369 302 2667 370 esse,quod
2697 300 2956 371 genitum.
2992 301 3037 357 Α
3056 317 3163 372 quo
3190 304 3333 359 enim
3362 299 3414 358 ei
3443 312 3527 358 est
3554 317 3693 375 esse,

433 421 588 471 num,
616 404 758 473 quod
782 409 869 458 est
892 399 1143 456 Christus
1175 399 1217 470 (1
1248 395 1367 453 Cor.
1401 414 1482 467 ut,
1507 399 1630 466 it):
1658 405 1712 451 et
1736 405 1880 450 terra
1902 393 2019 447 haec

433 503 748 567 permanet,
779 507 900 562 qua:
927 491 1017 545 tali
1050 490 1400 545 fundamento
1427 488 1768 545 c0nstabilita
1806 500 1912 540 non
1940 485 2022 540 in-

435 589 666 643 clinatur
694 586 747 639 in
777 585 1030 638 saeculum
1054 583 1241 637 saeculi
1273 581 1445 652 (Psal.
1482 595 1595 645 cnt,
1625 580 1703 649 5).

507 678 688 751 (Vers.
721 676 837 747 91.)
893 674 1231 729 Ordinatione
1272 683 1361 727 tua
1402 682 1685 743 perseverat
1715 671 1843 739 dies,
1890 684 2021 738 quo-

435 770 574 824 niam
603 770 775 823 omnia
800 770 1022 821 serviunt
1051 767 1141 819 tibi
1194 766 1385 819 Omnia
1409 807 1424 831 ,
1452 764 1691 829 scilicet,
1732 764 1801 818 de
1829 763 2025 833 quibus

435 860 775 929 loquebatur,
808 870 861 912 et
889 873 1010 928 qum
1042 858 1107 910 ad
1136 866 1399 911 aeternum
1432 856 1697 925 pertinent
1721 854 1887 908 diem.

506 950 687 1022 (γεγε.
718 949 834 1019 92.)
868 948 987 1003 Nisi
1012 950 1132 1016 quia
1159 947 1243 1002 lex
1262 956 1351 1001 tua
1378 948 1635 1001 meditatio
1657 962 1768 1001 mea
1787 956 1882 1009 est,
1916 948 2024 1015 for-

438 1048 574 1098 sitan
613 1044 860 1113 perissem
899 1043 954 1095 in
989 1042 1277 1095 humilitate
1311 1056 1443 1094 mea.
1498 1040 1603 1094 Lex
1632 1039 1752 1104 ista,
1789 1038 1910 1092 ﬁdei
1940 1045 2026 1092 est

444 1151 566 1207 qua:
597 1150 690 1204 per
721 1133 1065 1189 dilectionem
1097 1141 1354 1199 cperatur
1374 1130 1517 1201 (Gal.
1547 1146 1603 1196 v,
1632 1129 1688 1199 6)
1714 1146 1729 1194 ;
1780 1130 1833 1183 in
1871 1127 2025 1196 cujus

442 1225 792 1280 meditatione
836 1238 1164 1295 permanens
1188 1266 1203 1290 ,
1236 1222 1494 1277 auxilium
1526 1221 1713 1291 gratiae
1751 1234 2027 1290 promere-

439 1328 545 1383 tur,
569 1326 627 1370 ut
655 1318 706 1369 in
740 1315 1149 1369 tribulationum
1180 1314 1488 1369 humilitate
1518 1328 1623 1367 non
1653 1320 1857 1381 pereat.

511 1410 692 1481 (Vers.
722 1409 837 1481 95.)
871 1408 935 1463 In
963 1420 1207 1464 aeternum
1259 1425 1360 1463 non
1392 1408 1666 1462 obliviscar
1694 1405 2028 1478 justiﬁcatio-

440 1517 564 1554 num
610 1511 849 1554 tuarum:
880 1501 1117 1569 quoniam
1167 1501 1220 1554 in
1267 1499 1394 1569 ipsis
1435 1498 1699 1568 viviﬁcasti
1736 1512 1833 1550 me.
1884 1494 2027 1550 Ecce

442 1592 587 1647 unde
614 1590 812 1647 factum
840 1601 960 1659 est,
1011 1602 1068 1645 ut
1097 1606 1201 1645 non
1237 1591 1438 1661 periret
1470 1592 1523 1644 in
1561 1589 1863 1644 humilitate
1889 1601 1984 1642 sua
2011 1602 2025 1640 :

442 1684 693 1753 quoniam
729 1684 869 1738 unde
899 1692 982 1739 est
1007 1683 1368 1752 iustiﬁcatus,
1411 1682 1534 1737 inde
1560 1691 1644 1736 est
1669 1680 1989 1735 vivilicatus.

466 1836 475 1847 .
516 1772 697 1843 (νει-ε.
728 1774 844 1843 94.)
871 1772 1014 1827 Tuus
1044 1789 1155 1827 sum
1185 1789 1298 1843 ego,
1329 1772 1525 1827 salvum
1547 1788 1625 1825 me
1644 1772 1745 1841 fac,
1781 1770 2029 1833 Domine;

444 1869 685 1934 quoniam
706 1867 1105 1937 justiﬁcationes
1130 1877 1245 1921 tuas
1275 1867 1545 1936 exquisivi.
1583 1865 1698 1919 Non
1728 1864 2030 1918 voluntates

446 1972 595 2012 meas
623 1957 919 2027 exquisivi,
962 1958 1161 2026 quibus
1190 1957 1261 2011 lui
1292 1971 1479 2022 meus;
1508 1955 1602 2011 sed
1628 1953 2032 2027 justiﬁcationcs

447 2055 584 2111 tuas,
616 2055 676 2101 ut
697 2061 874 2102 essem
901 2049 1013 2115 jam
1042 2054 1184 2101 tuus.

524 2138 704 2208 (νει-ε.
733 2137 848 2208 95.)
883 2137 969 2191 Me
997 2144 1417 2207 exspectaverunt
1447 2144 1733 2207 peccatores
1757 2176 1773 2201 ,
1822 2144 1879 2191 ut
1918 2150 2034 2206 per-

448 2228 626 2283 derent
663 2245 785 2296 me;
814 2230 1103 2283 testimonia
1135 2239 1223 2283 tua
1255 2230 1499 2283 intellexi.
1534 2237 1562 2266 ι
1598 2229 1713 2283 Νοιι
1748 2229 1834 2283 hic
1861 2238 2035 2282 morte

450 2320 699 2390 corporis
726 2323 902 2391 perire
928 2321 1224 2387 metuebat,
1244 2336 1365 2391 quae
1393 2331 1508 2375 erat
1537 2335 1634 2389 pro
1656 2321 1881 2375 veritate
1908 2320 2033 2374 sub.

450 2411 649 2467 eunda.
702 2413 1099 2485 Exspectabam
1139 2430 1269 2485 ergo
1307 2425 1651 2484 peccatores,
1679 2424 1736 2469 ut
1780 2415 1858 2470 eis
1900 2428 2035 2469 con-

452 2504 680 2559 sentiret
725 2504 792 2559 ad
837 2507 1015 2559 mala:
1046 2515 1174 2562 tunc
1216 2508 1359 2563 enim
1410 2522 1531 2562 eum
1578 2506 1883 2575 perderent.
1925 2505 2035 2562 Sed

454 2594 576 2650 ideo
618 2612 724 2650 non
772 2598 1189 2666 prmvaluerunt,
1219 2598 1343 2667 quia
1382 2599 1688 2652 testimonia
1740 2598 1837 2652 Dei
1874 2598 2037 2652 intel-

454 2686 607 2753 lexit,
631 2688 683 2742 id
707 2698 811 2755 est,
839 2692 959 2759 quia
986 2691 1268 2745 veritatem
1290 2690 1801 2757 conﬁtens,etiamsi
1825 2688 1850 2727 ιι
1871 2703 2034 2760 ορρε-

455 2784 616 2843 teret,
648 2794 752 2834 non
783 2781 1003 2847 periret.

529 2869 711 2940 (Vers.
744 2870 861 2940 96.)
912 2868 1091 2930 Omnis
1136 2873 1585 2926 consummationis
1611 2872 1715 2925 vidi
1740 2871 1926 2942 ﬁnem,
1960 2872 2039 2925 la-

461 2967 569 3013 tum
598 2960 899 3014 mandatum
927 2971 1072 3016 tuum
1098 2961 1265 3017 valde.
1297 2962 1398 3029 Qui
1422 2962 1685 3017 intellexit
1710 2963 2033 3029 testimonia,
2064 2998 2110 3062 ρ

452 3059 509 3105 ει
554 3049 705 3106 scivit
746 3051 851 3105 sibi
886 3067 1057 3121 usque
1087 3052 1155 3106 ad
1192 3060 1421 3107 mortem
1452 3068 1546 3121 pro
1573 3054 1800 3108 veritate
1827 3062 2039 3107 certan-

454 3136 585 3194 dum
612 3179 629 3207 ,
672 3157 780 3195 non
828 3141 1093 3211 ignoravit
1140 3157 1356 3198 omnem
1407 3145 1605 3197 exitum
1639 3144 1848 3214 piorum
1882 3159 2039 3211 quam

455 3226 647 3283 beatus
688 3229 810 3285 ﬁnis
850 3233 1160 3301 exceperit.
1205 3232 1513 3288 Mandatum
1547 3245 1726 3287 autem
1761 3232 1852 3287 Dei
1888 3234 2040 3288 valde

458 3318 657 3384 latum,
689 3320 925 3376 eharitas
961 3323 1302 3393 intelligenda
1334 3332 1443 3391 est,
1483 3339 1587 3394 qua
1615 3325 1759 3393 diligi
1794 3325 1933 3379 Deus
1956 3326 2042 3394 ju-

457 3410 618 3465 betur
646 3421 699 3466 et
722 3412 1023 3482 proximus,
1050 3429 1156 3483 quo
1176 3414 1305 3483 quid
1336 3429 1458 3469 esse
1488 3414 1646 3479 latius
1677 3423 1877 3484 potest,
1914 3431 2039 3471 cum

456 3502 531 3557 ibi
560 3503 792 3573 pendeat
819 3515 928 3560 tcta
956 3505 1042 3560 lex
1073 3514 1128 3562 et
1156 3506 1437 3576 propheta
1460 3506 1675 3579 (Matth.
1701 3523 1837 3574 xxtt,
1868 3508 1983 3580 40).

528 3684 708 3757 (Vers.
742 3686 858 3755 97.)
893 3686 1160 3751 Quomodo
1191 3686 1350 3740 dilexi
1378 3688 1540 3760 legem
1568 3698 1710 3743 tuam
1731 3731 1745 3757 ,
1778 3688 1998 3744 Domine
2017 3692 2043 3746 7

457 3781 561 3828 tota
575 3774 656 3829 die
667 3775 928 3831 meditatio
942 3794 1052 3831 mea
1064 3787 1157 3833 est.
1171 3777 1333 3850 452
1346 3778 1455 3845 Sic,
1473 3780 1666 3851 inquit,
1684 3781 1850 3837 dilexi
1865 3783 2039 3853 legem

456 3865 582 3920 ﬁdei
636 3883 756 3937 quae
798 3883 896 3938 per
941 3869 1284 3925 dilectionem
1324 3882 1581 3941 operatur
1623 3872 1764 3944 (Gal.
1794 3891 1843 3941 v,
1870 3874 1951 3945 6),
1984 3885 2042 3932 ut

455 3966 567 4013 tota
600 3958 710 4023 die,
736 3959 790 4012 id
813 3969 917 4029 est,
953 3962 1100 4016 omni
1135 3971 1398 4031 tempore,
1432 3963 1710 4018 meditatio
1738 3982 1856 4020 mea
1885 3967 1974 4021 sit.

530 4050 712 4117 (Vers.
740 4050 858 4120 98.)
908 4053 1077 4120 Super
1116 4055 1349 4109 inimicos
1391 4072 1530 4110 meos
1562 4073 1739 4128 sapere
1768 4076 1847 4114 me
1873 4061 2041 4131 fecisti

458 4142 703 4195 mandato
726 4153 834 4209 tuo,
864 4146 1104 4213 quoniam
1135 4147 1187 4198 in
1216 4158 1458 4201 teternum
1490 4148 1617 4200 mihi
1639 4157 1733 4202 est.
1783 4148 1936 4206 Finis
1964 4152 2041 4208 le-

457 4231 536 4301 gis
562 4229 791 4286 Christus
833 4244 913 4288 est
962 4236 1030 4289 ad
1058 4236 1318 4308 justitiam
1347 4239 1487 4291 omni
1516 4238 1737 4294 credenti
1769 4241 1945 4314 (Rom.
1980 4260 2034 4314 x,

457 4320 540 4393 4),
592 4332 660 4427 ut‘
690 4322 1016 4393 jusﬁﬁcetur
1051 4325 1219 4395 gratis
1250 4342 1343 4396 per
1371 4329 1598 4396 gratiam
1645 4332 1808 4399 ipsius
1856 4333 2032 4405 (Rom.
2064 4367 2113 4427 Β

461 4427 543 4477 ιιι,
571 4412 685 4485 24),
720 4415 772 4469 in
801 4431 960 4485 quem
990 4417 1193 4472 inimici
1226 4418 1384 4488 hujus
1413 4436 1519 4476 non
1547 4425 1911 4479 crediderunt.
1941 4426 2038 4481 Hic

457 4512 638 4557 autem
665 4505 757 4574 qui
781 4504 1045 4573 justitiam
1080 4524 1191 4562 non
1219 4524 1369 4563 suam
1400 4514 1670 4580 quaesivit,
1698 4514 1790 4569 sed
1821 4530 1942 4583 quas
1970 4532 2037 4571 ex

457 4593 570 4648 Deo
597 4605 718 4661 est,
760 4612 918 4665 quem
948 4614 1109 4668 supra
1139 4600 1386 4656 inimicos
1419 4618 1545 4659 suos
1571 4620 1761 4675 sapere
1787 4605 1932 4660 Deus
1960 4606 2039 4662 fe.

456 4685 548 4752 cit,
578 4685 749 4756 ipsum
774 4689 1084 4745 mandatum
1114 4693 1215 4747 sibi
1245 4696 1448 4749 invenit
1478 4696 1530 4750 in
1570 4708 1830 4752 aeternum
1858 4714 1874 4752 :
1903 4715 2037 4770 quo-

456 4776 600 4829 niam
633 4791 741 4831 non
774 4779 1095 4848 temporalia
1126 4797 1222 4850 pro
1250 4798 1316 4839 eo
1345 4787 1567 4855 prtemia
1592 4787 1919 4858 concupivit.
1951 4791 2033 4847 οι.

455 4868 668 4935 ligentis
698 4870 844 4923 enim
870 4874 1234 4927 remuneratio
1264 4884 1347 4929 est
1372 4878 1484 4945 ipse
1508 4878 1762 4939 dilectus.

525 4959 705 5032 (Vers.
723 4961 839 5033 99.)
855 4961 1023 5033 Super
1035 4979 1207 5018 omnes
1233 4966 1466 5021 docentes
1492 4983 1573 5022 me
1597 4969 1843 5025 intellexi.
1862 4970 2036 5041 Super

452 5066 644 5107 omnes
682 5052 933 5110 doctores
954 5054 1243 5121 intellexit,
1266 5072 1423 5127 quem
1445 5058 1603 5115 Pater
1639 5060 1825 5116 docuit
1854 5064 2033 5131 (Joan.

456 5161 531 5210 γι,
545 5146 657 5214 45).
670 5147 825 5213 Quod
839 5163 905 5202 ex
920 5151 1321 5217 personaVerbi
1338 5152 1557 5208 diﬁicile
1572 5154 1917 5227 intelligitur,
1933 5161 2040 5216 nisi

457 5236 582 5307 quis
599 5247 900 5309 utcumque
926 5255 1124 5312 capere
1146 5242 1344 5308 valeat,
1367 5243 1422 5299 id
1441 5260 1584 5313 esse,
1608 5247 1806 5302 Filium
1826 5264 1858 5304 a
1880 5250 2041 5308 Patre

527 5405 552 5434 ι
589 5395 765 5468 Duae_._
786 5402 842 5451 et
863 5393 1054 5468 Colon.
1080 5434 1099 5465 ,
1145 5394 1270 5450 Non
1300 5396 1413 5451 hoc.
1462 5396 1653 5451 Melius
1691 5397 1938 5468 Lugdun.
1969 5408 2026 5455 et

449 5463 679 5530 Lovan.,
712 5464 834 5519 Non
865 5465 971 5519 hic.

523 5534 551 5572 δ
589 5534 667 5589 Ita
693 5536 857 5610 editio
884 5534 1258 5604 Lugdunensis
1277 5534 1489 5591 cteteris
1508 5535 1798 5610 antiquior,
1828 5548 1881 5593 et
1909 5542 2027 5610 qui-

452 5602 577 5661 dem
621 5604 829 5661 meliori
860 5602 1019 5660 sensu
1045 5646 1061 5672 ,
1087 5602 1243 5673 quam
1274 5622 1334 5662 ea
1364 5602 1687 5678 posteriores
1710 5650 1723 5677 ,
1753 5602 2026 5678 Oporteret;

2121 393 2189 447 ab
2211 393 2327 461 ipso
2351 400 2407 447 et
2434 392 2591 446 simul
2612 391 2828 447 doctum
2850 407 2991 448 esse.
3019 392 3098 448 Ex
3121 407 3351 463 persona
3374 407 3508 449 vero
3533 393 3701 450 homi-

2124 482 2231 549 nis,
2255 482 2349 538 ubi
2375 481 2601 537 formam
2643 483 2786 537 servi
2807 483 3015 553 accepit
3041 524 3057 549 ,
3093 482 3299 538 facilius
3322 484 3641 554 intelligitur
3669 502 3698 539 a

2124 577 2283 632 Patre
2304 576 2558 632 didicisse
2576 591 2697 647 quae
2716 576 2870 631 dixit.
2897 576 2954 631 ln
2978 591 3083 647 qua
3103 575 3273 632 forma
3303 592 3525 646 puerum
3558 588 3699 647 puta.

2123 676 2318 722 verunt
2340 668 2589 722 homines
2614 667 2832 737 majoris
2856 668 3033 722 aetatis
3052 666 3352 724 docendum
3368 667 3519 739 (Luc.
3536 670 3696 738 ψη,

2124 757 2277 829 ete.).
2310 758 2417 814 Sed
2447 759 2541 814 ille
2570 773 2730 829 quem
2757 758 2918 813 Pater
2943 757 3151 827 docuit,
3181 758 3455 814 ulterioris
3477 769 3595 816 erat
3624 762 3704 817 in-

2124 851 2469 920 telligentiae,
2495 866 2655 920 quam
2682 849 2959 905 docentes.
3011 849 3147 915 Quia
3173 851 3462 905 testimonia
3486 859 3578 907 tua
3599 868 3705 907 me-

2126 941 2307 994 ditatio
2339 957 2449 994 mea
2471 951 2567 996 est.
2624 940 2750 996 Ideo
2776 955 2940 1011 super
2964 955 3153 996 omnes
3179 941 3438 997 docentes
3461 957 3522 998 se
3547 943 3706 1001 intel-

2126 1033 2349 1104 ligebat,
2376 1033 2500 1102 quia
2532 1034 2839 1088 testimonia
2868 1032 2963 1088 Dei
2986 1033 3371 1101 meditabatur,
3400 1050 3522 1102 qua:
3549 1036 3620 1093 de
3647 1051 3707 1094 se

2127 1122 2477 1192 praenuntiata
2513 1124 2627 1192 ipse
2657 1122 2852 1178 melius
2881 1134 3126 1189 noverat,
3151 1132 3208 1178 et
3231 1124 3508 1194 implebat.

2199 1215 2383 1288 (Vers.
2414 1214 2563 1284 100.)
2611 1214 2784 1284 Super
2826 1230 2969 1269 senes
3008 1215 3239 1270 intellexi
3261 1256 3276 1283 ,
3308 1217 3430 1285 quia
3464 1218 3707 1272 mandata

2129 1319 2218 1363 tua
2246 1309 2508 1376 exquisivi.
2563 1307 2814 1363 Mandata
2841 1317 2929 1361 tua
2948 1349 2963 1374 ,
2996 1324 3102 1363 non
3144 1308 3396 1364 mandata
3423 1309 3706 1366 hominum

2129 1401 2174 1471 (1
2206 1400 2337 1455 Tim.
2366 1417 2406 1467 ι,
2436 1400 2492 1470 7)
2525 1416 2540 1466 ;
2569 1402 2812 1454 mandata
2841 1410 2958 1467 tua,
3005 1417 3110 1455 non
3138 1401 3385 1456 mandata
3411 1403 3706 1469 seniorum,

2130 1491 2221 1562 qui
2253 1492 2493 1547 volentes
2522 1507 2643 1548 esse
2664 1493 2798 1563 legis
2824 1494 3104 1557 doctores,
3144 1509 3253 1549 non
3287 1495 3595 1567 intelligunt
3619 1512 3711 1554 nc-

2132 1599 2236 1652 que
2261 1600 2379 1652 qua:
2402 1587 2605 1646 dicunt.
2640 1601 2814 1655 neque
2836 1586 2902 1640 de
2928 1586 3123 1655 quibus
3148 1585 3439 1641 afﬁrmant.

2204 1674 2383 1743 (Vers.
2419 1673 2573 1745 101.)
2641 1674 2717 1729 Ab
2760 1677 2899 1730 omni
2942 1677 3026 1730 via
3076 1678 3216 1731 mala
3262 1679 3500 1747 prohibui
3560 1679 3716 1749 pedes

2129 1758 2267 1820 meos
2290 1808 2305 1833 ,
2355 1777 2412 1820 ut
2455 1770 2741 1821 custodiam
2772 1768 2923 1822 verba
2954 1779 3060 1825 tua.
3108 1769 3470 1826 Membrorum
3497 1781 3584 1828 est
3610 1788 3715 1828 vox

2130 1856 2254 1926 ista,
2285 1873 2387 1912 non
2429 1859 2657 1927 capitis:
2703 1874 2809 1913 non
2839 1861 2982 1915 enim
3033 1859 3147 1930 ipse
3188 1860 3439 1917 Salvator
3466 1865 3717 1931 corporis

2132 1951 2301 2004 nostri
2330 1950 2454 2004 ullis
2480 1951 2933 2019 concupiscentiis
2963 1952 3297 2021 pulsabatur,
3329 1962 3385 2006 ut
3411 1952 3462 2007 ei
3493 1968 3717 2008 necesse

2133 2050 2281 2096 esset
2309 2042 2475 2112 pedes
2506 2057 2634 2097 suos
2664 2059 2690 2095 a
2723 2043 2804 2097 via
2838 2045 3085 2113 malignae
3113 2044 3418 2114 cupiditatis
3442 2045 3714 2103 inhibere.

2132 2131 2361 2187 Nostros
2383 2148 2511 2201 ergo
2536 2143 2734 2197 motus,
2768 2141 2987 2188 nostros
3014 2134 3232 2190 cohibet
3253 2136 3541 2205 appetitus,
3574 2145 3635 2192 ut
3661 2137 3717 2193 in

2134 2239 2296 2293 prava
2330 2225 2526 2278 itinera
2557 2226 2731 2279 noxiis
2758 2224 3046 2279 desideriis
3077 2240 3185 2279 non
3214 2226 3511 2283 trahamur.

2206 2313 2388 2385 (Vers.
2421 2313 2575 2384 102.)
2616 2316 2656 2367 Α
2674 2316 2892 2386 judiciis
2919 2317 3018 2369 tuis
3045 2332 3145 2370 non
3170 2316 3442 2381 declinavi,
3475 2317 3720 2387 quoniam

2135 2413 2192 2459 tu
2219 2406 2376 2476 legem
2404 2407 2619 2476 posuisti
2648 2407 2791 2461 mihi.
2828 2407 3263 2474 Perseveranter,
3289 2408 3480 2479 inquit,
3502 2409 3721 2478 judiciis

2138 2496 2247 2550 tuis
2276 2497 2505 2561 credidi,
2541 2498 2665 2568 quia
2712 2508 2768 2553 tu
2811 2498 2941 2553 mihi
2986 2500 3157 2569 legem
3196 2501 3247 2554 in
3277 2501 3439 2556 corde
3470 2500 3717 2569 posuisti,

2137 2599 2407 2657 tamquam
2434 2588 2602 2659 digito
2636 2599 2728 2644 tuo
2756 2592 3017 2656 scribens;
3046 2602 3102 2645 ut
3129 2606 3273 2657 eam,
3302 2607 3408 2645 non
3444 2600 3720 2661 tamquam

2137 2693 2327 2732 servus
2365 2680 2482 2734 sine
2521 2696 2707 2737 amore
2755 2690 3055 2737 metuerem
3080 2723 3097 2750 ,
3143 2682 3235 2738 sed
3268 2689 3542 2754 tamquam
3574 2680 3721 2739 ﬁlius

2137 2778 2288 2823 casto
2317 2770 2510 2824 timore
2536 2770 2836 2840 diligerem.

2211 2860 2566 2931 (Vers.105.)
2615 2862 2782 2927 Quam
2838 2864 3010 2918 dulcia
3063 2863 3299 2934 faucibus
3344 2865 3470 2918 meis
3511 2863 3723 2937 eloquia

2141 2960 2231 3004 tua
2252 2990 2270 3017 ,
2300 2967 2453 3024 super
2482 2953 2579 3007 mel
2607 2964 2655 3005 et
2685 2953 2859 3023 favum
2886 2956 2963 3007 ori
2986 2959 3128 3011 meo!
3162 2955 3289 3010 Hac
3313 2965 3397 3011 est
3422 2956 3513 3012 illa
3540 2959 3723 3013 suavi~

2143 3050 2223 3095 tas
2247 3057 2408 3110 quam
2445 3042 2700 3099 Dominus
2743 3045 2948 3111 donat,
2994 3056 3050 3099 ut
3097 3055 3243 3100 terra
3268 3057 3455 3102 nostra
3486 3048 3580 3103 det
3608 3049 3724 3105 fru-

2141 3143 2287 3189 ctum
2319 3148 2475 3189 suum
2510 3134 2749 3206 (Psalm.
2783 3153 3001 3205 Lxxxtv,
3033 3138 3146 3207 i3),
3173 3148 3229 3193 et
3275 3149 3333 3194 ut
3364 3141 3565 3196 bonum
3594 3157 3727 3198 vere

2143 3224 2305 3288 bene,
2335 3226 2386 3279 id
2412 3236 2516 3292 est,
2542 3241 2648 3281 non
2681 3228 2805 3281 mali
2836 3230 3071 3283 carnalis
3102 3229 3401 3285 formidine
3422 3270 3441 3298 ,
3474 3231 3569 3287 sed
3596 3231 3729 3287 boni

2141 3314 2405 3385 spiritalis
2430 3316 2787 3373 delectatione
2816 3319 3097 3375 faciamus.

2212 3404 2375 3479 453
2401 3407 2579 3477 (vers-
2610 3406 2760 3481 104.)
2786 3409 2829 3462 Α
2858 3411 3117 3466 mandatis
3144 3412 3244 3466 tuis
3271 3412 3522 3469 intellexi.
3552 3413 3732 3484 Spiri-

2143 3498 2326 3554 talium
2359 3500 2721 3555 membrorum
2763 3502 2967 3557 Christi
3006 3519 3111 3559 vox
3154 3507 3253 3559 ista
3299 3516 3403 3561 εει.
3432 3506 3547 3561 Ηοε
3572 3507 3728 3563 enim

2142 3602 2288 3646 recte
2333 3591 2464 3645 dicit
2510 3606 2709 3661 corpus
2752 3591 2954 3647 Christi
2990 3595 3044 3649 in
3087 3596 3195 3661 eis,
3224 3597 3419 3666 quibus
3460 3598 3724 3654 mandata

2142 3681 2501 3750 servantibus,
2532 3693 2755 3753 propter
2799 3685 2969 3753 ipsam
3005 3687 3306 3742 custodiam
3348 3688 3732 3744 mandatorum

2143 3774 2414 3841 praebetur
2435 3774 2653 3829 uberior
2679 3775 2926 3830 doctrina
2954 3777 3256 3847 sapientiae.
3286 3776 3569 3851 Propterea
3598 3778 3733 3833 odio

2141 3863 2297 3918 habui
2342 3882 2541 3919 omnem
2576 3868 2711 3920 viam
2749 3868 3054 3938 iniquitatis.
3090 3869 3323 3926 Necesse
3352 3880 3437 3925 est
3476 3871 3617 3925 enim
3668 3882 3733 3928 ut

2142 3957 2317 4013 oderit
2342 3974 2559 4013 omnem
2602 3960 2940 4031 iniquitatem
2973 3976 3127 4017 amor
3158 3962 3403 4033 justitiaa,
3433 3962 3526 4034 qui
3555 3971 3731 4034 auge-

2143 4058 2232 4105 tur
2258 4061 2314 4107 et
2344 4050 2736 4118 inﬂammatur;
2771 4054 2999 4125 ideoque
3034 4055 3375 4126 obtemperat
3418 4056 3549 4127 Deo,
3572 4066 3625 4111 et
3654 4055 3722 4112 in

2141 4143 2406 4198 mandatis
2426 4142 2547 4214 ejus
2580 4144 2849 4215 intelligit.

2863 4256 2987 4297 NUN.

2213 4327 2391 4397 (Vere.
2426 4327 2578 4399 105.)
2608 4327 2840 4383 Lucerna
2884 4330 3096 4399 pedibus
3139 4331 3266 4384 meis
3309 4330 3514 4384 verbum
3549 4337 3729 4399 tuum,

2142 4419 2383 4487 Domine,
2409 4432 2457 4476 et
2502 4423 2675 4476 lumen
2718 4424 2911 4477 semitis
2946 4424 3092 4478 meis.
3124 4423 3359 4478 Verbum
3397 4424 3485 4477 hic
3520 4422 3729 4478 intelli-

2142 4514 2376 4581 gendum
2409 4522 2510 4581 est,
2546 4529 2654 4567 non
2687 4514 2817 4569 illud
2865 4515 3006 4582 quod
3041 4525 3122 4568 est
3154 4516 3362 4585 aequale
3386 4513 3641 4586 gignenti,
3670 4525 3734 4571 et

2141 4607 2282 4672 quod
2310 4613 2391 4658 est
2425 4620 2608 4658 verum
2638 4606 2837 4672 lumen,
2858 4605 3174 4661 illuminaus
3197 4622 3413 4661 omnem
3446 4604 3731 4662 hominem

2141 4693 2320 4764 (Joan.
2347 4710 2385 4757 ι,
2417 4692 2496 4764 8);
2529 4695 2620 4748 sed
2651 4696 2871 4750 verbum
2910 4696 3054 4765 quod
3104 4696 3311 4752 factum
3362 4704 3445 4752 est
3483 4696 3550 4750 ad
3596 4710 3733 4765 pro-

2141 4788 2350 4855 phetas,
2390 4787 2470 4839 vel
2528 4786 2669 4855 quod
2724 4788 3073 4855 prmdicatum
3127 4800 3209 4843 εει
3253 4803 3348 4858 ρει·
3405 4788 3734 4854 apostolos:

2141 4880 2361 4933 verbum
2394 4878 2597 4932 scilicet
2639 4877 2861 4943 Christi,
2894 4879 2962 4934 de
2991 4894 3098 4949 quo
3128 4879 3389 4947 scriptum
3424 4888 3525 4944 est,
3561 4874 3735 4929 Fides

2138 4985 2203 5024 ex
2238 4970 2437 5032 auditu,
2471 4968 2678 5022 auditus
2718 4981 2890 5023 autem
2931 4987 3019 5039 per
3064 4970 3272 5025 verbum
3311 4968 3503 5025 Christi
3542 4967 3733 5038 (Rom.

2140 5077 2198 5122 x.
2233 5063 2320 5130 l7)
2354 5078 2366 5113 :
2399 5075 2520 5114 nam
2554 5069 2607 5114 et
2646 5062 2868 5116 verbum
2905 5062 3278 5131 prepheticum
3310 5064 3543 5117 lucerna:
3568 5075 3733 5115 corn-

2142 5165 2338 5221 parans
2359 5152 2639 5219 apostolus
2666 5152 2884 5221 Petrus,
2912 5152 3196 5217 Habemus,
3232 5156 3427 5223 inquit,
3451 5154 3735 5209 certiorem

2140 5242 2494 5316 propheticum
2559 5259 2872 5311 sermonem,
2911 5248 2995 5300 cui
3038 5246 3338 5318 benefacitis
3386 5245 3731 5313 intendentes,

2132 5396 2595 5470 quodAugustini
2643 5400 2808 5453 verba
2852 5399 2933 5454 sic
2960 5398 3318 5467 exprimunt:
3362 5396 3498 5463 Quia
3527 5395 3736 5454 scilicet

2135 5469 2214 5524 me
2239 5469 2330 5523 sibi
2362 5485 2461 5522 non
2487 5470 2880 5522 consentientem
2904 5470 3103 5525 etiamsi
3122 5469 3433 5536 occiderent,
3465 5477 3554 5523 tua
3572 5482 3731 5525 mar-

2136 5543 2271 5612 tyrio
2297 5540 2545 5593 conﬁtens
2570 5554 2672 5592 non
2698 5539 2935 5609 perirem.
