4026 6176
270 268 388 323 555

1027 263 1446 323 PSALMORUM
1486 268 1529 319 A
1569 265 1609 321 C
1652 266 1741 321 AD
1779 264 1865 322 CL
1904 264 2287 345 EXPOSITIO.
2329 266 2524 324 PSAL.
2567 264 2790 323 CXVIII.

3435 264 3543 323 55‘

276 382 422 435 velut
473 378 694 432 lucernis
729 397 781 431 ιη
811 394 1026 434 ουεριιτο
1067 383 1179 434 loco
1208 380 1289 451 (ll
1316 380 1461 434 Petr.
1486 398 1526 447 ι,
1558 380 1669 450 10).
1712 378 1867 447 Quod
1892 383 1943 441 Α
1969 390 2229 451 sectatur,
2258 381 2313 437 iu
2341 388 2601 437 aeternum
2629 389 2899 435 mereatur
2927 378 3127 437 habere
3167 380 3309 452 quod
3350 380 3543 453 diligit.

275 472 466 541 itaque
517 471 605 525 hic
644 474 740 537 ait,
768 471 1002 525 Lucerna
1047 472 1260 544 pedibus
1299 474 1424 527 meis
1459 474 1666 528 verbum
1694 483 1860 539 tuum,

276 564 527 631 Domine,
553 572 601 618 et
631 563 800 618 lumen
826 564 1019 619 semitis
1050 564 1195 629 meis,
1232 565 1452 620 verbum
1497 576 1579 621 est
1621 564 1761 634 quod
1811 564 1865 617 in

276 656 581 724 Scripturis
617 654 815 709 sanctis
852 656 1102 709 omnibus
1144 658 1484 712 continetur.
1517 655 1631 710 Non
1680 656 1864 724 itaque

276 760 464 800 sermo
494 746 683 809 deitas,
706 745 801 799 sed
828 760 1009 800 sermo
1036 746 1275 800 deitatis.

359 837 538 907 (Vers.
571 833 722 910 106.)
747 834 930 889 Juravi
969 845 1016 889 et
1044 837 1200 890 statui
1242 837 1501 891 custodire
1530 837 1702 890 omnia
1724 838 1870 909 judi-

280 929 368 981 cia
412 929 638 999 justitite
684 938 801 982 tute.
833 928 944 982 Hoc
988 929 1275 997 appellavit
1304 930 1681 999 ‘juramento,
1724 929 1869 998 quod

282 1020 478 1075 statuit
525 1030 720 1089 printer
772 1032 1171 1075 sacramentum
1210 1038 1221 1074 :
1257 1024 1379 1092 quia
1412 1022 1487 1078 ita
1533 1024 1696 1079 debet
1749 1038 1872 1079 esse
1912 1091 1918 1095 .

284 1126 450 1167 mens
480 1112 584 1166 lixa
614 1112 670 1166 in
721 1111 1088 1167 custodiendis
1126 1112 1347 1181 judiciis
1380 1114 1613 1182 justitiaa
1664 1114 1784 1182 Dei,
1813 1124 1869 1170 ut

282 1202 364 1257 sit
388 1203 610 1257 omnino
636 1216 732 1269 pro
750 1200 779 1239 ι)
804 1200 1081 1269 juratione
1099 1202 1242 1271 quod
1265 1204 1477 1258 statuit.

360 1292 545 1363 (Vera.
575 1292 724 1360 107.)
751 1291 1066 1346 Humiliatus
1094 1309 1208 1347 sum
1233 1309 1392 1365 usque
1428 1294 1595 1359 valde,
1622 1293 1872 1362 Domine;

282 1384 492 1453 tiviﬁca
520 1398 598 1436 me
618 1381 892 1435 secundum
908 1381 1111 1436 verbum
1131 1392 1293 1437 tuum.
1310 1384 1414 1438 Pro
1439 1398 1503 1440 eo
1520 1385 1661 1454 quod
1679 1384 1876 1453 iuravit

286 1486 351 1533 et
373 1476 561 1532 statuit
590 1473 867 1530 custodire
900 1474 1102 1544 judicia
1125 1474 1348 1544 iustitiae
1387 1475 1506 1545 Dei,
1537 1477 1877 1546 persecutio-

287 1584 415 1624 nem
462 1568 748 1622 maximam
796 1580 986 1635 passus
1026 1574 1138 1631 est;
1171 1574 1225 1620 et
1256 1581 1324 1622 ne
1354 1566 1406 1621 in
1437 1575 1584 1621 tanta
1621 1566 1876 1623 humilia-

290 1658 777 1731 tionedcliceret,
826 1655 1088 1711 viviﬁcari
1162 1670 1242 1723 se,
1297 1656 1592 1711 secundum
1648 1658 1872 1713 verbum

2642 485 2873 525 SAIICB.

2036 563 2217 633 (Vera.
2244 562 2396 634 113.)
2425 561 2643 633 Iniquos
2672 562 2791 617 odio
2822 562 2998 629 habui,
3021 572 3069 617 et
3098 565 3263 634 legem
3301 573 3442 617 tuam
3464 563 3550 619 di-

1971 653 2093 709 lexi.
2118 654 2219 721 Qui
2265 655 2435 725 legem
2472 654 2565 709 Dei
2596 654 2789 723 diligit,
2822 657 3096 722 probatse
3143 655 3197 708 in
3246 654 3552 709 hominibus

1968 747 2165 817 iniquis
2192 746 2247 801 id
2274 746 2420 817 quod
2448 756 2637 802 contra
2664 747 2842 817 legem
2885 754 2970 802 est
3006 746 3204 812 odisse,
3240 762 3345 802 non
3381 747 3554 803 homi-

1969 854 2065 894 nes
2094 838 2267 910 (Sent.
2295 838 2416 908 25).

2040 930 2220 1002 (Vers.
2256 928 2405 1002 1M.)
2428 930 2650 1003 Adjutor
2683 946 2821 985 meus
2844 938 2895 985 et
2932 938 3195 1001 susceptor
3222 950 3363 987 meus
3392 949 3444 986 es
3466 940 3555 995 tu;

1969 1031 2019 1076 et
2039 1023 2092 1076 in
2119 1022 2326 1075 verbum
2347 1032 2491 1075 tuum
2510 1024 2884 1092 supersperavi.
2915 1020 3145 1091 Adjutor
3173 1031 3231 1077 et
3254 1033 3556 1092 susceptor,

1970 1113 2041 1169 ad
2068 1113 2206 1167 mala
2237 1114 2533 1169 evadenda.

2045 1203 2224 1273 (Vers.
2259 1202 2412 1274 115.)
2456 1203 2722 1260 Declinate
2754 1220 2787 1258 a
2825 1221 2903 1260 me
2944 1204 3180 1278 maligni,
3205 1214 3255 1260 et
3292 1206 3559 1260 scrutabor

1974 1295 2221 1350 mandata
2258 1294 2359 1351 Dei
2397 1298 2517 1351 mei.
2550 1297 2797 1353 Mandata
2834 1298 2928 1353 Dei
2965 1300 3214 1363 scrutari,
3249 1298 3350 1353 nisi
3380 1299 3559 1367 quieta

1975 1401 2130 1443 mens
2155 1402 2262 1443 non
2299 1394 2493 1457 potest.
2530 1387 2600 1443 Ut
2646 1403 2777 1457 ergo
2806 1398 3127 1444 exerceatur
3162 1389 3266 1445 hoc
3301 1390 3559 1458 studium,

1975 1476 2243 1547 abigenda
2274 1485 2401 1533 sunt
2430 1487 2454 1515 ο
2482 1478 2657 1533 studia
2683 1478 3037 1547 malignorum
3068 1480 3243 1548 (Sent.
3271 1479 3387 1548 Q6).

2048 1567 2232 1635 (Vers.
2269 1566 2422 1639 116.)
2452 1567 2665 1640 Suscipe
2695 1585 2775 1623 me
2799 1574 3078 1624 secundum
3110 1571 3368 1641 eloquium
3395 1580 3559 1637 tuum,

1977 1664 2027 1710 et
2058 1658 2252 1724 vivam;
2274 1667 2320 1712 et
2349 1674 2451 1713 non
2480 1658 2767 1728 confundas
2802 1676 2881 1715 me
2908 1660 2972 1713 ab
3010 1662 3390 1731 exspectatione
3426 1679 3561 1719 mea.

296 1749 700 1820 promissionis,
732 1747 977 1814 exposcit
1007 1764 1019 1799 :
1053 1747 1176 1816 quia
1206 1746 1261 1800 in
1286 1754 1444 1801 nocte
1472 1746 1871 1802 tribulationum
1905 1744 1952 1803 B
1977 1746 2161 1802 Poscit
2189 1750 2359 1818 magis
2387 1752 2663 1819 magisque
2692 1751 2893 1819 suscipi
2921 1765 2950 1804 a
2979 1751 3204 1806 Domino
3241 1753 3286 1807 is
3322 1754 3411 1823 qui
3436 1769 3563 1822 spe-

293 1843 523 1897 lucerna
574 1848 658 1895 est
703 1838 957 1909 pedibus,
988 1848 1043 1894 et
1090 1838 1271 1894 lumen
1327 1838 1538 1894 semitis
1591 1841 1705 1909 ipsa
1753 1854 1877 1910 pro-

290 1934 506 1990 missio.

364 2022 548 2093 (Vers.
580 2019 730 2091 108.)
772 2018 1079 2074 Voluntaria
1120 2021 1226 2073 oris
1275 2020 1374 2074 mei
1416 2023 1501 2091 [ac
1540 2019 1877 2092 beneplacita,

291 2116 538 2180 Domine,
560 2123 605 2168 et
632 2114 832 2183 judicia
861 2123 952 2167 tua
984 2113 1108 2167 doce
1143 2128 1243 2166 me.
1283 2111 1588 2167 Voluntaria
1629 2115 1731 2167 oris
1760 2129 1879 2183 qua:

290 2208 585 2279 approbari
627 2208 781 2277 petit,
814 2205 1076 2259 sacriﬁcia
1123 2212 1248 2260 sunt
1297 2205 1487 2269 laudis,
1535 2207 1880 2261 confessione

294 2303 591 2364 claritatis,
637 2316 742 2354 non
791 2299 987 2352 timore
1035 2298 1373 2352 necessitatis
1414 2298 1615 2353 oblata.
1667 2298 1881 2352 Iudicia

288 2404 475 2449 autem
506 2394 596 2448 Dei
628 2391 813 2447 doceri
846 2406 906 2446 se
937 2390 1106 2459 cupit,
1141 2405 1246 2445 non
1280 2391 1402 2459 quia
1434 2393 1668 2460 ignorat,
1700 2393 1793 2446 sed
1824 2400 1880 2446 ut

291 2485 563 2555 proﬁciat.

366 2576 534 2648 454
575 2574 758 2646 (Vers.
806 2571 955 2643 109.)
992 2572 1178 2626 Anima
1212 2587 1326 2625 mea
1372 2574 1424 2624 in
1470 2572 1703 2629 manibus
1735 2582 1757 2611 ε
1785 2572 1883 2626 tuis

290 2684 523 2737 semper;
552 2677 601 2720 et
631 2667 788 2738 legem
832 2676 971 2718 tuam
1004 2680 1107 2717 non
1136 2679 1250 2718 sum
1298 2661 1505 2716 oblitus.
1536 2663 1610 2716 lla
1658 2662 1880 2728 dictum,

292 2767 570 2828 tamquam
602 2758 667 2811 ad
694 2773 801 2811 non
827 2754 1251 2811 obliviscendam
1280 2754 1448 2824 legem
1479 2754 1592 2821 Dei,
1625 2755 1883 2809 memoria

294 2850 421 2920 ejus
451 2849 593 2904 illius
622 2849 868 2901 manibus
898 2846 1185 2916 adjuvetur

372 2941 555 3011 (Vers.
582 2940 731 3008 110.)
770 2939 1060 2994 Posuerunt
1090 2949 1380 3008 peccatores
1410 2938 1645 3009 laqueum
1669 2940 1816 3006 mihi,
1836 2948 1885 2995 et

294 3051 332 3088 α
354 3033 615 3087 mandatis
640 3034 740 3086 tuis
760 3049 861 3085 non
884 3032 1067 3085 erravi.
1092 3030 1244 3087 Unde
1273 3032 1393 3100 hoc,
1428 3030 1529 3085 nisi
1561 3031 1679 3101 quia
1705 3034 1880 3085 anima

296 3126 419 3195 ejus
450 3124 502 3177 in
530 3123 780 3177 manibus
810 3122 903 3176 Dei
935 3137 1150 3185 semper
1176 3122 1297 3176 est?

372 3214 556 3287 (Vers.
581 3212 733 3281 111.)
758 3209 784 3249 δ
812 3211 1181 3266 Hereditatem
1212 3212 1459 3278 acquisivi
1484 3212 1773 3266 testimonia
1803 3223 1891 3267 tua

298 3310 354 3362 in
372 3317 645 3370 teternum,
681 3305 803 3373 quia
834 3303 1110 3356 exsultatio
1137 3302 1306 3356 cordis
1337 3304 1435 3356 mei
1457 3311 1595 3357 sunt.
1619 3302 1686 3358 Ut
1715 3305 1887 3368 testis,

298 3397 499 3468 inquit,
553 3407 675 3449 tuus
724 3409 846 3449 esse
893 3408 1174 3462 cuperem,
1202 3404 1257 3447 tu
1310 3393 1555 3455 donasti;
1603 3402 1660 3449 et
1708 3403 1767 3449 ut
1796 3409 1892 3463 pro

300 3489 533 3543 veritate
562 3486 698 3541 mori
748 3501 855 3540 non
902 3494 1225 3551 metuerem,
1255 3493 1358 3538 tua:
1395 3485 1753 3552 bmreditatis,
1786 3494 1891 3541 tuae

300 3591 385 3635 est
424 3578 611 3647 gratia:
642 3577 823 3647 :quod
856 3575 984 3630 mihi
1013 3575 1213 3629 donum
1261 3575 1317 3630 in
1348 3584 1610 3631 aeternum
1635 3587 1740 3644 est,
1765 3577 1891 3647 quia

300 3687 411 3725 non
441 3682 520 3724 est
553 3670 607 3724 in
636 3685 703 3725 eo
744 3669 913 3739 gloria
962 3668 1278 3737 temporalis
1314 3686 1326 3722 :
1356 3677 1581 3738 pr0pter
1612 3669 1754 3739 quod
1784 3670 1891 3725 etsi

299 3776 537 3829 corpore
564 3761 795 3815 amictus
821 3776 961 3826 sum,
991 3768 1170 3816 tamen
1205 3761 1370 3817 corde
1409 3761 1617 3816 laztatus
1642 3777 1781 3817 sum.

373 3854 559 3926 (Vers.
594 3852 1019 3924 112.)Inclinavi
1043 3869 1131 3907 cor
1157 3870 1326 3908 meum
1352 3854 1421 3907 ad
1452 3854 1716 3924 faciendas
1730 3854 1895 3926 justi-

301 3948 572 4015 ﬁcationes
601 3954 716 4000 tuas
744 3949 799 4000 in
820 3954 1089 4011 teternum,
1120 3955 1331 4016 prapter
1347 3946 1756 4001 retributionem.
1787 3945 1891 4014 Qui

301 4040 457 4101 dicit,
508 4037 767 4093 Inclinavi
812 4052 901 4091 cor
940 4052 1129 4105 meum,
1156 4037 1271 4106 ipse
1308 4036 1419 4106 jam
1458 4036 1701 4103 dixerat,
1728 4036 1895 4092 Incli-

303 4148 375 4185 na
429 4147 519 4185 cor
563 4145 732 4184 meum
782 4130 837 4183 in
878 4128 1170 4182 testimonia
1222 4138 1311 4180 tua
1365 4126 1532 4200 (Sup.
1563 4144 1613 4182 v.
1644 4127 1776 4197 56):
1835 4136 1895 4183 ut

303 4224 693 4293 intelligamus,
739 4221 898 4276 simul
954 4220 1057 4273 hoc
1098 4235 1243 4282 esse,
1305 4229 1359 4273 et
1409 4220 1578 4274 divini
1625 4220 1891 4285 muneris,

302 4326 360 4371 et
383 4314 619 4385 propria:
649 4313 967 4368 voluntatis.
1000 4312 1181 4366 Faciat
1225 4321 1405 4366 autem
1447 4312 1549 4366 hoc
1577 4321 1785 4383 propter
1809 4329 1893 4366 re-

306 4406 633 4461 tributionem
660 4420 681 4460 :
719 4413 779 4459 ut
826 4403 949 4473 quia
987 4402 1403 4473 justilicationes
1452 4402 1549 4458 Dei
1597 4402 1892 4461 dilectione

1979 1847 2065 1892 rat
2095 1839 2352 1906 intentus,
2384 1838 2405 1877 ί
2432 1850 2492 1894 ιιι
2522 1849 2633 1894 tum
2666 1841 2908 1907 demum,
2935 1857 3055 1896 cum
3085 1844 3170 1896 illa
3193 1844 3418 1912 adeptus
3447 1844 3565 1898 lue-

1980 1928 2077 1996 rit,
2110 1944 2169 1985 se
2216 1931 2352 1985 sciat
2396 1946 2518 1986 esse
2547 1930 2813 1987 victurum
2856 1950 2870 1986 :
2908 1933 3032 2003 quia
3078 1936 3366 2003 praesentia
3399 1936 3560 1991 morti

1981 2030 2107 2078 sunt
2134 2023 2389 2079 similiora
2422 2039 2587 2094 quam
2608 2025 2753 2080 vitae.

2053 2112 2238 2183 (Vers.
2273 2111 2421 2183 117.)
2453 2114 2659 2185 Adjuva
2683 2131 2782 2181 me,
2804 2122 2853 2168 et
2879 2115 3051 2170 salvus
3074 2131 3184 2186 ero,
3208 2123 3255 2170 et
3284 2116 3571 2172 meditabor

1981 2205 2037 2259 in
2068 2206 2526 2274 iustificationibus
2546 2208 2645 2260 tuis
2663 2223 2877 2277 semper.
2904 2206 2972 2263 Ut
2993 2208 3191 2275 vivam,
3218 2218 3276 2263 ut
3304 2223 3408 2262 non
3437 2223 3569 2264 con-

1982 2294 2203 2362 lundar,
2232 2305 2292 2350 ut
2327 2298 2380 2350 in
2414 2298 2518 2351 tuis
2540 2296 3014 2365 justiﬁcationibus
3044 2312 3256 2369 semper
3284 2315 3566 2369 exercear,

1984 2387 2191 2459 Adjuva
2220 2404 2317 2453 me,
2341 2386 2503 2461 455
2532 2389 2725 2456 inquit,
2756 2399 2805 2443 et
2830 2392 2999 2444 salvus
3028 2408 3157 2457 ero;
3193 2392 3319 2461 quia
3350 2392 3416 2448 ad
3448 2407 3571 2463 pro-

1987 2483 2272 2538 missiones
2304 2493 2439 2546 tuas,
2478 2484 2579 2536 nisi
2612 2492 2704 2536 tuo
2732 2484 2929 2537 auxilio
2968 2498 3074 2538 non
3121 2486 3353 2540 venitur.

2058 2571 2245 2644 (Vers.
2270 2571 2420 2642 118.)
2449 2573 2532 2626 Ad
2562 2573 2783 2626 nihilum
2810 2573 3071 2627 deduxisti
3101 2590 3276 2627 omnes
3305 2575 3570 2629 disceden-

1988 2671 2061 2716 tes
2105 2679 2137 2714 a
2155 2663 2618 2734 justiﬁcationibus
2662 2664 2782 2728 tuis,
2807 2665 3052 2732 quoniam
3096 2666 3291 2736 injusta
3328 2666 3571 2737 cogitatio

1986 2770 2183 2808 eorum.
2215 2754 2403 2810 Omnia
2426 2770 2612 2825 opera,
2635 2757 2719 2811 vel
2752 2756 2913 2819 bona,
2944 2757 3030 2811 vel
3056 2759 3212 2823 mala,
3242 2774 3272 2813 a
3294 2760 3575 2828 cogitatio-

1988 2860 2057 2900 ne
2083 2846 2402 2914 procedunt.
2419 2846 2518 2914 Qui
2547 2862 2678 2916 ergo
2705 2846 2869 2901 corde
2892 2848 3107 2916 iniquus
3131 2858 3236 2911 est.
3255 2850 3321 2905 ad
3346 2852 3572 2907 nihilum

1988 2938 2293 3004 deducitur,
2323 2940 2413 3007 qui
2442 2952 2472 2992 a
2506 2939 2597 2994 Dei
2624 2938 3106 3008 justiﬁcationibus
3136 2940 3331 3009 injusta
3367 2942 3573 3013 cogita-

1988 3029 2136 3084 tione
2158 3030 2407 3085 discedit.

2064 3120 2247 3190 (Vers.
2282 3119 2433 3191 119.)
2468 3118 2897 3175 Praevaricatores
2943 3121 3231 3176 existimavi
3250 3138 3424 3177 omnes
3455 3139 3576 3193 pec-

1991 3222 2190 3268 catores
2213 3222 2383 3278 terrae,
2408 3211 2524 3266 ideo
2548 3212 2707 3266 dilexi
2728 3214 3020 3267 testimonia
3060 3223 3170 3267 tua.
3201 3213 3331 3270 Cum
3362 3228 3569 3282 pra‘va-

1992 3307 2193 3360 ricator
2222 3305 2324 3359 dici
2352 3318 2457 3359 non
2491 3304 2681 3373 possit,
2712 3305 2814 3358 nisi
2846 3305 2934 3373 qui
2965 3305 3098 3374 legis
3125 3304 3375 3359 mandata
3402 3315 3580 3361 trans.

1991 3395 2232 3465 greditur
2260 3396 2437 3457 (Rom.
2484 3411 2558 3461 tv,
2584 3395 2649 3451 15
2675 3394 2716 3463 ),
2758 3396 3019 3465 quaeritur
3062 3395 3334 3464 quomodo
3388 3411 3579 3452 omnes

1993 3493 2307 3556 peccatores
2332 3494 2491 3541 terra:
2517 3484 2961 3555 pravaricatores
2987 3485 3222 3540 debeant
3249 3487 3570 3551 existimari,

1993 3591 2221 3648 quorum
2280 3577 2480 3631 multos
2532 3584 2746 3630 constat
2797 3578 2916 3632 sine
2954 3575 3072 3645 lege
3117 3578 3467 3645 peccatores?
3512 3578 3580 3633 Et

1994 3668 2289 3735 invenitur,
2330 3682 2519 3723 omnes
2568 3667 2786 3737 quidem
2851 3679 3058 3737 gentes,
3088 3679 3285 3738 praeter
3324 3670 3577 3740 populum

1994 3758 2179 3825 Israel,
2205 3767 2357 3813 extra
2381 3758 2552 3827 legem
2577 3757 2772 3823 fuisse;
2802 3757 2896 3812 sed
2925 3773 3139 3812 omnem
3187 3759 3456 3815 hominem
3502 3769 3581 3816 te-

1995 3850 2115 3904 neri
2165 3850 2284 3919 lege
2321 3857 2547 3915 naturai,
2576 3857 2636 3901 ut
2662 3849 2803 3917 quod
2842 3848 2948 3916 pati
2992 3863 3098 3902 non
3129 3850 3268 3914 vult,
3298 3849 3436 3905 sciat
3484 3852 3576 3905 alii

1997 3954 2103 3995 non
2147 3953 2271 3995 esse
2317 3938 2642 3994 faciendum.
2674 3937 2936 4004 Quamvis
2978 3952 3108 4008 ergo
3145 3939 3317 3994 multo
3344 3941 3575 4009 amplius

1998 4032 2378 4102 prevaricator
2406 4030 2496 4094 sit,
2522 4029 2614 4099 qui
2645 4044 2752 4083 non
2783 4028 2959 4083 solum
2983 4029 3265 4095 naturalis,
3289 4029 3386 4085 sed
3413 4030 3579 4085 etiam

1996 4122 2195 4178 divina:
2254 4130 2618 4190 transgressor
2665 4127 2747 4175 est
2789 4118 2947 4189 legis,
2990 4119 3173 4175 nullus
3223 4130 3424 4189 tamen,
3472 4121 3579 4176 nisi

1998 4215 2425 4287 transgressione
2467 4222 2714 4283 peccator
2742 4220 2827 4269 est
2859 4230 2873 4266 :
2906 4213 3028 4283 quia
3071 4214 3234 4269 etiam
3276 4228 3438 4283 quem
3468 4227 3575 4268 non

1996 4309 2323 4366 condemnat
2396 4306 2593 4373 littera,
2649 4304 2823 4376 arguit
2873 4305 3225 4362 conscientia.
3290 4307 3436 4362 Inter
3485 4305 3587 4361 bos

1997 4403 2158 4458 etiam
2184 4399 2388 4471 parvuli
2418 4412 2658 4469 congrue
2678 4396 3029 4466 deputantur,
3054 4406 3273 4468 propter
3309 4397 3583 4468 originalis

385 4642 413 4671 ι
454 4630 609 4698 Apud
664 4628 1038 4699 Augustinum,
1086 4630 1479 4699 juramentum;
1506 4626 1635 4683 editi
1687 4625 1882 4695 nostri,
1914 4630 1966 4690 D
1992 4623 2481 4699 cueritAugustino
2509 4622 2923 4699 b9c__ipsoloco_.
2953 4619 3575 4699 Nonnull_i,ii:er_editari

320 4709 620 4756 iuramento.

552 4727 564 4750 1
606 4739 620 4753 ο

296 4727 857 4825 λιῖαὲῧιθῗιάενιιηιιε
881 4782 945 4822 ex
976 4766 1296 4837 Augustino.
1319 4768 1420 4822 loci
1444 4782 1607 4823 sensu
1633 4777 1884 4837 cogente,

306 4857 436 4899 cum
463 4839 615 4907 editi,
638 4855 704 4895 ex
728 4852 913 4895 errore
934 4837 1052 4893 sine
1072 4838 1236 4893 dubio
1261 4839 1582 4906 scribarum,
1600 4838 1887 4909 haberent,

377 4930 407 4967 ο
434 4912 654 4966 ratione.

312 4930 407 4984 pro
434 4930 654 4966 ratione.

389 4994 412 5022 ε
450 4983 526 5036 lta
564 4990 775 5035 veteres
818 4979 1080 5034 editiones
1122 4986 1243 5041 post
1270 4978 1647 5047 Augustinum,
1672 4978 1761 5047 qui
1790 4979 1891 5034 ob-

310 5060 499 5109 servat
526 5051 668 5120 qnod
695 5068 707 5103 :
736 5048 994 5104 Nonnulli
1043 5048 1243 5103 codices
1286 5048 1494 5115 habent,
1528 5049 1610 5120 in,
1641 5050 1890 5104 manibus

314 5124 485 5185 meis;
509 5119 598 5174 sed
625 5120 815 5189 plures.
844 5120 897 5173 in
930 5121 1061 5183 tuis;
1091 5128 1137 5172 et
1176 5124 1273 5189 hoc
1306 5120 1514 5189 quidem
1558 5119 1769 5186 planum
1797 5127 1891 5173 est.

309 5192 588 5246 Justorum
605 5188 739 5244 enim
766 5192 949 5243 anima
976 5191 1029 5242 in
1053 5205 1207 5242 manu
1232 5188 1325 5243 Dei
1350 5198 1467 5243 sunt
1496 5204 1514 5241 :
1536 5191 1590 5242 in
1614 5191 1761 5252 cuius
1784 5207 1894 5243 ma-

310 5280 386 5315 nu
427 5272 548 5315 sunt
573 5270 622 5315 et
647 5276 740 5315 nos
777 5268 823 5313 et
864 5275 1121 5314 sermones
1149 5260 1327 5314 nostri.
1361 5260 1695 5314 Posteriores
1724 5269 1898 5313 muta-

314 5339 467 5397 runt,
490 5331 547 5384 in
573 5333 720 5384 meis.
752 5330 854 5385 Sed
880 5343 1068 5385 versus
1101 5332 1346 5398 proxime
1375 5330 1652 5400 sequentis
1682 5331 1898 5400 exposi-

316 5405 467 5457 tione
491 5402 857 5455 revincuntur.

387 5470 420 5510 ⁴
449 5472 527 5526 Ita
577 5472 761 5540 legunt
811 5470 1075 5525 editiones
1119 5469 1492 5536 Prosperianae
1544 5472 1777 5537 antiane
1828 5469 1895 5524 ad

317 5558 487 5599 unam
531 5554 749 5607 omnes;
794 5541 1124 5595 recentiores
1165 5540 1514 5609 scripserant,
1561 5540 1899 5594 Hmeditate.

320 5613 496 5671 Forte
541 5612 711 5680 magis
749 5613 875 5678 quia
922 5612 1000 5665 sic
1028 5610 1523 5680 caniturriquotidie
1566 5626 1633 5666 ex
1671 5610 1901 5678 Vulgata

319 5692 537 5749 nostra,
568 5679 729 5750 quam
758 5680 898 5749 quod
945 5695 1052 5735 vox
1087 5681 1202 5735 haec
1232 5679 1551 5736 ereditate
1590 5680 1759 5751 magis
1790 5681 1905 5751 pla-

1989 4692 2306 4763 interpretati
2327 4705 2466 4747 sunt.
2512 4693 2700 4747 Melius
2726 4708 2852 4763 ergo
2876 4692 3071 4746 duobus
3091 4694 3255 4747 verbis
3284 4695 3582 4749 insinuatur

1990 4768 2188 4835 integer
2216 4781 2416 4830 sensus,
2438 4765 2545 4818 sive
2591 4763 3172 4835 dicatuyllaareditate
3210 4766 3446 4833 possedi,
3478 4767 3583 4819 sive

1991 4833 2213 4895 dicatur.
2254 4835 2577 4889 ilmreditate
2632 4833 2913 4904 acquisivi,
2946 4851 3049 4888 non
3091 4836 3455 4902 hareditatem,
3494 4835 3586 4889 sed

1994 4906 2311 4961 litereditate.

2070 4986 2093 5013 ο
2125 4976 2179 5028 In
2224 4972 2509 5029 sententiis
2538 4990 2606 5029 ex
2654 4972 2954 5044 Augustino
2981 4974 3129 5041 prius
3150 4983 3255 5039 est,
3285 4974 3583 5044 religiosum

1995 5054 2286 5101 exerceatur
2335 5045 2586 5115 studium,
2613 5056 2722 5098 tum
2783 5060 2930 5110 vero,
2955 5046 3207 5115 abigenda
3249 5054 3368 5115 sunt
3404 5047 3587 5115 jurgia

1998 5118 2360 5187 malignorum.
2396 5114 2535 5187 Nam
2558 5104 2647 5183 (ait
2677 5104 3005 5183 Augustinus
3041 5104 3161 5187 bic)
3192 5104 3588 5184 maligni'excr-

1999 5198 2111 5241 cent
2128 5185 2201 5238 ad
2220 5185 2457 5251 facienda
2488 5187 2754 5249 mandata,
2785 5202 2818 5238 a
2848 5186 3143 5238 scrutandis
3164 5197 3335 5237 autem
3350 5194 3580 5247 avocant,

2000 5274 2102 5311 non
2147 5257 2316 5310 solum
2354 5271 2470 5309 cum
2510 5263 2885 5324 persequuntur
2938 5266 3025 5307 aut
3078 5255 3281 5322 litigare
3328 5253 3587 5307 nobiseum

2000 5327 2196 5391 volunt,
2220 5343 2392 5379 verum
2414 5327 2567 5379 etiam
2588 5342 2702 5378 cum
2734 5326 3077 5394 obsequuntur
3098 5333 3143 5376 et
3175 5326 3449 5394 honorant,
3479 5335 3584 5377 etc.

2078 5394 2098 5434 ί
2158 5396 2487 5466 Augustinus
2527 5395 2657 5449 dicit
2703 5410 2717 5449 :
2766 5394 2939 5447 Poscit
2984 5410 3054 5466 Ase
3107 5393 3274 5466 magis
3325 5395 3588 5466 magisque

2003 5468 2220 5537 suscipi,
2245 5462 2295 5519 Et
2339 5466 2407 5520 ad
2446 5466 2597 5537 illud
2626 5474 2831 5537 propter
2857 5462 2993 5528 quod
3035 5472 3138 5537 tam
3168 5463 3329 5537 multa
3375 5464 3587 5516 molesta

2005 5531 2187 5592 tolerat
2217 5536 2431 5607 perduci
2456 5551 2475 5607 ς
2501 5531 2665 5607 verius
2685 5531 2757 5585 ibi
2783 5548 3009 5607 sequam
3033 5533 3085 5584 in
3105 5533 3216 5587 istis
3245 5531 3591 5588 humanarum

2009 5624 2179 5663 rerum
2202 5602 2413 5661 somniis
2440 5605 2605 5676 [iJens
2638 5618 2746 5657 esse
2778 5602 3052 5657 victurum.
