4026 6176
471 263 578 321 355

1695 258 1754 317 S.
1796 258 2131 318 PROSPERI
2168 261 2492 333 AQUITANI

3622 272 3724 331 556

472 375 684 433 vincula
737 374 965 446 peccati.
1027 371 1162 443 Quia
1214 372 1373 429 etiam
1429 372 1529 443 ipsi
1588 372 1642 428 in
1695 374 2045 431 similitudine
2071 378 2126 436 Α
2148 394 2252 433 non
2279 379 2657 433 calumnienlur
2684 377 2812 433 mihi
2845 377 3073 450 superbi.
3104 379 3161 435 id
3189 388 3293 447 est,
3321 394 3391 437 ne
3429 380 3507 438 illi
3534 380 3727 452 impel-

472 477 502 506 ι
532 466 953 538 praevaricatoris
978 466 1108 521 Adae
1140 464 1318 536 (Rom.
1343 480 1397 533 v,
1428 464 1538 535 14),
1568 465 1635 520 ad
1665 466 1809 521 illam
1843 482 2051 536 pracva-

478 561 791 615 ricationem
822 558 1100 628 pertinere
1142 567 1530 624 monstrantur,
1564 573 1684 627 quae
1713 558 1765 612 in
1795 559 2043 625 paradiso

474 649 647 719 prima
681 649 968 704 commissa
1013 656 1098 703 est
1126 645 1279 719 (Gen.
1312 661 1394 709 ιιι,
1430 646 1505 717 6).
1533 647 1665 702 Cum
1695 662 1824 718 ergo
1862 663 2050 704 omnes

476 750 792 808 peccassent
828 746 883 793 et
920 747 1141 809 egerent
1168 736 1339 803 gloria
1371 737 1463 792 Dei
1496 737 1673 807 (Rom.
1700 753 1781 802 ιιι,
1811 736 1927 807 25),
1952 752 2051 793 nec

474 829 727 899 cuiquam
756 829 807 884 in
853 843 948 884 sua
994 829 1202 899 justltia
1230 828 1378 884 salus
1415 838 1579 893 esset,
1612 830 1850 884 restabat
1879 838 1936 883 ut
1957 844 2052 898 per

468 918 695 986 gratiam
739 918 1036 974 Salvatoris
1083 920 1283 974 donata
1332 934 1361 972 a
1401 919 1512 973 Deo
1568 918 1694 975 ﬁdei
1737 919 2050 989 justiﬁeatio

468 1012 800 1067 subveniret.
833 1011 983 1067 Unde
1020 1011 1095 1067 ait
1124 1011 1437 1081 Apostolus,
1468 1009 1573 1065 Per
1618 1011 1778 1082 legem
1817 1013 2045 1082 cognitio

468 1103 688 1173 peccati.
713 1101 985 1172 Coguitio,
1011 1117 1120 1157 non
1141 1103 1381 1158 abolitio.
1406 1100 1458 1155 Ν
1462 1118 1562 1155 unc
1588 1111 1755 1155 autem
1783 1103 1893 1155 sine
1919 1104 2047 1173 lege,

468 1192 664 1263 inquit,
675 1196 882 1266 justitia
910 1194 1006 1248 Dei
1018 1195 1343 1266 manifestata
1366 1202 1461 1259 est,
1479 1193 1747 1264 testiﬁcata
1773 1209 1864 1263 per
1888 1192 2051 1264 legem

469 1292 517 1339 et
548 1288 817 1353 prophetas
845 1285 1089 1354 (Ibidem,
1118 1286 1189 1340 20
1213 1295 1259 1338 et
1280 1284 1395 1355 21).
1425 1284 1618 1339 Merito
1648 1285 1807 1355 igitur
1829 1283 2047 1354 adjecit,

470 1374 754 1445 Propterea
799 1378 955 1431 dilexi
995 1377 1285 1431 testimonia
1332 1384 1459 1442 tua;
1502 1385 1772 1445 tamquam
1819 1375 2047 1442 diceret,

470 1467 733 1532 Quoniam
764 1467 848 1520 lex
876 1467 996 1520 sive
1036 1468 1089 1520 in
1120 1465 1369 1535 paradiso
1407 1467 1550 1533 data,
1582 1467 1695 1520 sive
1736 1466 2051 1520 naturaliter

472 1559 655 1624 insita,
682 1559 796 1613 sive
842 1557 1035 1613 litteris
1070 1557 1434 1627 promulgata,
1462 1558 1902 1627 prtevaricatores
1929 1557 2051 1611 fecit

471 1665 663 1707 omnes
695 1662 1009 1721 peccatores
1037 1660 1215 1716 terrae,
1239 1660 1521 1720 prepterea
1544 1649 1709 1704 dilexi
1742 1648 2049 1705 testimonia

474 1753 589 1807 tua,
621 1758 740 1812 qua
767 1750 893 1796 sunt
918 1743 968 1796 in
999 1742 1116 1812 lege
1144 1750 1232 1795 tua
1263 1740 1331 1796 de
1367 1740 1539 1812 gratia
1565 1749 1676 1794 tua.

505 1843 510 1848 '
542 1831 1113 1906 (Vers.120.)Conﬁge
1133 1833 1290 1887 clavis
1318 1849 1351 1886 a
1383 1833 1562 1886 timore
1582 1842 1668 1886 tuo
1693 1847 1869 1887 carnes
1884 1848 2051 1901 .meas.

470 1928 609 1996 Quid
640 1928 694 1983 in
737 1926 822 1981 bis
868 1926 1048 1981 verbis
1076 1926 1189 1980 vult
1225 1925 1475 1994 intelligi,
1510 1924 1613 1978 nisi
1643 1924 1784 1995 quod
1815 1925 1891 1978 ait
1915 1927 2055 1992 Apo-

471 2019 667 2081 stolus,
695 2017 828 2070 Mihi
848 2024 1020 2070 autem
1048 2014 1180 2069 absit
1208 2016 1443 2085 gloriari,
1464 2015 1562 2068 nisi
1592 2015 1646 2067 in
1667 2030 1817 2068 cruce
1845 2014 2055 2068 Domini

473 2107 639 2162 nostri
665 2105 793 2160 Jesu
823 2105 1036 2171 Christi,
1066 2121 1157 2173 per
1181 2122 1332 2176 quem
1369 2106 1494 2159 mihi
1519 2106 1746 2159 mundus
1776 2104 2054 2175 cruciﬁxus

471 2207 571 2261 est,
599 2205 648 2249 ct
677 2213 772 2267 ego
814 2198 1004 2251 mundo
1041 2194 1182 2264 (Gal.
1208 2211 1282 2265 v1,
1318 2194 1445 2267 i4)?
1486 2206 1541 2251 et
1581 2197 1801 2266 iterum,
1852 2194 2054 2251 Christo

471 2290 706 2360 confixus
734 2305 847 2343 sum
872 2289 1036 2343 cruci.
1066 2287 1191 2343 Vivo
1209 2299 1379 2343 autem
1394 2292 1512 2363 jam
1535 2305 1637 2343 non
1659 2306 1772 2364 ego,
1798 2289 1918 2344 vivit
1940 2307 2054 2345 vero

478 2378 718 2435 Christus
744 2379 798 2433 in
825 2395 904 2434 me
933 2376 1078 2447 (Cal.
1099 2392 1158 2443 ιι,
1185 2378 1299 2447 19).

544 2468 728 2540 (lbid.)
759 2467 805 2522 A
823 2469 1038 2539 judiciis
1066 2469 1196 2522 enim
1220 2469 1321 2522 tuis
1353 2469 1521 2522 timui.
1548 2467 1605 2525 Si
1630 2469 1740 2539 jam
1772 2471 1947 2525 timuit
1968 2470 2055 2527 vel

476 2560 723 2627 timebat,
753 2574 852 2616 cur
879 2560 1056 2615 adhuc
1087 2570 1199 2615 uta
1240 2561 1429 2615 timore
1456 2575 1552 2617 suo
1596 2561 1734 2616 Deus
1775 2561 2056 2634 cruciﬁge-

476 2660 562 2708 ret
588 2666 781 2707 carnes
806 2651 924 2722 ejus
965 2651 1176 2715 orabat,
1202 2651 1304 2706 nisi
1336 2651 1455 2721 quia
1509 2652 1635 2706 addi
1686 2654 1787 2707 sibi
1838 2655 2054 2711 volebat

468 2746 741 2809 timorem,
770 2745 863 2812 qui
902 2743 1178 2800 sufﬁceret
1220 2745 1612 2798 mortiﬁcandis
1658 2747 2055 2817 concupiscen-

473 2836 579 2903 tiis,
630 2833 1023 2904 aﬂ‘ectibusque
1081 2834 1439 2888 carnalibus?
1489 2835 1662 2889 Aliter
1716 2851 1926 2905 quoque
1982 2838 2053 2891 ita

472 2925 639 2997 5.56
680 2924 1018 2993 Intelligitur,
1049 2923 1258 2995 Conﬁge
1284 2922 1443 2977 clavis
1487 2941 1519 2977 a
1550 2926 1731 2979 timore
1760 2937 1846 2979 tuo
1874 2943 2051 2982 carnes

473 3034 630 3082 meas,
662 3033 693 3069 a
726 3016 942 3089 judiciis
983 3017 1114 3069 enim
1171 3017 1271 3069 luis
1313 3016 1493 3083 timui;
1521 3016 1621 3070 hoc
1652 3026 1755 3081 est,
1783 3034 1810 3071 a
1862 3020 2054 3075 timore

2155 467 2269 523 lant
2293 479 2350 523 ut
2385 468 2571 523 cadam
2611 468 2667 523 in
2702 468 2926 536 malum,
2950 477 3009 525 tu
3056 471 3273 539 suscipe
3298 471 3353 526 in
3395 471 3620 528 bonum.
3645 472 3726 531 llli

2155 558 2553 615 calumniantur
2577 558 2631 614 in
2659 560 2943 628 superbia;
2973 570 3030 615 tu
3055 562 3355 619 humilitate
3377 561 3635 631 defende,
3671 576 3726 621 ut

2130 722 2131 725 η
2154 664 2262 705 non
2284 650 2418 705 mibi
2445 660 2674 705 noceant
2697 649 2985 705 calumniae
3021 653 3398 721 superborum.

2227 740 2416 811 (Vers.
2449 740 2610 810 125.)
2642 739 2792 795 Oculi
2820 741 2919 795 mei
2948 742 3236 813 defererunt
3257 744 3311 797 in
3337 745 3564 801 salutare
3585 756 3729 802 tuum

2151 838 2202 885 et
2229 831 2281 885 in
2304 830 2563 902 eloquium
2586 832 2807 905 justitite
2832 841 2952 887 tuae.
2984 831 3049 886 In
3074 834 3333 904 eloquium
3356 836 3582 907 justititr
3608 838 3729 904 Dei,

2152 922 2255 977 hoc
2303 932 2410 990 est,
2468 924 2519 977 in
2570 924 2980 993 promissionem
3023 923 3221 981 Christi
3268 926 3533 984 deiecisse
3588 930 3723 985 dicit

2152 1014 2339 1070 oculos
2377 1015 2558 1070 cordis
2606 1017 2685 1070 sui
2722 1032 2735 1068 :
2766 1031 2873 1071 non
2917 1017 3040 1085 quia
3095 1018 3323 1073 intentio
3367 1018 3727 1078 desiderantis

2152 1107 2315 1161 animi
2345 1106 2485 1161 victa
2516 1105 2879 1172 succubuerit,
2907 1106 3001 1162 sed
3032 1108 3152 1177 quia
3181 1107 3235 1162 in
3262 1110 3724 1177 exspectationem

2151 1198 2341 1267 gratia:
2379 1196 2497 1264 Dei,
2527 1204 2638 1252 toto
2676 1196 2871 1252 mentis
2916 1197 3112 1254 ardore
3175 1199 3471 1255 transierit.
3512 1200 3730 1258 iustitia

2153 1298 2331 1343 autem
2379 1288 2498 1359 Dei,
2553 1288 2802 1345 Christus
2847 1296 2952 1357 est,
2985 1290 3076 1360 qui
3130 1289 3307 1360 iustos
3358 1290 3490 1347 facit
3532 1291 3579 1364 (1
3607 1292 3730 1349 Cor.

2151 1394 2192 1449 ι,
2231 1378 2351 1449 50).

2225 1472 2409 1543 (νει-ε.
2429 1469 2581 1539 124.)
2604 1467 2716 1524 Fac
2735 1487 2849 1524 cum
2865 1486 3010 1525 seruo
3034 1482 3120 1526 tuo
3135 1472 3413 1526 secundum
3440 1473 3732 1527 misericor-

2154 1562 2294 1616 diam
2336 1572 2500 1616 tuam.
2532 1562 2645 1615 Non
2687 1562 2866 1630 utique
2894 1561 3186 1616 secundum
3220 1562 3481 1631 justitiam
3525 1577 3724 1617 meam.

2152 1653 2559 1721 Justiﬁcationes
2587 1663 2701 1705 tuas
2738 1651 2862 1705 doce
2890 1668 2987 1706 me.
3020 1651 3145 1709 Illas
3173 1653 3363 1722 procul
3390 1652 3576 1722 dubio,
3607 1653 3731 1711 aui-

2085 1746 2132 1806 B
2159 1744 2257 1799 bus
2280 1742 2406 1796 facit
2422 1742 2612 1812 justas,
2641 1741 2670 1780 ιι
2696 1756 2800 1796 non
2827 1743 2929 1811 ipsi
2960 1757 3040 1797 se.

2230 1833 2410 1907 (Vera.
2462 1832 2610 1903 125.)
2654 1832 2846 1888 Servus
2881 1842 2997 1886 tuus
3037 1850 3150 1886 sum
3198 1849 3315 1904 ego.
3348 1833 3533 1905 Neque
3584 1834 3733 1891 enim

2155 1926 2295 1983 bene
2318 1925 2450 1981 mihi
2471 1926 2658 1989 cessit,
2689 1924 2905 1993 quando
2934 1939 3057 1979 esse
3082 1924 3227 1980 volui
3258 1924 3394 1980 liber
3420 1940 3596 1991 meus,
3625 1940 3732 1981 non

2154 2031 2343 2074 servus
2373 2026 2515 2072 tuus.
2548 2013 2631 2069 Da
2655 2015 2726 2069 uti
2754 2013 3092 2079 intellectum,
3125 2022 3183 2069 ut
3215 2014 3410 2069 discam
3445 2017 3735 2070 testimonia

2156 2117 2266 2162 tua.
2306 2107 2475 2163 Nemo
2519 2114 2624 2161 tam
2677 2104 3001 2174 intelligens,
3032 2118 3189 2159 nemo
3232 2112 3342 2157 tam
3382 2104 3572 2159 doctus
3623 2114 3729 2171 est,

2156 2197 2243 2267 qui
2274 2197 2373 2251 hac
2410 2193 2770 2267 postulatione
2811 2207 2917 2248 non
2963 2202 3142 2263 egeat.
3192 2191 3309 2248 Non
3353 2191 3497 2249 enim
3548 2192 3732 2247 horum

2155 2288 2424 2342 donorum
2471 2285 2548 2341 ita
2578 2284 2684 2340 ulla
2710 2292 2995 2353 augmenta
3036 2282 3331 2349 sufﬁciunt,
3357 2292 3416 2336 ut
3446 2296 3554 2337 non
3583 2296 3729 2338 sem-

2160 2393 2256 2448 per
2303 2376 2560 2446 supersit,
2592 2374 2737 2447 quod
2782 2384 2838 2430 et
2872 2374 3096 2444 intelligi
3127 2373 3487 2439 desideretur,
3519 2385 3573 2429 et
3601 2373 3732 2429 sciri

2158 2469 2328 2543 (Sent.
2357 2467 2475 2539 27).

2228 2561 2408 2635 (Vere.
2466 2557 2631 2631 126.)
2688 2557 2912 2629 Tempus
2965 2556 3218 2628 faciendi,
3265 2555 3530 2624 Domine,
3583 2556 3732 2611 dissi-

2157 2661 2405 2725 paverunt
2456 2662 2481 2692 α
2523 2650 2736 2720 superbi
2780 2650 2941 2721 legem
2991 2660 3150 2703 tuam.
3200 2646 3361 2720 457
3412 2646 3546 2713 Quid
3604 2658 3688 2702 est
3717 2693 3731 2712 ,

2154 2745 2539 2814 Dissipaverunt
2586 2741 2747 2813 legem
2790 2748 2970 2807 tuam,
3026 2736 3055 2776 ἀ
3117 2739 3220 2794 nisi
3283 2738 3734 2809 praevaricationis

2157 2837 2477 2906 iniquitate,
2523 2833 2884 2902 integritatem
2964 2831 3083 2901 ejus
3160 2847 3265 2886 non
3324 2829 3735 2886 custodierunt?

2157 2930 2424 2997 Dissipata
2460 2942 2589 2997 ergo
2620 2927 2754 2993 lege,
2787 2922 2999 2993 tempus
3041 2924 3138 2977 fuit
3176 2933 3234 2978 ut
3262 2937 3360 2992 per
3397 2923 3730 2992 unigenitum

2156 3021 2351 3077 Filium
2393 3020 2485 3074 Dei
2512 3015 2879 3071 misericordia
2911 3014 3233 3069 mitteretur.
3292 3012 3398 3066 Lex
3444 3014 3579 3066 enim
3608 3013 3728 3066 sub—

476 3114 566 3159 tno
590 3114 760 3170 casto,
794 3108 881 3172 qui
908 3114 1187 3175 permanet
1210 3104 1263 3158 in
1299 3106 1557 3160 saeculum
1584 3108 1787 3177 saeculi,
1818 3111 2050 3163 carnalia
2079 3110 2123 3172 C
2155 3111 2398 3175 intravit,
2448 3118 2503 3163 ut
2555 3108 2837 3162 abundaret
2908 3106 3150 3159 delictum
3210 3103 3402 3176 (Rom.
3459 3120 3524 3168 v,
3582 3104 3732 3173 20),

474 3214 505 3252 a
536 3214 625 3254 me
654 3198 919 3253 desideria
947 3198 1395 3268 comprimantur,
1426 3214 1453 3251 a
1485 3201 1678 3270 quibus
1713 3216 1800 3255 me
1824 3201 2052 3270 judicio-

476 3304 595 3342 rum
624 3299 836 3343 tuorum
867 3287 1100 3343 formido
1123 3288 1369 3343 frenavit.
1400 3290 1533 3345 Cum
1562 3306 1691 3359 ergo
1725 3291 2049 3347 voluntatem

473 3390 617 3435 tuam
656 3381 854 3445 facere,
880 3390 936 3436 et
969 3391 1117 3437 recte
1155 3383 1357 3447 vivere,
1391 3398 1497 3437 non
1538 3393 1683 3438 metu
1731 3398 1924 3453 plenae,
1956 3384 2051 3439 sed

469 3469 695 3541 jnstitite
741 3484 926 3525 amore
954 3470 1277 3533 desiderem,
1302 3472 1367 3524 da
1400 3473 1543 3527 hunc
1569 3488 1699 3543 ergo
1738 3486 1945 3528 casmm
1998 3485 2054 3529 et

478 3562 705 3618 liberum
738 3562 1004 3627 timorem,
1036 3563 1101 3616 ad
1133 3576 1293 3631 quem
1327 3563 1614 3631 petendum
1654 3579 1739 3618 me
1785 3575 2050 3635 tamquam

476 3654 797 3725 paedagogus
846 3654 977 3724 legis
1028 3654 1118 3709 ille
1156 3654 1430 3723 perduxit,
1462 3669 1569 3725 quo
1619 3672 1651 3709 a
1688 3656 1905 3729 judiciis
1954 3657 2054 3711 tuis

476 3748 645 3804 timui.

430 3827 435 3833 ’
1199 3855 1344 3895 nam.

546 3930 729 4005 (νοις.
761 3929 912 4001 121.)
944 3929 1069 3984 Feci
1084 3932 1341 4002 judicium
1369 3943 1417 3985 et
1437 3932 1720 4001 justitiam,
1752 3947 1852 3985 non
1883 3935 2053 3987 tradas

472 4039 555 4077 me
572 4021 863 4075 nocentibus
884 4036 982 4074 me.
998 4020 1249 4088 Quisquis
1279 4022 1469 4077 timore
1490 4022 1582 4076 Dei
1603 4032 1749 4077 casto
1770 4023 2055 4077 cruciﬁxas

473 4111 640 4167 habet
665 4124 859 4164 carnes
887 4124 1034 4177 suas,
1067 4119 1123 4164 et
1148 4110 1293 4163 nulla
1316 4111 1517 4164 carnali
1547 4120 1834 4180 corruptus
1864 4113 2051 4168 illece-

475 4203 571 4256 bra
599 4199 729 4254 facit
753 4199 1011 4269 judicium
1064 4213 1304 4270 opusque
1329 4200 1574 4269 jnstitiae,
1605 4217 1762 4257 orare
1791 4203 1952 4259 debet
1981 4220 2053 4261 ne

477 4289 890 4345 adversantibus
938 4288 1198 4356 tradatur,
1229 4288 1280 4344 id
1303 4299 1406 4355 est,
1438 4305 1507 4346 ne
1553 4291 1794 4348 timendo
1846 4295 2052 4365 perpeti

474 4383 638 4447 mala,
670 4380 734 4437 ad
763 4380 1006 4437 facienda
1033 4380 1169 4435 mala
1198 4382 1645 4451 persequentibus
1670 4384 1846 4439 cedat.
1880 4388 1924 4440 Α
1945 4401 2052 4455 quo

475 4473 620 4528 enim
652 4472 845 4541 accipit
872 4471 1179 4536 victoriam,
1202 4487 1268 4526 ne
1296 4472 1746 4542 concupiscentia:
1773 4476 2047 4545 voluptate

470 4571 778 4634 superetur,
805 4562 874 4617 ab
902 4561 991 4617 illo
1030 4562 1192 4617 etiam
1220 4562 1387 4618 robur
1428 4562 1719 4632 patientiae,
1748 4581 1816 4620 ne
1861 4566 2048 4623 dolore

467 4654 770 4723 frangatur.
799 4652 1062 4719 Quoniam
1101 4653 1169 4709 de
1209 4669 1317 4722 quo
1364 4652 1582 4722 dicitur,
1619 4655 1869 4712 Dominus
1906 4659 2049 4713 dedit

465 4747 775 4800 suavitatem
814 4742 931 4816 (Ps.
962 4759 1179 4813 Lxxxtv,
1211 4745 1333 4815 15),
1364 4745 1433 4801 de
1480 4746 1572 4801 illo
1618 4748 1778 4802 etiam
1828 4749 2044 4818 dicitur,

472 4837 549 4890 Ab
578 4836 670 4889 illo
697 4846 769 4889 est
794 4834 1040 4905 patientia
1067 4852 1177 4889 mea
1206 4834 1377 4907 (Psal.
1408 4854 1513 4905 LXI,
1539 4837 1617 4910 6).

546 4929 727 4998 (Vera.
773 4928 925 4997 122.)
970 4927 1188 4994 Suscipe
1223 4945 1423 4983 servum
1466 4940 1607 4985 tuum
1648 4932 1703 4986 in
1754 4933 1960 5001 bonum,
1990 4944 2047 4989 ut

543 5112 573 5140 ι
612 5101 765 5172 Apud
795 5101 1177 5171 Augustinum,
1204 5105 1638 5175 praevaricationis
1649 5122 1669 5173 ;
1704 5107 1833 5162 editi
1864 5109 2034 5162 nostri

468 5187 685 5245 clunes,
708 5175 1133 5245 praevaricatoris.

542 5242 571 5283 ι)
591 5242 777 5316 Melius
810 5243 953 5316 apud
997 5243 1370 5316 Augustinum,
1402 5260 1506 5298 non
1548 5247 1649 5316 ipsi
1678 5262 1753 5313 se,
1786 5262 1943 5315 quam
1982 5248 2036 5302 in

468 5313 631 5368 editis
658 5313 873 5378 nostris,
902 5329 1002 5367 non
1020 5313 1130 5382 ipse
1158 5330 1232 5367 se.

546 5394 571 5455 ἐ
600 5384 724 5455 llaec
744 5399 844 5436 vox
868 5381 1095 5455 superbi,
1112 5399 1242 5455 eum
1263 5384 1317 5455 in
1338 5381 1634 5453 Augustino
1655 5400 1759 5439 non
1786 5386 2035 5449 addatur,

474 5451 585 5526 ipsi
618 5453 907 5526 Scriptura:
933 5451 1157 5526 textui,
1180 5451 1538 5526 lvidetur,"e_x
1585 5456 1699 5526 ipsa
1730 5471 1917 5510 versus
1946 5472 2041 5510 ex-

472 5521 759 5589 positione,
790 5523 1074 5593 irrepsisse
1106 5524 1160 5577 in
1187 5531 1390 5578 textum
1414 5539 1430 5576 :
1461 5523 1582 5577 ideo
1606 5521 1832 5579 'diverso
1855 5526 2041 5579 chara-

472 5600 628 5662 ctere,
664 5592 1028 5646 excutiendam
1058 5592 1328 5657 duximus,
1370 5607 1493 5648 cum
1521 5594 1681 5647 etiam
1710 5596 1868 5662 paulo
1905 5596 2043 5649 infra

473 5675 581 5716 non
619 5661 825 5729 legatur
872 5662 926 5715 in
975 5662 1272 5730 Pr05pero,
1318 5663 1407 5716 ubi
1448 5661 1723 5731 repetitur
1764 5680 1886 5733 pars
1944 5668 2044 5721 ista

2154 3216 2260 3271 quo
2310 3200 2508 3255 delicto
2555 3198 2665 3253 Lex
2710 3197 2971 3265 dissipata
3018 3205 3135 3258 est;
3175 3203 3229 3249 et
3278 3204 3584 3263 opportuno
3625 3194 3731 3263 jam

2155 3302 2393 3359 tempore
2418 3290 2667 3344 Christus
2690 3288 2926 3349 advenit,
2960 3297 3016 3339 ιιι
3043 3286 3129 3340 ubi
3152 3285 3427 3339 abundavit
3452 3286 3697 3341 delictum
3714 3327 3730 3352 ,

2153 3381 2585 3456 superabundaret
2610 3380 2775 3452 gratia
2801 3377 3017 3448 (Ibid

2225 3472 2403 3543 (Vers.
2432 3467 2727 3541 12³1.)Ιάεο
2744 3466 2901 3523 dilexi
2922 3468 3166 3520 mandata
3194 3476 3285 3520 tua
3308 3481 3461 3535 super
3478 3483 3665 3521 aurum
3688 3476 3731 3520 et

2154 3565 2409 3634 tapasion.
2433 3563 2487 3618 ld
2510 3561 2824 3632 agitgratia,
2847 3570 2900 3613 ut
2930 3559 3177 3613 mandata
3206 3559 3299 3614 Dei
3323 3558 3614 3613 dilectiOne
3641 3559 3734 3613 im-

2154 3658 2420 3727 pleantur,
2464 3670 2583 3724 qua:
2633 3652 2846 3723 impleri
2891 3651 3091 3706 timore
3136 3666 3239 3704 non
3288 3660 3558 3721 poterant.
3612 3652 3734 3706 Dili-

2154 3755 2355 3817 guntur
2393 3753 2574 3800 autem
2616 3759 2769 3809 super
2813 3758 2999 3795 aurum
3035 3751 3081 3795 et
3109 3742 3377 3811 topasion,
3411 3743 3464 3796 id
3493 3750 3577 3797 est
3602 3784 3617 3808 ,
3649 3758 3735 3798 suo

2156 3852 2250 3907 per
2287 3852 2348 3890 ea
2398 3851 2516 3905 qua:
2554 3835 2789 3904 pretiosa
2830 3832 3094 3887 habentur
3122 3833 3173 3885 in
3207 3840 3382 3895 terra;
3424 3833 3641 3902 quando
3683 3837 3732 3888 in

2155 3929 2500 3986 observantia
2555 3926 2963 3991 mandatorum,
3011 3939 3117 3979 non
3171 3924 3390 3994 aliquod
3442 3925 3733 3995 temporale

2156 4021 2433 4091 praemium
2461 4018 2750 4089 quaeritur,
2783 4016 2877 4072 sed
2906 4017 3020 4085 ipsa
3040 4016 3282 4086 justitia;
3314 4017 3440 4085 quia
3486 4018 3624 4072 nihil
3654 4026 3733 4074 est

2156 4111 2349 4167 melius
2372 4124 2438 4164 eo
2463 4108 2605 4163 bono
2630 4120 2738 4177 quo
2757 4107 2875 4176 ipse
2903 4105 3066 4162 homo
3104 4105 3164 4161 ﬁt
3190 4105 3386 4161 bonus.

2227 4201 2409 4270 (Vers.
2442 4197 2591 4268 128.)
2621 4197 2904 4269 Pr0pterea
2941 4197 3010 4249 ad
3034 4196 3207 4250 omnia
3244 4197 3494 4250 mandata
3530 4207 3618 4251 tua
3660 4198 3733 4251 di-

2154 4294 2375 4367 rigebar.
2400 4291 2534 4359 Quia
2562 4290 2670 4346 illis
2691 4289 2873 4355 rectis,
2908 4288 3153 4343 utetiam
3186 4286 3302 4358 ipse
3331 4298 3513 4343 rectus
3537 4304 3731 4353 essem,

2154 4385 2442 4442 dilectione
2470 4382 2830 4438 cohaerebam.
2861 4378 3076 4434 Omnem
3118 4379 3253 4432 uiam
3295 4378 3588 4448 iniquitatis
3616 4378 3731 4433 odio

2152 4479 2324 4532 habui.
2359 4476 2512 4533 [inde
2542 4475 2686 4530 enim
2716 4472 2833 4528 ﬁeri
2869 4481 3080 4541 poterat
3105 4481 3163 4525 ut
3193 4471 3433 4541 iniquam
3456 4471 3599 4526 viam
3632 4487 3730 4526 non

2153 4569 2362 4624 odisset
2381 4566 2610 4636 diligens
2636 4573 2659 4601 ο
2685 4563 2926 4619 rectum?

2921 4668 2985 4707 PB

2224 4750 2399 4822 (νει-ε.
2440 4747 2589 4816 129.)
2628 4744 2891 4800 Mirabilia
2933 4744 3221 4799 testimonia
3263 4754 3373 4809 tua,
3406 4754 3616 4812 prapter
3643 4744 3729 4795 hoc

2148 4854 2375 4899 scrutata
2402 4850 2554 4895 estea
2578 4840 2748 4892 anima
2772 4855 2898 4891 mea.
2932 4838 3118 4891 Omnia
3167 4836 3381 4905 quidem
3429 4850 3593 4904 opera
3644 4832 3728 4887 Dei

2154 4933 2459 4990 testimonia
2488 4940 2612 4985 sunt.
2639 4929 2935 4997 majestatis
2951 4936 3006 4983 et
3034 4927 3290 4982 bonitatis
3320 4927 3460 4995 ejus,
3496 4926 3728 4995 nihilque

2138 5122 2329 5164 versus
2358 5104 2620 5173 ejusdem.

2212 5176 2240 5215 ἀ
2277 5170 2412 5231 Εᾱὶιῖ
2446 5177 2634 5241 nostri,
2664 5174 2731 5238 si,
2783 5187 2905 5226 cum
2934 5187 2997 5224 (ιιι
3034 5170 3322 5237 Augustino
3354 5180 3409 5223 et
3431 5186 3594 5225 sensu
3630 5171 3725 5224 loci

2140 5248 2306 5329 ipsius
2349 5245 2620 5315 iudicetur
2675 5242 2896 5311 primam
2951 5243 3205 5313 syllabam
3259 5241 3529 5295 excidisse
3587 5241 3726 5295 vocis

2140 5335 2343 5439 ηιδῖἰιε
2384 5384 2509 5438 editi
2558 5380 2754 5446 nostri;
2800 5381 3127 5444 Augustinus
3163 5379 3358 5443 habet,
3386 5393 3606 5447 rectam,
3630 5380 3726 5433 sci-

2143 5458 2271 5511 licet
2319 5455 2478 5508 viam.
2537 5454 2592 5506 Si
2621 5460 2808 5504 rectum
2856 5453 3092 5519 legatur,
3130 5449 3365 5519 intellige
3400 5452 3721 5511 mandatum,

2146 5541 2267 5579 cum
2299 5538 2457 5591 supra
2488 5522 2706 5586 dixerit,
2743 5522 2851 5575 illis
2889 5520 3063 5584 rectis,
3090 5522 3293 5574 scilicet
3320 5520 3616 5587 mandatis,
3643 5534 3724 5570 co—

2151 5595 2424 5650 hterebam.
