4026 6176
223 273 326 328 5ξῖ

966 270 1381 330 PSALMORUM
1425 271 1468 327 A
1507 269 1550 328 C
1588 267 1677 325 AD
1715 267 1800 324 CL
1843 266 2224 323 EXPOSI'l’IO.
2262 264 2456 322 PSAL.
2496 264 2729 320 CXVIII.

3374 257 3482 317 εδδ

215 401 408 440 eorum
437 383 682 454 estquod
709 398 814 438 non
837 386 1157 454 stupendum
1187 393 1258 439 sit
1286 393 1450 453 alque
1472 381 1795 436 mirandum.
1828 385 1872 442 Α
1905 380 2183 435 oculorum
2225 395 2323 449 per
2366 379 2686 434 effusionem
2727 379 3084 449 lacrymarum
3130 375 3484 431 humilitatem

210 475 324 530 Sed
357 484 384 513 ι
412 476 576 529 multa
619 474 882 530 mirabilia
922 487 1044 530 sunt
1091 475 1398 530 testimonia
1449 474 1585 544 legis
1632 473 1800 542 ipsius

205 581 448 634 quorum
477 566 678 621 utilitas
702 574 755 620 et
769 566 978 634 justitia
1022 566 1284 621 altissime
1314 566 1465 630 latet,
1495 578 1616 619 cum
1646 575 1798 632 quae-

205 661 358 712 ritur
387 672 556 724 quare
584 658 707 711 data
735 657 804 712 sit
834 658 915 713 lex
946 674 1065 728 quae
1086 658 1358 712 vivilicare
1389 670 1492 710 non
1523 655 1712 724 possit,
1743 665 1799 708 et

202 764 273 803 ex
326 763 437 818 qua
488 764 593 801 non
632 747 1018 817 justiﬁcaretur
1069 749 1245 802 omnis
1283 762 1410 801 caro
1457 762 1638 803 coram
1685 747 1797 800 Deo

202 839 354 908 (Gal.
401 855 498 904 ttt,
524 839 624 904 21;
652 838 803 893 Rom.
836 854 924 905 ιιι,
965 838 1078 908 20).
1114 839 1307 893 Merito
1354 853 1485 907 ergo
1513 837 1651 891 lianc
1677 838 1798 890 alti-

198 931 457 985 tudinem
498 938 765 984 scrutatus
808 938 913 992 est,
939 930 1026 999 qui
1061 930 1322 984 intellexit
1350 944 1444 997 per
1491 928 1624 997 legis
1652 926 1796 980 difﬁ-

197 1022 442 1074 cultates
481 1021 531 1074 id
578 1021 754 1089 egisse
782 1019 1202 1074 misericordiam
1250 1018 1384 1083 Dei,
1417 1027 1472 1072 ut
1500 1017 1590 1086 qui
1622 1017 1792 1085 legem

201 1110 442 1179 implere
472 1125 578 1163 non
634 1120 899 1179 poterant,
931 1121 1377 1164 converterentur
1421 1107 1485 1160 ad
1533 1107 1791 1177 gratiam;

199 1200 223 1238 δ
255 1202 364 1256 sed
395 1202 575 1256 divina
621 1217 725 1269 ope
755 1202 1219 1269 appreltenderent
1265 1200 1404 1268 quod
1447 1198 1675 1268 propriis
1707 1198 1792 1250 vi-

199 1293 359 1346 ribus
385 1292 604 1360 assequi
637 1307 740 1344 non
773 1293 1020 1346 valebant
1050 1291 1231 1362 (Rom.
1264 1305 1322 1343 ttl
1348 1291 1461 1356 98).

266 1383 464 1452 (Vers.
513 1383 658 1455 150.)
693 1382 1043 1454 Hanifestatio
1095 1383 1362 1436 uerborum
1411 1391 1613 1433 tuorum
1665 1377 1791 1430 illu-

195 1474 392 1538 minat,
449 1483 496 1525 ot
547 1471 830 1540 intelligere
875 1474 999 1543 facit
1048 1471 1308 1539 parvulos.
1349 1470 1647 1525 Scrutaudo
1692 1469 1792 1524 hoc

197 1563 478 1618 intellexit
509 1563 594 1618 hic
647 1562 930 1632 parvulus,
963 1564 1104 1632 quod
1153 1573 1206 1617 et
1248 1564 1524 1632 apostolus
1571 1562 1786 1626 Paulus,

198 1654 322 1707 ideo
371 1654 550 1707 datam
597 1653 768 1722 legem
811 1669 930 1724 qua:
977 1653 1248 1707 viviﬁcare
1284 1668 1388 1707 non
1422 1665 1633 1721 posset,
1665 1657 1787 1722 quia

1902 471 2102 526 indicat
2129 471 2459 539 paenitentis.
2481 468 2589 524 Cur
2615 479 2794 525 autem
2825 485 2930 523 non
2961 469 3225 523 custodita
3258 467 3378 535 lege
3404 466 3484 521 sic

1900 560 2078 625 lletur,
2131 561 2234 615 nisi
2291 569 2349 614 ut
2397 559 2710 629 impleretur
2756 561 2958 628 gratia,
3011 574 3132 627 quae
3174 558 3483 612 conﬁtentis

1899 649 2043 704 delet
2069 648 2426 720 iniquitatem,
2455 661 2509 704 et
2537 651 2808 705 credentis
2839 650 3058 718 adjuvat
3081 648 3446 702 voluntatem?

2591 757 2782 795 TZADB.

1968 831 2148 900 (Vers.
2203 832 2323 896 157,
2379 831 2526 901 158.)
2579 830 2758 884 Justus
2798 849 2868 892 es,
2918 831 3154 894 Domine,
3191 839 3238 883 et
3284 837 3482 884 rectum

1888 925 2145 995 judicium
2185 935 2348 976 tuum.
2387 923 2651 976 Mandasti
2685 924 2944 990 justitiam
2975 921 3266 975 testimonia
3290 930 3400 982 tua,
3432 931 3480 972 et

1896 1015 2156 1066 veritatem
2187 1023 2326 1066 tuam
2356 1015 2527 1067 nimis.
2563 1013 2706 1067 Idem
2736 1012 2958 1066 allectus
2996 1011 3324 1080 paenitentia:
3353 1027 3478 1080 per-

1895 1113 2127 1170 severat,
2179 1104 2414 1158 reddens
2470 1105 2733 1158 rationem
2791 1119 2887 1157 cur
2930 1103 3154 1156 multum
3201 1103 3332 1158 ﬂere
3383 1104 3476 1156 de-

1895 1195 2070 1250 buerit
2099 1212 2114 1250 :
2147 1197 2272 1266 quia
2321 1197 2420 1250 nisi
2472 1197 2593 1265 ipse
2623 1213 2682 1252 se
2719 1197 3134 1261 condemnaret,
3175 1196 3475 1250 rectissime

1892 1289 2240 1358 plecteretur.
2273 1290 2462 1358 Magna
2503 1299 2586 1343 est
2615 1303 2746 1358 ergo
2776 1290 2828 1343 in
2867 1297 3093 1357 utroque
3117 1286 3321 1356 justitia
3350 1287 3472 1352 Dei,

1894 1391 2203 1452 rectumque
2227 1383 2485 1451 judicium
2505 1426 2520 1450 ,
2550 1399 2657 1448 quo
2704 1391 2758 1436 et
2787 1397 2941 1450 plena
2973 1381 3239 1449 peccatori
3278 1380 3470 1434 decer-

1893 1473 2056 1536 nilur.
2089 1483 2142 1528 et
2171 1474 2450 1542 pmnitenti
2476 1471 2788 1541 justiﬁcatio
2815 1487 2921 1526 non
2944 1483 3186 1540 negatur.

1960 1565 2142 1632 (Vers.
2173 1565 2322 1634 159.)
2358 1567 2373 1604 ί
2410 1565 2666 1632 Tabefecit
2696 1581 2774 1620 me
2801 1566 2942 1618 zelus
2971 1563 3151 1616 domus
3193 1572 3324 1627 tute,
3355 1564 3473 1630 quia

1891 1654 2035 1708 obliti
2069 1665 2184 1709 sunt
2234 1656 2384 1709 verba
2419 1666 2509 1709 tua
2537 1657 2730 1710 inimici
2764 1656 2882 1709 mei.
2912 1653 3069 1708 Zelus
3118 1655 3237 1718 iste,
3271 1656 3472 1706 amoris

196 1746 460 1798 conclusit
485 1745 752 1814 Scriptura
771 1745 942 1797 omnia
969 1745 1058 1798 sub
1083 1753 1309 1816 peccato,
1340 1753 1392 1796 ut
1425 1744 1699 1813 promissio
1726 1761 1791 1799 ee-
1821 1747 1865 1806 B
1893 1755 2000 1810 est,
2029 1760 2136 1800 non
2185 1746 2393 1800 livoris.
2423 1747 2614 1801 Sancta
2647 1747 2789 1801 enim
2839 1746 3180 1800 aemulatione
3226 1744 3471 1798 inimicos

199 1837 300 1903 ﬁde
353 1841 485 1890 Jesu
532 1836 720 1890 Christi
767 1837 975 1890 daretur
1019 1836 1328 1890 credentibus
1367 1834 1507 1907 (Gal.
1549 1851 1642 1900 ιιι,
1671 1835 1788 1906 32).

199 1927 381 1996 llujus
428 1942 558 1996 ergo
606 1928 847 1998 mysterii
879 1926 1238 1982 manifestatio
1284 1926 1576 1992 illuminat,
1608 1936 1658 1980 et
1709 1927 1792 1980 in-

197 2020 435 2087 telligere
462 2019 582 2086 facit
611 2020 872 2086 parvulos.
903 2018 1018 2073 Non
1057 2020 1202 2074 enim
1246 2018 1349 2072 hoc
1369 2026 1635 2072 secretum
1664 2033 1789 2086 gra-

199 2111 308 2175 tia»,
347 2111 452 2162 nisi
487 2110 774 2163 humilibus
827 2108 1162 2180 inﬁrmisque
1191 2117 1496 2175 reseratur;
1528 2109 1620 2178 qui
1662 2123 1790 2163 cou-

198 2203 477 2270 fugientes
506 2199 572 2253 ad
603 2200 930 2270 adjutorinm
973 2201 1105 2271 Dei,
1135 2199 1340 2254 viribus
1366 2201 1482 2255 suis
1510 2215 1570 2256 se
1595 2199 1792 2270 justiﬁ-

195 2296 311 2348 cari
347 2309 459 2348 non
493 2308 650 2361 posse
679 2295 1014 2362 proﬁtentur.

263 2386 638 2459 ἥδεσθε.
659 2386 804 2455 151.)
823 2387 892 2441 0s
914 2404 1079 2442 meum
1106 2387 1289 2457 aperui
1308 2395 1356 2441 et
1380 2397 1402 2426 ο
1435 2385 1660 2441 abstraxi
1684 2387 1793 2453 τρὶ-

194 2480 386 2542 ritum,
403 2480 644 2546 quoniam
667 2479 912 2532 mandata
936 2491 1020 2532 tua
1044 2481 1413 2534 desiderabam.
1439 2479 1791 2536 Desiderabat

194 2572 461 2624 mandata
507 2572 688 2625 divina
721 2581 777 2625 ut
802 2570 1024 2627 faceret.
1059 2573 1164 2628 Sed
1195 2587 1302 2628 non
1331 2582 1447 2628 erat
1475 2573 1616 2628 unde
1643 2573 1788 2627 face-

194 2673 274 2717 ret
327 2664 585 2717 inﬁrmus
642 2663 819 2730 fortia,
853 2665 1106 2734 parvulus
1161 2679 1376 2736 magna.
1436 2665 1660 2736 Aperuit
1704 2680 1786 2732 os,

193 2755 474 2808 conﬁtens
497 2755 634 2823 quod
671 2754 847 2810 facere
879 2772 973 2824 per
1000 2772 1058 2810 se
1089 2757 1202 2825 ipse
1233 2773 1336 2813 non
1369 2766 1568 2827 posset.

263 2845 458 2915 (γει-ε.
511 2846 658 2915 152.)
709 2845 918 2916 Respice
959 2848 1011 2900 in
1057 2863 1153 2910 me,
1193 2859 1240 2901 et
1285 2850 1523 2902 miserere
1564 2849 1680 2914 mei,
1712 2865 1787 2902 se-

191 2937 436 2988 cundum
482 2937 743 3006 judicium
785 2937 1106 3010 diligentiam
1154 2955 1336 2993 nomen
1383 2950 1545 2993 tuum.
1579 2940 1633 2993 Id
1681 2951 1783 3006 est,

191 3028 505 3081 secundum
535 3030 796 3096 judicium
841 3031 982 3099 quod
1013 3030 1066 3084 in
1097 3046 1190 3085 eus
1221 3031 1391 3085 fecisti
1427 3033 1516 3101 qui
1557 3033 1786 3101 diligunt

1894 1849 2022 1889 suos
2052 1836 2166 1890 vult
2213 1851 2334 1891 esse
2377 1847 2684 1899 correctos,
2715 1837 2903 1892 dolens
2932 1846 2986 1890 et
3013 1836 3291 1890 tabescens
3328 1836 3469 1905 quod

1891 1926 2044 1981 obliti
2075 1928 2185 1981 sint
2213 1928 2496 1982 verborum
2524 1928 2642 1982 Dei.

1963 2038 2128 2109 459
2156 2038 2339 2108 (Vers.
2373 2040 2524 2109 110.)
2580 2037 2813 2110 Ignitum
2865 2035 3072 2091 uerbum
3116 2046 3261 2090 tuum
3299 2036 3467 2098 valde,

1892 2138 1940 2184 et
1980 2147 2156 2185 servus
2201 2141 2316 2185 tuus
2364 2133 2544 2186 dilexit
2595 2131 2748 2184 illud.
2784 2129 3018 2200 Diligens
3073 2129 3313 2183 divinum
3360 2129 3472 2182 elo-

1892 2222 2113 2289 quium,
2143 2237 2204 2276 ea
2253 2223 2518 2277 charitate
2571 2222 2839 2287 fervebat,
2871 2229 2932 2274 ut
2983 2220 3049 2274 ad
3104 2234 3344 2274 amorem
3378 2219 3470 2273 Dei

1891 2314 2052 2367 etiam
2086 2313 2336 2371 inimicos
2365 2327 2494 2367 suos
2523 2313 2688 2367 vellet
2715 2312 2958 2367 accendi.

1964 2403 2148 2472 (Vers.
2187 2404 2336 2475 141.)
2365 2402 2554 2458 Iunior
2577 2421 2670 2475 ego
2711 2420 2823 2457 sum
2869 2412 2917 2457 et
2958 2410 3295 2470 contentptus,
3320 2401 3472 2468 justi-

1895 2497 2156 2564 ﬁcationes
2196 2508 2309 2550 tuas
2362 2513 2463 2550 non
2516 2513 2631 2550 sum
2681 2496 2888 2548 oblitus.
2923 2495 3066 2548 Bene
3114 2494 3196 2546 hic
3243 2493 3470 2546 duorum

1895 2588 2216 2655 populorum
2250 2586 2567 2654 intelligitur
2597 2588 2941 2654 signiﬁcatio,
2976 2584 3068 2653 qui
3098 2585 3256 2637 etiam
3285 2584 3336 2636 in
3369 2583 3470 2636 lle-

1892 2679 2067 2734 bcccaa
2097 2687 2252 2733 utero
2275 2679 2616 2733 luctabantnr
2647 2677 2798 2748 (Gen.
2826 2676 3034 2741 xxv,2:l
3055 2685 3101 2728 et
3115 2675 3230 2744 23),
3258 2674 3468 2741 quando

1890 2789 1994 2825 non
2032 2787 2094 2825 ex
2141 2772 2396 2842 Oper-ibus,
2427 2771 2514 2824 sed
2565 2786 2627 2824 ex
2672 2777 2880 2822 uocante
2927 2768 3119 2820 dictum
3161 2776 3265 2828 est,
3298 2765 3469 2835 Major

1889 2864 2068 2917 serviet
2125 2863 2310 2915 minori
2355 2861 2536 2930 (Rom.
2584 2877 2659 2925 ιιι,
2716 2860 2850 2929 12).
2907 2857 3284 2926 Contemptum
3341 2869 3471 2925 ergo

1889 2970 1948 3008 se
1977 2955 2105 3008 dicit
2153 2953 2240 3009 hic
2272 2955 2454 3024 junior
2484 2969 2499 3007 :
2543 2965 2597 3007 et
2645 2953 2766 3007 ideo
2795 2953 2964 3007 lactus
3000 2959 3082 3005 est
3110 2951 3304 3018 major,
3346 2951 3471 3018 quia

1890 3047 2136 3116 ignobilia
2173 3055 2219 3099 et
2263 3045 2663 3114 contemptibilia
2691 3044 2839 3111 elegit
2867 3041 3028 3104 Deus,
3069 3051 3116 3094 et
3145 3058 3202 3092 ea
3228 3055 3340 3108 qua:
3369 3056 3471 3092 non

193 3132 402 3172 nomen
438 3129 587 3172 tuum
623 3136 636 3172 :
670 3122 946 3188 quoniam,
981 3134 1038 3175 ut
1090 3123 1374 3191 diligerent
1418 3133 1489 3189 te,
1534 3123 1679 3192 prius
1704 3124 1787 3177 di-
1813 3116 1857 3177 C
1890 3144 2008 3189 δαηι
2055 3146 2314 3201 (umquam
2359 3136 2482 3200 δίνη,
2527 3145 2581 3188 ηε
2607 3151 2721 3204 qua
2747 3143 2862 3186 ,υηι
2907 3139 3212 3186 ευασιιεηιαν
3257 3130 3299 3201 (ι
3349 3130 3469 3185 σον,

190 3210 379 3264 lexisti
414 3225 510 3265 eos
543 3209 765 3281 (lJoan.
791 3229 863 3277 tv,
900 3212 1008 3283 19).

258 3301 455 3370 (Vers.
503 3302 654 3372 153.)
683 3302 897 3358 Cressus
951 3321 1084 3358 meos
1136 3304 1300 3374 dirige
1351 3305 1630 3359 secundum
1682 3305 1789 3359 elo-

189 3395 374 3462 quium
405 3404 581 3456 tuum,
613 3405 659 3449 et
691 3412 792 3449 non
834 3397 1122 3450 dominetur
1162 3399 1262 3449 mei
1305 3399 1468 3452 omnis
1505 3398 1784 3471 injustitia.

187 3487 328 3549 Quid
388 3497 530 3552 orat,
582 3482 610 3524 ἀ
643 3487 743 3540 nisi
800 3496 857 3540 ut
909 3488 1003 3542 Dei
1053 3502 1335 3560 praecepta,
1385 3505 1506 3560 quae
1562 3493 1788 3560 imponit

188 3577 462 3646 iubendo,
499 3577 707 3646 impleri
739 3579 895 3633 iaciat
930 3579 1265 3650 adjuvandot

263 3672 467 3740 (Vers.
513 3672 662 3741 154.)
693 3671 905 3726 Redime
937 3687 1017 3724 me
1043 3689 1077 3725 a
1115 3672 1383 3726 calumniis
1425 3671 1709 3739 hominum,
1741 3683 1788 3728 et

191 3764 494 3816 custodiam
521 3764 766 3817 mandata
805 3773 916 3818 tua.
945 3763 1048 3831 Tu,
1082 3764 1273 3833 inquit,
1307 3779 1408 3834 age
1453 3763 1628 3818 infuso
1669 3765 1788 3832 Spi-

186 3858 294 3910 ritu
334 3865 438 3909 tuo
484 3870 551 3910 ne
583 3871 668 3910 me
705 3857 990 3912 calumnia:
1029 3857 1299 3911 hominum
1343 3859 1640 3912 terroribus
1671 3861 1788 3913 vin-

185 3956 335 4012 cant,
377 3956 435 4000 et
464 3962 493 3998 a
528 3948 633 4001 tuis
663 3949 930 4003 mandatis
964 3949 1028 4003 ad
1057 3965 1154 4003 sua
1203 3959 1226 3987 °
1259 3950 1399 4006 male
1437 3950 1571 4005 facta
1604 3951 1786 4005 tradu-

185 4048 334 4091 cant.
378 4037 440 4092 Si
497 4039 642 4093 enim
692 4055 775 4095 me
817 4039 920 4096 hoc
965 4042 1127 4096 modo
1173 4044 1498 4107 redemeris,
1549 4053 1609 4097 ut
1655 4045 1786 4099 milii

187 4129 329 4184 inter
367 4133 776 4198 pe'secutiones
817 4135 1254 4188 calumniantium
1293 4137 1653 4191 constantiam
1683 4138 1783 4192 do-

185 4236 283 4275 nec
313 4228 489 4288 atque
521 4222 830 4288 patientiam
853 4268 867 4291 ,
901 4225 1196 4278 Custodiam
1229 4226 1472 4280 mandata
1501 4236 1610 4281 tua.

255 4311 460 4378 (Vers.
494 4311 644 4382 135.)
674 4311 886 4368 Faciem
932 4325 1076 4369 tuam
1126 4317 1362 4371 illumina
1389 4335 1542 4388 super
1585 4335 1785 4373 seruum

187 4413 366 4469 tuum,
407 4413 455 4457 et
473 4404 601 4458 doce
624 4422 700 4459 me
718 4407 1114 4474 justiﬁcationes
1141 4419 1276 4463 tuas.
1306 4410 1672 4477 Praesentiam,
1705 4414 1786 4468 in-

1891 3243 1928 3295 t,
1958 3227 2051 3295 28)
2082 3245 2094 3282 :
2147 3228 2198 3281 id
2231 3238 2334 3295 est,
2368 3239 2426 3282 ut
2473 3228 2690 3296 superbi
2739 3227 3109 3288 destruantur,
3141 3232 3196 3278 et
3241 3223 3473 3278 humiles

1886 3321 2271 3391 justiliccntur.

1963 3414 2141 3485 (Vers.
2176 3413 2324 3484 142.)
2357 3412 2569 3467 Iustitia
2599 3421 2687 3465 tua
2704 3410 2909 3478 justitia
2934 3409 2986 3462 in
3011 3417 3276 3465 aeternum.
3309 3416 3356 3460 et
3390 3407 3474 3462 lex

1888 3515 1977 3558 tua
2030 3508 2237 3560 veritas.
2269 3505 2552 3572 Quomodo
2603 3505 2744 3556 enim
2794 3517 2900 3555 non
2956 3499 3155 3554 veritas
3184 3499 3325 3564 Lex,
3377 3514 3471 3567 per

1889 3612 2047 3665 quam
2094 3597 2329 3665 cognitio
2361 3595 2590 3664 peccati,
2622 3604 2674 3646 et
2705 3608 2824 3661 qua:
2875 3590 3246 3645 testimonium
3297 3587 3472 3657 perbi-

1892 3687 1981 3741 bet
2005 3687 2228 3754 justitite
2263 3687 2352 3740 Dei
2378 3686 2551 3754 (Rom.
2577 3699 2658 3748 ιιι,
2690 3684 2760 3737 20
2789 3694 2836 3736 et
2864 3681 3002 3750 ‘21)?

1960 3777 2140 3846 (Vers.
2174 3774 2322 3846 143.)
2356 3774 2640 3827 Tribulatio
2669 3782 2718 3826 et
2747 3773 3016 3825 necessitas
3043 3772 3338 3823 invenerunt
3365 3785 3469 3830 me,

1887 3869 2130 3920 mandata
2159 3877 2330 3919 autem
2360 3874 2447 3918 tua
2477 3865 2739 3917 meditatio
2774 3878 2885 3914 mea
2913 3872 3004 3914 est.
3037 3861 3250 3914 vaitia
3292 3859 3470 3914 inimi-

1887 3973 2074 4012 corum
2132 3956 2292 4011 infert
2339 3955 2462 4009 ltuic
2512 3955 2711 4021 juniori
2764 3953 3186 4018 tribulationem,
3219 3953 3311 4006 sed
3363 3967 3466 4005 non

1887 4046 2079 4100 adimit
2121 4032 2458 4100 cliaritatein.
2488 4043 2760 4098 Meditatio
2814 4044 2959 4097 enim
3005 4042 3172 4111 ipsius
3220 4043 3465 4096 mandata

1885 4147 2010 4193 sunt
2041 4137 2155 4202 Dei,
2186 4150 2250 4191 ex
2281 4135 2476 4206 quibus
2508 4135 2592 4190 his
2631 4136 2721 4203 qui
2752 4149 2872 4188 eum
2915 4133 3164 4200 oderunt,
3215 4132 3463 4189 dilectio-

1887 4243 2008 4284 nem
2033 4228 2300 4298 rependit.

1958 4320 2136 4393 (Vers.
2172 4319 2321 4389 144.)
2367 4317 2581 4374 Iustitia
2626 4319 2915 4373 testimonia
2958 4327 3046 4371 tua
3093 4319 3146 4370 in
3192 4327 3464 4383 ceter-num,

1886 4411 2198 4464 intellectum
2251 4409 2320 4462 da
2377 4410 2527 4474 mihi,
2579 4419 2626 4461 et
2680 4409 2861 4462 vivam.
2905 4406 3240 4460 Intellectum
3296 4407 3468 4475 poscit

186 4497 329 4565 quit,
371 4505 519 4549 tuam
546 4497 914 4552 subveniendo
942 4507 996 4552 et
1025 4499 1338 4567 opitulando
1368 4500 1653 4556 manifesta
1681 4517 1696 4567 ;
1731 4512 1785 4558 et
1812 4488 1863 4548 Ῑ)
1887 4504 2066 4573 junior
2095 4501 2182 4556 hic
2222 4502 2312 4570 qui
2343 4516 2505 4567 supra
2535 4501 2777 4554 seniores
2808 4513 2866 4553 se
2897 4498 3178 4564 intellexit,
3211 4498 3264 4552 in
3296 4498 3468 4552 tribu-

188 4586 263 4640 ita
296 4601 398 4640 me
423 4585 836 4653 justilicationes
883 4597 1002 4644 tuas
1050 4590 1212 4654 doce,
1246 4599 1304 4644 ut
1350 4593 1479 4645 mitti
1510 4607 1602 4647 eas
1643 4594 1781 4648 didi-

186 4678 360 4741 cisse,
403 4675 596 4731 fecisse
621 4679 714 4731 sit.

267 4767 465 4836 (Vera.
519 4767 667 4839 156.)
717 4767 905 4824 Exitus
949 4785 1197 4839 aquarum
1244 4772 1611 4828 descenderunt
1655 4779 1791 4831 oculi

189 4858 317 4921 mei,
371 4857 499 4925 quia
545 4875 646 4911 non
693 4861 1044 4914 custodierunt
1086 4863 1246 4932 legent
1291 4872 1450 4917 tuam.
1503 4865 1791 4922 Desccnsio

267 4999 296 5026 ι
327 4989 688 5064 _Sus_pi_camttr
717 4991 998 5060 legendum
1044 4995 1204 5047 multo
1230 4994 1577 5060 mirabiliora,
1603 5012 1698 5064 pro
1727 5014 1791 5051 eu

189 5060 343 5131 quod
380 5060 510 5113 editi
539 5075 727 5115 omnes
770 5064 1026 5127 scriptum
1073 5072 1275 5128 tenent,
1309 5067 1470 5118 multa
1515 5060 1786 5122 mirabilia.

264 5131 291 5169 δ
327 5131 482 5184 Editi
532 5133 754 5194 Lovan.,
785 5133 949 5186 Duae.
981 5142 1038 5188 et
1073 5136 1285 5201 Colon.,
1325 5136 1377 5189 itt
1427 5151 1520 5190 ora
1553 5137 1672 5192 libri
1697 5154 1792 5193 no-

191 5212 312 5255 tant
345 5201 512 5253 aliter
542 5203 667 5269 legi,
702 5213 745 5254 et
772 5204 944 5255 divina
970 5220 1086 5266 ope.

270 5283 292 5310 ε
332 5271 670 5343 Augustinus
704 5274 844 5343 legit
885 5276 1108 5337 attraxi,
1163 5275 1486 5343 exponitque
1513 5318 1530 5342 ,
1578 5281 1792 5332 attraxit

190 5343 338 5396 unde
374 5342 592 5408 faceret,
620 5341 826 5397 scilicet
846 5382 862 5407 ,
894 5343 1142 5396 mandata
1172 5345 1371 5398 divina.
1398 5341 1552 5401 Unde
1581 5353 1667 5404 vix
1695 5351 1796 5402 du-

190 5414 721 5486 bitamoserratum
770 5428 893 5469 esse
920 5415 973 5468 in
1024 5415 1185 5470 editis
1236 5415 1627 5486 Prospei-inuis,
1671 5435 1792 5474 cum

189 5483 392 5551 legunt
423 5482 674 5534 abstraxi.

267 5553 297 5588 ά
339 5550 404 5604 In
441 5553 758 5622 Augustino,
806 5555 906 5606 nisi
935 5562 989 5606 ut
1015 5564 1290 5625 prwcejita,
1324 5573 1437 5625 gnte
1466 5557 1609 5612 Deus
1639 5561 1802 5630 impo-

234 5635 273 5671 rt
327 5632 442 5671 etc.

234 5641 249 5671 ι
370 5635 383 5669 t
431 5660 442 5671 .

194 5639 226 5675 υ
256 5635 301 5727 ιο
327 5636 593 5757 ῗὶῖευέιη
629 5691 764 5745 mala
787 5694 944 5760 facta.
978 5695 1116 5750 Editi
1143 5696 1344 5763 nostri,
1370 5700 1502 5752 male
1531 5700 1687 5767 facta.

1893 4593 2120 4657 latione,
2154 4592 2207 4646 in
2239 4592 2588 4655 necessitate;
2623 4600 2679 4642 ttt
2727 4587 2985 4657 intelligat
3020 4603 3180 4657 quam
3226 4589 3296 4644 sit
3342 4603 3471 4644 con-

1892 4683 2238 4739 temnendum
2290 4691 2316 4728 κ
2346 4681 2486 4750 quod
2520 4681 2573 4736 ei
2617 4680 2818 4734 auferri
2870 4687 3081 4748 potest,
3111 4679 3203 4749 qni
3254 4690 3471 4750 propter

1893 4785 2147 4830 aeternam
2174 4774 2436 4844 justitiam
2488 4771 2580 4827 Dei
2613 4771 2925 4842 temporalia
2963 4771 3270 4841 negligens,
3304 4773 3472 4825 vitam

1894 4878 2074 4938 sperat
2101 4877 2380 4922 aeternam.

1970 4997 1990 5036 ί
2039 4998 2128 5056 Sic
2180 4999 2363 5066 legunt
2409 4997 2676 5064 Lngdnn.,
2723 4997 2926 5052 anan.
2977 5004 3030 5049 et
3069 4995 3234 5050 Duae.
3277 4996 3468 5051 Colum

1895 5085 2047 5136 vero,
2081 5069 2317 5122 Tabescit
2345 5085 2441 5122 me.
2480 5070 2805 5136 Augustinus
2845 5079 3046 5130 autem,
3081 5083 3202 5120 cum
3233 5068 3472 5132 legisset,

1898 5139 2154 5208 Tabefecit
2200 5155 2278 5191 me
2317 5140 2458 5191 zelus
2493 5155 2666 5208 meus,
2706 5137 2882 5203 addit,
2919 5136 3014 5190 γει
3044 5146 3100 5189 ιιι
3143 5137 3234 5190 alii
3273 5138 3474 5190 codices

1897 5207 2098 5271 habent,
2127 5209 2265 5262 zelus
2289 5217 2426 5262 tuus.
2452 5207 2656 5262 Habent
2679 5208 2917 5262 nonnulli
2938 5210 3108 5271 etiam,
3131 5208 3268 5261 zelus
3291 5209 3473 5257 domus

1896 5290 2033 5346 tute;
2063 5289 2108 5332 et
2143 5296 2244 5332 non
2283 5277 2327 5332 Τ
2331 5279 2543 5349 abefecit
2570 5295 2678 5343 me,
2715 5279 2804 5332 sed
2848 5277 3074 5331 Comedit
3107 5294 3201 5330 me.
3238 5277 3384 5342 Quod
3413 5291 3475 5326 ex

1895 5351 1999 5402 alio
2034 5350 2260 5418 psalmo,
2284 5358 2532 5418 quantum
2556 5349 2682 5401 mihi
2703 5349 2922 5410 videtur,
2948 5355 3176 5416 putatum
3206 5356 3278 5398 est
3305 5363 3473 5418 enirn-

1901 5417 2130 5473 dandum
2149 5461 2162 5484 ,
2196 5417 2565 5487 ubiscriptum
2594 5427 2697 5482 est,
2726 5418 2878 5471 Zelus
2911 5418 3090 5468 domus
3119 5426 3217 5468 tua:
3255 5417 3471 5468 comedit

1901 5508 1999 5542 me.
2032 5491 2172 5543 Psal.
2203 5504 2394 5551 vattt,
2432 5492 2516 5543 18.

1974 5569 1998 5606 8
2030 5560 2195 5629 Lugd.
2228 5559 2412 5625 editio,
2443 5559 2580 5626 quod
2609 5566 2676 5613 et.
2710 5555 2939 5621 Lovan.,
2968 5553 3136 5609 Duac.
3170 5563 3223 5608 et
3252 5555 3468 5621 Colum,

1901 5639 1960 5685 ut
1985 5631 2036 5683 in
2066 5630 2381 5698 Augustino,
2411 5629 2548 5696 quod
2577 5630 2644 5682 ei.
