4030 6178
475 101 579 162 359

1188 236 1345 277 IOPII.

548 312 731 385 (Vers.
766 312 914 383 H5.)
945 311 1176 368 Clamavi
1204 314 1258 365 in
1280 319 1384 364 toto
1404 308 1556 364 corde
1582 324 1712 373 meo,
1737 313 1925 365 exaudi
1949 329 2049 379 me,

476 400 716 468 Domine,
738 403 1141 475 justiﬁcationes
1173 412 1285 455 tuas
1314 402 1600 471 exquiram.
1632 397 1847 455 Clamor
1874 403 2054 457 cordis

474 500 578 553 est.
610 494 788 546 silenti
839 506 975 547 sono
1003 492 1170 560 vocis,
1214 505 1403 561 magna
1434 490 1776 561 cogitationis
1804 493 2050 557 intentio,

474 604 578 659 qua
628 588 696 642 ad
751 588 852 643 boc
898 588 997 642 iste
1029 596 1140 642 toto
1186 586 1352 640 corde
1399 586 1673 651 clamavit,
1703 594 1760 641 et
1809 587 1910 641 boc
1950 588 2053 642 sibl

473 681 798 736 desideravit
853 697 885 736 a
938 682 1166 735 Domino
1197 680 1520 734 exaudiente
1574 678 1854 747 praestari,
1888 688 1947 733 ut
1970 683 2055 748 ju-

473 773 824 828 stificationes
861 775 977 841 ejus
1005 773 1285 841 exquirat;
1326 784 1461 839 quas
1490 784 1594 823 non
1629 770 1799 824 solum
1832 770 2053 825 scientia

473 862 912 932 comprehendat,
946 863 1039 916 sed
1070 862 1232 915 etiam
1264 874 1429 928 opere
1457 866 1734 913 exerceat.

543 952 724 1023 (Vers.
782 951 930 1019 H6.)
987 951 1217 1006 Clamavi
1261 950 1330 1003 ad
1376 959 1440 1015 te,
1499 950 1695 1003 salvum
1741 964 1818 1001 me
1862 952 1966 1017 fac,
2010 957 2059 1001 et

473 1045 761 1098 custodiam
804 1044 1090 1097 testimonia
1136 1050 1243 1095 tua.
1275 1041 1436 1097 Salus
1485 1042 1679 1093 animai
1709 1037 1837 1093 facit
1871 1046 1931 1092 ut
1963 1053 2060 1106 pro

475 1135 841 1192 custodiendis
896 1134 1217 1190 testimoniis
1248 1132 1341 1187 Dei
1372 1132 1478 1186 vita
1527 1133 1771 1201 corporis
1817 1141 2061 1185 contem-

475 1230 657 1294 natur;
691 1236 748 1283 et
775 1229 817 1281 si
858 1227 960 1281 hoc
1005 1226 1210 1296 ﬂagitat
1252 1233 1493 1279 extrema
1523 1224 1770 1291 teutatio,
1804 1233 1863 1278 ut
1891 1238 2062 1294 usque

475 1318 542 1373 ad
573 1327 803 1373 mortem
829 1334 925 1387 pro
958 1319 1181 1371 veritate
1213 1324 1471 1370 certetur.

544 1409 725 1482 (Vers.
762 1406 908 1478 147.)
943 1407 1171 1461 Prteveni
1217 1407 1518 1473 intempesta
1551 1413 1713 1469 nocte,
1743 1412 1791 1458 et
1822 1404 2059 1473 clamavi,

476 1512 523 1557 et
547 1504 602 1556 in
649 1502 811 1559 verbis
858 1503 959 1555 tuis
1005 1501 1223 1572 speravi.
1249 1500 1365 1554 Nox
1394 1500 1707 1568 intempesta
1736 1507 1951 1568 tempus
1979 1508 2062 1553 est

1703 101 1761 159 ὃ.
1805 100 2140 159 PROSPERI
2178 99 2502 170 AQUI'I'ANI

2079 221 2125 278 Α
2157 216 2339 270 veritas
2390 215 2563 283 (Psal.
2612 231 2763 282 xxiv,
2814 214 2926 288 10).
2971 216 3027 273 Si
3068 231 3201 287 ergo
3249 229 3438 272 omnes
3482 214 3725 270 homines

3625 95 3722 152 360

2153 306 2587 372 consideremus,
2616 322 2842 377 quorum
2872 307 2964 361 alii
2992 307 3362 363 misericordia
3402 307 3720 371 liberantur,

2152 395 2241 448 alii
2266 410 2294 448 a
2318 394 2543 451 veritate
2567 396 2913 463 damnantur,
2948 399 3197 453 universae
3216 398 3311 452 vite
3338 397 3545 451 Domiui
3571 398 3725 449 mise-

2153 488 2378 542 ricordia
2403 498 2449 541 et
2475 489 2681 542 veritas.
2706 488 2762 544 Si
2785 500 2964 543 autem
2985 489 3131 544 solos
3157 498 3376 544 sanctos
3399 489 3724 549 intueamur,

2156 593 2264 632 non
2294 578 2672 634 discernuntur
2707 579 2789 635 ha:
2817 580 2938 635 vite.
2964 580 3239 635 Individua
3282 582 3422 636 enim
3461 581 3533 634 ibi
3565 592 3647 635 est
3676 591 3731 635 et

2157 683 2185 722 a
2218 670 2590 726 misericordia
2627 672 2860 738 veritas,
2890 680 2945 727 et
2982 687 3010 725 a
3043 672 3269 728 veritate
3314 673 3683 728 misericordia
3713 689 3725 724 :

2156 761 2277 829 quia
2314 759 2589 816 beatitudo
2624 772 2932 829 sanctorum
2960 771 3042 817 est
3072 773 3125 817 et
3154 763 3222 817 de
3243 778 3466 818 munere
3520 764 3733 818 miseri-

2157 851 2389 917 cordiae,
2437 861 2493 906 et
2535 852 2603 906 de
2651 851 3003 925 retribjﬁme
3046 853 3263 925 justitiae
3299 854 3468 925 (Sent.
3500 855 3620 923 28).

2229 943 2408 1013 (Vers.
2441 944 2587 1012 152.)
2618 945 2692 999 Ab
2733 943 2878 1023 milio
2908 948 3120 1017 cognovi
3162 946 3225 1000 de
3265 946 3562 1000 testimoniis
3602 946 3729 1014 tuis,

2159 1035 2277 1102 quia
2308 1036 2365 1088 in
2394 1045 2640 1089 internum
2680 1036 2911 1105 fundasti
2940 1053 3017 1090 ea.
3043 1037 3172 1104 Quae
3196 1046 3322 1093 sunt
3357 1038 3456 1091 ista
3483 1036 3733 1092 testimo-

2161 1126 2268 1192 nia,
2296 1126 2400 1180 nisi
2421 1127 2613 1195 quibus
2636 1134 2863 1182 testatus
2889 1136 2973 1183 est
2991 1129 3135 1182 Deus
3156 1127 3406 1182 daturum
3428 1141 3487 1182 se
3510 1143 3729 1197 regnum

2160 1218 2274 1271 suis
2306 1216 2431 1272 ﬁliis
2459 1219 2877 1287 sempiternum?
2913 1219 2976 1273 Et
3022 1219 3143 1274 ideo
3184 1221 3296 1290 ipsa
3344 1220 3649 1275 testimonia
3677 1219 3728 1273 in

2161 1317 2422 1364 aeternum
2465 1309 2710 1375 fundata;
2738 1311 2859 1379 quia
2890 1310 2943 1364 id
2982 1310 3124 1380 quod
3167 1310 3441 1380 promisit,
3467 1320 3727 1365 aeternum

2161 1407 2265 1464 est,
2312 1400 2434 1469 quia
2483 1399 2889 1456 fundamentum
2931 1403 3306 1471 promissionis
3355 1410 3441 1456 est
3483 1402 3730 1456 Christus

2166 1488 2209 1560 (Ι
2234 1487 2353 1544 Cor.
2384 1505 2463 1556 ut,
2492 1488 2603 1561 11),
2626 1490 2681 1544 in
2707 1506 2814 1561 quo
2859 1491 3020 1559 hujus
3065 1490 3180 1560 spei
3227 1491 3532 1546 testimonia
3569 1490 3728 1562 46],

477 1593 653 1648 noctis
684 1595 894 1661 medim,
928 1594 1089 1646 rebus
1117 1606 1237 1660 qua:
1292 1605 1387 1661 per
1436 1590 1576 1644 diem
1607 1602 1837 1659 aguntur
1867 1592 2056 1646 iucun-
2086 1581 2133 1641 B
2162 1599 2286 1639 vera
2332 1592 2500 1639 sunt:
2534 1599 2655 1653 quae
2695 1584 2783 1639 hic
2824 1584 2887 1638 ab
2932 1585 3079 1639 initio
3122 1584 3438 1654 cognovisse
3480 1598 3541 1638 se
3579 1584 3731 1648 dicit,

480 1700 691 1755 gruum.
725 1684 841 1752 Quo
884 1683 1218 1755 signiﬁcatur
1248 1682 1511 1753 quoddam
1553 1682 1891 1736 obstaculum
1922 1697 2060 1751 pra:-

477 1777 648 1832 sentis
695 1776 902 1843 seculi,
951 1776 1089 1846 quod
1141 1777 1193 1830 in
1222 1775 1628 1844 comparatione
1670 1774 1834 1828 futuri
1879 1774 2058 1829 saeculi

480 1883 589 1923 uox
618 1878 875 1933 vocatur;
907 1876 961 1923 et
989 1883 1093 1937 quo
1133 1868 1513 1937 promissiones
1544 1866 1667 1933 Dei,
1698 1867 1861 1937 560
1888 1865 2061 1921 donec

479 1968 697 2014 mternte
754 1959 890 2013 lucis
948 1960 1128 2013 veniat
1174 1957 1557 2023 maniiestatio,
1605 1958 1946 2013 differuntur.
2001 1956 2059 2012 In

479 2047 583 2104 hoc
610 2064 742 2120 ergo
772 2058 1013 2117 tempore
1043 2050 1383 2118 intempesta:
1414 2048 1585 2102 noctis
1613 2048 1808 2102 clamat
1847 2048 1913 2103 ad
1956 2047 2063 2103 Do-

480 2141 707 2205 minum,
742 2150 952 2211 tempus
1004 2140 1374 2195 retributionis
1411 2138 1685 2195 desiderio
1727 2154 1827 2195 suo
1859 2153 2064 2208 praeve-

480 2234 580 2299 nit,
630 2234 720 2302 qui
778 2234 1041 2301 promissa
1100 2232 1193 2286 Dei
1251 2230 1536 2300 vigilanter
1590 2229 1854 2297 exposcit.
1908 2229 2060 2297 Quod

479 2324 640 2378 etiam
672 2323 737 2377 ad
771 2322 859 2377 illa
890 2322 1075 2376 referri
1109 2331 1348 2390 tempora
1376 2330 1573 2391 potest,
1605 2322 1797 2392 quibus
1820 2320 2061 2377 Ecclesia

479 2414 817 2484 propheticis
843 2413 1067 2466 vocibus
1095 2413 1295 2467 Christi
1324 2413 1629 2483 postulabat
1656 2413 1945 2468 adventum
1964 2452 1979 2478 ,
2008 2422 2064 2468 et

479 2506 726 2574 Sperabat
776 2503 1125 2572 implendum,
1159 2514 1215 2557 ut
1265 2503 1319 2556 in
1367 2504 1575 2558 semine
1619 2503 1849 2558 Abrahae
1897 2504 2062 2559 bene-

479 2596 782 2651 dicerentur
809 2609 997 2649 omnes
1017 2603 1205 2662 gentes
1238 2592 1390 2659 (Gen.
1418 2609 1513 2657 xu,
1544 2595 1606 2659 5;
1639 2610 1768 2654 xxtt.
1805 2592 1917 2663 18).

551 2687 732 2761 (Vcrs.
788 2685 934 2754 148.)
974 2685 1336 2740 Ρνωυεηετιιηι
1378 2694 1403 2721 ⁸
1443 2685 1581 2738 oculi
1620 2687 1720 2739 mei
1753 2685 1822 2739 ad
1856 2685 2067 2739 matuti-

480 2793 627 2842 num,
663 2786 717 2829 ut
740 2777 1012 2830 meditarer
1035 2775 1241 2845 eloquia
1271 2784 1377 2827 tua.
1413 2775 1726 2829 Matutinum
1755 2774 1952 2829 factum
1980 2782 2066 2829 est

483 2869 760 2933 Ecclesia,
818 2868 1033 2937 quando
1076 2868 1166 2937 qui
1213 2868 1477 2924 sedebant
1528 2869 1579 2920 in
1632 2868 1869 2923 tenebris
1913 2876 1968 2922 et
2009 2868 2060 2921 in

2160 1676 2284 1745 quia
2310 1675 2488 1730 verbis
2513 1674 2770 1731 Ecclesia:
2801 1676 3055 1747 loquitur,
3087 1691 3209 1747 qua:
3242 1677 3309 1731 ab
3336 1676 3487 1731 initio
3515 1677 3733 1731 humani

2159 1766 2373 1838 generis
2399 1775 2607 1833 exorta,
2638 1767 2799 1822 nullis
2828 1769 3267 1838 generationibus
3292 1769 3483 1827 defuit.

2856 1873 3046 1914 RESCH.

2233 1948 2411 2020 (νει-8.
2444 1949 2596 2017 155.)
2639 1948 2761 2003 Vide
2788 1951 3127 2005 humilitatem
3166 1968 3352 2018 meam,
3396 1963 3446 2007 et
3469 1954 3609 2021 eripe
3637 1972 3730 2018 me,

2160 2042 2281 2110 quia
2301 2044 2460 2113 legem
2490 2052 2631 2095 tuam
2668 2058 2770 2095 non
2794 2059 2907 2097 sum
2933 2042 3139 2098 oblitus.
3168 2044 3282 2098 Vox
3313 2045 3411 2099 ista
3442 2047 3606 2100 totius
3635 2046 3732 2102 Ec-

2162 2133 2340 2187 clesiae
2369 2142 2452 2188 est
2481 2143 2536 2188 et
2561 2134 2800 2188 omnium
2836 2135 3200 2191 membrorum
3231 2136 3476 2205 corporis
3511 2136 3732 2193 Christi.

2162 2225 2276 2280 Hoc
2301 2236 2479 2280 autem
2509 2227 2649 2295 loco,
2673 2226 2763 2283 ubi
2790 2227 2858 2283 ad
2888 2228 3215 2284 liberandam
3246 2229 3601 2284 humilitatem
3636 2230 3733 2285 Do-

2163 2318 2342 2370 minus
2366 2315 2665 2384 invocatur,
2716 2318 2919 2372 nullam
2963 2319 3059 2375 Dei
3104 2319 3276 2388 legem
3332 2320 3735 2374 convenientius

2163 2408 2515 2478 intelligimus
2540 2424 2700 2479 quam
2736 2409 2877 2464 illam
2907 2424 3009 2479 qua
3034 2411 3554 2467 immobiliterfixum
3573 2421 3655 2466 est
3683 2421 3737 2467 ut

2163 2499 2337 2555 omnis
2360 2501 2447 2569 qui
2476 2515 2535 2556 se
2565 2501 2774 2556 exaltat
2803 2503 3135 2569 bumilietur,
3168 2514 3220 2559 et
3241 2505 3415 2558 omnis
3444 2505 3533 2573 qui
3562 2520 3620 2558 se
3642 2505 3738 2558 bu-

2163 2591 2331 2645 miliat
2361 2592 2632 2646 exaltetur
2664 2590 2813 2663 (Luc.
2847 2609 2957 2661 xtv,
2992 2594 3052 2650 11
3074 2635 3089 2658 ,
3115 2602 3164 2649 et
3194 2611 3345 2660 xvm,
3380 2596 3491 2666 14).
3542 2596 3739 2667 Super-

2163 2682 2263 2739 bus
2291 2698 2419 2753 ergo
2450 2685 2624 2749 malis,
2656 2693 2716 2738 ut
2747 2684 3089 2753 humilietur,
3120 2685 3437 2753 innectitur;
3466 2688 3681 2744 humilis
3706 2704 3738 2743 ι

2165 2776 2345 2840 malis,
2380 2785 2438 2830 ut
2460 2776 2745 2843 exaltetur,
2769 2777 3015 2846 eripitur.

2235 2867 2413 2937 (Vers.
2448 2866 2595 2937 154.)
2621 2866 2812 2922 Judica
2831 2869 3092 2940 judicium
3123 2885 3312 2934 meum,
3343 2876 3393 2924 et
3421 2870 3612 2926 redime
3641 2887 3736 2934 me,

484 2962 671 3017 umbra
720 2963 938 3027 mortis,
974 2961 1064 3015 lux
1094 2970 1212 3015 orta
1242 2970 1325 3015 cst
1364 2961 1443 3015 eis
1488 2958 1643 3029 (Isai.
1672 2975 1757 3024 tx,
1797 2960 1875 3029 2).
1907 2959 2061 3028 Quod
2091 2940 2136 3004 Ο
2167 2970 2374 3031 propter
2395 2960 2649 3027 eloquium
2676 2970 2817 3014 tuum
2859 2963 3058 3030 vivi/ica
3102 2978 3199 3017 me.
3248 2963 3503 3031 Ejusdem
3554 2977 3743 3019 sensus

482 3052 800 3107 matutinum
844 3067 968 3120 spes
1013 3051 1349 3107 credentium
1383 3052 1675 3120 praebebat.
1721 3051 1789 3106 Et
1834 3053 2062 3109 medita-

484 3142 644 3196 batur
686 3142 896 3209 cloquia
925 3141 1019 3196 Dei
1044 3185 1058 3209 ,
1088 3156 1209 3212 quae
1258 3141 1313 3197 in
1340 3140 1483 3212 Lege
1508 3156 1572 3198 ac
1613 3141 1898 3213 Prophetis
1925 3144 2065 3197 hanc

484 3232 657 3289 lucem
687 3232 1142 3302 praenuntiabant.

554 3323 733 3392 (Vers.
760 3324 908 3390 H9.)
948 3323 1136 3377 Vocem
1162 3340 1327 3377 meam
1347 3325 1566 3390 exaudi,
1596 3324 1843 3389 Domine,
1878 3341 2060 3379 secun-

485 3416 610 3471 dum
638 3416 1037 3470 misericordiam
1062 3428 1233 3483 tuam,
1256 3425 1303 3470 et
1324 3418 1604 3469 secundum
1625 3417 1882 3483 judicium
1919 3426 2062 3471 tuum

483 3510 684 3579 viviﬁca
731 3524 825 3562 me.
858 3508 1012 3563 Prius
1042 3509 1185 3563 enim
1232 3509 1374 3563 Deus
1420 3507 1715 3563 secundum
1755 3507 2064 3562 misericor-

482 3600 629 3655 diam
668 3599 841 3654 aufert
888 3614 918 3653 a
951 3600 1321 3668 peccatoribus
1369 3614 1603 3668 pentiam,
1653 3600 1838 3669 eisque
1878 3606 2060 3668 postea

483 3693 640 3762 iustis
681 3693 978 3749 secundum
1028 3692 1286 3761 judicium
1334 3692 1484 3747 dabit
1527 3692 1717 3747 vitam.
1767 3691 1902 3757 Quia
1954 3707 2061 3746 non

484 3785 683 3838 frustra
713 3784 787 3838 illi
816 3785 917 3838 hoc
938 3783 1127 3838 ordine
1153 3785 1371 3848 dicitur,
1406 3782 1817 3837 Misericordiam
1838 3794 1885 3837 et
1904 3783 2061 3855 judi-

485 3877 621 3929 cium
648 3876 861 3927 cantabo
890 3874 1001 3937 tibi,
1028 3873 1244 3927 Domine
1274 3873 1446 3943 (Psal.
1470 3888 1522 3941 c,
1555 3874 1634 3943 1).

555 3965 737 4037 (Vers.
768 3964 916 4035 150.)
954 3965 1495 4034 Appropinquaverunt
1526 3973 1876 4034 persequentes
1919 3980 1997 4018 me
2032 3963 2060 4001 δ

484 4056 767 4126 iniquitate,
808 4070 842 4107 α
886 4053 995 4125 lege
1039 4064 1208 4108 autem
1251 4062 1342 4107 tua
1388 4052 1534 4124 longe
1563 4055 1685 4123 facti
1726 4062 1869 4107 sunt.
1914 4054 2064 4110 Tunc

484 4150 915 4217 appropinquant
951 4146 1040 4215 qui
1082 4154 1500 4214 persequuntur,
1545 4139 1759 4214 quando
1788 4159 1960 4214 usque
1995 4146 2062 4200 ad

485 4253 700 4294 carnem
761 4237 1104 4291 cruciandam
1160 4235 1596 4305 perimendamve
1646 4246 1669 4275 ο
1719 4236 2056 4305 perveniunt.

2164 3052 2416 3121 repetitio
2447 3059 2559 3117 est;
2594 3053 2693 3106 hoc
2717 3063 2799 3107 εει
2828 3052 2995 3117 enim,
3036 3051 3227 3107 Judica
3247 3054 3507 3123 judicium
3550 3070 3740 3119 meum,

2165 3144 2333 3213 quod,
2376 3144 2504 3198 Vide
2518 3143 2855 3199 humilitatem
2885 3162 3079 3212 meam;
3100 3157 3152 3200 et
3176 3147 3275 3202 hoc
3303 3157 3403 3212 est,
3431 3148 3623 3202 redime
3642 3162 3742 3209 me,

2164 3236 2332 3307 quod,
2362 3241 2500 3302 eripe
2539 3253 2638 3291 me.
2696 3236 2802 3291 Nec
2841 3238 2983 3291 aliud
3016 3249 3192 3307 sonat,
3250 3248 3456 3306 propter
3487 3238 3746 3308 eloquium

2165 3340 2330 3394 tuum,
2359 3343 2518 3396 quam
2550 3327 2700 3394 illud,
2733 3329 2852 3395 quia
2894 3329 3053 3399 legem
3082 3340 3221 3383 tuam
3268 3346 3371 3384 non
3395 3346 3508 3383 sum
3534 3330 3748 3384 oblitus.

2163 3419 2519 3475 Tantumdem
2570 3429 2675 3486 est,
2730 3420 2989 3475 viviﬁcari
3039 3420 3318 3489 humilem,
3374 3430 3632 3490 quantum
3692 3429 3750 3475 et

2162 3512 2409 3579 exaltari,
2438 3512 2561 3582 quia
2585 3521 2892 3568 sanctorum
2923 3513 3186 3568 exaltatio
3226 3514 3337 3568 vita
3360 3523 3556 3569 aeterna
3584 3523 3693 3570 est.

2237 3605 2417 3674 (Vers.
2445 3603 2594 3675 155.)
2622 3604 2796 3677 Longe
2822 3621 2853 3657 a
2874 3606 3223 3675 peccatoribus
3239 3607 3416 3669 salus;
3444 3606 3569 3676 quia
3584 3606 3751 3673 justi-

2164 3697 2429 3766 ficationes
2443 3706 2555 3750 tuas
2576 3713 2676 3751 non
2701 3698 3065 3766 exquisierunt.
3118 3698 3299 3768 Longe
3328 3706 3412 3753 est
3437 3713 3466 3752 a
3492 3698 3749 3767 superbis

2163 3788 2331 3851 salus,
2360 3789 2482 3858 quia
2513 3802 2619 3843 non
2649 3788 3019 3857 exquisierunt
3045 3790 3269 3858 gratiam
3296 3802 3463 3851 tuam,
3490 3804 3611 3857 qua:
3630 3789 3750 3843 sola

2160 3878 2455 3947 justiﬁeat;
2505 3886 2689 3933 etnon
2732 3878 2802 3933 de
2849 3888 2903 3934 te
2929 3878 3045 3943 tibi,
3092 3877 3187 3933 sed
3212 3877 3281 3934 de
3318 3892 3379 3933 se
3402 3877 3502 3933 sibi
3533 3878 3753 3946 placere

2163 3967 2464 4022 voluerunt.

2237 4058 2434 4129 (Vers.
2470 4058 2589 4113 156.
2619 4056 2639 4127 )
2695 4057 3052 4114 Miserationes
3105 4067 3209 4114 tute
3260 4058 3471 4125 multa,
3504 4056 3750 4111 Domine.

2165 4148 2343 4204 Etiam
2374 4149 2494 4215 hoc,
2531 4151 2721 4219 inquit,
2770 4151 2914 4220 quod
2959 4152 3290 4220 exquirimus
3331 4149 3755 4220 iustificationes

2166 4249 2306 4306 tuas,
2339 4241 2568 4310 pertinet
2596 4242 2662 4297 ad
2713 4242 3086 4299 miserationes
3109 4253 3246 4300 tuas.
3280 4243 3574 4300 Secundum
3592 4243 3758 4312 judi-

489 4329 593 4385 Sed
621 4337 818 4398 quanto
846 4326 1137 4383 viciniores
1158 4334 1283 4380 sunt
1307 4326 1693 4395 persequendis
1722 4326 1872 4393 istis,
1908 4336 2058 4383 tanto
2086 4314 2138 4374 Ῑ)
2161 4334 2297 4387 cium
2340 4344 2480 4388 tuum
2523 4336 2723 4403 vivi/ica
2752 4352 2855 4390 me.
2904 4335 3036 4390 Novi
3065 4337 3209 4391 enim
3250 4338 3373 4405 quia
3402 4344 3459 4390 et
3482 4334 3757 4403 judicium

486 4418 887 4489 longinquiores
913 4427 1037 4473 sunt
1066 4432 1098 4471 a
1126 4417 1249 4487 lege
1274 4417 1520 4486 justitite.

557 4511 735 4582 (Vers.
762 4510 911 4579 151.)
937 4509 1107 4574 Prope
1135 4526 1188 4563 es
1215 4519 1289 4573 tu,
1322 4508 1557 4575 Domine,
1583 4519 1630 4562 et
1652 4524 1823 4563 omnes
1844 4509 1937 4563 vice
1961 4518 2063 4563 tute

486 4604 691 4658 veritas.
724 4601 899 4655 Etiam
936 4601 990 4655 in
1022 4599 1455 4654 tribulationibus
1485 4602 1615 4664 suis,
1646 4599 1793 4669 quod
1821 4614 1913 4654 eas
1954 4617 2060 4656 non

488 4694 756 4747 immerito
786 4692 1079 4759 patiantur,
1113 4690 1220 4743 Deo
1244 4690 1478 4744 tribuere
1507 4692 1783 4744 veritatem
1804 4730 1819 4754 ,
1847 4700 2063 4745 sancto~

486 4800 603 4837 rum
633 4791 716 4837 est
741 4785 929 4836 usitata
959 4780 1249 4837 confessio.
1272 4780 1379 4836 Sed
1405 4781 1571 4850 qumri
1598 4789 1773 4849 potest
1792 4784 2060 4848 quomodo

486 4874 591 4928 hoc
631 4874 828 4928 dictum
860 4874 958 4939 sit,
992 4872 1177 4925 Omnes
1209 4872 1305 4926 vice
1339 4882 1439 4925 tua:
1475 4874 1693 4935 veritas;
1723 4887 1844 4927 cum
1877 4874 1930 4928 in
1957 4875 2062 4928 alio

487 4966 692 5032 psalmo
721 4966 945 5034 legatur,
979 4961 1239 5019 Universae
1276 4964 1369 5016 vim
1398 4962 1604 5017 Domini
1638 4964 1992 5019 misericordia
2017 4976 2062 5020 et

568 5175 595 5204 ι
627 5165 749 5220 Haec
769 5166 894 5226 duo,
924 5165 1056 5217 oculi
1090 5164 1207 5228 mei,
1244 5177 1365 5231 qua:
1405 5163 1457 5217 in
1484 5160 1645 5217 editis
1688 5161 1889 5215 nostris
1917 5161 2064 5216 desi-

486 5235 767 5296 derantur.
810 5234 1049 5302 suppleri
1099 5233 1299 5288 debere
1343 5233 1537 5302 probat
1578 5231 1720 5300 quod
1766 5231 2064 5285 habeantur

488 5314 600 5380 tum
634 5307 683 5358 in
715 5305 1041 5374 Augustino,
1077 5311 1187 5380 tu_m
1224 5304 1273 5356 in
1305 5311 1464 5380 textu
1504 5302 1828 5380 Scriptum,
1857 5309 1912 5380 et
1949 5302 2066 5380 sine

487 5374 572 5429 his
594 5391 698 5429 non
734 5370 908 5438 paieat
937 5388 1043 5443 quo
1064 5372 1332 5429 referatur
1354 5372 1581 5428 verbum
1608 5370 1819 5425 numeri
1842 5370 2067 5440 pluralis

492 5453 862 5516 ρτφυςτιενακι·

560 5512 591 5553 ι
634 5513 853 5580 Vulgata
896 5520 1111 5579 nostra,
1156 5511 1435 5581 iniquitati.
1485 5513 1554 5567 At
1600 5509 1953 5580 Augustinus,
2009 5518 2067 5565 ut

2164 4435 2310 4479 tuum
2335 4426 2451 4479 sine
2478 4424 2823 4480 miseratione
2850 4441 2955 4480 non
2985 4428 3088 4480 erit
3109 4441 3272 4495 super
3302 4441 3408 4481 me.

2234 4514 2411 4585 (Vers.
2432 4514 2574 4583 157).
2596 4514 2749 4568 Multi
2772 4525 3121 4585 persequentes
3143 4533 3220 4570 me
3236 4526 3282 4569 et
3306 4516 3606 4569 tribulantes
3634 4533 3726 4571 me
3739 4533 3762 4580 ;

2163 4623 2195 4660 a
2222 4605 2520 4661 testimoniis
2548 4606 2649 4660 tuis
2672 4622 2773 4659 non
2798 4607 3071 4661 declinavi.
3110 4607 3223 4661 Vox
3252 4611 3353 4661 ista
3379 4616 3464 4661 est
3490 4606 3763 4661 Ecclesiae

2162 4699 2215 4751 in
2244 4697 2571 4766 martyribus
2600 4697 2733 4759 suis,
2766 4698 2853 4764 qui
2885 4698 3026 4752 inter
3071 4705 3339 4751 tormenta
3383 4706 3438 4752 et
3482 4696 3763 4765 multiplia

2164 4798 2279 4846 cata
2310 4788 2598 4857 supplicia,
2628 4790 3068 4857 persequentibus
3092 4805 3196 4842 nou
3212 4797 3511 4853 cesserunt,
3536 4796 3592 4842 et
3618 4804 3769 4856 quo-

2167 4895 2283 4934 rum
2312 4879 2573 4948 exemplis
2603 4879 3008 4948 gloriosissimis
3054 4888 3195 4932 totus
3243 4878 3471 4932 mundus
3523 4879 3770 4933 illustris

2168 4980 2292 5024 est:
2320 4970 2408 5039 qui
2462 4979 2639 5025 tamen
2668 4968 2947 5025 victoriam
2986 4985 3137 5024 suam
3172 4986 3277 5024 non
3307 4972 3431 5037 sibi,
3485 4969 3577 5024 sed
3643 4970 3771 5024 Ι)ρο

2163 5162 2288 5218 editi
2332 5161 2695 5233 Prosperiani,
2724 5164 3025 5233 iniquitate;
3073 5162 3360 5233 subditque
3400 5180 3413 5215 :
3446 5161 3562 5228 vel,
3621 5166 3775 5219 sicut

2165 5235 2401 5287 nonnulli
2427 5233 2621 5303 codices
2652 5232 2859 5301 habent,
2892 5236 3080 5303 inique.

2241 5313 2263 5342 ο
2306 5302 2448 5357 Editi
2495 5304 2547 5355 in
2596 5313 2773 5367 textu,
2831 5314 3056 5372 pereunt.
3111 5305 3186 5357 Ex
3233 5302 3428 5371 quibus
3481 5302 3661 5357 Dunc.
3716 5315 3777 5359 et

2165 5371 2383 5439 Colon.,
2412 5373 2465 5427 in
2495 5374 2759 5441 margine,
2789 5371 3105 5443 perveniunt.
3133 5373 3285 5440 Quod
3310 5387 3431 5443 cum
3462 5372 3684 5441 legatur
3713 5375 3779 5430 in

2169 5445 2489 5514 Augustino,
2516 5443 2699 5499 sensui
2731 5442 2891 5499 etiam
2923 5445 3284 5499 necessarium
3310 5442 3538 5497 videtur.
