4030 6178
254 285 352 343 561

997 278 1423 338 PSALMORUM
1462 278 1508 335 Δ
1544 278 1586 334 C
1625 278 1718 334 AD
1753 276 1841 333 CL
1879 274 2264 335 EIPOSITIO.
2304 277 2500 335 PStL.
2542 271 2772 337 CXVIII.

3417 286 3524 347 382

253 400 514 464 tribuunt,
544 397 788 453 dicentes
814 395 866 448 in
890 394 995 449 alio
1021 394 1249 463 psalmo,
1276 391 1398 445 Nisi
1422 391 1559 459 quod
1589 389 1842 443 Dominus
1870 393 1919 450 Α
1946 406 2161 460 semper
2190 393 2461 459 patientia:
2484 402 2539 449 et
2563 394 2977 464 perseverantia
3007 409 3119 453 sua:
3148 396 3331 455 laudat
3346 411 3531 456 aucto-

247 506 359 549 erat
405 496 459 548 in
502 494 668 559 nobis,
729 489 945 560 forsitan
990 489 1127 542 vivos
1168 486 1500 559 deglutissent
1534 499 1624 537 nos
1665 481 1840 553 (Psal.

247 601 438 653 cxattt,
458 584 539 658 2).

322 678 508 748 (Vers.
542 675 693 745 158.)
724 674 846 732 Vidi
872 682 897 711 ι
926 688 1029 726 non
1067 679 1324 725 servantes
1353 675 1579 740 pactum,
1626 675 1673 721 et
1708 666 1847 720 tabe-

250 770 477 824 scebam.
501 769 601 835 Qui
632 778 757 821 sunt
784 766 875 836 qui
924 774 1137 832 pactum
1186 777 1295 816 non
1322 767 1695 824 servaverunt,
1739 757 1849 813 nisi

245 859 338 929 qui
395 857 768 915 tribulationcs
802 854 1090 910 multorum
1140 852 1581 922 persequentium
1629 864 1735 905 non
1767 848 1848 905 fe-

246 960 461 1017 rentes,
504 963 535 1003 a
575 948 671 1003 Dei
704 945 1031 1002 testimoniis
1063 942 1511 999 declinaverunt?
1546 940 1656 996 Hoc
1692 954 1845 1010 ergo,

247 1042 446 1113 inquit,
464 1056 587 1096 cum
611 1040 871 1103 viderem,
899 1035 1257 1100 tabescebam,
1292 1033 1485 1088 dolens
1525 1047 1619 1087 eos
1643 1048 1673 1086 a
1701 1039 1846 1086 tanta

246 1136 427 1205 gloria
458 1133 741 1193 decidisse.
789 1131 927 1196 Quia
975 1129 1177 1197 eloquia
1219 1137 1308 1180 tua
1338 1142 1441 1180 non
1477 1124 1846 1179 custodierunt.

249 1228 419 1298 (.62
452 1225 565 1279 Hoc
595 1232 712 1280 erat
737 1230 954 1293 pactum
983 1219 1012 1258 δ
1040 1235 1144 1274 non
1172 1231 1549 1288 perseverare,
1584 1215 1848 1285 promissa

252 1318 350 1373 Dei
382 1317 632 1385 perdere.

319 1407 509 1480 (νοτε.
536 1405 689 1475 159.)
726 1403 855 1459 Vide
874 1403 1119 1475 quoniam
1146 1402 1390 1455 mandata
1412 1408 1499 1454 tua
1525 1398 1703 1454 dilexi.
1732 1397 1851 1465 Ipsa

252 1507 335 1553 est
360 1499 638 1553 fructuosa
689 1495 999 1560 tolerantia,
1060 1506 1182 1564 quas
1229 1490 1493 1548 saevitiam
1525 1503 1854 1560 persequen-

252 1592 391 1643 tium
418 1587 710 1642 dilectione
732 1583 956 1654 suscipit
978 1582 1377 1638 mandatorum.
1410 1581 1648 1645 Domine,
1679 1580 1734 1633 in
1764 1589 1853 1632 tua

254 1677 613 1733 misericordia
637 1676 832 1745 viviﬁca
858 1690 957 1730 me.
999 1672 1163 1743 Cujus
1201 1670 1576 1727 misericordia
1622 1670 1853 1726 obtinuit

256 1771 517 1840 palmam,
544 1769 662 1837 ejus
690 1765 1056 1823 misericordia
1087 1765 1259 1835 poscit
1299 1774 1354 1819 et
1382 1764 1566 1819 vitam.

319 1859 514 1930 (Vers.
546 1857 695 1926 160.)
731 1857 1048 1929 Principium
1094 1855 1359 1910 verborum
1385 1863 1591 1909 tuorum
1641 1854 1851 1920 ueritas,

253 1954 303 2008 in
329 1964 589 2008 internum
620 1952 793 2006 omnia
803 1950 1009 2022 judicia
1042 1949 1265 2021 justitite
1304 1956 1425 2002 tum.
1457 1946 1663 2002 iudicia
1689 1945 1853 2016 justi-

257 2047 341 2100 tia:
377 2045 642 2109 Deisunt,
667 2042 861 2111 quibus
906 2038 1288 2109 pronuntiatur
1340 2041 1394 2094 in
1440 2047 1703 2095 aeternum
1748 2039 1852 2092 vita

257 2137 431 2208 justo,
466 2151 622 2206 paena
649 2134 834 2204 impio.

994 2241 1132 2282 SCIN.

322 2319 518 2391 (Vers.
553 2316 702 2387 161.)
737 2317 1001 2387 Principes
1024 2318 1275 2386 persecuti
1301 2322 1420 2369 sunt
1441 2331 1519 2370 me
1544 2315 1727 2385 gratis,
1754 2321 1801 2368 et
1826 2330 1858 2367 a

259 2412 427 2465 rerbis
454 2412 558 2464 tuis
579 2411 876 2478 formidavit
903 2425 991 2463 cor
1018 2426 1201 2463 meum.
1237 2407 1463 2479 'lferreni
1486 2422 1643 2478 reges
1673 2407 1860 2461 Eccle-

262 2502 399 2556 siam
438 2499 645 2555 Christi
675 2500 842 2570 gratis
878 2499 1147 2569 persecuti
1179 2506 1323 2563 sunt,
1358 2497 1480 2568 quia
1504 2498 1704 2552 nullam
1732 2513 1860 2553 cau-

260 2609 371 2647 sam
399 2592 799 2664 persecutionis
824 2591 1160 2654 habuerunt;
1191 2605 1312 2644 cum
1340 2604 1435 2644 eos
1464 2588 1759 2644 Christiani
1804 2588 1856 2642 in

259 2686 413 2739 nullo
441 2683 727 2747 laederent,
760 2693 815 2737 et
846 2682 948 2748 ipsi
970 2679 1295 2735 Christianis
1342 2680 1682 2747 negationem
1713 2678 1859 2733 veri-

263 2775 389 2830 tatis
421 2782 751 2840 extorquere
780 2787 885 2826 non
918 2779 1163 2842 possent.
1194 2771 1511 2826 Habuerunt
1532 2784 1662 2840 ergo
1695 2769 1856 2824 verba

262 2866 524 2928 minacia,
561 2864 857 2918 intulerunt
896 2877 1042 2916 smva
1073 2861 1371 2930 supplicia:
1404 2860 1500 2915 sed
1534 2875 1620 2916 me
1648 2868 1735 2914 tua
1767 2875 1861 2928 po-

263 2962 367 3013 tius
397 2957 568 3011 vcrlia
602 2965 932 3021 terruerunt,
983 2952 1163 3007 Nolite
1212 2952 1387 3005 timere
1427 2968 1512 3006 eos
1555 2952 1645 3023 qui
1676 2967 1860 3021 corpus

262 3049 531 3112 occidunt,
563 3054 611 3100 et
642 3055 818 3112 postea
846 3061 951 3098 non
994 3043 1183 3097 habent
1214 3044 1337 3112 quid
1367 3044 1595 3113 faciant;
1626 3042 1715 3095 sed
1744 3059 1861 3097 eum

1948 496 2061 535 rem
2092 500 2103 534 :
2137 483 2261 552 quia
2293 498 2414 537 cum
2448 493 2661 554 tempus
2691 496 2833 557 esset
2868 498 2927 542 ut
2967 488 3231 557 judicium
3270 492 3533 562 inciperet

1947 587 1977 626 a
2004 574 2165 628 domo
2198 575 2290 628 Dei
2321 575 2364 644 (1
2396 574 2540 629 Petr.
2565 592 2641 643 tv,
2674 577 2784 649 17),
2820 578 2872 632 in
2920 579 3170 635 omnibus
3220 587 3533 639 tentatiOui-

1947 665 2050 720 bus
2078 672 2241 733 atque
2266 667 2557 735 pressuris,
2589 665 2615 703 δ
2642 683 2749 722 non
2785 667 3118 736 inﬁrmitate,
3167 672 3266 727 sed
3316 674 3530 730 coronis

1949 766 2248 825 martyrum
2291 757 2515 826 gloriata
2538 770 2640 813 est.

2020 846 2181 918 563
2224 848 2405 917 (Vers.
2439 848 2586 918 165.)
2618 848 2734 904 Pax
2760 851 2923 904 multa
2970 852 3300 924 diligentibus
3347 853 3531 925 Legem

1950 945 2091 991 tuam
2110 980 2124 1003 ,
2162 949 2209 991 et
2240 955 2339 992 non
2365 948 2438 993 est
2460 940 2530 993 eis
2553 940 2874 995 scandalum.
2903 941 3019 1011 Ipsa
3051 943 3165 998 Lex
3192 943 3530 1013 diligentibus

1952 1045 2013 1085 se
2042 1030 2351 1085 scandalum
2385 1047 2490 1085 non
2524 1032 2649 1086 est?
2698 1048 2765 1085 an
2807 1032 3155 1102 diligentibus
3179 1049 3297 1089 eam
3330 1037 3534 1090 nullum

1952 1131 2036 1176 est
2061 1120 2437 1191 undecumque
2495 1123 2851 1178 scandalum?
2900 1125 3005 1180 Sed
3056 1135 3353 1195 utrumque
3390 1138 3537 1181 recte

1953 1211 2295 1282 intelligitur.
2327 1213 2426 1281 Qui
2454 1213 2599 1269 enim
2628 1215 2800 1284 diligit
2831 1214 2925 1270 Dei
2946 1215 3165 1285 Legem,
3205 1217 3367 1273 etiam
3390 1218 3534 1287 quod

1952 1304 2008 1359 in
2034 1320 2096 1359 ea
2126 1320 2233 1360 non
2266 1305 2515 1376 intelligit
2544 1306 2795 1373 honorat,
2829 1316 2885 1362 et
2914 1309 2964 1361 in
2989 1308 3353 1377 profunditate
3377 1325 3535 1379 quam

1954 1413 2066 1451 non
2097 1406 2367 1467 penetrat,
2395 1413 2648 1467 magnum
2690 1398 2893 1467 aliquid
2923 1413 2987 1453 ac
3038 1402 3321 1471 mysticum
3371 1401 3539 1455 latere

1955 1506 2062 1545 non
2091 1491 2322 1545 dubitat.
2378 1492 2441 1546 Et
2473 1492 2600 1547 item
2649 1492 2739 1561 qui
2770 1492 2864 1546 Dei
2896 1491 3092 1561 Legem
3123 1494 3313 1563 diligit,
3344 1495 3388 1547 si
3419 1505 3537 1547 eam

1956 1595 2065 1637 non
2095 1597 2160 1636 ex
2186 1580 2533 1637 mutabilibus
2566 1582 2846 1635 hominum
2888 1582 3126 1636 moribus
3179 1583 3386 1651 pendit,
3431 1589 3541 1637 nut-

1960 1674 2070 1727 lum
2093 1672 2411 1727 scandalum
2458 1672 2687 1741 patitur;
2736 1672 2856 1740 quia
2887 1671 3099 1726 etiamsi
3144 1672 3298 1727 bonae
3335 1671 3542 1742 profes-

1885 1780 1930 1839 Β
1958 1766 2127 1820 sionis
2150 1765 2399 1820 homines
2428 1765 2763 1834 pr0positum
2789 1779 2942 1818 suum
2972 1764 3245 1827 deserant,
3278 1764 3436 1833 Legis
3469 1772 3542 1818 ta.

1961 1871 2082 1909 men
2110 1854 2319 1923 justitia
2349 1865 2682 1923 perseverat.

2030 1947 2213 2018 (Vers.
2246 1943 2396 2016 166.)
2441 1943 2814 2017 Exspectabam
2841 1945 3072 2000 salutare
3112 1954 3277 2010 tuum,
3306 1945 3542 2010 Domine,

1956 2050 2003 2094 et
2043 2040 2290 2092 mandata
2346 2047 2435 2091 tua
2461 2036 2640 2092 dilexi.
2694 2038 2896 2093 Omnes
2925 2038 3143 2108 quidem
3194 2039 3388 2102 sancti,
3419 2048 3543 2091 ante

1958 2130 2389 2185 lncarnatinnem
2439 2128 2665 2194 Christi,
2726 2128 2968 2198 ejusdem
3027 2142 3241 2197 semper
3267 2136 3546 2196 exspects~

1961 2232 2159 2278 verunt
2198 2221 2657 2290 redemptionem.
2711 2220 2817 2277 Sed
2872 2228 3052 2290 potest
3098 2220 3216 2276 haec
3267 2218 3546 2289 praphetia

1958 2317 2119 2371 etiam
2156 2328 2345 2369 eorum
2401 2313 2694 2368 convenire
2740 2326 2990 2381 persona:
3018 2313 3130 2381 qui,
3160 2326 3225 2366 ex
3263 2326 3370 2379 quo
3397 2324 3548 2365 reve.

1960 2408 2063 2461 lata
2085 2407 2262 2476 gratia
2307 2404 2657 2474 Evangelium
2693 2403 3041 2473 praedicatur,
3079 2402 3362 2471 diligentes
3398 2416 3549 2457 man-

1960 2496 2083 2551 data
2110 2495 2335 2561 Christi,
2381 2495 2672 2550 adventum
2731 2494 2849 2564 ejus
2888 2502 3203 2563 exspectant
3242 2510 3256 2547 :
3313 2502 3375 2548 ut
3425 2508 3546 2548 cum

1959 2585 2209 2641 Christus
2249 2586 2583 2655 apparuerit,
2634 2585 2742 2639 vita
2786 2595 2999 2649 nostra,
3037 2594 3163 2639 tunc
3204 2593 3261 2640 et
3304 2599 3405 2639 nos
3425 2598 3549 2640 cum

1960 2677 2080 2746 ipso
2109 2691 2468 2745 appareamus
2496 2676 2547 2729 in
2576 2673 2744 2744 gloria
2777 2672 2998 2742 (Coloss.
3026 2689 3107 2739 ιιι,
3136 2673 3214 2741 4).

2033 2764 2215 2838 (Vers.
2242 2764 2390 2835 167.)
2422 2764 2705 2819 Custodivit
2740 2765 2917 2817 anima
2965 2780 3076 2817 mea
3118 2764 3410 2820 testimonia
3439 2774 3548 2831 tua,

1962 2868 2010 2914 et
2037 2860 2219 2915 dilexit
2246 2875 2308 2915 ea
2335 2857 2503 2913 ualde.
2534 2856 2920 2912 Custodiuntur
2949 2857 3043 2912 Dei
3074 2858 3402 2925 testimonia,
3424 2858 3551 2914 dum

1962 2965 2069 3005 non
2111 2959 2397 3021 negantur.
2449 2949 2558 3007 Sed
2590 2949 2714 3019 quia
2762 2963 2859 3017 pro
2908 2949 3236 3004 testimoniis
3265 2950 3357 3004 Dei
3386 2951 3551 3005 etiam

1964 3042 2192 3095 ﬂammis
2205 3039 2542 3096 concremari
2561 3041 2681 3095 sine
2706 3039 2970 3094 cltaritate
2986 3055 3092 3094 non
3122 3039 3343 3109 prodest
3364 3039 3411 3110 (l
3432 3039 3551 3095 Cor.

264 3142 439 3192 timete
492 3138 581 3208 qui
615 3135 763 3189 habet
793 3143 1093 3204 potestatem
1119 3143 1166 3187 et
1194 3149 1384 3203 corpus
1406 3140 1455 3186 et
1480 3132 1709 3185 animam
1745 3147 1861 3204 per-
1888 3144 1933 3204 ρ
1966 3150 2081 3195 xm.
2113 3132 2191 3203 5),
2221 3133 2342 3188 ideo
2371 3131 2597 3199 addidit,
2630 3141 2678 3184 et
2705 3131 2887 3186 dilexit
2916 3150 2976 3186 ea
3006 3133 3175 3188 valde.

263 3230 383 3284 dere
418 3230 475 3282 in
504 3228 786 3297 gehennam
810 3223 1027 3297 (Matth.
1060 3240 1115 3291 ι,
1147 3225 1262 3293 28).
1286 3223 1371 3278 Ab
1400 3224 1483 3278 his
1511 3238 1644 3295 ergo
1688 3225 1865 3280 verbis

265 3318 589 3373 formidavit
615 3332 711 3371 cor
740 3330 955 3379 meum;
981 3324 1037 3369 et
1065 3328 1292 3384 sperans
1336 3316 1390 3369 in
1436 3324 1697 3370 mtcrnum
1728 3330 1865 3384 pran-

264 3412 467 3475 mium,
493 3408 793 3474 contempsi
817 3406 1117 3474 temporale
1142 3407 1483 3475 supplicium.

333 3502 526 3573 (Vers.
564 3500 715 3571 162.)
745 3498 1030 3553 Exsultabo
1058 3515 1148 3569 ego
1178 3515 1333 3567 super
1370 3499 1573 3569 eloquia
1594 3507 1703 3562 tua,
1734 3499 1866 3552 sicut

261 3598 350 3666 qui
371 3595 573 3649 invenit
601 3593 771 3664 spolia
812 3592 993 3646 multa.
1027 3591 1131 3646 Per
1161 3593 1275 3660 ipsa
1300 3590 1469 3646 verba
1512 3590 1641 3645 vicit
1668 3590 1866 3661 quibus

264 3684 605 3740 formidavit.
636 3682 805 3738 Victis
835 3682 978 3737 enim
1006 3681 1177 3751 spolia
1210 3681 1566 3735 detrahuntur
1590 3698 1603 3735 :
1623 3690 1677 3735 et
1702 3682 1863 3735 multa

265 3778 453 3845 spolia
476 3783 631 3843 capta
662 3781 808 3841 sunt,
837 3772 1050 3841 quando
1076 3772 1240 3827 etiam
1272 3786 1364 3840 per
1383 3787 1443 3826 se
1472 3772 1723 3827 custodes
1754 3772 1865 3840 plu-

264 3869 387 3921 rimi
422 3865 687 3921 admirati
718 3865 1031 3933 patientiam
1063 3874 1381 3936 martyrum,
1405 3864 1459 3917 in
1485 3878 1608 3918 eum
1637 3865 1689 3919 in
1707 3879 1863 3934 quem

262 3961 578 4014 saevierant
600 3956 969 4012 crediderunt.

334 4050 534 4122 (Vers.
577 4050 721 4117 l63.)
751 4047 1073 4119 lnjustitiam
1101 4049 1220 4102 odio
1262 4047 1441 4115 habui,
1471 4058 1516 4102 et
1542 4048 1867 4103 abominatus

267 4160 408 4209 sum,
448 4142 614 4212 legem
634 4151 805 4195 autem
826 4151 967 4194 tuam
983 4140 1161 4194 dilexi.
1191 4140 1322 4204 Lex,
1354 4141 1565 4211 eloquia
1591 4150 1717 4195 sunt
1748 4141 1863 4205 Dei,

261 4252 385 4304 qua:
415 4236 510 4290 sic
540 4232 737 4296 timuit,
773 4244 831 4287 ut
862 4242 1102 4295 amaret;
1131 4248 1467 4303 consequens
1492 4235 1636 4289 enim
1666 4244 1782 4288 erat
1812 4244 1867 4289 ut

261 4326 532 4394 diligeret
570 4323 856 4392 justitiam,
916 4322 1007 4391 qui
1051 4321 1241 4376 oderat
1278 4324 1618 4390 pravitatem.
1683 4324 1868 4379 Timor

261 4431 394 4486 ergo
419 4414 526 4470 ille
553 4414 843 4469 verborum
878 4413 971 4467 Dei
998 4428 1026 4466 a
1057 4414 1253 4481 quibus
1280 4414 1609 4482 formidavit,
1640 4431 1745 4471 non
1770 4418 1868 4472 fuit

2041 3227 2222 3297 (Vcrs.
2250 3224 2398 3297 168.)
2449 3224 2712 3279 Custodiui
2768 3224 3013 3279 mandata
3060 3236 3148 3279 tua
3192 3233 3239 3279 et
3268 3224 3557 3279 testimonia

1970 3330 2079 3381 tua,
2107 3319 2230 3389 quia
2256 3334 2429 3372 omnes
2458 3319 2552 3371 vita
2578 3331 2706 3372 mea:
2747 3317 2800 3371 in
2829 3325 3104 3386 conspectu
3154 3324 3262 3380 tuo,
3308 3315 3553 3371 Domine.

1970 3412 2313 3480 Plerumque,
2362 3409 2488 3463 dum
2538 3409 2791 3464 mandata
2826 3407 2919 3464 Dei
2974 3408 3377 3475 custodiuntur,
3422 3410 3559 3465 llunt

1968 3503 2169 3558 inimici
2194 3505 2283 3573 qui
2329 3502 2518 3557 eadem
2574 3502 2827 3558 mandata
2855 3510 3243 3568 contemnunt,
3272 3510 3327 3558 et
3370 3517 3559 3558 ncces-

1970 3596 2171 3651 sarium
2203 3603 2289 3650 est
2314 3604 2373 3650 ut
2400 3604 2527 3650 tunc
2554 3609 2653 3664 pro
2699 3594 3025 3651 testimoniis
3067 3594 3166 3650 Dei
3206 3594 3420 3650 fortiter
3450 3605 3559 3650 ste-

1972 3694 2081 3740 tur.
2107 3684 2260 3752 Quod
2290 3685 2377 3740 hic
2411 3685 2533 3740 ideo
2562 3686 2757 3740 fecisse
2786 3699 2845 3740 se
2874 3686 3031 3752 dicit,
3069 3684 3193 3755 quia
3241 3700 3431 3740 omnes
3460 3685 3558 3739 viai

1970 3776 2158 3843 ejusin
2190 3774 2403 3829 Domini
2433 3782 2726 3844 conspectu
2754 3773 2999 3839 fuerunt;
3027 3783 3298 3844 tamquam
3329 3774 3553 3840 diceret,

1971 3866 2026 3923 Si
2054 3866 2344 3921 avertisses
2368 3881 2397 3919 a
2422 3880 2509 3921 me
2531 3866 2720 3920 faciem
2751 3874 2918 3933 tuam,
2966 3866 3218 3933 Domine,
3268 3866 3561 3921 conturba-

1971 3966 2058 4013 tus
2081 3956 2327 4026 luissem,
2362 3972 2462 4013 nec
2487 3968 2574 4012 tua
2603 3957 2876 4023 mandata,
2908 3972 3007 4014 nec
3049 3959 3353 4015 testimoiiia
3375 3969 3559 4016 custn.

1969 4058 2203 4124 dissem;
2229 4071 2372 4113 nunc
2397 4066 2579 4113 autem
2613 4058 2735 4113 ideo
2759 4067 2989 4127 utraque
3020 4058 3259 4127 servavi,
3293 4059 3418 4128 quia
3440 4059 3558 4114 vias

1970 4164 2121 4206 meas
2151 4159 2473 4211 conspectus
2507 4152 2581 4203 tui
2614 4150 2819 4205 lumine
2850 4150 3119 4205 direxisui.

2625 4258 2752 4297 τΔυ.

2044 4332 2230 4403 (Vers.
2264 4331 2416 4401 169.)
2441 4332 2832 4402 Appropinquet
2873 4334 3039 4386 oratio
3067 4349 3180 4387 mea
3210 4335 3263 4387 in
3286 4343 3558 4402 conspectu

1974 4437 2083 4491 tuo,
2108 4423 2348 4490 Domine,
2380 4425 2665 4479 secundum
2711 4424 2969 4493 eloquium
3018 4436 3161 4477 tuum
3191 4426 3260 4478 da
3305 4428 3429 4478 mihi
3480 4427 3562 4480 in-

261 4522 291 4560 a
344 4507 632 4561 eharitate
670 4505 1023 4572 dissentiens,
1084 4506 1180 4567 sed
1232 4515 1479 4563 metuens
1519 4510 1586 4562 ab
1630 4524 1695 4564 eo
1724 4512 1863 4580 quod
1900 4525 1949 4583 ι)
1978 4517 2252 4572 tellectum.
2281 4515 2693 4584 Appropinqnat
2721 4514 2897 4568 oratio
2942 4530 3062 4584 quae
3120 4516 3397 4585 recipitur,
3426 4532 3562 4586 quo.

262 4597 500 4651 amabat
531 4607 552 4634 ο
582 4596 763 4650 avelli.

335 4689 533 4756 (Vers.
574 4687 727 4757 164.)
764 4688 968 4755 Septies
990 4688 1043 4741 in
1069 4688 1151 4743 die
1175 4688 1380 4744 laudent
1422 4689 1532 4744 dixi
1577 4692 1689 4761 tibi,
1716 4710 1869 4763 super

259 4781 481 4851 judicia
494 4779 722 4851 justitia:
763 4787 887 4834 tuae.
919 4779 1075 4845 Quod
1102 4780 1179 4835 ait
1200 4782 1405 4852 septies,
1435 4781 1699 4853 signiﬁcat
1726 4800 1870 4841 sem-

266 4889 385 4940 per.
442 4872 568 4927 Hoc
616 4871 759 4925 enim
802 4886 1028 4927 numero
1049 4887 1240 4929 omnes
1287 4874 1621 4944 explicantur
1645 4875 1783 4943 dies,
1817 4889 1871 4934 et

266 4972 524 5033 tempora
554 4963 813 5017 universa
866 4962 1179 5017 volvuntur.
1241 4964 1483 5020 Ecclesia
1537 4980 1666 5038 ergo
1710 4968 1872 5025 nullis

266 5052 753 5124 persecutionibns
781 5063 1055 5122 superata,
1084 5054 1138 5108 in
1174 5055 1277 5110 isto
1326 5057 1727 5115 tribulationum
1759 5060 1865 5129 die,

343 5282 373 5310 ι
400 5272 470 5325 S.
504 5268 831 5338 Augustinus
870 5270 942 5323 ita
988 5269 1213 5339 legerat,
1256 5270 1373 5325 Vidi
1419 5273 1724 5327 insensatos.
1755 5275 1862 5331 Sed

264 5351 535 5396 observat
560 5340 700 5410 quod
732 5340 823 5410 alii
846 5341 1044 5393 codices
1071 5342 1283 5410 habent,
1315 5343 1435 5397 Vidi
1467 5360 1569 5397 non
1612 5356 1865 5400 servantes

264 5423 513 5480 pactum;
542 5419 589 5461 et
618 5408 714 5462 hoc
754 5409 928 5477 plures
954 5410 1158 5466 habent.

342 5482 370 5519 δ
406 5479 672 5534 Fortasse
692 5496 795 5532 non
821 5496 1043 5535 seruare.

345 5549 558 5623 {limiti
581 5550 814 5623 simplici
834 5550 1171 5623 verbogvelli.
1228 5552 1450 5621 Margini
1500 5566 1866 5623 apposueram

268 5619 434 5691 avelli
488 5618 655 5673 Duac.
694 5629 747 5673 et
777 5620 966 5674 Colon.
1005 5620 1245 5691 Respicit
1294 5618 1473 5679 autem
1534 5618 1652 5680 sine
1699 5627 1865 5682 dubio

274 5689 426 5760 quod
463 5704 563 5760 pro
584 5690 831 5757 exemplo
859 5689 1185 5758 Angusnuus
1228 5702 1501 5765 posuerat,
1552 5697 1623 5753 sic
1675 5698 1861 5767 pudica

611 5783 884 5844 Panos.
937 5785 1035 5844 LI.

1977 4608 2121 4662 niam
2152 4606 2328 4678 PrOpe
2353 4616 2425 4660 est
2454 4605 2704 4659 Dominus
2735 4605 2814 4658 bis
2853 4607 2943 4675 qui
2976 4605 3221 4661 tribulato
3262 4618 3379 4662 sunt
3406 4613 3563 4664 corde

1973 4696 2148 4768 (Psal.
2186 4711 2372 4761 sum,
2407 4697 2525 4765 ib);
2578 4704 2630 4749 et
2652 4695 2739 4749 dat
2765 4696 3092 4751 intellectum
3121 4698 3413 4753 secundum
3441 4714 3564 4766 pro-

1974 4790 2196 4844 missum
2257 4803 2437 4852 suum,
2467 4788 2557 4857 qui
2600 4788 2696 4855 ait,
2730 4786 3059 4842 Intellectum
3089 4789 3223 4843 dabo
3264 4790 3352 4843 tibi
3382 4789 3562 4862 (Psal.

1973 4896 2126 4945 aut,
2159 4880 2234 4948 8).

2046 4970 2223 5037 (Vers.
2258 4967 2407 5039 170.)
2432 4966 2597 5023 Intret
2621 4970 2902 5039 postulatio
2940 4987 3052 5026 mea
3077 4972 3132 5025 in
3152 4984 3426 5041 conspectu
3450 4984 3559 5037 tuo,

1977 5061 2220 5125 Domine;
2246 5059 2529 5114 secundum
2558 5060 2817 5129 eloquium
2845 5071 2987 5115 tuum
3009 5063 3144 5133 eripe
3168 5079 3264 5118 me.
3291 5063 3564 5133 Repetivit

1971 5278 2161 5417 Fonjztx
2184 5278 2351 5333 virum
2375 5290 2420 5334 et
2441 5281 2603 5347 timet,
2631 5299 2692 5337 ne
2711 5282 2886 5336 abillo
2915 5284 3214 5350 deseratur;
3240 5295 3289 5340 et
3316 5298 3473 5354 amat,
3507 5301 3563 5343 ut

1997 5365 2089 5400 rua
2115 5366 2197 5403 ur.

1997 5358 2197 5403 runtur.

2043 5417 2168 5500 fita
2199 5419 2329 5474 editi
2350 5421 2518 5475 nostri
2544 5438 2755 5500 omnes.
2772 5423 2876 5500 _Qni
2913 5423 3037 5477 licet
3065 5437 3280 5500 sensum
3319 5428 3557 5500 aliquem

1972 5488 2289 5567 exhibeant,
2323 5500 2501 5567 tamen
2527 5507 2633 5567 non
2661 5491 2967 5567 dubitamus
2998 5493 3189 5567 melius
3229 5496 3328 5567 legi
3364 5488 3427 5552 in'
3449 5505 3559 5554 Au-

1970 5560 2184 5640 guxtiqn
2214 5562 2349 5629 ipso,
2390 5561 2510 5640 lYon
2538 5562 2817 5640 inﬁrmata,
2854 5564 2960 5640 _scd
3009 5566 3228 5640 coronis
3268 5560 3558 5640 martyrum

1972 5629 2377 5705 gloriﬁcataest.
2411 5631 2519 5705 Nec
2543 5629 2762 5705 difficile
2793 5632 2890 5686 fuit
2920 5649 3106 5689 vocem
3135 5629 3557 5705 inﬁrmatavtnw

1973 5700 2073 5755 tari
2101 5716 2131 5754 a
2162 5700 2336 5755 scriba
2366 5702 2418 5756 in
2448 5701 2605 5756 aliam
2637 5703 2949 5771 inﬁrmitate.

2992 5801 3067 5861 1'2
