4026 6176
444 282 551 340 363

1687 276 1743 335 s.
1788 239 2124 333 vaeSrsnt
2164 276 2495 348 AQUl‘l‘ANl

3614 282 3720 339 561

443 392 842 465 quodammodo
869 390 1010 462 quod
1046 389 1251 460 petivit.
1287 388 1419 444 Nam
1449 387 1538 459 qui
1583 395 1638 444 et
1690 387 2024 444 intellectum
2054 389 2102 446 Α
2133 395 2277 443 ῑειιιι·
2313 388 2499 459 (Prov.
2529 404 2681 454 xvnt,
2712 388 2819 461 l9).
2848 389 3056 445 llabent
3076 389 3219 445 enim
3246 387 3409 462 535
3435 403 3625 444 omnes
3654 393 3717 446 ﬁ-

445 484 641 554 acclpit
666 484 914 553 eripitur,
945 496 1013 537 ne
1042 496 1147 534 non
1179 480 1487 548 intelligens
1507 479 1816 534 subruatur.

518 574 705 644 (γεῖς.
732 573 883 638 171.)
912 570 1242 626 Eructabunt
1272 569 1411 624 labia
1451 586 1560 623 mea
1589 569 1868 639 hymnum,
1917 580 2036 620 cum

448 665 684 719 docueris
714 679 794 717 me
815 663 1218 736 justiﬁcationes
1241 670 1375 715 tuas.
1392 659 1647 715 Laudabo
1668 698 1686 726 ,
1711 658 1905 727 inquit,
1931 658 2034 711 Do-

447 760 676 822 minum,
699 761 755 809 et
774 753 1044 824 gloriabor
1059 750 1225 824 464
1243 752 1295 806 in
1319 760 1391 818 te,
1407 765 1528 805 cum
1558 751 1812 805 docueris
1836 763 1921 803 me
1945 747 2034 801 illa

446 847 693 902 doctrina
720 854 835 911 tua,
858 858 961 915 qua
994 845 1139 915 quod
1161 845 1319 913 jubes
1360 842 1478 899 ﬁeri
1505 841 1779 898 auxiliaris
1810 850 1867 895 ut
1919 840 2030 894 liat.

524 940 708 1013 (Vers.
735 936 886 1011 172.)
920 936 1281 992 Pronuntiavit
1330 937 1510 1009 lingua
1536 950 1650 989 mea
1688 934 1889 1005 eloquia
1919 945 2033 997 tua,

444 1034 567 1103 quia
594 1032 767 1087 omnia
796 1030 1043 1085 mandata
1082 1037 1171 1083 tua
1196 1038 1222 1065 ει
1241 1026 1477 1100 justitia.
1509 1024 1754 1096 Spondet
1784 1038 1843 1079 se
1892 1037 2035 1091 prte-

450 1126 746 1178 dicatoretn
794 1122 1033 1177 futurum
1079 1119 1415 1191 eloquiorum
1446 1118 1586 1173 Dei:
1614 1118 1740 1188 quia
1765 1115 1868 1172 etsi
1893 1116 2037 1169 Deus

447 1215 539 1269 dat
586 1199 999 1279 incrementum,
1036 1223 1218 1268 tamen
1271 1226 1302 1267 a
1334 1206 1595 1266 ministris
1616 1209 1765 1266 verbi
1794 1218 1847 1264 et
1888 1208 2037 1279 plan-

450 1316 671 1363 tandum
700 1316 783 1360 est
814 1317 868 1361 et
915 1304 1196 1375 rigandum
1227 1303 1273 1375 (ι
1303 1302 1421 1358 Cor.
1456 1318 1537 1367 ιιι,
1559 1302 1640 1373 7).

521 1397 700 1469 (νει-ε.
731 1397 881 1467 175.)
916 1394 1036 1449 Fiat
1064 1411 1248 1448 manus
1275 1404 1364 1447 tua
1393 1401 1448 1447 ut
1478 1393 1676 1447 salvum
1723 1406 1803 1444 me
1856 1389 2034 1461 faciat,

450 1492 569 1561 quia
600 1488 845 1542 mandata
868 1497 956 1541 tua
982 1487 1131 1557 elegi.
1159 1485 1224 1540 Ut
1246 1482 1653 1554 pronuntiarem
1676 1482 1889 1551 eloquia
1921 1487 2034 1542 tua,

451 1579 697 1633 mandata
740 1587 831 1631 tua
866 1578 1015 1647 eleqi,
1062 1583 1119 1631 et
1153 1582 1492 1629 constantem
1523 1588 1611 1628 me
1653 1572 1782 1628 fecit
1820 1571 2036 1626 dilectio

451 1670 715 1725 veritatis.
751 1666 873 1722 Fiat
896 1682 1015 1739 ergo
1043 1683 1225 1721 manus
1255 1673 1366 1733 tua,
1390 1672 1447 1718 ut
1469 1665 1664 1718 salvum
1694 1680 1774 1718 me
1789 1662 1856 1717 de
1876 1676 2035 1715 manu

2137 480 2285 534 deles
2317 480 2543 535 formam
2594 481 2970 537 descensionis
3000 483 3178 550 ipsum
3221 481 3509 535 Dominum
3539 479 3721 535 Jesum

2136 573 2431 637 Christum,
2463 574 2555 642 qui
2588 589 2814 629 manens
2856 575 2908 629 in
2932 575 3104 645 gloria
3137 588 3233 629 sua
3262 589 3366 642 qua
3390 573 3614 643 aqualis
3641 580 3722 628 est

2138 664 2306 729 Patri,
2339 673 2587 719 naturam
2630 674 2687 722 et
2741 666 3152 723 similitudinem
3202 667 3346 721 servi
3378 667 3628 737 recepit;
3667 674 3722 720 ut

2136 758 2332 826 quibus
2358 757 2615 827 gradibus
2638 758 2705 811 ad
2738 770 2919 813 nostra
2950 758 3056 813 ima
3104 758 3411 825 descendit,
3443 758 3577 829 ipsis
3604 772 3723 828 pos-

2136 860 2321 904 semus
2347 849 2414 903 ad
2442 848 2563 917 ejus
2598 863 2812 904 summa
2841 850 3229 906 conscendere.

2208 941 2391 1013 (Vers.
2425 940 2503 1012 1.)
2542 942 2624 997 Ad
2649 950 2729 1008 te,
2760 941 3011 1008 Domine,
3039 957 3155 997 cum
3180 940 3459 997 tribulam
3489 940 3721 1005 clamavi,

2136 1042 2186 1087 et
2211 1035 2468 1088 exaudiui
2495 1051 2595 1089 me.
2616 1034 2805 1090 Omnis
2832 1036 3077 1105 cogitans
3105 1034 3311 1105 ingredi
3330 1034 3469 1088 viam
3494 1034 3722 1095 Domini.

2138 1134 2194 1179 et
2226 1125 2278 1179 in
2308 1125 2576 1181 mandatis
2605 1125 2886 1180 ambulare
2910 1123 3130 1190 divinis,
3156 1138 3382 1180 necesse
3402 1133 3485 1178 est
3506 1132 3565 1178 ut
3586 1123 3725 1178 mul-

2146 1218 2213 1271 tis
2245 1216 2686 1273 tribulationibus
2718 1216 2937 1286 incipiat
2965 1215 3216 1271 laborare
3263 1214 3304 1285 (l
3332 1214 3466 1269 Tim.
3492 1230 3573 1282 ιιι,
3603 1215 3726 1284 1Ξ);

2142 1309 2229 1362 ειιί
2270 1307 2402 1361 nihil
2452 1316 2536 1363 est
2583 1307 2766 1362 utilius
2793 1321 2952 1377 quam
2984 1306 3102 1376 ejus
3150 1305 3408 1361 auxilium
3452 1304 3522 1359 ad
3570 1320 3729 1375 quem

2141 1400 2313 1456 tendit
2341 1407 2623 1468 expetere,
2652 1399 2745 1470 qui
2778 1398 2855 1454 ait
2883 1415 2896 1453 :
2927 1397 3055 1454 Sine
3072 1412 3154 1453 me
3174 1397 3306 1451 nihil
3330 1396 3541 1468 potestis
3563 1401 3728 1466 facers

2140 1491 2323 1566 (Joan.
2356 1509 2446 1557 xv,
2471 1492 2549 1563 5).

2214 1583 2396 1655 (Vers.
2430 1584 2511 1653 2.)
2551 1582 2770 1638 Domine
2792 1623 2808 1650 ,
2861 1580 3021 1638 libera
3057 1581 3286 1636 animant
3314 1596 3479 1635 meam
3506 1596 3539 1633 a
3581 1579 3731 1634 labiis

2138 1676 2361 1745 iniquis,
2390 1684 2437 1728 et
2468 1691 2501 1728 a
2527 1675 2707 1746 lingua
2742 1676 2943 1730 dolosa.
2998 1673 3289 1744 Religiosae
3329 1673 3633 1736 voluntati,
3678 1682 3733 1725 et

452 1763 610 1833 faciat
637 1761 962 1818 alienamon
996 1759 1091 1823 ita,
1109 1764 1170 1813 ut
1195 1771 1415 1813 carnem
1440 1764 1757 1825 perseeutor
1778 1767 1884 1808 non
1917 1766 2034 1823 per-

2148 1770 2286 1837 pzam
2313 1769 2478 1820 vitam
2507 1778 2670 1836 agere
2698 1764 3032 1833 disponenti,
3061 1772 3332 1819 amatores
3362 1762 3520 1832 hujus
3549 1764 3733 1817 saeculi

450 1856 613 1920 imat;
641 1852 735 1908 sed
765 1855 839 1907 ita
869 1860 926 1905 ut
952 1850 1184 1905 animam
1220 1856 1489 1904 tormenta
1519 1862 1625 1901 non
1661 1846 1901 1901 vincant.

523 1944 705 2017 (Vers.
758 1941 911 2014 174.)
944 1940 1223 2013 Concupivi
1249 1940 1478 1993 salutare
1516 1948 1680 2005 tuum,
1706 1936 1949 1999 Domine,
1992 1943 2041 1988 et

450 2037 561 2093 Lex
590 2046 678 2093 tua
704 2036 970 2092 meditatio
999 2050 1114 2087 mea
1144 2043 1237 2087 est.
1291 2031 1541 2088 Salutare
1590 2030 1841 2086 Christus
1898 2027 2039 2082 haud

449 2129 670 2183 dubium
696 2136 802 2193 est,
835 2136 888 2181 et
913 2126 1085 2195 ipsum
1126 2138 1186 2179 se
1212 2122 1536 2190 concupisse
1563 2121 1692 2191 justi
1720 2119 1924 2188 antiqui
1946 2133 2039 2172 ve-

454 2219 736 2274 racissime
787 2218 1136 2273 conﬁtentur.
1196 2215 1376 2284 Ipsum
1432 2213 1745 2283 concupivit
1798 2210 2040 2267 Ecclesia

450 2320 738 2368 venturum
780 2310 850 2366 de
878 2309 1177 2365 visceribus
1229 2306 1437 2371 matris,
1481 2306 1657 2375 ipsum
1704 2305 2043 2372 concupiscit

452 2404 696 2461 Ecclesia
725 2413 1009 2461 venturum
1061 2416 1090 2455 a
1137 2400 1359 2456 dextera
1400 2399 1596 2454 Patris.
1654 2398 1813 2469 Legis
1859 2408 2038 2452 autem

455 2499 735 2555 meditatio
762 2498 935 2552 nutrit
962 2504 1019 2553 ct
1046 2495 1221 2550 ﬁrmat
1269 2493 1372 2548 hoc
1397 2491 1748 2558 desiderium,
1794 2490 1924 2546 dum
1962 2499 2041 2545 te-

448 2588 717 2644 stimoniis
737 2587 848 2643 suis
876 2586 1190 2656 pronuntiat
1218 2584 1514 2641 Christum.

521 2680 700 2749 (Vers.
733 2675 883 2747 175.)
907 2675 937 2716 δ
968 2676 1113 2732 Vivet
1164 2676 1338 2729 anima
1378 2690 1511 2740 mea,
1552 2681 1599 2728 et
1638 2672 1868 2728 laudabit
1897 2682 1964 2740 te,
1994 2681 2041 2726 et

441 2770 643 2845 judicia
693 2776 784 2823 tua
835 2768 1285 2841 adjuvabuntme.
1334 2765 1424 2821 llla
1471 2775 1600 2821 sunt
1667 2766 1782 2822 ha‘c
1817 2766 2037 2835 judicia,

446 2878 570 2929 quae
605 2868 664 2917 et
688 2870 899 2929 tempus
928 2868 1047 2913 erat
1086 2867 1144 2912 ut
1194 2859 1500 2927 inciperent
1527 2873 1558 2913 a
1607 2858 1769 2913 domo
1826 2857 2037 2911 Domini

448 2955 493 3028 (l
526 2952 670 3008 Petr.
691 2966 767 3018 tv,
800 2949 912 3022 17).
940 2949 1047 3005 Sed
1082 2949 1165 3002 his
1193 2950 1432 3005 Ecclesia
1463 2963 1680 3019 semper
1704 2946 1887 3018 adjuta
1917 2957 2034 3013 est;

449 3046 599 3114 quia,
624 3044 733 3099 Deo
757 3041 921 3098 dante
951 3040 1255 3105 victoriam,
1272 3040 1611 3109 passionibus
1633 3039 1744 3094 suis
1771 3041 1961 3095 crevit.

518 3138 700 3210 (Vers.
733 3134 885 3205 176.)
935 3131 1117 3187 Erravi
1154 3131 1286 3187 sicut
1333 3133 1441 3187 ovis
1469 3147 1583 3202 qua:
1627 3132 1778 3205 periit
1813 3147 1834 3187 :
1862 3146 2034 3200 quwre
2061 3117 2107 3181 C

448 3244 646 3282 servum
670 3238 835 3290 tuum,
864 3226 985 3297 quia
1011 3228 1257 3279 mandata
1285 3234 1374 3279 tua
1400 3240 1502 3279 non
1527 3240 1643 3279 sum
1673 3223 1881 3277 oblitus.
1913 3222 2038 3277 Haec

455 3331 539 3376 est
569 3320 688 3374 ovis
720 3328 939 3389 propter
964 3334 1124 3388 quam
1155 3328 1344 3388 pastor
1367 3318 1484 3388 ejus
1523 3319 1812 3386 nonaginta
1844 3330 2037 3371 novem

447 3409 652 3463 dimisit
684 3409 738 3463 in
775 3407 1069 3474 montibus,
1100 3417 1158 3462 et
1184 3422 1302 3461 eam
1335 3421 1606 3475 quicrens,
1632 3406 1871 3462 Judaicis
1898 3406 2040 3460 laee—

446 3510 596 3555 ratns
622 3508 707 3554 est
746 3500 1023 3567 vepribus,
1076 3508 1100 3536 ο
1148 3497 1465 3552 verberibus
1494 3495 1712 3567 (Matth.
1745 3511 1897 3562 xvut,
1926 3497 2037 3565 12;

446 3592 577 3646 Luc.
611 3607 700 3657 xv,
729 3588 807 3662 4).
839 3589 946 3646 Sed
975 3605 1041 3644 ex
1082 3599 1236 3660 parte
1279 3587 1518 3659 inventa
1555 3590 1730 3644 adhuc
1758 3589 2034 3658 quaeritur.

444 3684 525 3738 Ex
573 3698 636 3737 ea
695 3697 925 3752 namque
977 3690 1132 3751 parte
1163 3695 1267 3751 qua
1318 3682 1421 3736 iste
1464 3680 1613 3748 dicit,
1666 3679 1920 3735 Mandata
1950 3690 2040 3735 tua

444 3790 545 3828 non
573 3790 687 3827 sum
723 3773 930 3836 oblitus,
956 3771 1173 3827 inventa
1219 3778 1338 3837 est;
1372 3770 1467 3827 sed
1497 3786 1593 3841 per
1614 3785 1730 3837 eos,
1764 3772 1854 3841 qui
1882 3788 2038 3825 man-

443 3868 567 3922 data
598 3868 688 3921 Dei
713 3868 940 3937 eligunt,
968 3866 1250 3936 colligunt,
1280 3864 1722 3936 diligunt,adhnc
1751 3864 2036 3934 qumritur,

441 3969 498 4016 et
519 3976 613 4028 per
628 3960 709 4014 sui
730 3958 959 4028 pastoris
982 3959 1296 4027 sanguinem
1330 3958 1505 4012 fusum
1528 3968 1689 4026 atque
1709 3955 2035 4026 dispersum,

443 4050 498 4103 in
545 4048 796 4102 omnibus
838 4046 1088 4117 gentibus
1136 4047 1426 4103 inventtur.

975 4134 1287 4190 PSALMUS
1314 4133 1500 4189 CXIX.

516 4226 844 4282 Prtenotatio
883 4224 1022 4279 tituli
1070 4222 1341 4279 Canticum
1382 4225 1638 4297 graduum
1696 4225 1896 4282 indicat
1954 4227 2035 4283 in-

443 4319 652 4376 choari.
684 4318 914 4373 Nomine
941 4331 1073 4373 vero
1100 4316 1358 4388 graduum
1400 4317 1732 4387 signiﬁcatur
1758 4323 2028 4389 ascensio,

444 4429 548 4484 qua
575 4413 921 4484 proﬁcientes
948 4412 1151 4481 quique
1176 4424 1208 4465 a
1237 4409 1620 4478 temporalibus
1641 4410 1707 4465 ad
1740 4422 1966 4481 interna,
2000 4428 2030 4468 a

2140 1855 2557 1922 contradicunt,
2597 1865 2653 1911 et
2676 1855 2882 1911 dolosis
2910 1854 3092 1909 verbis
3119 1865 3364 1909 sanctum
3396 1852 3731 1921 prepositutn

2139 1948 2365 2018 cupiunt
2394 1946 2706 2003 deterrere:
2729 1961 2959 2016 quorum
2989 1945 3169 2015 iniqua
3194 1943 3331 2000 labia
3355 1943 3731 1998 difﬁcillimum

2140 2049 2224 2095 est
2251 2039 2517 2103 evadere,
2565 2037 2694 2093 dum
2740 2052 2835 2108 per
2875 2036 3161 2106 quemdam
3202 2034 3451 2090 allectum
3482 2033 3732 2089 videntur

2141 2128 2458 2195 consulere,
2485 2127 2641 2183 etab
2682 2140 2878 2195 aspero
2919 2125 3107 2179 labore
3145 2133 3416 2193 tamquam
3458 2122 3731 2190 parcendo

2140 2236 2431 2286 revocare;
2481 2228 2540 2275 ut
2566 2219 2807 2275 videatur
2846 2219 2947 2288 piae
2974 2231 3097 2273 esse
3135 2216 3512 2272 sollicitudinis
3534 2255 3554 2283 ,
3585 2215 3730 2286 quod

2142 2323 2226 2370 est
2256 2312 2659 2367 nocentissima:
2689 2307 2979 2364 suasionis.

2213 2404 2394 2475 (Vers.
2422 2401 2505 2474 3.)
2548 2401 2685 2466 Quid
2718 2402 2870 2456 detur
2903 2399 3025 2465 tibi,
3055 2408 3145 2452 aut
3168 2398 3294 2471 quid
3320 2408 3613 2471 apponatur
3636 2396 3728 2451 tibi

2140 2497 2209 2551 ad
2237 2497 2467 2566 linguam
2495 2492 2766 2549 dolosam?
2815 2492 2909 2547 Vis
2934 2532 2950 2557 ,
2988 2491 3201 2562 inquit,
3241 2492 3496 2545 virtutum
3532 2491 3731 2561 gradus

2141 2588 2442 2643 scandere?
2498 2585 2577 2640 vis
2635 2583 2843 2639 dolosae
2898 2584 3094 2652 lingua:
3159 2582 3335 2638 ofﬁcia
3392 2581 3733 2637 fraudulenta

2140 2676 2435 2746 superare?
2465 2673 2562 2728 Dic
2586 2673 2714 2743 quid
2749 2672 2938 2727 auxilii
2973 2672 3344 2741 concupiscas,
3370 2679 3465 2725 aut
3490 2672 3535 2725 si
3560 2685 3730 2739 capax

2141 2784 2202 2823 es
2245 2763 2566 2824 eruditionis
2612 2778 2900 2833 supernae,
2932 2778 2998 2818 eo
3037 2764 3153 2832 ipso
3183 2777 3289 2832 quo
3320 2761 3467 2817 utilia
3513 2763 3726 2832 poscis.

2142 2860 2427 2917 ascendas.

2212 2952 2393 3021 (Vera.
2425 2947 2505 3020 ι.)
2546 2947 2767 3019 Sagitta:
2786 2960 2789 2963 ‘
2807 2948 3024 3017 potentis
3050 2956 3216 3001 acuti:
3241 2990 3255 3014 ,
3287 2962 3401 3000 cum
3429 2946 3729 3001 carbonibus

2141 3042 2485 3097 desalatoriis.
2519 3039 2739 3110 Sagitta:
2761 3048 2953 3103 acutas,
2980 3039 3144 3094 verba
3174 3046 3303 3092 sunt
3322 3037 3439 3101 Dei,
3465 3052 3585 3107 qua:
3605 3052 3729 3092 cum

2139 3134 2352 3191 animos
2382 3131 2620 3188 lidelium
2653 3139 2984 3201 penetrant,
3024 3128 3362 3185 inﬂammant
3385 3128 3544 3183 corda
3574 3168 3590 3191 ,
3619 3142 3729 3182 non

2139 3227 2407 3283 sauciant.
2458 3223 2528 3282 Ut
2570 3233 2750 3278 autem
2799 3236 2955 3277 mens
2984 3236 3218 3293 superno
3257 3236 3441 3275 amore
3470 3220 3731 3274 transﬁxa

2138 3320 2209 3374 ab
2234 3317 2381 3373 omni
2409 3317 2678 3374 contraria
2709 3315 3003 3383 cupiditate
3049 3315 3118 3369 sit
3156 3314 3329 3368 libera
3351 3355 3366 3379 ,
3403 3313 3729 3383 spiritalium

2139 3411 2436 3468 eurbonum
2470 3408 2673 3479 petitur
2700 3408 2864 3478 ignita
2894 3407 3161 3477 purgatio,
3190 3422 3288 3475 per
3309 3421 3494 3476 quam,
3521 3407 3731 3459 noxio—

2141 3518 2257 3557 rum
2282 3501 2585 3573 germinum
2610 3501 3029 3570 congregatione
3057 3508 3285 3565 vastata,
3312 3498 3401 3552 ﬁat
3424 3498 3479 3553 in
3510 3498 3731 3555 homine

2141 3592 2415 3648 solutilem
2445 3590 2743 3653 desolatio.
2771 3591 2816 3646 si
2846 3591 3102 3647 interiora
3131 3589 3249 3660 ejus
3290 3603 3466 3645 vacua
3506 3599 3633 3645 sunt
3656 3591 3731 3644 ab

2142 3682 2507 3753 hospitalitate
2532 3682 2783 3737 vitiorum

2214 3774 2396 3847 (γει-ε.
2428 3770 2510 3846 5.)
2540 3772 2660 3828 Heu
2680 3772 2787 3828 me!
2800 3772 2922 3844 quia
2942 3772 3195 3827 incolatus
3224 3787 3365 3825 meus
3392 3772 3731 3843 prolongatus

2139 3874 2250 3933 est,
2284 3864 2513 3920 hubitavi
2547 3880 2666 3919 cum
2713 3864 3056 3918 habitantibus
3105 3862 3292 3917 Cedar.
3339 3861 3586 3918 Gemitus
3626 3865 3731 3919 iste

2142 3959 2307 4012 totius
2334 3955 2593 4013 Ecclesia:
2622 3964 2705 4009 est
2729 3995 2745 4019 ,
2773 3954 3119 4024 omniumque
3148 3959 3479 4019 sanctorum,
3510 3954 3597 4023 qui
3630 3969 3731 4023 per

2141 4048 2302 4104 ﬁdem
2333 4047 2677 4118 speculantes
2699 4059 2948 4114 superna:
2981 4045 3164 4113 patria:
3194 4044 3358 4110 bona,
3391 4044 3529 4099 inter
3551 4042 3579 4082 ἀ
3610 4045 3731 4099 Ιοιι-

2142 4140 2339 4211 ginqua
2374 4138 2825 4209 peregrinationis
2851 4137 3076 4192 adversa
3101 4137 3414 4205 suspirant,
3444 4140 3565 4207 quia
3609 4138 3730 4206 spi—

2140 4234 2326 4289 ritales
2355 4247 2476 4287 cum
2503 4230 2812 4286 carnalibus
2843 4230 3108 4295 habitant,
3136 4238 3193 4284 et
3221 4229 3290 4283 ad
3321 4227 3566 4284 ctelestia
3594 4244 3728 4297 pro-

2140 4324 2445 4379 ﬁeientibus
2474 4322 2686 4378 molesti
2731 4330 2857 4377 sunt
2894 4330 3108 4377 terrena
3137 4330 3429 4376 sectantes.
3487 4319 3638 4374 Unde
3668 4328 3730 4374 et

2138 4415 2432 4471 secundum
2463 4412 2805 4484 Apostolum,
2840 4413 2892 4467 in
2924 4413 3030 4467 duo
3056 4426 3257 4481 genera
3277 4411 3534 4467 dividitur
3557 4427 3727 4466 unutn

444 4481 677 4560 lcrrdnis
700 4502 767 4558 ad
794 4502 1032 4559 003188133
1067 4502 1458 4572 provehantur.
1488 4499 1654 4555 [idem
1694 4512 1872 4557 autem
1901 4519 2024 4574 εω-
2059 4481 2113 4543 Ῑ)
2137 4522 2326 4562 semen
2356 4481 2631 4561 Abrabam
2659 4544 2677 4571 ,
2704 4514 2760 4559 et
2801 4502 2894 4557 alii
2922 4512 3048 4558 sunt
3075 4501 3410 4572 pertinentes
3438 4501 3503 4555 ad
3530 4500 3729 4556 lsmael

441 4597 544 4648 dus
566 4603 621 4650 et
646 4593 1022 4649 ascensionutn
1047 4602 1173 4649 sunt
1195 4602 1248 4648 et
1275 4592 1695 4647 descensionum
1726 4611 1741 4661 ;
1772 4610 1877 4648 non
1904 4596 2028 4665 quia

442 4685 697 4739 delieient
725 4684 813 4753 qui
847 4685 1204 4753 proiecerant,
1237 4683 1330 4739 sed
1355 4684 1606 4753 quoniam
1632 4685 1721 4756 qui
1765 4702 1819 4739 se
1861 4687 2050 4759 [tumis

451 4778 547 4831 liat
593 4774 1080 4840 exaltabiturwac.
1117 4792 1229 4841 xlv,
1266 4776 1385 4845 ll);
1436 4785 1491 4831 et
1540 4779 1808 4847 [tl'lPCiplla
1865 4782 2027 4835 subli~

441 4869 606 4923 mium
658 4867 832 4922 virtus
883 4876 987 4931 est,
1020 4868 1252 4934 compati
1290 4882 1411 4922 cum
1457 4868 1707 4931 iulirtuis,
1737 4881 1790 4925 et
1841 4871 1906 4923 ad
1934 4886 2027 4925 eos

436 4959 527 5028 qni
557 4958 876 5028 insipientes
905 4965 1053 5023 sunt,
1085 4957 1187 5011 hoc
1213 4966 1322 5021 est,
1361 4968 1416 5013 et
1444 4959 1511 5013 ad
1563 4959 1841 5028 parvulos,
1873 4962 2026 5016 incli-

439 5051 555 5105 nari
586 5048 766 5122 (Rom.
795 5064 887 5114 xv,
916 5050 1005 5119 l);
1042 5056 1102 5101 ut
1133 5062 1322 5102 omnes
1351 5064 1470 5119 quae
1504 5064 1721 5105 sursum
1768 5062 1893 5106 sunt
1940 5068 2030 5108 sa-

439 5143 587 5213 piant
620 5138 943 5213 (Coloss.nt,
963 5140 1119 5210 ‘2),et
1147 5140 1314 5196 frater
1344 5142 1565 5197 tratrem
1596 5142 1860 5213 adjuvans
1878 5147 2023 5201 exal-

516 5425 541 5488 _'
559 5416 721 5488 Apud
750 5415 1002 5485 August.,
1026 5415 1247 5488 judicia.

510 5485 536 5523 δ
558 5483 682 5561 1ηρ
692 5483 938 5561 ugttstino
959 5483 1436 5561 et'reeentioribns
1457 5484 1735 5540 codicibus
1746 5485 1805 5541 Pt
1820 5490 2020 5561 osperi,

446 5556 609 5611 Vivet.
635 5554 775 5610 Editi
800 5567 1010 5611 veteres
1036 5571 1248 5619 omnes,
1289 5554 1443 5610 Vivit.

517 5637 538 5663 ο
573 5625 704 5680 Edd.
733 5626 1067 5693 posteriores
1083 5628 1404 5681 addiderunt
1430 5626 1829 5695 conjunctivam
1856 5634 2016 5696 parti‘

440 5695 613 5752 culatn
645 5704 713 5761 et,
736 5710 852 5762 qua:
880 5696 948 5750 ab
978 5699 1370 5765 antiquioribus
1399 5699 1569 5755 abest.
1599 5699 1730 5755 Nam
1759 5695 2016 5771 vepribus,

2137 4602 2305 4655 ﬁlium
2349 4599 2557 4653 ancilla:
2581 4639 2597 4665 ,
2622 4596 2713 4651 alii
2744 4596 2810 4651 ad
2844 4595 2997 4651 Isaae
3024 4595 3194 4650 illium
3227 4594 3416 4650 libera:
3463 4592 3606 4666 (Gal.
3639 4608 3725 4660 tv,

2132 4693 2248 4765 92).
2278 4692 2647 4747 Tabernacula
2671 4700 2849 4745 autem
2873 4688 3064 4745 lsmael
3089 4688 3352 4759 appellata
3373 4696 3499 4742 sunt
3522 4684 3722 4749 Cedar,

2137 4798 2196 4843 ut
2226 4785 2598 4854 intelligantur
2624 4796 2732 4837 non
2762 4796 2883 4837 esse
2919 4781 2971 4835 in
3004 4781 3208 4836 lumine
3244 4780 3338 4851 qui
3373 4794 3481 4833 non
3511 4790 3631 4831 sunt
3663 4778 3725 4831 in

2139 4876 2471 4933 htttreditate.

2206 4966 2387 5035 (Vers.
2415 4962 2496 5035 6.)
2529 4961 2748 5017 Multum
2771 4961 3090 5031 peregrinata
3109 4968 3184 5015 est
3207 4960 3381 5013 anima
3403 4974 3531 5012 mea.
3559 4955 3734 5029 E68

2132 5057 2209 5113 Ne
2233 5054 2717 5125 peregrinationem
2736 5051 3075 5119 corporalem
3108 5050 3462 5120 intelligeres,
3483 5050 3725 5102 animam

2130 5149 2262 5205 dixit
2286 5143 2641 5216 peregrinari.
2678 5143 2887 5211 Corpus
2914 5142 3059 5197 enim
3082 5141 3398 5197 absentatur
3434 5138 3573 5204 loco,
3603 5141 3732 5192 ani-

2126 5420 2437 5483 verberibus,
2452 5420 2697 5488 estquasi
2713 5418 2915 5474 diceret
2942 5418 3201 5486 vepribus,
3214 5418 3271 5472 id
3292 5425 3389 5483 est,
3406 5416 3722 5472 verberibus.

2197 5492 2222 5529 ά
2248 5492 2553 5559 Lugendum
2577 5490 3251 5561 Sttspicamur,_longinquw
3271 5506 3350 5559 per
3362 5489 3724 5561 egrinatioms,

2125 5577 2245 5616 enm
2274 5564 2476 5615 scribat
2507 5561 2839 5629 Augustinus
2870 5577 2883 5612 :
2919 5559 3144 5613 Multum
3171 5576 3202 5612 a
3231 5570 3277 5612 te
3314 5559 3531 5623 recessi,
3572 5573 3731 5627 pere»

2125 5634 2346 5703 griuatio
2368 5648 2478 5685 mea
2501 5632 2779 5703 longinqua
2801 5633 2938 5701 facta
2961 5640 3057 5687 est.
3090 5630 3169 5703 Ad
3198 5645 3319 5703 quin
3347 5631 3508 5685 verba
3532 5643 3726 5698 respe-

2127 5700 2273 5757 xisse
2304 5703 2629 5757 arbitramur
2657 5700 2713 5757 S.
2741 5701 3065 5767 PrOSperum
3091 5700 3191 5755 hoc
3221 5702 3339 5755 loco
