4026 6176
302 319 404 379 563

1041 312 1460 378 νε.ιι.διθιι,υιι
1504 311 1544 365 Α
1586 309 1627 365 C
1668 309 1757 365 AD
1795 308 1879 363 Cl.
1922 305 2305 364 EXPOSITIO.
2346 305 2590 363 PSALU.
2632 306 2821 363 CXXI.

3479 309 3585 369 366

300 446 384 486 ma
417 427 790 500 peregrinatur
817 425 1037 481 allectu.
1087 426 1156 481 Et
1190 424 1315 481 ideo
1353 429 1656 481 cavendum
1700 430 1786 478 est
1821 436 1890 477 ne
1920 424 1967 483 Α
1995 429 2053 475 et
2081 420 2204 474 luna
2234 419 2571 491 signiﬁcatur
2609 420 2851 476 Ecclesia
2884 419 3275 478 illumtuatione
3298 420 3389 477 lux
3420 420 3582 480 laeta.

303 525 459 592 longe
486 523 658 575 simus
684 518 866 574 abillo
888 518 975 574 cui
998 517 1431 588 appropinquare
1457 517 1717 571 debemus
1740 528 1895 569 men-

302 614 372 669 tis
401 625 655 668 ascensu.

370 704 557 775 (Vers.
589 703 671 774 7.)
718 702 847 758 Cum
872 702 944 757 eis
973 702 1059 769 qui
1096 702 1310 755 oderant
1339 715 1547 772 pacem,
1578 713 1720 753 cram
1750 696 1896 766 paci-

304 796 473 864 ﬁcus;
526 811 645 848 cum
689 794 933 865 loquebar
981 794 1123 859 illis,
1172 791 1546 863 impugnabant
1586 806 1669 844 me
1712 789 1895 859 gratis.

304 886 615 942 Christiana
651 886 912 955 perfectio
948 895 1032 940 est
1080 885 1359 953 paciﬁcum
1406 896 1528 937 esse
1569 883 1737 936 etiam
1774 894 1898 935 cum

306 979 459 1049 pacis
483 978 753 1042 inimicis,
784 990 884 1047 spe
914 974 1273 1031 correctionis
1298 1015 1313 1041 ,
1345 989 1451 1028 non
1483 988 1751 1027 consensu
1780 986 1900 1026 ma-

307 1068 594 1141 lignitatis.
639 1068 708 1126 Ut
738 1068 786 1123 si
817 1082 915 1123 nec
944 1067 1251 1135 exemplum
1280 1106 1295 1131 ,
1339 1080 1441 1120 nec
1468 1064 1900 1120 cohortationem

308 1172 640 1230 sequuntur,
675 1174 867 1215 causas
898 1169 1077 1215 tanien
1119 1172 1227 1213 non
1259 1158 1495 1214 habeant
1524 1165 1747 1227 prepter
1768 1167 1903 1227 quas

310 1252 496 1308 odisse
525 1266 625 1307 nos
648 1251 880 1307 debeant
909 1249 1085 1322 (Sent.
1111 1247 1230 1321 29).

851 1382 1168 1440 PSALMUS
1204 1381 1296 1438 CX
1306 1381 1368 1439 Χ.

1998 509 2137 577 Quia
2168 525 2299 579 ergo
2326 524 2489 565 omne
2513 511 2828 565 scandalum
2850 550 2865 576 ,
2896 525 3004 581 quo
3033 510 3196 566 homo
3224 521 3319 567 aut
3344 510 3583 569 inﬁrma-

1999 612 2115 671 tur,
2146 613 2238 659 aut
2264 604 2475 671 uritur,
2509 620 2577 659 ex
2613 604 2821 661 duabus
2847 604 3085 660 nascitur
3111 606 3321 670 causis,
3346 621 3468 662 cum
3495 616 3590 663 aut

1998 709 2052 749 in
2079 694 2424 751 confessione
2452 695 2677 751 Deitatis
2702 706 2944 765 erratur,
2974 706 3068 751 aut
3092 698 3162 753 ab
3193 698 3448 754 Ecclesia:
3467 714 3588 754 unt-

2001 796 2112 843 tate
2135 787 2456 856 disceditur,
2488 788 2592 845 hoc
2625 797 2848 859 praestat
2869 790 3131 858 protectio
3166 790 3293 857 Dei,
3322 800 3379 846 ut
3404 791 3458 846 in
3485 790 3592 846 ﬁde

2002 888 2061 936 et
2086 880 2353 936 charitate
2373 921 2389 948 ,
2415 896 2538 952 quae
2561 880 2732 951 ipsius
2754 880 2895 937 dona
2925 891 3085 949 sunt,
3120 881 3265 937 nulla
3294 886 3593 940 tentatione

2002 988 2344 1045 superemur.

2073 1066 2254 1137 (Vers.
2284 1066 2340 1133 7,
2369 1066 2449 1137 8.)
2492 1066 2748 1122 Dominus
2793 1067 3015 1123 custodit
3057 1076 3106 1123 te
3142 1068 3207 1121 ab
3248 1067 3387 1122 omni
3432 1067 3590 1132 malo,

2004 1158 2260 1212 custodiat
2294 1160 2521 1212 animam
2556 1168 2700 1213 tuam
2740 1158 3010 1213 Dominus.
3048 1158 3302 1214 Dominus
3340 1160 3592 1214 custodiat

2003 1252 2271 1306 introitum
2300 1261 2445 1305 tuum
2463 1292 2478 1315 ,
2507 1262 2555 1306 et
2575 1252 2769 1306 exitum
2793 1261 2965 1315 tuum,
2996 1267 3061 1306 ea:
3088 1252 3185 1306 hoc
3208 1268 3343 1306 nunc
3365 1262 3413 1306 et
3437 1267 3595 1323 usque

2002 1346 2059 1399 in
2088 1346 2352 1400 circulum.
2379 1344 2628 1399 Custodit
2651 1343 2911 1399 Dominus
2935 1344 3004 1398 ab
3028 1344 3175 1399 omni
3206 1344 3370 1409 malo,
3400 1358 3506 1399 non
3536 1354 3596 1398 ut

2010 1437 2139 1491 nihil
2171 1437 2441 1506 patiamur
2472 1436 2722 1505 adversi,
2752 1435 2845 1490 sed
2873 1443 2985 1490 ιιι·
3011 1434 3066 1490 in
3094 1435 3227 1505 ipsis
3253 1433 3598 1491 adversitati-

385 1500 569 1569 (Vers.
608 1500 659 1564 l,
692 1499 772 1567 '2.)
815 1498 993 1553 Levavi
1038 1499 1217 1552 oculos
1249 1514 1387 1553 meos
1414 1498 1483 1551 ad
1504 1506 1701 1552 montes
1726 1538 1741 1563 ,
1770 1498 1908 1551 unde

2022 1529 2111 1582 bus
2138 1498 2316 1581 anima
2349 1542 2454 1581 non
2479 1498 2725 1581 laedatur:
2756 1525 2891 1581 Cum
2921 1526 3064 1581 enim
3096 1498 3323 1581 tentatio
3344 1528 3516 1592 adest,
3542 1526 3598 1580 ﬁt

310 1595 471 1647 veniet
498 1593 754 1646 auxilium
787 1591 931 1645 mihi.
960 1589 1229 1645 Auxilium
1256 1606 1422 1645 meum
1455 1607 1487 1643 a
1524 1590 1747 1644 Domino
1770 1630 1786 1655 ,
1819 1591 1909 1659 qui

316 1686 432 1755 fecit
462 1685 649 1738 calum
683 1693 731 1738 et
768 1693 978 1737 terram.
1022 1683 1304 1751 Ingressus
1343 1682 1485 1736 viam
1529 1680 1820 1747 virtutum,
1854 1681 1906 1736 in

2010 1618 2227 1688 quidam
2261 1620 2312 1673 iu
2345 1618 2397 1674 id
2427 1619 2570 1688 quod
2599 1619 2877 1688 impugnat
2901 1616 3186 1685 introitus;
3224 1628 3281 1673 et
3305 1632 3426 1674 cum
3457 1618 3599 1673 bono

2013 1712 2119 1766 ﬁne
2141 1752 2155 1775 ,
2188 1711 2237 1765 id
2272 1720 2387 1777 est,
2415 1710 2533 1766 sine
2562 1710 2783 1765 vulnere
2824 1710 3021 1765 anima:
3041 1751 3056 1776 ,
3086 1709 3315 1765 tentatio
3340 1725 3596 1766 consum-

313 1794 415 1849 qua
450 1786 581 1832 sum
607 1776 807 1846 gradus
836 1775 1217 1830 “censimum
1254 1774 1319 1828 ad
1353 1784 1588 1871 πξωηθδν
1703 1784 1804 1841 es"
1940 1789 1985 1849 Β
2015 1773 2211 1867 matur,
2242 1802 2309 1856 ad
2336 1773 2595 1856 aeternam
2629 1801 2869 1871 requiem
2898 1800 2967 1856 de
2996 1773 3259 1870 profundo
3288 1804 3600 1858 tentationis

318 1872 578 1926 sublimes
609 1884 852 1941 quosque
890 1876 1205 1923 sanctorum
1226 1906 1241 1930 ,
1282 1866 1469 1921 oculos
1500 1866 1681 1921 cordis
1708 1866 1905 1920 attollit

314 1972 368 2017 et
400 1977 499 2031 per
528 1960 679 2031 ipsos
710 1944 1005 2027 Deipuscit
1039 1957 1299 2012 auxilium
1340 1956 1433 2026 qui
1463 1955 1595 2012 fecit
1623 1955 1819 2011 caelum
1850 1963 1905 2010 et

315 2067 539 2113 terram.
587 2056 812 2110 Terram
856 2054 1101 2118 scilicet,
1142 2052 1211 2107 de
1237 2067 1339 2120 qua
1367 2052 1515 2120 cupit
1553 2064 1805 2116 surgere;
1850 2057 1907 2103 et

314 2149 535 2211 malum,
565 2161 676 2217 quo
703 2154 853 2216 optat
881 2143 1198 2198 ascendere.
1233 2142 1361 2209 Quis
1391 2144 1535 2197 enim
1562 2142 1693 2195 sicut
1728 2140 1907 2193 Domi-

315 2257 412 2294 nus
446 2239 585 2293 Deus
612 2248 804 2302 noster,
835 2238 926 2307 qui
949 2238 1003 2291 in
1032 2237 1152 2291 altis
1181 2235 1397 2305 habitat,
1429 2245 1475 2289 et
1498 2234 1719 2289 humilia
1746 2235 1908 2307 respi-

314 2335 383 2387 cit
404 2332 581 2403 (Psal.
601 2347 731 2399 cxtl,
764 2332 823 2398 5,
853 2330 946 2403 6)?

385 2425 573 2495 (Vers.
607 2422 690 2495 3.)
731 2423 854 2478 Non
900 2422 983 2477 det
1026 2421 1079 2476 in
1110 2421 1501 2477 commotionem
1530 2422 1708 2493 pedem
1736 2428 1905 2485 tuum,

316 2534 478 2588 neque
499 2518 739 2572 dormitet
764 2517 853 2587 qui
882 2516 1100 2570 custodit
1129 2523 1195 2569 te.
1244 2515 1361 2583 Ipsa
1393 2513 1492 2569 sibi
1527 2514 1700 2569 ﬁdelis
1726 2515 1906 2568 anima

317 2625 383 2664 ex
414 2608 510 2663 Dei
534 2609 891 2676 inspiratione
923 2609 1241 2675 respondet,
1272 2615 1328 2661 et
1356 2605 1751 2660 desiderantem
1783 2620 1912 2675 pro-

317 2701 498 2755 fectus
540 2709 729 2754 contra
759 2698 1066 2768 superbiam
1120 2698 1335 2760 munit,
1385 2712 1504 2766 quae
1543 2708 1595 2751 et
1630 2698 1825 2768 angelo
1852 2706 1910 2752 et

320 2790 529 2845 homini
578 2790 752 2860 prima
804 2790 901 2843 fuit
940 2803 1105 2843 causa
1164 2787 1403 2843 labendi.
1468 2787 1572 2843 Det
1610 2788 1775 2854 igitur
1814 2788 1910 2844 tibi

318 2893 507 2940 custos
537 2892 660 2938 tuus
690 2882 1148 2951 perseverantiam
1182 2880 1530 2945 humilitatis,
1564 2895 1632 2935 ne
1661 2880 1769 2934 ulla
1798 2880 1913 2935 ela-

318 2980 470 3035 tione
498 2976 801 3041 movearis;
842 2991 909 3029 ne
936 2990 1058 3030 cum
1088 2986 1143 3028 tu
1174 2989 1277 3029 non
1305 2972 1559 3030 habueris
1579 2973 1911 3045 vigilantiam

320 3067 523 3132 standi,
552 3074 843 3137 protegens
872 3074 924 3122 te
960 3066 1257 3121 dormitare
1282 3066 1552 3120 videatur.

394 3158 583 3228 (Vers.
616 3158 696 3226 4.)
738 3157 867 3211 Ecce
910 3172 1013 3210 non
1056 3156 1387 3224 dormitabit,
1418 3172 1580 3225 neque
1608 3156 1911 3225 obdormiet,
1939 3160 1985 3225 (ζ

320 3252 411 3322 qui
435 3250 656 3303 custodit
685 3246 871 3301 Israel.
910 3246 971 3303 Si
1005 3248 1114 3313 vis,
1148 3246 1354 3317 inquit,
1395 3248 1596 3302 habere
1633 3247 1913 3303 custodem

325 3358 434 3396 non
461 3339 868 3415 dormitantem,
899 3349 1017 3393 esto
1048 3338 1241 3403 Israel,
1277 3338 1329 3393 id
1360 3348 1465 3402 est,
1496 3339 1686 3393 videns
1721 3339 1914 3395 Deum.

325 3433 464 3489 Vide
493 3433 655 3502 igitur
677 3431 845 3485 Deum
887 3431 1059 3500 primo
1101 3446 1196 3500 per
1223 3431 1406 3500 Iidem,
1441 3442 1498 3484 ut
1526 3441 1713 3500 postea
1743 3433 1918 3501 possis

326 3528 515 3582 videre
544 3542 640 3595 per
667 3524 905 3595 speciem
936 3524 1003 3595 (ll
1033 3523 1154 3579 Cor.
1183 3540 1237 3593 v,
1264 3525 1343 3595 7).
1392 3525 1547 3581 Sicut
1575 3526 1719 3580 enim
1751 3527 1917 3598 Moysi

324 3619 530 3673 dictum
578 3629 664 3672 est
715 3631 746 3669 a
791 3616 1021 3670 Domino
1062 3633 1075 3669 :
1118 3615 1239 3670 Non
1285 3618 1473 3688 poteris
1518 3618 1689 3673 videre
1735 3617 1919 3685 faciem

327 3727 513 3775 meam,
545 3709 829 3779 posteriora
856 3723 967 3760 mea
993 3708 1179 3761 videbis
1198 3707 1393 3779 (Exod.
1410 3722 1609 3773 xxxtn,
1629 3709 1700 3764 20
1726 3721 1771 3761 et
1793 3709 1918 3778 25);

328 3802 401 3856 ita
431 3811 485 3857 et
516 3812 572 3855 tu
600 3800 721 3854 vide
749 3815 869 3869 quae
907 3799 1208 3867 posteriora
1238 3811 1363 3854 sunt
1382 3838 1398 3865 ,
1434 3809 1494 3854 ut
1528 3800 1709 3867 possis
1735 3800 1922 3857 videre

328 3910 449 3965 qua:
480 3894 651 3962 prima
698 3904 843 3947 sunt.
900 3892 1076 3946 Prima
1101 3902 1278 3947 autem
1319 3902 1446 3947 sunt
1487 3908 1502 3946 :
1553 3890 1619 3945 In
1664 3894 1922 3964 principio

329 4000 438 4043 erat
466 3987 713 4053 Verbum,
744 3996 792 4040 et
829 3985 1047 4041 Verbum
1075 3994 1182 4039 erat
1207 3987 1348 4054 apud
1374 3984 1539 4039 Deum
1567 3983 1745 4057 (Joan.
1771 4003 1805 4049 ι,
1830 3989 1919 4053 2);

329 4082 632 4152 posteriora
656 4088 781 4133 sunt
810 4094 826 4132 :
860 4078 923 4132 Et
962 4076 1179 4131 Verbum
1207 4093 1328 4131 caro
1358 4081 1551 4147 factum
1579 4087 1674 4138 est,
1700 4087 1746 4130 et
1775 4077 1924 4131 habi-

333 4176 457 4229 tarit
484 4174 538 4226 in
568 4171 712 4226 nobis
739 4169 929 4240 (Ibid.,
968 4169 1079 4239 ll).
1130 4170 1282 4225 Unde
1311 4170 1435 4239 quia
1479 4168 1581 4222 hac
1609 4168 1713 4223 ﬁde
1760 4170 1924 4225 corda

2008 1898 2187 1953 exitur
2235 1897 2418 1968 (Sent.
2450 1895 2581 1969 50).
2638 1895 2795 1952 Sicut
2836 1893 3132 1966 Apostolus
3180 1895 3359 1951 dicit:
3396 1894 3602 1951 Fidelis

2011 1988 2175 2056 Deus,
2204 1990 2297 2059 qui
2327 2004 2428 2043 non
2457 1988 2702 2059 permittit
2729 2002 2817 2041 uos
2848 1986 3036 2041 tentari
3061 2002 3223 2055 supra
3249 1987 3303 2040 id
3331 1987 3470 2057 quod
3508 2004 3601 2055 po-

2010 2083 2154 2136 testis
2184 2082 2342 2152 ferre,
2373 2082 2465 2134 sed
2488 2081 2643 2148 faciet
2670 2094 2789 2133 cum
2817 2080 3098 2133 tentatione
3117 2078 3275 2133 e:iam
3299 2078 3518 2145 exitum,
3549 2089 3604 2132 ut

2010 2176 2222 2248 possitis
2250 2174 2502 2229 sustinere
2532 2171 2573 2246 (Ι
2605 2171 2728 2227 Cor.
2761 2188 2816 2239 x,
2849 2170 2957 2241 13).

2545 2304 2862 2363 PSALMUS
2897 2304 3082 2362 CXXI.

2086 2425 2267 2497 (Vcrs.
2299 2423 2376 2495 1.)
2416 2423 2645 2477 Lwtatus
2670 2438 2787 2478 sum
2815 2422 2870 2476 in
2898 2421 2979 2475 his
3004 2436 3120 2490 qua:
3142 2422 3281 2475 diota
3306 2428 3428 2476 sunt
3458 2420 3604 2485 mihi,

2013 2518 2067 2573 in
2089 2518 2298 2573 dontum
2324 2516 2536 2571 Domini
2557 2516 2764 2570 ibimus.
2792 2512 2981 2570 Omnis
3007 2512 3173 2568 homo
3202 2512 3308 2569 ﬁde
3336 2512 3605 2567 illumina—

2016 2618 2139 2679 tus,
2171 2618 2225 2665 et
2254 2609 2673 2680 promissionum
2716 2606 2812 2662 Dei
2851 2604 3083 2674 cupidus
3104 2648 3119 2673 ,
3153 2605 3346 2659 merito
3374 2604 3609 2659 exsultat

2015 2714 2069 2759 et
2094 2703 2291 2774 gaudet
2322 2703 2377 2757 in
2420 2701 2505 2757 his
2535 2716 2657 2771 qua:
2682 2714 2713 2753 a
2746 2696 3024 2769 prophetis
3059 2697 3202 2752 dicta
3229 2740 3245 2765 ,
3284 2710 3513 2766 qumque
3540 2695 3610 2750 ab

2016 2795 2277 2866 apostolis
2306 2794 2618 2865 prredicata,
2651 2800 2708 2847 et
2735 2790 3017 2860 utriusque
3040 2778 3368 2844 Testameuti
3397 2789 3610 2857 paginis

2016 2887 2291 2943 declarata
2322 2893 2449 2941 sunt
2473 2927 2488 2951 ,
2528 2884 2596 2939 de
2634 2882 2917 2939 vocatione
2948 2882 3041 2937 Dei
3070 2922 3085 2947 ,
3112 2895 3234 2952 qua:
3261 2879 3610 2951 diligentibus

2020 2979 2304 3034 Dominum
2331 2984 2387 3032 et
2416 2975 2719 3047 proximum
2753 2982 3016 3030 aeternum
3042 2972 3233 3029 domus
3260 2972 3354 3028 Dei
3382 2970 3611 3041 spondet

2019 3069 2402 3124 habitaculum.

2091 3160 2273 3233 (Vers.
2303 3158 2385 3230 2.)
2426 3159 2635 3215 Stuntes
2669 3167 2812 3213 erant
2839 3157 2991 3228 pedes
3024 3156 3184 3211 nostri
3216 3156 3269 3209 in
3304 3156 3452 3209 atriis
3482 3158 3608 3219 tuis,

2016 3250 2333 3308 Jerusalem.
2381 3250 2500 3306 Non
2542 3251 2596 3305 in
2637 3252 2737 3305 ista
2766 3249 3068 3306 Jerusalem
3104 3264 3225 3319 quae
3255 3248 3453 3305 occidit
3482 3264 3611 3318 pro-

2021 3345 2231 3413 phetas,
2266 3352 2323 3398 et
2351 3341 2606 3412 lapidavit
2633 3341 2699 3397 ad
2726 3356 2787 3397 se
2814 3341 3011 3397 missos
3065 3339 3270 3412 (Marc.
3310 3356 3462 3409 xxtu,
3493 3340 3609 3409 37),

2019 3452 2141 3507 qua:
2176 3436 2248 3489 ob
2284 3435 2588 3504 impietates
2622 3434 2819 3489 multas
2856 3442 3002 3489 stare
3043 3448 3151 3489 non
3184 3432 3386 3503 potuit;
3424 3432 3519 3488 sed
3554 3433 3615 3487 in

2021 3528 2109 3582 illa
2154 3527 2361 3582 cmlesti
2406 3526 2709 3583 Jerusalem
2739 3540 2860 3595 quae
2898 3534 2983 3581 est
3028 3537 3338 3581 sanctorum
3370 3525 3609 3579 omnium

2022 3628 2193 3674 mater
2216 3617 2418 3691 (Galat.
2443 3633 2517 3685 tv,
2543 3618 2624 3688 6),
2650 3617 2743 3672 lilii
2773 3618 2940 3687 ipsius
2960 3633 3020 3673 se
3039 3626 3185 3673 stare
3209 3618 3479 3672 ltetantur.
3511 3617 3611 3682 Qui

2021 3711 2148 3766 licet
2178 3711 2231 3766 in
2273 3713 2357 3765 via
2394 3712 2508 3766 sint
2534 3753 2550 3776 ,
2592 3718 2647 3765 et
2684 3708 2858 3764 adhuc
2895 3709 2988 3764 illo
3026 3708 3282 3773 tendant,
3329 3710 3400 3762 ita
3430 3718 3609 3763 tamen

2022 3804 2173 3873 quasi
2206 3801 2549 3871 pervenerint
2569 3799 2829 3870 gaudent,
2856 3798 2980 3869 quia
3001 3798 3071 3854 de
3086 3798 3452 3869 adipiscendis
3476 3798 3613 3854 ﬁdes

2025 3895 2177 3949 ﬁrma
2208 3908 2316 3949 non
2346 3891 2578 3948 dubitat.

2098 3986 2279 4058 (Vers.
2315 3984 2397 4057 3.)
2432 3981 2729 4041 Jerusalem
2768 4000 2884 4054 qua:
2915 3983 3207 4053 ludiﬁcatur
3243 3991 3299 4038 ut
3330 3980 3525 4037 civitas.
3557 3981 3614 4036 In

2028 4080 2171 4135 illius
2192 4120 2206 4143 ,
2236 4080 2442 4150 inquit,
2472 4078 2626 4134 atriis
2650 4077 2986 4144 Jerusalem,
3015 4076 3137 4131 lidei
3166 4084 3363 4131 nostra:
3392 4074 3620 4129 ﬁrmitas

2027 4173 2226 4239 Stabat,
2258 4187 2384 4243 qum
2412 4188 2518 4227 non
2547 4175 2689 4226 mole
2714 4185 2991 4238 saxorum,
3021 4170 3115 4237 sed
3146 4171 3403 4226 virtutum
3432 4169 3621 4225 solidi-

334 4266 666 4322 mundantur
696 4263 833 4332 (Act.
860 4279 949 4325 xv,
975 4262 1032 4331 9)
1060 4278 1076 4317 :
1103 4261 1246 4316 Beati
1267 4262 1456 4316 mundo
1482 4264 1653 4333 corde,
1679 4264 1804 4335 quia
1829 4264 1927 4332 ipsi
2031 4271 2141 4320 tate
2169 4265 2487 4333 consurgit,
2518 4274 2575 4317 et
2609 4272 2920 4317 sanctorum
2963 4261 3222 4316 societate
3243 4301 3259 4325 ,
3291 4276 3411 4331 quae
3453 4277 3613 4316 num-

337 4361 503 4415 Deum
532 4356 768 4412 videbunt
799 4353 1013 4423 (Matth.
1047 4370 1097 4418 v,
1131 4351 1209 4424 8).

2030 4372 2192 4426 quam
2212 4355 2554 4418 dissolvetur,
2586 4356 2901 4409 exstruitur.
2922 4351 3090 4425 5.68
3108 4352 3269 4424 Cujus
3286 4353 3619 4425 participatia

406 4449 594 4517 (γεγε.
627 4446 707 4517 5.)
750 4446 999 4498 Dominus
1029 4446 1246 4498 custodit
1277 4454 1355 4508 te,
1388 4443 1641 4499 Dominus
1679 4455 1930 4515 protectto
2034 4451 2145 4520 ejus
2179 4448 2232 4500 in
2261 4447 2505 4514 idipsum.
2545 4445 2720 4499 Patuit
2748 4445 2890 4514 quod
2920 4447 2988 4499 de
3018 4444 3239 4500 acterna:
3264 4445 3622 4500 mdillcmione

340 4561 431 4603 tua
456 4585 470 4606 ,
509 4553 660 4605 super
684 4552 892 4588 manum
918 4536 1144 4588 dexteris
1172 4544 1292 4587 tute.
1335 4532 1612 4601 Frequens
1638 4535 1931 4591 insinuatio
1958 4531 2010 4593 D
2034 4539 2332 4595 Jerusalem
2366 4538 2497 4591 nihil
2525 4537 2754 4592 deberet
2787 4536 3003 4591 carnale
3027 4536 3245 4603 sentiri,
3280 4537 3588 4607 quandoqui
3614 4565 3619 4570 -

339 4628 578 4683 inculcat
605 4625 811 4681 auditui
835 4624 978 4694 quod
1007 4623 1377 4693 principaliter
1395 4625 1446 4678 in
1472 4625 1564 4680 Dei
1593 4626 1929 4695 protectione

342 4718 616 4773 ﬁdendum
636 4728 740 4773 est.
771 4716 998 4771 Dextera
1029 4725 1208 4771 autem
1241 4726 1325 4771 est
1355 4716 1606 4782 hominis,
1635 4732 1788 4771 amor
1810 4718 1928 4784 Dei,

2033 4631 2155 4686 dem
2196 4631 2523 4701 participatio
2566 4634 2679 4702 ejus
2706 4671 2721 4695 ,
2756 4630 2806 4683 id
2838 4638 2922 4683 est
2950 4629 3225 4684 connexio
3250 4670 3264 4695 ,
3300 4631 3354 4683 in
3390 4632 3617 4702 idipsum

2034 4733 2138 4777 est.
2180 4721 2317 4787 Quid
2357 4732 2535 4775 autem
2577 4729 2661 4775 est
2693 4719 2752 4774 in
2786 4719 3012 4791 idipsum
3038 4761 3054 4785 ,
3095 4719 3197 4775 nisi
3234 4722 3375 4791 quod
3390 4728 3532 4776 ‘vere
3568 4734 3621 4775 et

339 4826 393 4867 et
421 4826 610 4865 eertum
635 4825 756 4880 quas
785 4810 897 4864 Deo
934 4809 1146 4863 sociant
1180 4811 1454 4879 appetitus
1484 4826 1499 4863 :
1529 4820 1583 4865 et
1611 4810 1774 4879 hujus
1803 4811 1933 4865 dex-
2036 4814 2368 4882 sempiterna
2394 4811 2510 4865 est?
2530 4810 2715 4880 Neque
2737 4811 2847 4865 ulla
2872 4813 3131 4867 varietate
3157 4822 3394 4867 munitur
3417 4812 3622 4875 Deitas,

343 4914 474 4958 tera:
513 4916 709 4956 manus
747 4911 830 4955 est
870 4910 1106 4970 potestas
1148 4916 1307 4968 quam
1347 4900 1498 4956 dedit
1531 4901 1673 4957 Deus
1704 4902 1933 4957 creden-
2037 4908 2247 4961 scilicet
2271 4903 2578 4967 Trinitatis,
2611 4918 2733 4973 qua:
2758 4918 3050 4975 numquam
3083 4921 3188 4959 non
3220 4904 3318 4959 fuit
3345 4905 3494 4973 quod
3518 4918 3623 4969 eSt,

343 4996 518 5056 tibus,
545 5002 607 5048 ut
644 4994 857 5063 possint
883 5007 1005 5048 esse
1046 4993 1139 5047 ﬁlii
1174 4993 1267 5048 Dei
1316 4990 1500 5066 (Joan.
1531 5009 1571 5059 ι,
1604 4993 1690 5064 η)
1713 5035 1728 5062 ,
1771 4993 1912 5066 46⁸1

2042 5000 2176 5055 nihil
2218 4995 2668 5051 dissimilitudinis
2719 4996 2900 5065 recipit
2918 5012 3025 5057 ns.
3072 4996 3203 5051 nihil
3245 4976 3625 5067 iumqttalitatis

342 5087 680 5140 abstinentes
708 5100 738 5138 a
768 5084 1035 5151 sinistris,
1065 5096 1119 5140 et
1147 5084 1353 5140 dextris
1385 5085 1736 5141 inhaarentes.
1783 5086 1940 5143 Unde
2041 5092 2365 5155 admittens;
2406 5087 2496 5143 cui
2536 5102 2629 5157 per
2657 5084 3086 5143 lncarnatinnem
3120 5089 3283 5145 Verbi
3315 5091 3499 5145 unitur
3529 5092 3626 5143 hu-

346 5194 446 5248 per
474 5178 659 5234 omnia
697 5177 755 5231 in
795 5176 1021 5233 Domino
1060 5177 1441 5232 conﬁdendum
1472 5187 1588 5243 est,
1622 5178 1675 5234 in
1710 5180 1942 5235 Domino
2044 5196 2201 5238 mana
2229 5192 2417 5235 natura
2440 5220 2457 5246 ,
2493 5189 2556 5234 ut
2583 5179 2806 5233 liberata
2833 5196 2862 5233 a
2889 5181 3396 5236 commutationibus
3421 5180 3635 5253 tempui

342 5270 717 5341 gloriandum,
749 5270 873 5341 quia
905 5272 1317 5339 possibilitatem
1344 5272 1398 5327 in
1419 5271 1626 5327 dextris
1656 5274 1943 5342 proﬁcien-
2045 5273 2269 5337 ratibus,
2302 5270 2730 5327 incommutabili
2762 5272 3061 5325 teter-nitate
3094 5272 3342 5339 pojatur.

346 5373 430 5417 ter
461 5360 855 5431 perseverandi
894 5362 1008 5429 ipse
1034 5362 1218 5425 dedit,
1254 5364 1371 5431 ipse
1401 5363 1660 5418 custodit.
2120 5363 2301 5435 (Vers.
2341 5361 2426 5435 4.)
2480 5361 2617 5418 Illuc
2655 5364 2794 5417 enim
2836 5364 3172 5418 ascenderunt
3218 5365 3382 5419 tribus
3406 5406 3421 5431 ,
3469 5366 3631 5421 tribus

422 5455 605 5525 (Vers.
637 5454 719 5525 6.)
754 5452 856 5507 Per
875 5452 1010 5507 diem
1035 5452 1113 5506 sol
1139 5470 1241 5507 non
1270 5464 1384 5509 uret
1414 5463 1483 5521 te,
1515 5470 1677 5522 neque
1701 5455 1824 5509 luna
1851 5472 1944 5525 per
2056 5456 2298 5523 Domini,
2330 5457 2681 5510 testimonium
2711 5452 2915 5517 Israel,
2954 5456 3024 5507 ad
3064 5454 3413 5525 conﬁtendum
3450 5476 3633 5514 nomen

350 5554 572 5602 noctem.
623 5544 679 5600 lu
715 5544 833 5600 sole
866 5543 1201 5615 signiﬁcatur
1238 5544 1487 5601 Christus
1518 5547 1701 5601 lumen
1729 5562 1937 5617 verum,
2049 5546 2283 5603 Domini.
2318 5544 2645 5601 Ascendisse
2672 5545 2926 5600 dicuntur
2954 5544 3021 5601 ad
3051 5551 3308 5603 aeternam
3338 5546 3636 5607 Jerusalem

430 5758 459 5789 ι
496 5748 675 5805 Editio
704 5743 872 5803 Colon
924 5757 977 5805 et
1010 5749 1370 5818 posteriores,
1400 5750 1453 5804 in
1487 5750 1612 5819 ipsis
1647 5749 2056 5806 adversitatibus.
2084 5745 2371 5804 lue-uteris
2399 5753 2454 5803 et
2481 5746 2535 5802 in
2576 5746 2712 5833 libro
2739 5745 3139 5808 Sententiarum
3170 5753 3436 5813 omittitur
3461 5758 3529 5815 in.
