4030 6178
457 317 556 372 567

1692 307 1748 364 S.
1788 301 2122 361 PROSPEI'II
2163 303 2491 372 AQUITANI

3625 303 3732 360 503

458 430 634 487 tribus.
663 426 713 482 id
735 433 838 494 est,
870 425 1046 496 populi
1072 439 1166 494 per
1195 435 1318 478 suas
1351 420 1579 475 iamilias
1609 419 1907 475 distributi.
1934 418 2041 473 Sed
2072 423 2114 478 Α
2149 418 2236 471 illa
2282 418 2584 474 Jerusalem
2614 434 2730 486 quae
2753 419 3051 474 trdiﬁcatur
3078 426 3137 474 ut
3166 419 3354 474 civitas
3377 420 3396 490 (
3419 418 3562 474 Psnl.
3597 435 3732 482 exn.

456 523 525 578 de
561 531 673 576 toto
706 535 830 588 pars
863 515 1208 586 intelligenda
1239 522 1363 580 est,
1403 514 1526 583 quia
1569 514 1622 566 in
1661 511 1808 566 omni
1849 524 2048 580 genere

459 614 733 669 hominum
763 612 853 665 alii
877 611 1032 678 justi,
1067 609 1160 662 alii
1191 608 1537 662 inveniuntur
1566 605 1779 673 injusti;
1809 618 1907 658 nec
1933 618 2047 657 om-

458 720 554 758 nes
585 714 673 756 aut
700 709 1075 770 persecutores
1104 708 1248 762 sunt,
1277 706 1369 750 aut
1395 696 1644 763 discipuli
1675 695 1934 752 veritatis.
1966 693 2046 748 Ad

457 792 797 847 concordiam
824 791 1001 859 itaque
1023 787 1263 843 ccelestis
1279 779 1575 841 Jerusalem
1601 800 1704 838 non
1729 783 2043 846 ascendunt,

455 883 560 937 nisi
588 883 745 935 tribus
767 881 1000 948 Domini,
1025 879 1220 950 quibus
1247 877 1615 932 testimonium
1646 873 1778 928 ﬁdes
1805 872 2049 942 perhibet

455 975 600 1043 quod
632 974 741 1027 sint
768 972 966 1036 Israel,
1002 971 1054 1026 id
1083 977 1187 1036 est,
1220 969 1406 1023 videns
1437 969 1629 1029 Deum.
1661 975 1717 1021 et
1739 968 1855 1020 sine
1883 966 2050 1019 simu-

455 1067 668 1120 lationis
711 1066 834 1118 dolo
871 1064 1073 1120 donum
1114 1062 1301 1130 gratia:
1348 1060 1722 1128 praeferentes.
1770 1057 1863 1111 Ille
1903 1057 2045 1110 enim

455 1173 582 1212 vere
612 1156 880 1230 aseendit,
913 1155 1002 1224 qui
1030 1155 1320 1209 conﬁtetur
1350 1168 1454 1207 non
1491 1152 1688 1221 proprii
1719 1149 1919 1219 aperis,
1953 1148 2048 1203 sed

455 1250 618 1303 divini
650 1264 770 1303 esse
808 1247 1048 1303 muneris
1081 1245 1222 1313 quod
1256 1243 1498 1300 ascendit
1543 1244 1717 1311 (Sent.
1752 1242 1866 1309 3i).

529 1341 708 1411 (Vers.
739 1338 819 1408 5.)
865 1337 998 1405 Quia
1024 1338 1133 1390 illic
1158 1337 1397 1391 sederunt
1425 1335 1565 1388 sedes
1587 1334 1638 1385 in
1657 1333 1884 1402 judicio,
1906 1330 2048 1384 sedes

457 1448 611 1501 super
637 1432 845 1485 domum
879 1429 1063 1482 David.
1113 1427 1469 1482 Sublitniores
1509 1426 1707 1494 quique
1736 1433 2044 1478 sanctorum

457 1523 639 1577 throni
688 1531 818 1575 sunt
866 1520 995 1585 Dei,
1045 1519 1186 1574 sicut
1227 1517 1486 1585 scriptum
1531 1524 1612 1570 est
1652 1532 1664 1567 :
1709 1515 1894 1568 Anima
1914 1513 2049 1584 justi

458 1617 669 1668 thronus
690 1612 953 1684 sapientia:
975 1621 1068 1664 est.
1101 1611 1165 1664 Et
1185 1608 1312 1663 dicit
1337 1607 1596 1675 apostolis
1616 1606 1731 1660 suis
1749 1605 2007 1659 Dominus
2029 1621 2042 1659 :

459 1706 714 1761 Sedebitis
745 1722 897 1775 super
937 1702 1207 1756 duodecim
1239 1701 1414 1764 sedes,
1452 1699 1751 1768 judicantes
1778 1697 2047 1750 duodecim

2152 512 2251 580 5),
2282 525 2386 564 non
2437 520 2640 565 tantum
2681 512 2732 566 in
2776 519 3085 566 sanctorum
3127 511 3438 580 angelorum
3485 510 3732 565 sublimi-

2153 610 2286 665 tate,
2306 603 2399 656 sed
2427 604 2588 657 etiam
2620 601 2673 656 in
2706 601 2873 656 totius
2896 601 3151 656 Ecclesiae
3175 601 3585 670 glorilicatione,
3610 616 3736 670 qua:

2152 695 2203 747 in
2233 694 2448 748 Christo
2480 694 2723 759 fundata,
2746 710 2910 748 unum
2933 706 3017 750 est
3041 711 3162 749 cum
3179 694 3430 764 supernis
3453 693 3738 762 potestati-

2150 785 2250 838 bus
2283 785 2377 838 Dei
2411 787 2686 854 templum.

2223 875 2244 945 (
2276 875 2424 928 Vers.
2455 876 2509 929 2.
2538 874 2555 944 )
2601 875 2730 928 Ecce
2770 877 2900 929 sicut
2938 877 3072 929 oculi
3108 893 3364 930 servorum
3407 879 3459 930 in
3495 879 3736 932 manibus

2150 969 2474 1022 dominorum
2503 986 2734 1023 suorum.
2782 968 2849 1021 Et
2875 970 3006 1023 sicut
3031 970 3165 1023 oculi
3183 969 3385 1023 ancilla:
3413 972 3464 1023 in
3495 973 3735 1026 manibus

2150 1059 2372 1113 domina:
2407 1075 2545 1123 sure;
2573 1061 2645 1112 ita
2674 1061 2810 1114 oculi
2833 1061 2996 1114 nostri
3019 1062 3088 1114 ad
3136 1059 3411 1114 Dominum
3442 1061 3605 1116 Deum
3634 1080 3734 1116 no-

2148 1161 2330 1215 strum,
2365 1151 2525 1204 donec
2551 1152 2849 1205 misereatur
2876 1151 3042 1205 nobis.
3076 1152 3205 1219 Quae
3228 1152 3499 1208 humilitas
3527 1154 3734 1223 qualis-

2149 1257 2213 1296 ve
2261 1241 2526 1310 subjectio
2556 1242 2812 1296 scandala
2841 1243 3114 1309 ostendit,
3140 1258 3265 1298 cum
3298 1244 3438 1298 inter
3469 1246 3725 1299 tentatio-

2150 1348 2278 1387 num
2332 1333 2611 1388 molestias
2653 1340 2710 1389 et
2755 1333 3120 1389 eruditionum
3168 1334 3350 1404 plagas
3398 1337 3728 1404 gementium

2149 1424 2337 1479 oculos
2363 1423 2429 1478 ad
2474 1425 2644 1478 Deum
2669 1424 2800 1478 dicit
2826 1439 2946 1480 esse
2976 1440 3268 1480 conversos
3293 1467 3308 1492 ,
3348 1425 3521 1481 donec
3563 1429 3728 1483 mise-

2150 1523 2336 1568 reatur
2373 1523 2426 1569 et
2457 1524 2668 1584 parcat,
2696 1531 2725 1569 a
2758 1516 2910 1584 cujus
2943 1515 3147 1586 judicio
3171 1517 3316 1571 venit
3340 1516 3596 1586 quidquid
3645 1518 3727 1571 in-

2149 1604 2278 1660 l'erri
2321 1616 2413 1660 aut
2451 1607 2699 1676 jubetur,
2732 1615 2825 1662 aut
2875 1607 3091 1661 sinitur.
3130 1607 3264 1681 Quia
3300 1608 3439 1663 sicut
3482 1609 3624 1663 servi
3672 1620 3727 1663 et

2148 1695 2354 1750 ancilla:
2387 1697 2438 1749 in
2483 1706 2747 1765 potestate
2774 1707 2902 1751 sunt
2931 1697 3270 1752 dominorum
3301 1714 3518 1753 suorum
3564 1710 3726 1767 atque

458 1794 618 1847 tribus
651 1794 815 1847 Israel
853 1791 1064 1861 (Matth.
1096 1806 1211 1857 xix,
1239 1788 1354 1860 28).
1388 1788 1520 1844 Tota
1556 1803 1687 1857 ergo
1715 1788 1907 1842 domus
1934 1787 2040 1840 Da-
2073 1779 2118 1838 Β
2146 1789 2520 1853 dominarum;
2553 1790 2624 1843 ita
2666 1789 2837 1844 sancti
2882 1789 3101 1842 modum
3154 1789 3565 1859 Castigationum
3599 1807 3724 1845 sua.

456 1886 570 1951 vid,
606 1884 656 1938 id
689 1892 789 1950 est,
823 1893 932 1937 tota
961 1881 1225 1944 Ecclesia,
1257 1895 1375 1949 quae
1403 1878 1454 1932 in
1483 1878 1700 1931 Christo
1729 1890 1913 1931 semen
1945 1875 2046 1929 Da-

455 1976 565 2039 vid,
600 1985 653 2027 et
683 1988 868 2026 semen
900 1971 1172 2025 Abraham
1195 2011 1209 2034 ,
1243 1970 1422 2023 veniet
1452 1970 1502 2022 in
1528 1968 1810 2037 judicium,
1837 1982 1959 2022 cum
1991 1975 2047 2020 et

455 2065 558 2133 ipsi
586 2065 671 2134 qui
701 2063 964 2118 sedebunt
1006 2061 1166 2115 sedes
1208 2068 1366 2114 erunt
1415 2059 1540 2126 Dei,
1585 2069 1639 2112 et
1676 2073 1772 2126 per
1817 2072 2044 2112 examen

455 2156 806 2223 iudicantium
836 2166 1025 2207 omnes
1047 2152 1338 2205 dilectores
1369 2149 1461 2203 Dei
1490 2157 1545 2204 et
1581 2148 1809 2218 proximi
1840 2150 1892 2202 in
1929 2149 2047 2202 uni-

460 2257 621 2300 tatem
651 2251 995 2298 assumentur
1026 2241 1272 2312 corporis
1300 2241 1523 2296 Christi.

529 2338 708 2409 (Vers.
740 2333 820 2407 6.)
867 2336 1061 2405 Rogate
1089 2349 1205 2404 quae
1243 2333 1311 2387 ad
1341 2349 1519 2405 pacem
1549 2341 1704 2401 sunt,
1735 2331 2041 2399 Jerusalem,

461 2442 506 2483 et
538 2428 860 2482 abundantia
886 2424 1217 2498 diligentibus
1247 2432 1312 2478 te.
1343 2423 1422 2478 Ad
1452 2423 1593 2492 ipsas
1624 2423 1784 2478 sedes
1809 2424 1903 2480 Dei
1925 2439 2047 2493 pro-

457 2520 704 2588 pheticus
734 2532 914 2573 sermo
942 2517 1219 2585 dirigitur,
1249 2523 1303 2570 et
1330 2515 1405 2568 ait
1443 2532 1456 2568 :
1491 2515 1598 2570 Vos
1634 2515 1724 2584 qui
1759 2515 2047 2583 iudicaturi

458 2611 617 2674 estis,
648 2625 743 2680 per
766 2623 899 2678 quos
930 2607 1021 2662 ﬁet
1050 2607 1502 2662 conscientiarum
1534 2607 1901 2676 interrogatio,
1933 2607 2050 2678 qui-

457 2717 561 2768 que
587 2703 720 2755 estis
747 2703 860 2769 ipsa
891 2699 1189 2754 Jerusalem
1213 2740 1228 2762 .
1259 2698 1556 2753 discernite
1594 2713 1622 2751 a
1660 2699 1907 2767 superbis
1945 2699 2046 2751 hu-

458 2793 637 2856 miles,
665 2793 731 2845 ab
761 2791 1066 2859 implacidis
1094 2800 1344 2858 separate
1385 2798 1604 2857 pacatos
1634 2805 1648 2843 :
1695 2798 1750 2844 et
1773 2789 1905 2842 ﬁant
1927 2791 2046 2843 uni-

458 2898 543 2940 tas
572 2895 626 2941 et
655 2885 982 2941 abundantia
1012 2883 1344 2952 diligentiam
1376 2891 1452 2937 te.
1476 2882 1610 2947 Quia
1635 2880 1727 2950 qui
1750 2891 1924 2936 tecum
1956 2882 2049 2934 ha-

457 2981 590 3034 bent
616 2992 828 3046 pacem,
863 2977 967 3030 tuis
1002 2975 1055 3029 in
1087 2982 1348 3029 :eternum
1385 2973 1584 3027 divitiis
1609 2972 1975 3027 abundabunt.

531 3069 708 3142 (Vers.
741 3070 820 3139 7.)
863 3065 987 3121 Fiat
1018 3082 1122 3135 pas;
1149 3067 1201 3118 in
1227 3065 1409 3118 virtute
1440 3074 1548 3129 tua,
1582 3075 1627 3117 et
1658 3063 1970 3117 abundantia
1996 3071 2047 3118 tn

2147 1895 2264 1935 rum
2301 1896 2369 1935 ex
2399 1881 2491 1935 Dei
2523 1882 2787 1936 sententia
2817 1881 3056 1950 pendere
3084 1893 3372 1936 noverunt.

2218 1972 2401 2041 (Vers.
2429 1975 2484 2040 3,
2515 1972 2860 2043 4.)Miserere
2881 1975 3062 2041 nostri,
3096 1972 3329 2036 Domine.
3353 1975 3589 2028 miserere
3633 1993 3725 2029 no.

2148 2066 2383 2120 stri.Vox
2410 2065 2711 2134 vapulantis
2737 2075 2909 2129 est,et
2934 2066 3336 2136 intelligentiam
3370 2068 3508 2121 inter
3545 2069 3723 2135 llagel-

2149 2157 2195 2208 la
2223 2156 2544 2225 postulantis
2571 2176 2583 2221 ;
2617 2159 2738 2225 quia
2770 2156 2945 2210 omnis
2976 2155 3091 2209 haec
3135 2157 3244 2210 vita
3272 2157 3426 2224 plena
3472 2159 3725 2211 tentatio-

2149 2263 2274 2302 num
2298 2257 2401 2310 est.
2434 2248 2591 2316 plena
2615 2247 2908 2317 plagarum.
2945 2246 3076 2312 Quia
3099 2248 3314 2299 multum
3342 2247 3518 2314 repleti
3543 2265 3724 2301 sumus

2149 2341 2487 2412 despectione.
2522 2340 2588 2395 Et
2616 2339 2833 2393 multum
2864 2341 3052 2409 repleta
3082 2349 3153 2394 est
3184 2341 3357 2392 anima
3386 2350 3559 2393 nostra
3584 2357 3603 2405 ,'
3630 2357 3726 2409 Op-

2148 2433 2410 2503 probrium
2442 2432 2840 2498 abundantibus,
2875 2442 2920 2485 et
2948 2432 3203 2501 despectio
3232 2432 3484 2500 superbis.
3528 2432 3729 2488 Omnes

2155 2525 2243 2593 qui
2274 2523 2568 2578 secundum
2596 2522 2867 2577 Christum
2892 2525 2978 2593 pie
3011 2524 3199 2577 volunt
3243 2525 3422 2578 vivere
3443 2566 3457 2590 ,
3508 2540 3729 2579 necesse

2149 2625 2230 2669 est
2253 2624 2310 2668 ut
2335 2615 2403 2669 ab
2435 2615 2613 2683 impiis
2641 2623 2696 2669 et
2737 2613 3094 2669 dissimilibus
3141 2616 3413 2684 patiantur
3440 2616 3726 2684 opprobria

2150 2706 2214 2777 (ll
2245 2705 2376 2759 Tim.
2408 2721 2487 2771 nt,
2514 2704 2625 2776 12).
2670 2715 2723 2759 et
2760 2706 3130 2775 despiciantur
3183 2717 3452 2776 tamquam
3493 2709 3642 2762 stulti
3674 2719 3728 2762 et

2151 2797 2343 2859 insani,
2397 2798 2488 2866 qui
2524 2798 2810 2864 praesentia
2852 2797 2990 2851 bona
3022 2796 3047 2836 δ
3075 2798 3325 2867 perdant,
3351 2809 3405 2853 et
3439 2799 3725 2854 invisibilia

2148 2888 2253 2942 sibi
2278 2903 2340 2940 ac
2369 2886 2544 2940 futura
2575 2888 2906 2955 promittant.
2930 2886 3034 2943 Sed
3076 2889 3191 2944 haac
3219 2889 3496 2958 despectio
3520 2901 3575 2944 et
3603 2891 3727 2945 irri-

2148 2981 2228 3035 sio
2251 2981 2304 3034 in
2329 2981 2474 3048 ipsos
2495 2980 2916 3048 retorquebitur,
2972 2996 3094 3035 cum
3117 2989 3170 3035 et
3193 2981 3514 3036 abundantia
3537 2997 3725 3037 eorum

2149 3071 2201 3124 in
2230 3079 2546 3141 egestatem,
2578 3069 2740 3141 470
2768 3080 2822 3126 et
2855 3072 3106 3142 superbia
3132 3073 3410 3127 transierit
3451 3074 3503 3127 in
3533 3074 3726 3128 coniu-

456 3135 679 3217 turribus
704 3135 826 3215 tuis.
847 3161 1022 3215 Virtus
1046 3169 1152 3224 tua,
1169 3173 1201 3213 ο
1225 3158 1492 3222 Ecclesia,
1517 3172 1548 3211 ο
1571 3155 1890 3221 Jerusalem,
1914 3157 2015 3210 cha
2071 3135 2117 3197 (ἶ
2150 3135 2357 3216 sionem
2389 3161 2564 3233 (Sent.
2589 3135 2703 3229 ἐξ).

454 3256 586 3308 ritas
608 3261 826 3320 est,qua
857 3260 906 3305 et
930 3251 1080 3304 dives
1095 3262 1145 3303 et
1171 3249 1325 3303 fortis
1348 3264 1428 3304 es.
1450 3249 1506 3302 In
1533 3249 1633 3302 hoc
1660 3247 1748 3301 ﬁat
1777 3263 1874 3316 pax
1910 3247 2042 3301 ﬁlio.

455 3358 575 3396 rum
602 3351 840 3404 tuorum,
872 3342 974 3396 hoc
1000 3341 1233 3395 abundet
1267 3350 1482 3393 tuarum
1505 3339 1730 3392 turrium
1759 3338 2040 3404 celsitudo,

456 3443 513 3487 ut
546 3433 685 3486 unde
713 3432 824 3500 ipsa
848 3446 1035 3501 magna
1060 3444 1136 3496 es,
1163 3429 1290 3485 inde
1313 3429 1386 3483 tui
1410 3427 1697 3496 participes
1726 3437 2040 3497 augeantur.

526 3525 706 3594 (Vers.
729 3524 783 3590 8,
803 3523 882 3595 9.)
912 3521 1130 3593 Propter
1153 3521 1338 3591 fratres
1364 3534 1497 3573 meos
1523 3527 1570 3572 et
1593 3519 1855 3591 proximos
1879 3535 2038 3585 meos,

455 3615 695 3684 loquebar
710 3629 887 3685 pacem
906 3613 968 3666 de
987 3624 1050 3666 te.
1066 3610 1230 3682 469
1256 3611 1478 3679 Propter
1497 3611 1704 3664 domum
1723 3609 1932 3664 Domini
1949 3610 2040 3664 Dei

453 3706 633 3770 nostri,
667 3705 880 3776 quwsivi
927 3705 1055 3757 bona
1085 3706 1194 3757 tibi.
1230 3704 1559 3759 Praedicator
1591 3704 1738 3774 pacis
1770 3713 1894 3770 tuae,
1933 3719 2037 3757 non

453 3809 674 3870 propter
700 3817 808 3865 tne,
856 3797 950 3852 sed
979 3809 1198 3867 pr0pter
1226 3795 1423 3851 fratres
1477 3811 1627 3852 meos
1673 3796 1883 3852 exstiti.
1929 3795 2041 3851 Nec

455 3910 640 3949 meum
667 3893 953 3956 honorem,
986 3890 1081 3946 sed
1106 3891 1332 3945 aliorum
1358 3890 1581 3959 quaesivi
1612 3891 1842 3944 salutem
1870 3905 1885 3954 ;
1932 3905 2035 3943 non

454 3997 514 4040 ut
545 3999 662 4039 mea
685 3991 959 4038 cresceret
988 3981 1158 4050 gloria
1182 4022 1195 4046 ,
1227 3980 1321 4034 sed
1353 3989 1410 4034 ut
1449 3990 1536 4034 tua
1581 3981 1899 4035 dilataretur
1931 3980 2037 4033 hae-

453 4076 672 4129 reditas.
703 4075 836 4128 Nam
868 4076 984 4144 ipse
1011 4073 1150 4142 apud
1180 4082 1232 4128 te
1259 4073 1553 4139 minuerer,
1577 4075 1621 4128 si
1654 4089 1759 4127 non
1782 4072 2038 4143 profecti-

453 4169 555 4220 bus
584 4166 909 4220 laborarem.

967 4298 1275 4355 PSALMUS
1318 4297 1530 4354 CXXII.

522 4439 699 4495 (Vers.
737 4437 814 4506 I.)
845 4437 923 4489 Ad
950 4445 996 4490 te
1026 4436 1183 4489 levavi
1212 4434 1385 4488 oculos
1408 4450 1544 4487 meos
1565 4477 1579 4501 ,
1617 4435 1705 4503 qui
1746 4434 1943 4488 habitas
1975 4436 2026 4487 in

2649 3252 2959 3309 PSALMUS
2989 3253 3220 3308 CXXIII.

2217 3344 2395 3412 (Vers.
2437 3346 2485 3409 I,
2518 3343 2602 3414 2.)
2642 3343 2761 3398 Nisi
2790 3347 2925 3412 quod
2956 3345 3206 3398 Dominus
3233 3353 3340 3398 erat
3377 3345 3430 3398 in
3453 3345 3615 3407 nobis,
3649 3346 3730 3398 di-

2145 3445 2225 3488 cat
2247 3451 2382 3488 nunc
2406 3433 2594 3502 Israel,
2626 3434 2742 3488 Nisi
2759 3439 2895 3505 quod
2922 3435 3172 3489 Dominus
3197 3447 3304 3489 erat
3326 3437 3377 3489 in
3406 3436 3571 3490 nobis.
3596 3437 3730 3490 Cor-

2143 3539 2242 3593 pus
2267 3524 2644 3594 Christi,quod
2673 3537 2756 3580 eSt
2783 3526 3026 3580 Ecclesia
3053 3525 3271 3598 (Ephes.
3299 3542 3354 3590 v,
3376 3528 3494 3595 2'5),
3521 3527 3593 3581 ita
3617 3528 3726 3580 dis-

2143 3618 2399 3671 tributum
2422 3626 2523 3685 est,
2543 3629 2601 3672 ut
2625 3619 2729 3672 alia
2754 3617 2993 3672 membra
3022 3619 3140 3687 ejus
3163 3620 3399 3688 pericula
3428 3620 3727 3674 tribulatio-

2143 3723 2269 3760 num
2307 3708 2415 3776 jam
2457 3709 2762 3776 evaserint,
2815 3708 2920 3762 alia
2981 3709 3168 3762 iisdem
3221 3709 3399 3764 adhuc
3452 3710 3726 3764 laboribus

2141 3805 2458 3852 alterantur.
2493 3797 2596 3852 Sed
2627 3799 2748 3868 quia
2781 3808 2832 3852 et
2863 3799 3281 3867 praecedentium
3308 3809 3363 3854 et
3385 3800 3726 3869 subsequen-

2141 3891 2271 3942 tium
2300 3899 2613 3944 sanctorum
2646 3904 2783 3943 unus
2807 3898 2890 3944 εει
2922 3890 3203 3954 liberator,
3240 3907 3345 3944 una
3377 3902 3455 3945 est
3484 3892 3726 3946 Omnium

2139 3979 2449 4044 exsultatio,
2473 3989 2527 4034 et
2559 3979 2771 4034 illorum
2800 3981 2887 4047 qui
2916 3979 3028 4048 jam
3079 3980 3308 4034 adversa
3338 3982 3588 4036 vicerunt
3608 4022 3622 4044 ,
3671 3993 3726 4037 et

2137 4070 2328 4124 horum
2352 4070 2442 4139 qui
2467 4081 2687 4139 sperant
2725 4084 2784 4124 se
2819 4072 3173 4137 prmsentibus
3207 4072 3459 4137 periculis
3489 4072 3726 4127 liberan-

2139 4162 2235 4216 dos
2263 4177 2279 4226 ;
2309 4171 2385 4226 et,
2411 4162 2772 4229 promissione
2797 4161 2890 4215 Dci
2916 4162 3123 4216 ﬁrmam
3152 4163 3313 4217 dante
3338 4167 3722 4229 constantiam,

2139 4268 2246 4308 uno
2277 4263 2499 4308 utuntur
2539 4256 2769 4317 cantico,
2811 4256 2938 4322 quia
2983 4269 3088 4308 uno
3136 4256 3450 4309 muniuntur
3492 4257 3721 4322 auxilio,

2133 4344 2414 4400 dicentes:
2450 4345 2569 4399 Nisi
2595 4346 2731 4411 quod
2769 4343 3020 4398 Dominus
3051 4356 3159 4397 erat
3192 4347 3244 4398 in
3270 4347 3443 4412 nobis,
3470 4362 3728 4415 persecu-

2133 4436 2334 4490 tionum
2391 4450 2491 4491 nos
2527 4434 2833 4504 magnitudo
2881 4445 3224 4504 superasset;
3267 4437 3361 4491 sed
3391 4437 3481 4491 illo
3509 4438 3732 4507 ιιι·ωείη

450 4530 608 4584 caelis.
671 4503 820 4583 Mens
867 4527 1155 4597 proﬁciens
1191 4535 1244 4580 et
1275 4524 1607 4588 ascendens,
1657 4539 1779 4594 qua:
1813 4540 2026 4578 sursum
2058 4503 2106 4563 ί)
2133 4526 2295 4582 dente
2321 4527 2576 4581 cordibus
2608 4503 2827 4591 nostris,
2877 4526 2968 4580 illo
2997 4526 3157 4581 dante
3199 4503 3534 4583 tolerantiam
3556 4569 3572 4595 ,
3620 4531 3718 4583 illo

451 4632 576 4674 sunt
612 4619 772 4688 sapit,
807 4633 910 4672 non
931 4633 1050 4687 quae
1076 4632 1239 4686 super
1263 4625 1459 4670 terram
1492 4614 1703 4686 (Colos.
1737 4631 1818 4677 Ill,
1845 4616 1949 4684 2);
1978 4627 2031 4671 et

450 4714 571 4767 ideo
602 4710 783 4780 dirigit
832 4710 1012 4763 cordis
1053 4709 1221 4763 aciem
1271 4723 1379 4776 quo
1415 4707 1699 4776 pervenire
1738 4706 2031 4772 desiderat,

449 4820 554 4859 non
583 4799 864 4871 corporeis
900 4799 1176 4869 gressibus
1203 4842 1217 4866 ,
1259 4798 1353 4852 sed
1397 4798 1793 4866 proﬁcientium
1840 4813 2031 4852 ascen-

448 4895 600 4948 sione
631 4893 906 4948 virtutum.
941 4887 1207 4944 Habitatio
1227 4898 1406 4942 autem
1436 4888 1550 4957 Dei,
1579 4904 1683 4942 non
1714 4889 1817 4943 hoc
1835 4893 2031 4944 cmfum

449 4986 854 5055 intelligendum
886 4991 969 5038 est
998 4981 1142 5051 quod
1185 4981 1429 5046 videtur,
1476 4990 1531 5036 et
1571 4981 1639 5036 de
1670 4996 1775 5051 quo
1813 4982 2033 5050 dicitur,

449 5079 642 5132 Colum
669 5087 715 5130 et
742 5085 875 5129 terra
903 5073 1184 5127 transibunt
1209 5071 1424 5143 (Matth.
1455 5087 1602 5139 xxw,
1645 5071 1760 5142 35);
1799 5072 1895 5127 sed
1920 5081 1944 5110 θ
1968 5074 2036 5130 de

524 5247 551 5274 ι
583 5235 744 5290 Forte
791 5233 1052 5288 redundat
1075 5232 1385 5301 praepositio
1411 5233 1492 5296 de,
1526 5247 1646 5300 quae
1691 5231 1918 5288 habetur
1975 5233 2028 5287 in

447 5308 700 5366 omnibus
730 5305 911 5360 editis.

523 5378 550 5416 ι)
583 5376 1053 5431 Emendamusex
1100 5373 1238 5426 libro
1290 5370 1714 5434 Sententiarum,
1760 5373 2026 5426 sententia

452 5446 544 5512 3‘2,
573 5447 663 5501 ubi
695 5447 883 5513 legitur
905 5445 1044 5512 quod
1081 5444 1133 5498 in
1163 5452 1310 5498 textu
1367 5443 1660 5513 posuimus.
1708 5441 1843 5513 Editi
1886 5444 2027 5513 enim

454 5511 641 5571 omnes
679 5511 778 5569 hoc
817 5511 1004 5583 psalmi
1046 5514 1165 5568 loco
1213 5515 1428 5573 habent,
1457 5512 1543 5580 qui
1584 5511 1856 5583 pra'sentia
1899 5512 2030 5566 bona

457 5596 677 5648 ευιίγαηι,
709 5580 868 5639 sensu
895 5585 1170 5640 evidenter
1203 5583 1448 5652 opposito
1492 5580 1742 5634 Auctoris
1775 5582 2028 5637 intentio-

458 5661 531 5709 υἱ.
563 5657 670 5708 Nisi
696 5655 830 5710 forte
862 5656 1079 5723 legeris:
1103 5655 1191 5723 qui
1217 5670 1316 5706 non
1346 5652 1769 5723 prasentiaﬂbona
1791 5664 2022 5723 sperant,

457 5738 501 5778 et
535 5726 806 5780 invisibilia
832 5721 935 5779 sibi
954 5741 1013 5776 ac
1047 5721 1227 5784 futura
1254 5724 1578 5786 promittunt.
1611 5721 1753 5776 Editi
1785 5722 1925 5776 enim
1963 5725 1976 5778 l
2009 5759 2025 5766 -

2139 4627 2554 4673 consummante
2582 4617 2882 4682 victoriam,
2913 4617 3203 4673 habitantis
3235 4619 3285 4672 in
3315 4620 3472 4676 nobis
3499 4632 3520 4659 ο
3543 4623 3721 4678 simus

2142 4708 2341 4778 gloria,
2385 4723 2491 4761 non
2527 4707 2760 4761 hostium
2795 4708 2994 4774 praeda.

2215 4798 2398 4869 (νει-ε.
2429 4795 2581 4868 2-4.)
2609 4797 2737 4852 Cum
2772 4799 3088 4868 insurgerent
3114 4798 3342 4854 homines
3370 4801 3424 4853 in
3449 4817 3566 4866 nos,
3609 4802 3726 4871 [or-

2141 4891 2277 4944 sitan
2304 4889 2439 4942 rivos
2465 4888 2798 4959 deglutissent
2829 4906 2940 4941 nos.
2971 4889 3104 4942 Tota
3133 4905 3261 4959 ergo
3289 4890 3522 4946 ﬁdelium
3548 4893 3726 4958 salus,

2143 4989 2255 5034 tota
2286 4979 2605 5047 patientium
2637 4978 2892 5031 fortitudo
2914 4977 2978 5032 ad
3010 4979 3196 5043 Deum,
3221 4980 3309 5048 qui
3343 4981 3394 5034 in
3425 4982 3730 5037 sanctisest

2143 5070 2411 5128 mirabilis
2439 5068 2590 5142 (Psal
2612 5084 2776 5134 van,
2804 5068 2920 5138 56),
2951 5070 3228 5125 referenda
3249 5081 3360 5136 est;
3385 5074 3507 5140 quia
3536 5074 3636 5128 nisi
3670 5075 3732 5128 in

2137 5241 2268 5303 gunt
2295 5232 2380 5286 hic
2409 5233 2742 5304 promittunt,
2765 5247 2870 5287 non
2896 5235 3216 5302 promittant.
3246 5238 3525 5304 Augustini
3548 5239 3733 5302 locus,

2135 5319 2296 5377 quem
2331 5317 2441 5369 pra:
2463 5304 2632 5377 oculis
2662 5303 2914 5377 habuisse
2958 5305 3171 5377 videtur
3201 5303 3419 5360 saucius
3450 5308 3690 5375 Prosper
3716 5355 3732 5377 ,

2135 5371 2371 5447 talis‘est
2397 5389 2409 5447 :_
2456 5371 2749 5426 Irridentur
2784 5373 2862 5426 illi
2908 5376 2997 5444 qui
3020 5377 3328 5447 felicitatem
3357 5389 3536 5429 uocant
3566 5371 3736 5447 quani

2134 5442 2298 5497 oculis
2325 5443 2494 5512 videre
2519 5459 2619 5494 non
2649 5453 2884 5512 possunt,
2918 5442 2964 5498 et
2993 5446 3181 5498 dicitur
3219 5448 3316 5510 eis,
3347 5447 3484 5512 Quid
3525 5442 3696 5500 credis
3718 5493 3737 5512 ,

2130 5513 2357 5585 insane?
2399 5511 2548 5585 Vides
2574 5511 2708 5585 quod
2737 5516 2903 5566 credis
2926 5515 2951 5566 1’
2977 5554 2990 5566 .
3015 5554 3027 5570 .
3055 5557 3065 5567 .
3112 5514 3247 5568 Ecce
3290 5511 3384 5585 ego
3419 5517 3558 5584 quod
3605 5511 3741 5572 amo

2131 5583 2297 5654 video,
2327 5583 2491 5652 fruor.
2525 5582 2832 5654 Despiceris,
2879 5585 2999 5651 quia
3036 5600 3211 5650 speras
3234 5582 3369 5647 quod
3419 5582 3520 5640 non
3563 5588 3740 5654 vides,

2134 5665 2184 5707 et
2209 5651 2426 5724 despicit
2453 5663 2500 5705 te
2526 5651 2612 5724 ille
2633 5654 2720 5721 qui
2747 5654 2894 5724 quasi
2918 5662 3048 5706 tenet
3075 5656 3209 5724 quod
3233 5657 3388 5710 videt.

2213 5733 2234 5760 ε
2268 5723 2546 5788 Fortasse,
2577 5723 2727 5789 [imus
2761 5723 2951 5788 gloria.
