4026 6176
340 279 443 336 569

1151 285 1570 344 PSALMORUM
1612 289 1651 341 Α
1693 286 1732 341 C
1773 287 1864 342 AD
1902 253 1989 342 δι.
2031 285 2417 342 EXPOSlTlO.
2465 287 2658 344 PSAL.
2700 290 2911 346 CXXV.

3505 299 3610 354 370

338 394 442 449 illis
484 395 743 451 Dominus
780 407 946 464 esset,
995 398 1166 453 lurori
1200 400 1488 470 impiorum
1523 399 1779 468 fragilitas
1821 400 1918 453 hu-
1944 402 1992 461 Α
2024 397 2116 450 sed
2153 396 2202 448 iu
2233 395 2332 449 ista
2363 397 2569 451 caelesti
2601 407 2655 452 et
2683 409 2881 454 aeterna
2910 416 3030 470 qua:
3068 401 3364 459 aediﬁcatur
3389 414 3448 460 ut
3472 407 3609 460 civi-

337 500 494 540 utana
539 489 914 543 succumberet
963 489 1137 560 (Sent.
1186 489 1300 560 33).
1362 491 1512 544 Dicat
1556 506 1685 560 ergo
1728 491 1915 556 Israel,

338 573 486 630 dicat
510 577 742 645 populus
768 578 1102 648 redemptus,
1142 581 1372 650 populus
1414 590 1781 651 regeneratus,
1824 597 1918 650 po-

334 666 494 732 pulus
517 668 839 736 adoptivus,
873 667 996 724 Nisi
1034 671 1154 742 quia
1200 670 1448 726 Dominus
1493 683 1599 726 erat
1642 673 1694 725 in
1734 673 1912 736 nobis,

329 773 451 809 cum
482 757 801 829 insurgerent
831 761 1060 816 homines
1080 762 1350 816 adversum
1379 780 1489 830 nos,
1524 763 1745 833 forsitan
1776 766 1915 818 vivos

329 847 666 918 deglutissent
710 867 823 904 nos.
857 850 974 906 Vivi
1016 859 1194 907 autem
1237 852 1633 922 deglutiuutur,
1673 854 1762 922 qui
1795 869 1914 922 per-

335 938 618 995 secutione
641 942 914 1012 superati,
942 943 995 996 in
1041 944 1353 999 societatem
1398 932 1678 1000 transeunt
1719 946 1914 1014 impio-

339 1044 457 1082 rum
485 1069 501 1095 ,
531 1041 585 1084 et
633 1046 817 1086 amore
866 1034 1076 1104 exigua:
1117 1036 1242 1089 vitae
1264 1077 1278 1099 ,
1321 1036 1373 1090 iu
1397 1035 1720 1105 profundum
1751 1045 1914 1090 rumtt

327 1119 522 1174 mortis
551 1131 790 1176 aeternae.
814 1120 941 1176 Cum
966 1125 1215 1178 irascetur
1234 1129 1378 1197 furor
1402 1142 1578 1180 eorum
1602 1142 1754 1197 super
1782 1142 1875 1180 nos
1894 1164 1908 1189 ,

323 1212 546 1279 forsitan
586 1215 727 1268 vivos
771 1216 1146 1271 absorbuissent
1187 1235 1297 1272 nos.
1342 1219 1455 1272 Vivi
1501 1219 1862 1272 absorbentur
1892 1259 1908 1284 ,

322 1304 414 1371 qui
447 1303 608 1359 ﬁdem
640 1306 855 1375 quidem
884 1322 1034 1362 suam
1075 1311 1126 1362 iu
1155 1312 1484 1365 conscientia
1523 1325 1620 1364 sua
1650 1311 1906 1375 retinent,

320 1401 418 1455 sed
446 1410 595 1456 metu
627 1413 798 1467 paenae
836 1400 1184 1470 acquiescunt
1234 1402 1500 1458 idolorum
1533 1403 1781 1458 culturae.
1817 1403 1910 1457 Vi-

319 1502 454 1547 vuut
483 1494 668 1564 itaque
703 1503 950 1549 tenentes
982 1494 1180 1562 ﬁdem;
1215 1496 1310 1550 sed
1342 1497 1467 1550 dum
1508 1505 1695 1551 contra
1743 1496 1906 1552 ﬁdem

319 1584 545 1650 iaciunt,
578 1584 866 1639 adorantes
906 1585 1050 1655 quod
1095 1585 1229 1641 nihil
1259 1602 1381 1642 esse
1435 1599 1719 1653 noverunt,
1765 1588 1907 1644 occi-

317 1677 524 1730 duntur
547 1687 600 1731 ct
626 1688 870 1744 pereunt.

2023 499 2102 542 tas
2131 489 2304 558 (Psal.
2337 504 2461 544 cxxt
2488 530 2503 555 ,
2546 492 2626 557 5).
2677 491 2881 547 Montes
2929 497 2982 546 in
3030 495 3244 548 circuitu
3269 499 3381 563 ejus
3406 512 3424 549 :
3456 512 3606 551 mou-

2019 583 2151 636 tiutn
2204 582 2422 637 nomine
2470 585 2842 651 signiﬁcantur
2891 586 3270 654 praedicatores
3323 586 3602 654 veritatis,

2019 673 2134 727 sive
2194 675 2411 743 angeli,
2472 675 2592 730 sive
2658 677 2920 745 apostoli,
2965 679 3078 732 sive
3144 679 3464 748 prophetas,
3512 681 3607 750 qui

2020 765 2368 831 splendorem
2402 764 2666 829 veritatis,
2695 783 2854 836 quem
2903 768 2972 824 de
3005 770 3257 835 supernis
3301 772 3598 839 accipiunt,

2017 858 2070 910 in
2103 856 2352 910 inferiora
2381 857 2704 912 dilYundunt.
2736 857 2805 912 Et
2843 860 3089 914 Dominus
3108 861 3160 914 in
3191 861 3408 914 circuitu
3441 864 3603 931 plebis

2015 964 2162 1012 sum;
2191 948 2451 1016 quidquid
2493 963 2623 1016 ergo
2645 959 2727 1002 est
2766 951 2900 1004 lucis
2928 952 2978 1004 in
3011 951 3319 1016 montibus,
3362 953 3476 1020 ipse
3516 960 3602 1006 est

2015 1045 2102 1109 qui
2158 1042 2446 1110 splendere
2485 1052 2696 1096 montes
2726 1043 2889 1107 facit;
2939 1053 2992 1097 et
3030 1044 3285 1113 quidquid
3320 1059 3414 1112 per
3443 1045 3602 1098 mini-

2015 1143 2157 1185 stros
2177 1132 2361 1186 auxilii
2410 1133 2586 1196 venit,
2618 1133 2760 1186 illius
2803 1141 2886 1186 est
2927 1133 3016 1200 qui
3047 1143 3287 1204 operatur
3327 1135 3502 1186 omnia
3541 1135 3596 1186 iu

2011 1224 2245 1277 omnibus
2310 1223 2366 1293 (l
2415 1223 2534 1278 Cor.
2590 1239 2694 1285 xu,
2733 1224 2828 1293 6).
2876 1222 2959 1277 Ex
3006 1224 3102 1277 Itoc
3159 1240 3292 1276 nunc
3339 1234 3386 1278 et
3439 1242 3599 1295 usque

2012 1318 2066 1368 in
2116 1316 2401 1379 swculum;
2445 1325 2502 1370 ut
2555 1331 2584 1370 a
2648 1318 3032 1385 temporalibus
3090 1317 3484 1373 transferantur
3526 1322 3596 1374 ad

2012 1417 2236 1460 eterna.

2085 1498 2264 1564 (Vers.
2295 1497 2377 1565 3.)
2404 1497 2540 1564 Quia
2565 1514 2668 1551 non
2699 1499 3070 1569 derelinquitur
3098 1500 3238 1571 virga
3269 1509 3592 1569 peccatorum

2009 1607 2161 1659 super
2186 1600 2377 1645 sortem
2405 1594 2692 1654 iustorum:
2715 1603 2771 1646 ut
2797 1609 2899 1647 non
2928 1595 3208 1648 extendant
3229 1595 3360 1663 justi
3384 1595 3454 1648 ad
3482 1596 3590 1648 ini-

2007 1685 2249 1752 quitatem
2270 1701 2450 1738 manus
2480 1701 2619 1738 suas.
2648 1685 2806 1754 Stepe
2837 1686 2888 1739 in
2922 1687 3024 1740 hoc
3053 1687 3252 1740 saeculo
3281 1697 3590 1756 peccatores

393 1766 574 1833 (Vers.
620 1766 704 1837 5.)
752 1767 1047 1821 Torrentem
1095 1770 1417 1840 pertransivit
1467 1771 1638 1825 animo
1684 1780 1901 1841 nostra,
1938 1768 1983 1828 B
2013 1776 2338 1830 mundanam
2389 1777 2680 1844 potentiam
2731 1786 3164 1844 consequuntur;
3211 1791 3333 1830 cum
3381 1785 3438 1831 et
3483 1778 3588 1846 ipsi

315 1857 537 1926 forsitan
566 1858 1089 1928 pertransivitaninta
1136 1870 1314 1914 nostra
1373 1877 1559 1925 aquam
1608 1863 1904 1916 intolerabi-

316 1950 438 2000 lem.
467 1947 569 2001 Vel
597 1957 622 1984 ει
653 1949 764 2002 sine
791 1949 1092 2002 substantia.
1122 1951 1430 2019 Magnitudo
1469 1953 1698 2020 periculi
1755 1954 1899 2023 quod

316 2037 373 2089 lii
413 2037 609 2105 quibus
651 2038 906 2093 Dominus
934 2040 1109 2094 inerat
1131 2050 1455 2111 evaserunt,
1505 2042 1632 2098 facit
1679 2044 1899 2099 eosdem

314 2129 408 2195 qui
439 2128 653 2183 liberati
678 2139 802 2183 sunt
823 2128 1005 2184 mirari
1024 2130 1168 2200 quod
1187 2141 1326 2186 tanta
1346 2135 1587 2202 oppressi
1609 2135 1901 2190 tentatione

315 2232 425 2271 non
457 2217 679 2272 fuerint.
712 2219 838 2274 ldeo
856 2222 1005 2275 enim
1028 2223 1255 2276 verbum
1283 2224 1631 2279 dubitationis
1661 2226 1897 2294 ponitur,

315 2320 378 2362 ut
415 2310 466 2364 id
494 2320 805 2378 superatum
836 2312 1255 2378 demonstretur,
1283 2316 1429 2384 quod
1479 2316 1710 2370 humana
1755 2318 1898 2372 vinci

315 2402 576 2457 facultate
605 2417 710 2457 non
734 2406 923 2473 potuit.
957 2405 1061 2461 Per
1087 2407 1195 2461 vim
1225 2417 1404 2462 autem
1436 2423 1696 2477 aquarum
1734 2409 1896 2482 471

314 2494 639 2563 signiﬁcavit
681 2497 994 2564 populorum
1021 2497 1283 2554 furorem.
1334 2501 1394 2555 Et
1444 2501 1568 2555 ideo
1616 2503 1715 2556 ista
1760 2519 1896 2572 aqua

312 2586 426 2638 sine
453 2586 738 2640 substantia
781 2587 1008 2655 dicitur,
1055 2590 1177 2659 quia
1218 2602 1495 2660 peccatum
1548 2594 1746 2648 nullius
1773 2595 1901 2648 sub«

312 2675 530 2730 stantia
555 2686 657 2742 est,
689 2686 746 2732 et
783 2679 874 2748 qui
898 2679 1068 2751 diligit
1113 2680 1434 2751 iniquitatem
1456 2727 1470 2752 ,
1520 2683 1628 2737 odit
1673 2686 1898 2740 quintam

311 2783 466 2820 suam
497 2767 671 2836 (Psal.
701 2785 758 2838 ι,
780 2771 860 2840 6),
893 2784 959 2825 eo
1001 2771 1214 2840 plenam
1237 2773 1378 2842 quod
1403 2789 1508 2828 non
1530 2775 1653 2840 erit,
1679 2785 1732 2830 et
1755 2777 1896 2845 quod

311 2865 560 2924 egentem
586 2858 732 2912 facit.

384 2947 563 3017 (Vers.
593 2949 678 3017 6.)
707 2949 1013 3006 Benedictus
1046 2952 1292 3008 Dominus
1313 2995 1327 3019 ,
1359 2955 1445 3024 qui
1473 2972 1577 3010 non
1620 2958 1758 3011 dedit
1805 2973 1896 3013 nos

311 3041 366 3093 in
387 3042 707 3096 venationem
738 3042 757 3113 (
781 3043 866 3098 vel
893 3044 949 3097 in
978 3046 1284 3117 captionem)
1315 3047 1551 3102 dentibus
1577 3065 1773 3103 eorum.
1807 3051 1897 3106 Fi-

312 3133 450 3186 delis
473 3134 686 3198 anima,
716 3148 824 3188 non
871 3138 923 3189 in
953 3137 1068 3190 suis
1089 3137 1310 3202 viribus,
1340 3139 1433 3193 sed
1462 3140 1513 3194 in
1541 3141 1632 3195 Dei
1660 3144 1896 3198 exsultat
1920 3138 1965 3200 C

314 3223 538 3280 auxilio.
578 3225 705 3282 ldeo
733 3228 876 3283 enim
912 3229 1225 3284 venantium
1255 3231 1430 3285 evasit
1466 3233 1720 3302 insidias,
1769 3238 1895 3306 quia

315 3317 573 3372 Dominus
603 3317 733 3374 fecit
757 3318 908 3374 irrita
940 3321 1119 3375 omnia
1139 3337 1337 3391 genera
1361 3325 1693 3394 captionum.

387 3408 569 3476 (Vers.
604 3411 686 3481 7.)
713 3411 896 3465 Anima
919 3423 1095 3467 nostra
1133 3415 1265 3470 sicut
1300 3432 1474 3482 passer
1519 3427 1693 3486 erepta
1736 3429 1808 3474 est
1835 3423 1897 3476 de

312 3504 493 3570 laqueo
511 3506 830 3559 venantium.
853 3506 1098 3577 Laqueus
1127 3507 1212 3562 vel
1240 3510 1535 3579 muscipula
1565 3512 1895 3577 venantium,

311 3611 464 3651 amor
496 3605 581 3652 est
610 3598 769 3654 istius
806 3601 948 3666 vitae,
976 3600 1132 3670 cujus
1173 3601 1326 3656 dolos
1371 3619 1638 3671 passeres,
1703 3607 1752 3660 id
1789 3617 1893 3677 est,

310 3687 546 3742 humiles
577 3689 779 3758 quique
829 3690 1091 3758 ﬁdelium,
1129 3693 1379 3760 praesidio
1419 3709 1669 3763 superna:
1716 3707 1895 3763 prote-

309 3780 510 3833 Ctionis
534 3778 820 3850 ell'ugiunt.
852 3780 1087 3851 Laqueus
1115 3785 1363 3836 contritus
1384 3794 1479 3846 est,
1499 3796 1544 3837 et
1575 3803 1666 3839 nos
1695 3786 1896 3840 liberati

311 3889 511 3926 sumus.
541 3872 783 3927 Pratterit
802 3875 937 3928 enim
965 3875 1136 3945 ﬁgura
1177 3874 1334 3947 hujus
1361 3877 1538 3929 mundi
1565 3877 1622 3946 (Ι
1648 3876 1768 3934 Cor.
1798 3894 1893 3942 vn,

311 3966 405 4032 51)
429 3981 445 4028 ;
475 3973 530 4019 et
547 3978 734 4020 omnes
759 3969 1108 4034 praesentium
1141 3967 1441 4022 vanitatum
1466 3967 1736 4024 illecebrae
1762 3985 1897 4024 con-

313 4064 581 4121 terentur,
617 4071 741 4110 cum
789 4055 1001 4111 liberati
1044 4071 1315 4126 passeres,
1385 4058 1436 4112 id
1481 4068 1587 4127 est,
1637 4056 1900 4129 humiles,

310 4163 339 4201 a
374 4150 702 4204 coatritione
738 4149 1118 4220 temporalium
1168 4151 1351 4206 dicent
1381 4155 1713 4209 exsultantes
1735 4164 1897 4223 atque

309 4241 629 4310 gaudentes.

386 4332 569 4391 (Vers.
611 4330 696 4401 8.)
723 4333 1050 4404 Adjutorium
1085 4345 1315 4387 nostrum
1341 4336 1395 4387 in
1432 4335 1635 4388 nomine
1661 4333 1893 4403 Domini,

307 4424 401 4492 qui
430 4424 551 4492 fecit
578 4424 760 4478 caelum
789 4435 835 4478 et
865 4438 1073 4478 terram.
1104 4425 1294 4480 Merito
1315 4441 1444 4496 ergo
1467 4443 1570 4480 non
1608 4429 1893 4496 suntcapti

2005 1869 2110 1923 sint
2140 1868 2330 1937 iniqui,
2359 1868 2692 1938 publicarum
2723 1876 2902 1922 tamen
2937 1869 3114 1937 legum
3159 1879 3284 1922 sunt
3313 1869 3541 1924 ministri
3569 1887 3582 1924 :

2002 1958 2166 2031 472
2185 1975 2409 2029 quorum
2434 1969 2669 2029 potestas
2691 1959 2849 2013 etiam
2879 1958 3125 2013 ﬁdelibus
3147 1958 3456 2013 honoranda
3480 1970 3583 2024 est,

2004 2060 2226 2118 propter
2248 2048 2530 2102 utilitatem
2555 2049 2831 2117 disposita:
2853 2047 3172 2116 disciplinae.
3222 2047 3328 2102 Sed
3369 2047 3412 2102 si
3451 2046 3503 2100 iu
3533 2047 3584 2101 id

2004 2151 2374 2211 prorumpant,
2410 2151 2466 2194 ut
2490 2141 2665 2209 justos
2693 2141 2808 2193 veri
2842 2138 2934 2194 Dei
2961 2139 3109 2193 cultu
3141 2151 3403 2193 conentur
3428 2154 3585 2193 aver-

2003 2244 2119 2290 tere
2148 2276 2162 2299 ,
2195 2235 2336 2288 nulla
2362 2233 2440 2289 eis
2466 2232 2774 2288 obcdicnlia
2796 2272 2810 2296 ,
2843 2230 2989 2284 nulla
3014 2230 3095 2284 eis
3135 2231 3422 2300 prazbenda
3455 2245 3585 2284 con-

2001 2327 2205 2381 sensio.
2233 2325 2368 2389 Quia
2395 2341 2498 2377 non
2525 2322 2842 2391 derelinquet
2864 2320 3116 2376 Dominus
3135 2323 3327 2393 virgam
3354 2331 3584 2389 peccato-

1999 2435 2110 2472 rum
2130 2432 2281 2487 super
2294 2425 2477 2470 sortem
2491 2418 2749 2487 justorum
2767 2431 2787 2480 ;
2805 2428 3032 2483 quorum
3057 2427 3176 2468 sors
3188 2414 3302 2482 ipse
3324 2413 3464 2468 Deus
3477 2425 3579 2476 est,

1999 2509 2089 2579 qui
2115 2509 2275 2578 justis
2304 2508 2416 2562 suis
2453 2522 2570 2561 eam
2591 2505 3046 2576 perseverantiam
3078 2503 3256 2569 dabit,
3281 2513 3340 2557 ut
3359 2504 3583 2572 imperia

2001 2600 2346 2654 saevientium
2377 2614 2483 2652 non
2511 2607 2751 2652 metuant
2777 2596 3089 2665 impiorum,
3121 2606 3173 2649 et
3195 2595 3262 2649 ab
3280 2595 3424 2648 omni
3455 2609 3584 2662 ope-

1997 2707 2059 2747 re
2090 2691 2287 2760 iniquae
2313 2689 2538 2744 actionis
2559 2688 2884 2742 abstineant.
2914 2687 2989 2740 lta
3017 2701 3146 2755 ergo
3176 2697 3230 2741 et
3266 2703 3296 2741 a
3335 2687 3584 2756 plebibus

1998 2784 2267 2853 principes
2292 2825 2305 2846 ,
2332 2792 2385 2837 et
2409 2797 2438 2836 a
2469 2783 2642 2836 servis
2665 2779 2867 2834 domini
2896 2787 3020 2832 sunt
3065 2776 3270 2833 ferendi
3300 2795 3314 2843 ;
3373 2787 3429 2832 ut
3472 2779 3576 2833 sub

1999 2873 2391 2928 exercitatione
2454 2870 2754 2925 tolerantiae
2813 2868 3182 2923 sustineantur
3233 2869 3578 2938 temporalia,

1999 2975 2290 3038 sperentur
2337 2975 2563 3020 aeterna.
2618 2965 2791 3032 Auget
2823 2963 2966 3017 enim
3027 2963 3276 3017 meritum
3325 2963 3577 3027 virtutis,

1999 3058 2256 3129 quidquid
2292 3057 2623 3126 pr0positum
2653 3070 2756 3108 non
2785 3053 2949 3106 violat
2976 3053 3254 3122 religionis
3278 3052 3580 3123 (Sent.54).

2068 3149 2252 3220 (Vers.
2293 3145 2376 3218 4.)
2408 3146 2652 3217 Benefac,
2686 3145 2935 3209 Domine,
2979 3146 3122 3198 bonis
3157 3152 3206 3197 et
3232 3146 3381 3198 rectis
3404 3148 3577 3199 corde.

2001 3239 2152 3294 Recti
2185 3248 2310 3294 sunt
2332 3239 2499 3293 corde
2529 3238 2616 3307 qui
2655 3237 2721 3290 de
2755 3236 3038 3306 prmccptis
3081 3236 3174 3290 Dei
3218 3247 3270 3291 et
3308 3237 3578 3291 constitu-

2001 3330 2237 3385 tionibus
2262 3345 2368 3384 nou
2399 3337 2722 3398 queruntur,
2754 3343 2853 3382 nec
2881 3328 3142 3383 varietate
3165 3343 3346 3382 rerum
3373 3338 3580 3394 tempo-

1999 3421 2192 3474 ralium
2238 3420 2625 3488 depravantur,
2671 3419 2792 3488 quia
2836 3418 3038 3486 justum
3069 3427 3152 3473 est
3206 3419 3582 3488 aequanimiter

1998 3511 2128 3566 ferri
2158 3511 2296 3580 quod
2321 3510 2666 3579 judicaturus
2692 3510 2860 3564 voluit
2896 3509 3120 3563 tolerari
3151 3508 3322 3579 (Sent.
3356 3508 3472 3578 55).

2070 3601 2249 3672 ('t'crs.
2296 3601 2381 3669 5.)
2422 3600 2750 3653 Declinantes
2779 3610 2951 3652 autem
2998 3600 3054 3652 in
3099 3598 3458 3668 obligationem
3482 3601 3580 3651 ad-

1998 3695 2150 3748 ducet
2180 3692 2430 3747 Dominus
2461 3710 2575 3747 cum
2621 3693 2946 3762 operantibus
2977 3693 3312 3762 iniquitatem.
3362 3691 3579 3759 Impias,

1995 3785 2194 3854 inquit,
2223 3786 2501 3853 querelas,
2531 3799 2558 3835 a
2593 3781 2712 3836 ﬁdei
2747 3781 2919 3838 limite
2948 3781 3245 3847 deviautes,
3273 3791 3325 3835 et
3355 3781 3407 3834 in
3455 3781 3578 3834 imi-

1999 3881 2254 3935 tationem
2301 3877 2600 3930 multorum
2645 3875 2909 3929 scelerum
2939 3874 3319 3940 ’transeuntes,
3348 3872 3587 3927 adducet

2000 3969 2256 4023 Dominus
2275 3967 2609 4036 adjudicium
2639 3965 3030 4031 retributionis,
3055 3963 3277 4032 paribus
3300 3965 3579 4018 conscien-

1997 4061 2194 4115 tiarum
2226 4060 2460 4115 vinculis
2483 4059 2752 4127 obligatos
2779 4074 2792 4120 ;
2826 4066 2883 4110 ut
2912 4071 3070 4125 quem
3101 4071 3208 4110 non
3233 4056 3584 4110 crediderunt

1994 4153 2250 4223 judicem,
2281 4149 2627 4219 experiantur
2659 4149 2912 4202 ultorem.
2944 4146 3060 4202 Pas:
3084 4164 3240 4218 super
3271 4147 3458 4202 Israel.
3490 4148 3583 4203 Je-

1998 4243 2231 4298 rusalem
2260 4243 2646 4310 interpretatur
2678 4239 2822 4292 Visio
2845 4238 2993 4307 pacis
3019 4256 3033 4302 ;
3065 4248 3119 4292 et
3151 4238 3348 4304 Israel,
3384 4238 3581 4293 Vidcns

1999 4335 2189 4388 Deum.
2218 4333 2316 4399 Qui
2344 4345 2475 4402 ergo
2503 4330 2651 4384 videt
2681 4329 2874 4392 Deum,
2919 4344 3105 4398 pacem
3151 4329 3326 4396 videt,
3376 4337 3429 4382 et
3475 4345 3578 4397 pax

1999 4443 2160 4496 super
2186 4427 2360 4496 ipsum
2390 4435 2494 4488 est,
2526 4423 2612 4478 cui
2642 4422 2788 4477 Deus
2812 4436 3026 4490 semper
3056 4420 3248 4488 placet,
3273 4430 3327 4474 et
3351 4421 3402 4473 iu
3435 4421 3582 4473 nullo

310 4533 342 4571 a
397 4517 740 4573 venatoribus
787 4519 944 4572 istius
993 4520 1212 4584 mundi,
1247 4520 1335 4586 qui
1378 4518 1702 4587 adjulorium
1748 4533 1898 4588 quzr-
1923 4508 1974 4567 Ι)
2001 4521 2069 4574 ab
2095 4519 2263 4588 ipsius
2292 4517 2574 4573 voluntate
2605 4515 2901 4570 discordat.

309 4610 523 4666 sicrunt
567 4612 622 4665 iu
674 4612 889 4666 nomine
936 4609 1170 4676 Domini,
1223 4611 1312 4680 qui
1354 4611 1547 4665 cmlum
1601 4621 1654 4664 et
1693 4620 1893 4665 terram

309 4703 536 4760 creavit.

806 4797 1118 4854 PSALMUS
1159 4795 1396 4852 CXXIV.

393 4891 556 4956 (Vers
580 4894 633 4958 l,
663 4890 744 4960 2.)
777 4891 876 4956 Qui
901 4891 1163 4961 conﬁdunt
1193 4893 1246 4944 in
1286 4889 1507 4944 Domino
1531 4932 1545 4956 ,
1578 4891 1711 4943 sicut
1752 4905 1897 4943 mons

312 4988 471 5053 Sion,
505 5002 607 5039 non
659 4985 1047 5039 commovebitur
1089 4985 1140 5036 in
1188 4992 1451 5050 aeternum,
1477 4982 1564 5052 qui
1611 4981 1804 5035 habitat
1841 4983 1895 5036 in

305 5079 624 5134 Jerusalem.
659 5078 799 5134 Inter
818 5079 1000 5134 muudi
1033 5077 1279 5133 scandala
1333 5086 1386 5131 et
1416 5090 1592 5129 rerum
1626 5083 1894 5140 tempora-

307 5174 439 5226 lium
458 5172 754 5226 varietatcs
785 5186 890 5224 non
921 5169 1197 5224 discedere
1221 5183 1252 5222 a
1278 5167 1528 5232 Domino,
1559 5164 1652 5219 sed
1682 5165 1732 5218 in
1761 5165 1892 5219 cha-

307 5267 473 5320 ri'ate
504 5263 622 5334 ejus
647 5278 712 5318 ac
742 5263 969 5332 proximi
998 5260 1245 5314 stabilem
1273 5272 1618 5328 permanere,
1650 5266 1755 5309 tam
1783 5256 1894 5310 cla-

305 5375 427 5416 rum
484 5367 648 5428 atque
701 5355 935 5411 sublime
973 5360 1091 5414 est,
1149 5359 1209 5404 ut
1259 5349 1349 5417 qui
1404 5354 1455 5402 in
1491 5349 1591 5402 hac
1640 5348 1893 5402 ﬁrmitate

307 5451 640 5512 consistunt,
670 5445 867 5500 montis
897 5444 1027 5498 Sion
1060 5443 1229 5496 instar
1250 5440 1551 5495 obtineant.
1601 5438 1705 5507 lpsi
1746 5439 1886 5492 enim

307 5541 416 5596 ﬁde
447 5549 503 5596 et
531 5553 628 5608 spe
655 5537 898 5593 habitant
928 5535 979 5588 in
1003 5531 1323 5597 Jerusalem,
1362 5545 1467 5584 non
1499 5531 1602 5584 hac
1649 5537 1883 5597 terrena,

2513 4606 2824 4663 PSALilUS
2851 4605 3062 4660 CXXV.

2071 4701 2274 4774 (Vers.
2307 4697 2409 4770 ι.)
2463 4697 2590 4752 Cum
2641 4707 2883 4751 averteret
2932 4697 3181 4749 Dominus
3235 4696 3597 4766 captivitatem.

2001 4796 2147 4860 Sion,
2177 4794 2300 4861 {acti
2321 4807 2496 4846 sttmus
2518 4791 2644 4843 sicut
2668 4788 2938 4842 consolati.
2971 4786 3323 4855 l’rOpbeticus
3348 4786 3582 4854 psalmus

1998 4888 2064 4941 ad
2091 4883 2458 4940 ascensionem
2489 4881 2721 4948 pertinet
2748 4878 3036 4946 graduum,
3069 4878 3262 4945 quibus
3294 4875 3432 4930 bene
3459 4890 3583 4928 cur-

2002 4980 2232 5033 rentium
2267 4977 2464 5031 crescit
2509 4973 2806 5043 prolectus.
2871 4972 2982 5028 Sub
3016 4969 3375 5039 appellatione
3422 4967 3601 5021 unius.

2000 5070 2147 5124 urbis
2172 5077 2226 5124 et
2251 5067 2435 5136 populi
2462 5107 2477 5132 ,
2505 5080 2569 5120 ea
2611 5081 2731 5134 qua:
2779 5065 2848 5120 de
2878 5066 3125 5117 universa
3175 5062 3410 5116 Ecclesia
3455 5069 3581 5114 sunt

1997 5158 2346 5228 intelligenda
2399 5156 2682 5226 signiﬁcat.
2735 5155 2864 5210 Sion
2895 5155 3093 5223 quippe
3132 5154 3184 5206 in
3232 5161 3345 5205 toto
3377 5152 3577 5204 mundo

2000 5261 2083 5306 est
2109 5261 2419 5304 sanctorum
2440 5247 2678 5302 omnium
2701 5260 2917 5315 corpus,
2943 5245 3201 5298 ctcivitas
3219 5257 3248 5296 a
3271 5241 3582 5309 captivitate

1996 5341 2310 5412 Babylonis,
2341 5356 2460 5409 qua:
2486 5339 2727 5394 conlusio
2777 5339 3188 5404 interpretatur,
3236 5333 3448 5387 educta.
3496 5332 3579 5385 Ab

1992 5436 2110 5504 ipso
2140 5434 2286 5488 enim
2321 5433 2488 5487 Adam
2515 5441 2683 5485 totum
2710 5443 2883 5498 genus
2917 5426 3415 5494 lutmanumjugum
3447 5426 3578 5477 sub-

1990 5529 2052 5584 iit
2087 5526 2360 5584 servitutis
2391 5523 2580 5595 (Eccli.
2608 5539 2696 5587 xL,
2729 5522 2818 5588 Ι),
2854 5535 2947 5589 per
2980 5533 3140 5589 quem
3177 5515 3358 5572 omnia
3395 5531 3524 5576 uuln.
3565 5519 3576 5570 i

385 5755 408 5783 ι
437 5743 527 5800 Sic
549 5740 758 5808 legebat
779 5737 832 5791 in
857 5732 1174 5807 Augustino,
1202 5733 1290 5803 qui
1315 5732 1453 5787 hanc
1475 5733 1756 5788 lectionem
1792 5731 2015 5802 exponit
2035 5744 2139 5801 quo
2186 5726 2342 5784 modo
2374 5727 2429 5782 S.
2462 5726 2689 5792 Prositer
2715 5721 2799 5775 hic
2831 5721 2884 5774 ίη
2912 5720 3046 5776 mm»
