4030 6178
439 292 539 346 57!

1679 278 1733 334 s.
1779 255 2118 332 rnosrsm’
2159 271 2483 340 AQUITANI

3617 262 3734 321 εῒὲ

443 402 664 469 saecula,
705 409 759 455 et
809 397 1080 471 generalis
1127 395 1415 469 captivitas
1463 409 1492 448 a
1547 393 1668 447 tiliis
1719 388 2022 457 adoptionis
2052 390 2099 444 A
2132 384 2245 455 21),
2289 393 2347 439 ct
2372 386 2495 454 quia
2526 383 2784 453 templum
2815 380 2909 437 Dei
2934 396 3037 436 non
3067 381 3170 435 nisi
3196 377 3363 448 ipsius
3391 392 3558 446 Opere
3594 376 3732 432 aedi-

442 495 724 559 svertitur,
754 499 810 546 et
836 492 1160 562 quicumque
1199 489 1266 544 ad
1298 484 1726 554 redemptionem
1750 481 2022 552 pertinent

441 583 718 654 sangulnis
741 579 962 650 Christi,
991 582 1045 636 in
1076 595 1230 651 spem
1260 594 1370 635 non
1397 577 1578 634 dubia:
1605 575 1794 631 salutis
1821 574 2025 629 habent

441 678 690 747 gaudium
715 675 1122 732 consolationis.

515 767 694 839 (Vers.
733 764 817 837 2.)
859 765 1002 820 Tunc
1029 766 1280 834 repletum
1323 771 1397 817 est
1439 763 1628 833 gaudio
1669 777 1723 814 os
1770 769 2021 822 nastrum,

441 868 489 913 et
518 859 698 931 lingua
725 869 903 912 nostra
927 859 1287 911 exsultatione.
1329 854 1593 911 Caudium
1640 852 1854 922 quidem
1903 865 2024 916 pro-

440 948 558 1018 prie
577 946 746 1020 animi
779 956 887 1003 est.
933 945 1039 1003 Sed
1083 947 1207 1017 quia
1256 959 1353 1000 ore
1396 941 1658 1013 promitur
1685 941 1825 1010 quod
1859 939 2026 994 corde

441 1039 769 1109 concipitur,
793 1038 966 1106 ipsam
1011 1037 1243 1104 linguam
1287 1033 1648 1090 exsultatione
1673 1031 1810 1085 dixit
1837 1030 2027 1098 imple-

443 1142 576 1197 tam,
625 1131 782 1202 cujus
831 1145 890 1188 se
945 1129 1248 1184 ministerio
1306 1128 1358 1180 in
1409 1126 1677 1180 actionem
1730 1123 2024 1190 gratiarum

440 1223 768 1280 abundantia
793 1220 989 1276 mentis
1015 1218 1262 1274 effundit.
1295 1217 1450 1284 Quod
1488 1217 1650 1270 etiam
1683 1222 1894 1266 tacente
1926 1211 2024 1265 lin-

441 1333 542 1386 gua
575 1317 688 1371 ﬁeri
723 1323 922 1382 potest,
945 1312 1068 1382 quia
1103 1320 1156 1365 et
1197 1310 1422 1364 interior
1457 1307 1619 1362 homo
1662 1305 1825 1376 473
1867 1303 2028 1357 habet

443 1423 506 1462 os
535 1405 828 1472 invisibile,
858 1412 913 1459 et
956 1404 1189 1471 linguam
1219 1407 1520 1463 secretam,
1565 1413 1688 1452 cum
1731 1411 1837 1466 quo
1865 1393 2026 1449 tacito

442 1511 580 1551 sono
605 1497 806 1550 clamat
833 1493 1079 1548 allectus.

514 1585 696 1658 (Vers.
723 1586 783 1651 2,
814 1582 896 1657 5.)
924 1583 1065 1638 Tunc
1089 1583 1260 1636 dicent
1288 1583 1416 1636 inter
1452 1588 1644 1654 gentes,
1676 1578 2028 1650 Magniﬁcarit

442 1674 698 1730 Dominus
725 1675 893 1743 facere
914 1690 1028 1728 cum
1055 1674 1148 1729 eis.
1178 1672 1533 1745 Magniﬁcavit
1577 1671 1827 1725 Dominus
1858 1671 2028 1739 facere

2127 478 2321 534 licetur
2351 478 2610 533 ostendit.

2201 568 2380 638 (Vers.
2411 567 2492 639 l.)
2541 567 2662 622 Nisi
2715 566 2963 620 Dominus
3010 561 3343 632 aediﬁcaverit
3385 561 3632 626 domum,
3675 559 3737 613 in

2127 675 2315 714 canum
2340 660 2698 714 laboraverunt
2725 659 3040 727 aediﬁcantes
3060 672 3192 711 eam.
3218 655 3461 724 Apostoli
3483 669 3587 707 vos
3621 660 3734 718 est,

2127 753 2355 808 dicentis
2389 753 2585 820 poliulo
2613 752 2780 814 ﬁdeli,
2833 752 2924 806 Dei
2954 750 3230 813 a'diﬁcatio
3260 751 3379 803 estis
3403 791 3418 816 ,
3462 749 3557 802 Dei
3580 747 3736 818 agri-

2127 843 2332 899 cultura
2356 845 2475 898 estis
2506 845 2548 914 (l
2577 841 2696 899 Cor.
2713 857 2790 909 ut,
2815 840 2892 914 9).
2918 840 3084 912 474
3108 842 3221 908 Qua
3252 854 3390 895 voce
3415 841 3576 894 etiam
3603 852 3736 908 pro-

2131 939 2286 1004 pheta
2320 935 2504 1000 utitur,
2537 942 2846 1004 protestans
2873 949 3072 988 vanum
3105 931 3344 987 laborem
3387 945 3507 986 esse
3549 930 3735 984 :rdill-

2128 1029 2365 1081 cautium
2407 1028 2656 1094 domum,
2689 1027 2791 1082 nisi
2831 1026 3033 1081 auxilio
3074 1023 3288 1080 Domini
3335 1039 3470 1093 opus
3502 1023 3736 1079 aedilicii

2129 1119 2438 1173 inchoatum
2482 1119 2640 1172 fuerit
2680 1126 2735 1173 et
2773 1116 3050 1174 effectura.
3100 1116 3252 1182 Quod
3300 1116 3483 1185 utique
3515 1116 3583 1171 de
3611 1123 3739 1169 tota

2133 1210 2371 1264 Ecclesia
2401 1209 2810 1278 intelligendum
2853 1217 2938 1264 est
2962 1250 2978 1274 ,
3029 1223 3148 1277 qua:
3178 1216 3263 1262 est
3292 1206 3595 1262 Jerusalem
3624 1245 3646 1274 ,
3680 1208 3735 1261 iu

2129 1300 2373 1353 omnium
2416 1313 2678 1368 compage
2705 1307 3018 1354 sanctorum
3049 1312 3153 1351 una
3183 1297 3375 1352 domus
3398 1336 3414 1361 ,
3460 1306 3516 1351 et
3560 1311 3734 1350 unum

2131 1391 2388 1459 templum
2415 1434 2432 1457 ,
2463 1401 2516 1446 et
2546 1407 2649 1445 una
2691 1379 2910 1459 civitas,
2956 1391 3110 1460 cujus
3140 1391 3440 1446 exstructio
3469 1390 3537 1444 ab
3568 1389 3736 1446 initio

2131 1496 2300 1551 usque
2329 1483 2383 1537 in
2415 1482 2599 1546 linem,
2645 1483 2875 1538 Domino
2904 1483 3227 1549 aediﬁcante,
3252 1485 3560 1553 consurgit;
3610 1485 3736 1538 sine

2129 1573 2282 1643 Cujus
2302 1575 2469 1644 gratia
2504 1574 2636 1628 nihil
2667 1586 2748 1628 est
2777 1574 3028 1639 solidum,
3058 1573 3190 1628 nihil
3219 1575 3452 1638 ﬁrmum,
3472 1574 3566 1628 sed
3593 1590 3734 1630 vana

2131 1654 2309 1719 omnia
2342 1673 2502 1733 atque
2537 1666 2760 1720 ruitura.
2795 1665 2914 1719 Nisi
2946 1665 3200 1719 Dominus
3221 1665 3517 1720 custodierit
3548 1666 3736 1718 civita-

443 1768 710 1820 nobiscum
736 1807 752 1832 ,
783 1769 908 1836 facti
933 1782 1109 1820 sumus
1140 1767 1393 1819 ltetautes.
1437 1763 1581 1818 Inter
1622 1779 1809 1818 omnes
1841 1771 2028 1829 gentes
2060 1756 2102 1814 Β
2132 1766 2264 1820 tem.
2305 1757 2360 1810 in
2400 1772 2585 1810 vanum
2618 1756 2867 1811 laboravit
2909 1757 2995 1825 qui
3032 1758 3273 1810 custodit.
3324 1757 3507 1812 Omnis
3557 1758 3733 1810 sancti

443 1871 571 1915 sunt
601 1861 745 1914 cives
775 1860 904 1914 Sion
925 1903 940 1928 ,
964 1861 1054 1928 qui
1082 1858 1452 1927 redemptione
1472 1873 1534 1911 ac
1561 1856 1735 1927 pretio
1753 1857 2030 1925 sanguinis

442 1951 644 2005 Christi
685 1950 754 2005 de
798 1951 1128 2020 captivitatis
1162 1949 1289 2018 jugo
1318 1947 1558 2017 quotidie
1589 1947 1922 2011 liberantur,
1973 1954 2032 2001 et

448 2041 654 2103 dicunt,
703 2039 1059 2110 Magniﬁcam
1099 2037 1356 2092 Dominus
1385 2042 1553 2109 facere
1582 2040 1844 2092 nobiscum
1876 2053 1896 2092 :
1937 2039 2029 2107 qui

444 2145 545 2186 nos
590 2145 682 2199 per
711 2129 1165 2198 magniﬁcentiam
1213 2131 1396 2199 gratia:
1422 2144 1534 2183 sua:
1556 2170 1571 2192 ,
1602 2128 1810 2182 caelesti
1843 2129 2031 2198 patria:

445 2219 777 2275 reformavit.
811 2219 1090 2287 luctantes,
1120 2219 1245 2290 quia
1276 2220 1390 2288 spei
1419 2219 1718 2274 manilesue
1747 2233 1870 2274 vera
1908 2227 2032 2274 sunt

443 2309 664 2381 gaudia.

515 2402 698 2476 (νει-ε.
725 2401 808 2475 4.)
841 2399 1106 2469 Converte,
1135 2401 1377 2469 Domine,
1400 2402 1744 2472 captivitatem
1772 2411 2030 2467 nostram,

445 2495 580 2549 sicut
611 2504 808 2550 torrens
831 2495 882 2548 in
908 2505 1109 2550 austro.
1143 2495 1265 2549 Vita
1300 2511 1535 2563 prtesens
1565 2498 1747 2549 multis
1781 2495 2034 2549 tcutatio-

447 2588 608 2642 nibus
667 2589 1045 2656 impugnatur,
1086 2598 1146 2642 ut
1202 2589 1362 2643 etiam
1407 2588 1670 2658 redempti
1709 2588 2035 2658 captivitatis

447 2679 586 2732 mala
631 2688 915 2745 metuant,
963 2687 1017 2733 et
1047 2679 1414 2735 indesinenter
1453 2696 1608 2749 opem
1658 2681 2034 2748 Redemptoris

446 2770 760 2838 implorent,
785 2779 1027 2838 petentes
1072 2780 1128 2824 ut
1159 2771 1211 2824 in
1245 2771 1328 2824 via
1373 2771 1606 2836 Domini,
1635 2787 1730 2838 per
1766 2773 2038 2826 ascensio-

447 2876 570 2913 nem
597 2861 819 2929 gradus,
850 2860 1078 2914 absoluti
1111 2875 1299 2915 cursus
1328 2860 1560 2916 habeant
1590 2861 1888 2916 libertatem
1921 2879 1934 2916 :
1981 2868 2037 2916 et

449 2953 589 3005 sicut
619 2967 770 3020 aqua:
799 2967 919 3020 qua'
951 2951 1070 3020 gelu
1101 2953 1298 3006 fuerint
1326 2952 1503 3022 ligata:
1542 2961 1725 3008 austro
1770 2954 1935 3008 ﬂante
1960 2954 2038 3008 la-

452 3057 672 3108 xantur,
703 3044 770 3096 ita
803 3043 900 3113 ipsi
935 3059 1030 3112 per
1053 3044 1311 3112 Spiritum
1338 3054 1581 3098 sanctum
1606 3045 1837 3099 resoluta
1866 3046 2036 3117 glacie

2136 1847 2344 1902 aedilicii
2393 1857 2562 1903 status
2583 1890 2598 1914 ,
2645 1847 2784 1902 sicut
2814 1849 3039 1902 Domino
3067 1861 3324 1916 operante
3356 1849 3569 1917 proﬁcit
3598 1891 3614 1917 ,
3661 1849 3732 1902 ita

2134 1938 2363 2009 Domino
2407 1937 2744 1993 cusmdiente
2791 1941 3059 1993 consistit.
3109 1939 3380 2006 Quoniam
3413 1939 3562 1993 utilis
3593 1954 3732 2007 prmo

2136 2031 2428 2098 positorum
2443 2031 2684 2085 custodia
2700 2040 2803 2094 est,
2828 2047 2948 2086 cum
2993 2030 3226 2100 Spiritus
3272 2031 3365 2085 Dei
3400 2032 3601 2099 populo
3631 2047 3732 2086 suo

2136 2119 2408 2188 praesidet,
2440 2129 2494 2174 et
2521 2135 2625 2175 non
2653 2122 2825 2176 solum
2851 2135 3100 2191 gregem,
3133 2121 3228 2176 sed
3273 2124 3434 2176 etiam
3469 2123 3621 2191 ipsos
3651 2124 3732 2178 di-

2133 2222 2328 2282 gnatur
2356 2213 2628 2269 custodire
2658 2223 2897 2283 pastores
2927 2214 3100 2285 (Sent.
3131 2213 3248 2286 36).

2208 2304 2388 2377 (Vers.
2428 2306 2514 2376 2.)
2551 2305 2618 2360 In
2651 2323 2836 2360 vanum
2871 2317 2945 2360 est
2986 2308 3123 2361 vobis
3163 2318 3280 2363 ante
3304 2306 3468 2362 lucem
3491 2324 3728 2380 surgere.

2136 2397 2580 2468 Pratsmnptionis
2623 2401 2842 2468 Spiritus
2895 2400 3235 2469 increpatur,
3283 2401 3368 2455 cui
3418 2418 3615 2455 vanum
3647 2415 3732 2456 est

2136 2488 2250 2544 suis
2292 2489 2498 2544 viribus
2529 2490 2780 2557 relevari,
2809 2505 2932 2544 cum
2972 2492 3160 2560 glorim
3203 2489 3407 2546 Christi
3454 2495 3732 2562 particeps

2136 2596 2259 2636 esse
2285 2598 2389 2636 non
2419 2583 2609 2652 possit,
2643 2583 2743 2636 nisi
2777 2583 2865 2651 qui
2893 2585 3048 2636 fuerit
3074 2583 3390 2638 humilitatis
3415 2584 3532 2652 ejus
3566 2600 3732 2638 verus

2138 2672 2379 2727 imitator
2405 2681 2458 2728 et
2483 2683 2716 2728 amator.
2748 2672 2806 2728 Si
2836 2689 2966 2742 ergo
2996 2673 3113 2743 quis
3143 2684 3264 2728 ante
3293 2675 3454 2727 lucem
3489 2692 3728 2746 surgere,

2139 2773 2194 2818 et
2222 2763 2508 2818 obscurum
2543 2763 2714 2818 noctis
2745 2763 2858 2817 vult
2883 2763 3139 2833 eﬂugere,
3168 2763 3390 2818 fallitur.
3418 2766 3730 2819 lnordinata

2137 2858 2335 2926 quippe
2364 2857 2659 2912 exeellendi
2690 2858 2977 2927 cupiditas,
3008 2858 3091 2912 cui
3137 2858 3439 2912 humilitate
3471 2874 3733 2913 crescen-

2140 2951 2266 3005 dum
2298 2950 2492 3016 fuerat,
2544 2951 2672 3006 dum
2729 2967 3075 3021 pra‘propcrc
3113 2952 3346 3018 levatur,
3379 2954 3428 3006 in
3463 2953 3732 3021 profunda

2141 3043 2493 3113 demergitur.
2530 3044 2741 3114 Surgite
2777 3057 3045 3116 postquam
3079 3047 3311 3100 sederitis
3334 3089 3349 3113 ,
3387 3046 3477 3116 qui
3507 3049 3734 3099 mandu-

459 3143 828 3200 peeeatorum,
854 3134 1026 3189 veloci
1053 3135 1119 3188 ad
1143 3133 1368 3205 patriam
1394 3135 1568 3190 reditu
1597 3136 1859 3200 terantur,
1885 3152 2034 3192 more
2063 3125 2108 3190 C
2140 3138 2265 3192 eatis
2296 3154 2479 3207 panem
2505 3138 2721 3192 doloris.
2750 3136 2885 3191 Cum
2917 3137 3129 3201 dicitur,
3161 3135 3398 3206 Surgite,
3438 3136 3735 3204 projicien—

452 3224 794 3278 torrentium.

526 3315 708 3382 (Vers.
741 3314 795 3379 5,
827 3313 910 3385 6.)
959 3315 1060 3381 Qui
1089 3317 1344 3371 seminant
1373 3319 1423 3371 in
1452 3320 1691 3388 lucrymis
1715 3362 1730 3386 ,
1762 3320 1815 3372 in
1845 3321 2036 3391 gaudio

449 3413 657 3458 nictent.
685 3403 879 3460 Euutes
907 3407 1046 3460 ibant
1075 3419 1122 3461 et
1157 3410 1369 3478 ﬂebant,
1403 3412 1653 3464 mittentes
1690 3413 1886 3465 semina
1918 3430 2035 3467 sua.

462 3495 731 3551 Venientes
752 3507 920 3552 autem
942 3501 1139 3553 venient
1166 3501 1220 3554 in
1243 3500 1602 3567 exsultatione,
1634 3515 1894 3573 portantes
1927 3522 2037 3557 ma-

453 3589 657 3660 nipulos
686 3607 826 3645 suos.
861 3590 1048 3647 Omnes
1078 3594 1167 3663 qui
1195 3593 1369 3647 volunt
1398 3594 1453 3648 in
1494 3595 1696 3650 Christo
1733 3599 1812 3664 pie
1849 3599 2036 3666 vivere,

457 3682 857 3750 persecutionem
887 3684 1145 3754 patientur
1175 3685 1242 3758 (ll
1273 3684 1407 3740 Tim.
1440 3703 1514 3754 ιιι,
1551 3687 1637 3758 12)
1669 3706 1680 3741 :
1711 3700 1762 3744 et
1790 3693 2036 3745 molestia

455 3773 702 3828 laborum
733 3785 1039 3830 sanctarum
1069 3787 1152 3832 est
1179 3793 1336 3831 causa
1360 3780 1736 3850 lacrymarum.
1769 3782 1872 3835 Sed
1902 3793 2038 3837 tetu-

455 3879 555 3932 pus
597 3864 786 3932 ﬂendi,
818 3877 1028 3937 tempus
1055 3880 1138 3923 est
1167 3870 1468 3924 seminandi
1503 3886 1517 3923 :
1567 3872 1692 3939 quia
1719 3886 1882 3940 opera
1912 3875 2040 3928 cha-

452 3954 784 4026 ritatis,qua:
811 3960 1112 4014 relevandis
1135 3959 1409 4014 hominum
1433 3960 1667 4016 miseriis
1690 3962 2034 4031 adhibentur,

453 4053 777 4102 aeternorum
812 4066 1042 4122 messem
1093 4053 1308 4119 pariunt
1352 4054 1692 4122 gaudiorum.
1743 4056 1815 4110 De
1857 4055 2039 4111 fructu

453 4137 602 4191 enim
645 4138 908 4194 bonorum
935 4157 1159 4210 opertnu
1193 4143 1265 4209 pii
1305 4146 1708 4200 eoronabuntur
1747 4148 2034 4216 agricola};

453 4240 508 4285 et
537 4245 658 4285 cum
701 4234 988 4300 manipulis
1031 4235 1242 4303 gloritr,
1274 4235 1324 4289 id
1356 4246 1469 4300 est,
1503 4239 1712 4292 meritis
1742 4242 2035 4308 actionum,

453 4324 710 4380 adventui
742 4324 952 4380 Domini
984 4328 1277 4383 Salvatriris
1301 4330 1636 4384 exsultanter
1655 4341 1965 4386 occurrent.

949 4417 1263 4475 l‘SlLMUS
1300 4418 1534 4475 CXXVI.

2140 3232 2224 3286 dae
2261 3231 2603 3286 sublimitatis
2644 3231 2880 3285 hortatio
2927 3241 3009 3285 est
3047 3247 3062 3283 :
3111 3243 3234 3284 cum
3278 3238 3458 3283 autem
3505 3229 3733 3294 dicitur,

2139 3332 2409 3394 postquam
2436 3321 2687 3387 sederitis,
2719 3320 2869 3391 prius
2915 3320 3200 3375 humilitati
3245 3320 3569 3374 studendum
3608 3335 3737 3375 esse

2142 3422 2474 3467 monstratur
2521 3430 2535 3467 :
2586 3413 2841 3482 quoniam
2889 3413 2976 3479 qui
3018 3428 3072 3464 se
3099 3411 3368 3476 humiliat,
3419 3411 3738 3466 excitabitur

2143 3503 2293 3574 (Luc.
2323 3518 2442 3572 xw,
2476 3502 2589 3575 11).
2641 3505 2706 3559 Et
2736 3518 2804 3559 ne
2829 3503 3164 3558 dubitaretur
3205 3517 3369 3572 penes
3407 3515 3546 3570 quos
3585 3513 3736 3554 esset

2143 3597 2243 3650 hoc
2265 3596 2536 3660 meritum,
2558 3595 2645 3666 qui
2675 3595 2994 3649 manducetis
3024 3610 3224 3663 panem,
3257 3595 3450 3663 inquit,
3490 3592 3691 3646 doloris
3718 3611 3736 3661 ;

2142 3690 2250 3744 hoc
2281 3689 2485 3757 est,qui
2517 3698 2734 3758 propter
2755 3689 3012 3758 justitiam
3046 3688 3371 3756 patimini,et
3400 3689 3450 3740 in
3475 3687 3739 3755 lacrymis

2143 3783 2542 3837 tribulationum
2569 3791 2780 3850 tempus
2809 3781 2934 3835 vita:
2965 3780 3250 3850 prtesentis
3279 3779 3527 3848 exigitis:
3557 3790 3619 3833 ut
3644 3779 3739 3848 qui

2141 3876 2210 3931 de
2237 3889 2464 3944 corpore
2493 3875 2622 3928 estis
2650 3872 2882 3938 Domini,
2906 3873 3045 3926 viam
3075 3871 3267 3939 capitis
3283 3869 3593 3932 ambuletis,
3619 3883 3742 3923 ser-

2142 3977 2332 4021 vantes
2363 3965 2825 4033 participationem
2875 3963 3176 4017 tolerantia:
3222 3977 3392 4030 usque
3427 3961 3479 4015 in
3534 3961 3732 4028 tinem,

2143 4057 2393 4127 quoniam
2439 4069 2562 4122 Spes
2589 4053 2743 4108 vobis
2785 4053 2839 4107 in
2869 4051 3083 4108 Christo
3126 4061 3273 4106 certa
3303 4059 3390 4105 est
3415 4091 3431 4114 ,
3479 4059 3534 4104 et
3558 4051 3737 4115 gloria

2143 4148 2484 4218 resurgendi.
2525 4144 2650 4200 Cum
2673 4145 2864 4198 dederit
2892 4145 3088 4198 dilectis
3112 4145 3220 4197 suis
3251 4158 3507 4196 somnum.
3551 4149 3577 4177 ⁸
3609 4141 3742 4196 Ele-

2143 4244 2215 4296 cti
2248 4228 2340 4296 Dei
2368 4247 2494 4293 sunt
2536 4236 2707 4292 sancti
2750 4235 2868 4305 ejus
2892 4278 2907 4302 ,
2940 4251 3168 4304 quorum
3218 4244 3446 4288 mortem
3491 4231 3740 4287 similem

2143 4335 2266 4389 facit
2296 4346 2506 4399 somno,
2537 4332 2605 4386 de
2633 4345 2740 4400 quo
2769 4331 3014 4384 Christus
3037 4328 3275 4384 surrexit
3311 4342 3341 4380 a
3379 4323 3629 4379 mortuis.
3657 4325 3738 4380 lta

2145 4434 2366 4494 surgent
2409 4432 2465 4479 et
2511 4423 2565 4477 hi
2604 4422 2695 4492 qui
2744 4421 2984 4475 membra
3014 4429 3141 4474 sunt
3181 4419 3389 4487 ipsius;
3439 4427 3742 4484 sequentes

528 4507 725 4563 l’salmi
751 4508 908 4579 hujus
938 4511 1124 4564 titulus
1154 4521 1258 4578 est,
1304 4511 1572 4564 Canticum
1604 4512 1920 4569 Salomonis.
1973 4515 2040 4571 Et
2067 4503 2116 4564 Ι)
2147 4522 2290 4574 enim
2321 4518 2572 4588 praeviam
2603 4517 2772 4570 lucem
2795 4555 2811 4579 ,
2861 4523 2982 4583 post
3012 4513 3223 4568 labores
3260 4507 3613 4574 humilitatis,
3650 4507 3743 4562 in-

456 4601 656 4656 mirmn
704 4613 787 4656 est
829 4606 972 4673 quod
1017 4608 1349 4661 ascensionis
1376 4603 1646 4660 canticum
1677 4607 1794 4678 ejus
1821 4613 2040 4666 nomine

451 4702 804 4762 pramotatur,
836 4710 996 4764 quem
1029 4706 1213 4751 uotum
1240 4708 1322 4752 est
1349 4698 1419 4752 ab
1457 4697 1543 4753 his
1569 4701 1826 4754 virtutum
1857 4703 2038 4772 gradi-

452 4784 556 4839 bus
587 4785 855 4841 decidisse
879 4786 979 4858 (lll
1017 4790 1138 4860 Reg.
1171 4806 1245 4852 ιι,
1283 4793 1332 4855 1,
1361 4789 1507 4861 etc.).
1537 4790 1641 4847 Sed
1667 4792 1759 4847 illo
1786 4797 2034 4862 cadente,

446 4878 494 4931 si
524 4893 646 4933 ante
679 4895 772 4948 per
804 4881 976 4950 ipsum
1006 4882 1143 4934 dicta
1178 4893 1305 4937 sunt
1331 4885 1662 4949 delerentur,
1695 4889 2032 4943 existimare-

445 4979 538 5023 tur
565 4970 709 5040 quod
738 4987 859 5041 qua:
890 4972 1123 5040 Spiritus
1169 4973 1262 5027 Dei
1305 4974 1515 5029 locutus
1536 4986 1621 5031 est
1649 4975 1763 5046 ipse
1790 4979 2034 5047 dixisset,

437 5070 503 5113 tet
529 5061 798 5130 repudiari
829 5063 979 5131 quasi
1011 5063 1130 5132 ejus
1160 5064 1371 5133 propria
1402 5065 1734 5122 debuissent.
1763 5070 1912 5123 Nunc
1941 5085 2038 5124 au-

443 5161 574 5220 tem,
607 5162 946 5222 sequestrato
975 5153 1206 5210 hominis
1236 5157 1450 5223 merito,
1484 5158 1627 5225 quod
1646 5173 1675 5212 a
1704 5159 1811 5214 Deo
1837 5162 2032 5216 factum

441 5254 530 5298 est
557 5260 666 5300 non
709 5257 950 5313 tacetur,
988 5257 1044 5304 et
1075 5248 1318 5304 doctrina
1366 5252 1621 5319 spiritalis
1663 5256 1962 5309 secernitur
2005 5272 2034 5309 a

445 5341 892 5407 prmvarieatione
916 5343 1175 5398 doctoris.
1227 5344 1408 5398 Manet
1433 5358 1561 5412 ergo
1585 5345 1875 5400 auctoritas
1907 5363 2033 5416 pro-

445 5435 665 5502 pltetiae,
693 5450 813 5504 quae
839 5448 946 5490 non
975 5435 1208 5491 humana
1237 5447 1341 5502 est,
1371 5436 1463 5490 sed
1497 5436 1676 5490 divina
1705 5435 1790 5508 (ιι
1822 5437 1964 5494 Petr.
1986 5455 2024 5508 ι,

518 5577 543 5603 ⁸
587 5566 748 5622 Forte
783 5569 1066 5637 legendum
1138 5569 1330 5623 Dilecti
1372 5569 1494 5634 Dei,
1530 5583 1589 5626 ιιι
1619 5571 1668 5624 in
1709 5581 1855 5627 textu
1883 5573 2030 5630 Scri-

447 5647 836 5713 pturaeuquetn
863 5640 1079 5713 e_)_tponit
1113 5640 1173 5694 5.
1209 5641 1465 5713 Prosper;
1508 5653 1568 5713 et
1599 5643 1738 5713 apud
1781 5647 2029 5713 Augusti-

448 5723 596 5770 niun,
631 5705 733 5760 Dat
762 5708 856 5762 hoc
877 5705 1036 5770 Deus.
1067 5725 1182 5763 cum
1212 5705 1509 5766 dormierint
1536 5705 1708 5768 dilecti
1737 5705 1891 5782 (ius:
1921 5728 2027 5770 tun:

2146 4611 2387 4667 troihunt
2409 4611 2458 4663 in
2486 4606 2817 4664 consortium
2840 4602 3260 4676 gloriﬁcationis.

2219 4702 2396 4773 (\‘ers.
2427 4698 2510 4769 5.)
2568 4696 2700 4751 Ecce
2725 4695 2992 4750 hereditas
3026 4692 3230 4746 Domini
3259 4690 3375 4760 ﬁlii,
3402 4703 3591 4742 merces
3622 4689 3745 4757 {ru-

2141 4807 2254 4850 ctus
2276 4794 2480 4848 ventris.
2505 4789 2801 4845 Haareditas
2823 4786 3035 4841 Domini
3065 4783 3163 4838 lilii
3190 4793 3316 4837 sunt
3344 4780 3631 4843 Ecclesiae,
3678 4779 3735 4833 in

2142 4888 2334 4957 quibus
2379 4893 2434 4938 et
2471 4895 2682 4937 merces
2723 4888 2805 4935 est
2834 4875 3178 4933 fecunditatis
3203 4915 3218 4941 ,
3265 4882 3320 4929 et
3359 4872 3620 4943 gaudium
3667 4872 3744 4926 de

2136 4981 2315 5034 fructu
2347 4976 2550 5032 ventris
2573 4973 2678 5028 sui.
2708 4971 2970 5040 Quoniam
3002 4978 3155 5024 utero
3181 4966 3303 5021 ﬁdei
3327 4966 3439 5034 ipsa
3471 4978 3568 5018 eos.
3591 4977 3740 5017 eon-

2139 5071 2303 5142 ctrpit,
2345 5066 2658 5136 parturivit,
2691 5072 2747 5119 et
2773 5061 2981 5132 peperit
3007 5101 3022 5128 ,
3056 5059 3216 5114 simul
3243 5057 3457 5128 quidem
3483 5070 3610 5110 cum
3644 5070 3740 5108 re-

2142 5161 2429 5233 probandis
2469 5168 2657 5213 ventre
2695 5165 2965 5227 gestatos,
2999 5153 3094 5208 sed
3125 5151 3466 5223 postmodum
3511 5162 3612 5216 pro
3646 5150 3738 5202 sui

2138 5255 2395 5322 qualitate
2435 5249 2732 5313 discretos,
2773 5257 3045 5301 transacto
3085 5258 3278 5299 somno
3306 5256 3463 5310 quem
3504 5238 3741 5294 dilectis

2136 5343 2250 5398 suis
2274 5339 2435 5412 475
2464 5338 2724 5394 Dominus
2766 5336 2938 5402 dedit,
2979 5344 3038 5391 ut
3063 5335 3362 5391 sessionem
3393 5329 3737 5386 resurrectio

2137 5443 2522 5504 consequatur.

2136 5579 2344 5641 surgent
2379 5568 2549 5622 dilecti
2587 5568 2722 5636 ejus,
2744 5567 2804 5641 id
2834 5575 2931 5641 est,
2962 5561 3171 5641 Christi.
3217 5562 3403 5620 Omnes
3445 5558 3584 5617 enim
3617 5573 3741 5612 sur-

2137 5638 2273 5716 gent,
2298 5641 2385 5696 sed
2409 5655 2509 5694 non
2532 5638 2783 5709 quomodo
2809 5638 2984 5693 dilecti
3012 5639 3143 5707 ejus.
