4026 6176
316 262 424 320 ΠΒ

1046 264 1467 322 PSALMORUM
1506 266 1545 319 Α
1587 265 1629 317 (ι
1669 266 1758 320 AD
1796 264 1882 321 CL
1920 263 2302 320 axrosmo.
2343 265 2540 323 PSAL.
2581 240 2865 327 c'xxvut';

3480 274 3588 331 5M

388 375 569 444 (Vere.
610 375 690 447 ι.)
722 376 870 434 Sicut
916 379 1116 448 sagitta:
1146 380 1199 432 in
1226 394 1379 432 manu
1405 380 1623 450 potentis
1645 420 1660 444 ,
1694 382 1773 435 sic
1803 378 1900 445 ﬁlii
1930 380 1979 438 Α
2005 378 2236 433 societas
2266 378 2321 433 in
2350 380 2512 435 totius
2544 380 2801 437 Ecclesia:
2828 398 3057 455 corpore
3101 387 3455 458 intelligatur,
3491 405 3587 460 per

314 483 664 522 excusserunt.
692 467 816 523 Filii
845 482 1196 523 excussorum
1224 468 1595 539 intelliguntur
1627 469 1854 535 apostoli
1880 508 1896 533 ,

315 557 409 612 ﬁlii
435 558 842 626 prophetarum,
870 572 1094 628 quorum
1120 558 1401 629 prophetia
1440 559 1623 614 multis
1652 558 1753 612 fuit
1782 569 1899 626 teg-

312 648 551 703 minibus
591 648 949 717 obumbrata,
998 665 1157 718 quam
1203 649 1582 718 praedicatores
1624 648 1901 719 Evangelii

308 740 636 797 excutiendo
662 749 992 796 reserarunt.
1027 742 1103 796 De
1129 740 1408 809 prophetis
1433 756 1563 811 ergo
1594 751 1777 809 postea
1797 740 1901 795 orti

307 830 546 899 apostoli
577 839 935 885 excusserunt
970 841 1156 900 patres
1194 845 1354 898 suos,
1384 840 1440 885 et
1462 842 1673 886 secreta
1712 846 1900 886 eurum

307 920 629 976 ventitando
656 929 965 976 ﬂet-uerunt
1006 938 1021 974 :
1068 930 1127 976 ut
1165 932 1350 977 essent
1389 930 1660 990 tamquam
1692 924 1903 989 sagitta:

308 1012 463 1066 missi
511 1011 565 1067 in
612 1011 891 1067 universos
919 1011 1053 1066 ﬁnes
1096 1020 1278 1080 terrm,
1306 1026 1433 1065 arcu
1463 1008 1754 1065 Dominica:
1781 1010 1900 1082 jus-

308 1104 504 1158 sionis.

387 1193 573 1265 (Vera.
601 1193 685 1263 5.)
714 1192 903 1248 Beatus
927 1195 1016 1264 qui
1057 1192 1085 1232 δ
1129 1194 1359 1263 implebit
1400 1194 1712 1249 desiderium
1750 1211 1900 1249 suum

312 1300 376 1339 ea:
396 1285 546 1350 ipsis.
575 1284 936 1339 Beatitudinis
964 1285 1277 1352 apostolica:
1304 1285 1363 1339 ﬁt
1392 1289 1687 1355 particeps,
1716 1286 1806 1355 qui
1840 1300 1903 1341 ea

311 1376 667 1445 concupiscit,
698 1392 818 1446 quae
846 1376 919 1431 illi
949 1376 1308 1432 desiderando
1334 1376 1513 1445 adepti
1538 1386 1684 1441 sunt,
1707 1385 1763 1432 et
1789 1378 1902 1431 adi-

314 1468 577 1538 piscendo
621 1467 944 1523 docuerunt.
997 1468 1072 1522 Ex
1124 1467 1253 1537 ipsis
1294 1483 1423 1536 ergo
1454 1467 1664 1537 impleri
1703 1467 1906 1523 dicitur

314 1557 672 1623 desiderium,
707 1557 833 1629 quia
863 1558 1161 1613 imitatione
1190 1560 1429 1625 ipsorum
1456 1558 1523 1611 ad
1553 1558 1741 1613 eadem
1773 1575 1907 1629 gau-

313 1650 405 1711 dia
436 1649 767 1717 pervenitur.
798 1646 920 1703 Non
946 1649 1280 1718 confunditur
1302 1689 1318 1714 ,
1341 1650 1464 1701 dum
1483 1649 1709 1719 loquitur
1734 1649 1905 1703 inimi-

2003 468 2135 522 illud
2166 468 2379 525 scilicet
2405 470 2649 539 spiritale
2676 473 3005 545 coniugium,
3043 492 3149 547 quo
3168 478 3287 534 viro
3316 493 3415 534 suo
3433 479 3591 535 Chri-

2002 570 2117 623 sto,
2157 560 2210 614 id
2235 569 2351 627 est,
2388 577 2589 631 sponso
2614 578 2810 633 sponsa
2846 570 3232 623 connectetur?
3272 569 3591 626 Sacramen-

2005 662 2116 707 tum
2146 668 2273 708 vero
2288 652 2443 710 istius
2464 656 2670 726 copula:
2698 658 2881 713 multis
2904 660 3211 715 nominibus
3233 661 3590 732 signiﬁcatur,

2004 751 2064 797 ut
2105 744 2196 813 qui
2247 744 2526 801 adhaerent
2571 747 2768 816 capiti,
2798 764 2944 804 nunc
2973 750 3215 805 membra
3253 753 3403 820 ejus,
3449 767 3594 809 nunc

2004 844 2175 889 mater
2195 844 2250 890 et
2274 834 2490 903 fratres,
2525 850 2667 892 nunc
2686 852 2825 893 uxor
2854 822 2909 895 et
2932 839 3051 906 ﬁlii,
3078 855 3224 896 nunc
3256 842 3512 911 templum
3539 852 3596 898 et

2005 926 2156 981 vinea
2196 938 2617 997 nuncupentur:
2669 930 2796 985 dum
2846 947 2944 1001 per
2989 932 3085 987 has
3135 934 3593 990 necessitudinum

2003 1020 2213 1087 species
2244 1020 2334 1074 illa
2354 1020 2627 1075 individua
2642 1022 2820 1077 unitas
2843 1024 2988 1090 fidei,
3006 1035 3057 1079 et
3080 1026 3289 1093 spei,et
3313 1025 3595 1080 charitatis

2004 1110 2339 1178 ostenditur;
2389 1121 2447 1168 et
2493 1112 2749 1182 quidquid
2797 1114 3011 1168 Christo
3068 1115 3439 1184 subjungitur,
3492 1116 3592 1169 sibi

2004 1217 2217 1271 quoque
2246 1202 2472 1257 invicem
2502 1202 2819 1273 colligatur,
2868 1215 2925 1257 ut
2973 1203 3141 1258 totius
3192 1205 3383 1259 domus
3427 1205 3593 1259 latera

2008 1293 2256 1348 fecunda:
2281 1294 2404 1348 vitis
2433 1293 2760 1349 abundantia
2809 1296 3126 1350 vestiantur.
3181 1294 3310 1349 Filii
3352 1296 3429 1349 tui
3466 1297 3595 1349 sicut

2007 1380 2219 1437 novellis
2237 1383 2521 1449 olivarum,
2550 1384 2603 1438 in
2628 1385 2846 1439 circuitu
2874 1401 3062 1440 mensa
3103 1397 3224 1440 tute.
3267 1387 3367 1455 Qui
3410 1390 3595 1443 uxoris

2008 1476 2270 1532 vocabulo
2295 1476 2547 1546 appellati
2578 1487 2738 1543 sunt,
2769 1477 2929 1532 iidem
2961 1490 3455 1534 commemorantur
3495 1496 3583 1534 no-

2008 1566 2155 1621 tnine
2188 1566 2458 1634 ﬁliorum,
2495 1567 2563 1623 de
2589 1569 2761 1623 fructu
2791 1569 2938 1638 pacis
2964 1569 3192 1623 novellis
3218 1570 3351 1624 oleis
3381 1586 3589 1640 compa-

2029 1661 2130 1716 rati
2156 1679 2169 1714 :
2195 1660 2452 1730 quoniam
2469 1660 2678 1731 paciﬁci
2702 1660 2794 1714 ﬁlii
2819 1660 2914 1715 Dei
2934 1662 3280 1716 vocabuntur
3304 1661 3513 1731 (Matth.
3540 1681 3593 1729 v,

315 1743 391 1797 cis
418 1742 527 1796 suis
554 1743 610 1795 in
638 1752 806 1814 porta.
834 1743 965 1808 Quis
989 1752 1073 1797 est
1097 1742 1185 1811 qui
1225 1742 1453 1812 loquitur
1480 1742 1535 1795 in
1565 1753 1715 1810 porta
1739 1783 1755 1806 ,
1802 1744 1901 1797 nisi

2028 1751 2083 1814 8,
2104 1751 2181 1821 9),
2197 1752 2292 1821 qtti
2310 1766 2554 1807 mensam
2569 1751 2929 1817 Dominicam,
2943 1762 3412 1807 sacramentorum
3433 1763 3598 1824 atque

316 1833 765 1903 quievangelizat
790 1833 842 1887 in
868 1831 1087 1888 Christo
1134 1850 1148 1887 :
1189 1833 1443 1902 quoniam
1476 1834 1591 1902 ipse
1619 1843 1701 1887 est
1742 1834 1903 1903 jauua

318 1927 637 1979 intrantium
671 1925 764 1979 Dei
801 1940 1049 1994 regnum.
1095 1924 1297 1980 Inimici
1326 1934 1506 1979 autem
1539 1939 1724 1979 eorum
1781 1935 1907 1979 sunt

316 2021 409 2089 qui
443 2017 813 2085 prtedit'atinni
842 2018 1079 2072 veritatis
1109 2019 1404 2083 resistunt;
1449 2026 1504 2071 et
1546 2016 1674 2070 dum
1723 2016 1910 2071 dcitati

320 2109 719 2165 Incarnationis
744 2110 949 2164 Domini
968 2109 1365 2177 contradicunt,
1385 2107 1453 2163 ah
1477 2108 1723 2178 ingressu
1744 2116 1912 2179 portu:

323 2210 607 2258 merentur
633 2200 866 2257 excludi.
1334 2194 1335 2197 “

827 2289 1141 2349 PSALMUS
1162 2290 1416 2348 CXXVII.

398 2382 581 2455 (νει-8.
613 2380 689 2451 Ι.)
724 2380 870 2436 Beati
911 2400 1084 2437 omnes
1127 2385 1217 2452 qui
1262 2385 1446 2437 timent
1486 2381 1797 2448 Dominum,
1825 2383 1916 2453 qui

325 2474 596 2529 ambulant
629 2475 684 2527 in
713 2475 806 2528 riis
832 2477 965 2547 ejus.
1003 2474 1147 2529 Multi
1174 2474 1423 2530 homines
1452 2476 1609 2529 mala:
1638 2474 1917 2529 conscien-

325 2569 419 2622 tia:
446 2567 638 2621 timent
668 2565 977 2633 Dominum,
1017 2576 1371 2636 agnoscentes
1389 2582 1508 2636 quae
1533 2567 1787 2637 operibus
1803 2567 1918 2622 suis

325 2657 615 2713 retributio
642 2656 904 2713 debeatur
932 2672 949 2713 :
979 2656 1074 2712 sed
1096 2672 1217 2712 cum
1237 2669 1549 2727 permanent
1576 2659 1628 2712 in
1660 2659 1915 2728 peccatis,

324 2766 557 2819 quorum
596 2750 955 2806 delectatione
988 2758 1316 2819 superantur
1339 2794 1354 2819 ,
1405 2766 1510 2805 non
1539 2751 1802 2805 medelam
1832 2764 1920 2805 ca-

328 2846 482 2914 piunt
505 2859 574 2898 ex
602 2857 700 2898 suo
732 2842 943 2909 timore,
962 2842 1055 2897 sed
1080 2855 1317 2912 ptenant.
1371 2841 1536 2909 Igitur
1563 2843 1722 2895 timor
1752 2841 1920 2895 beati-

328 2937 533 2992 tudinis
568 2935 835 3007 particeps
861 2944 945 2991 est
966 2974 981 2999 ,
1017 2944 1040 2973 ο
1073 2935 1128 2988 in
1172 2934 1236 2987 iis
1264 2934 1352 3003 qui
1384 2934 1433 2987 in
1466 2932 1560 2987 Dei
1592 2933 1691 2986 viis
1730 2932 1921 2987 ambu-

327 3029 469 3091 lant,
510 3038 564 3083 et
586 3036 833 3083 metuunt
872 3042 940 3081 ne
968 3025 1095 3095 quid
1125 3024 1192 3080 de
1214 3026 1356 3078 bono
1381 3038 1488 3091 quo
1517 3023 1917 3091 beatiﬁcantur,

2027 1840 2310 1904 doctrinm,
2351 1856 2476 1895 cum
2520 1840 2882 1895 unanimitate
2927 1841 3304 1908 circumdant;
3356 1853 3415 1897 ut
3451 1846 3597 1913 quod

2010 1930 2136 1985 inde
2164 1929 2479 2001 percipitur,
2512 1931 2655 1986 nulla
2676 1930 3020 1988 dissensione
3047 1932 3296 1987 violetur.

2083 2020 2266 2093 (Vers.
2288 2020 2369 2092 4.)
2392 2020 2523 2076 Ecce
2544 2023 2617 2077 sic
2638 2020 2959 2077 benedicetur
2976 2023 3140 2077 omnis
3160 2022 3331 2088 homo,
3356 2022 3443 2093 qui
3460 2024 3598 2076 (inut

2017 2112 2309 2168 Dominum.
2341 2111 2515 2183 Caput
2534 2123 2592 2169 et
2617 2127 2831 2183 corpus,
2849 2114 3095 2173 Christus
3118 2124 3173 2170 et
3196 2114 3439 2170 Ecclesia
3458 2132 3599 2170 unus

2016 2204 2212 2269 homo,
2255 2218 2395 2257 unus
2429 2213 2518 2259 est
2545 2203 2792 2259 Christus
2822 2221 2836 2257 :
2872 2206 2961 2273 qni
3001 2205 3052 2259 in
3100 2204 3213 2260 suis
3255 2215 3413 2276 atque
3452 2207 3506 2259 in
3540 2220 3601 2261 se

2019 2295 2227 2349 habens
2254 2294 2712 2362 benedictionem,
2737 2305 2793 2351 et
2817 2296 2986 2350 sumit
3005 2304 3061 2351 ct
3087 2297 3317 2351 confert.

2090 2386 2271 2457 (Vcrs.
2301 2387 2380 2455 5.)
2405 2384 2685 2441 Benedicat
2715 2395 2763 2440 te
2782 2386 3035 2441 Dominus
3055 2402 3121 2440 ea:
3148 2386 3309 2451 Sion,
3348 2396 3396 2442 et
3427 2386 3603 2441 videas

2016 2494 2130 2548 qua
2157 2476 2287 2532 bona
2315 2487 2435 2531 sunt
2467 2477 2521 2532 in
2547 2475 2837 2531 Jerusalem
2863 2477 3100 2532 omnibus
3126 2477 3303 2531 diebus
3338 2477 3453 2531 vita:
3480 2486 3601 2531 tum.

2018 2569 2136 2624 Non
2174 2568 2409 2623 humana
2448 2568 2604 2633 haec,
2647 2567 2742 2623 sed
2781 2567 2960 2623 divina
3004 2567 3307 2622 benedictio
3349 2576 3460 2632 est;
3503 2582 3601 2622 nec

2021 2671 2272 2726 terrente,
2305 2658 2399 2715 sed
2421 2658 2661 2715 ccclesiis
2688 2658 2986 2714 Jerusalem
3008 2658 3146 2712 bona
3181 2658 3600 2726 incorruptibilia

2022 2752 2422 2824 promittuntur.
2453 2752 2709 2819 Quamvis
2740 2751 2885 2807 enim
2915 2751 3075 2805 etiam
3104 2750 3417 2818 temporalia
3455 2765 3603 2803 com-

2021 2842 2177 2898 moda
2205 2842 2344 2896 dona
2376 2842 2486 2895 sint.
2523 2841 2639 2909 Dei,
2678 2856 2786 2895 non
2830 2855 2893 2896 ea
2932 2849 3110 2895 tamen
3139 2841 3367 2910 spondet
3394 2840 3606 2910 preprio

2021 2934 2253 3000 sanctis,
2296 2947 2417 3004 qua:
2462 2930 2823 2987 communiter
2876 2932 3098 3002 largitur
3152 2941 3175 2969 ο
3231 2939 3287 2988 et
3338 2931 3603 3002 reprobis.

2022 3026 2266 3086 Eternae
2294 3027 2453 3097 igitur
2482 3026 2717 3083 civitatis
2752 3035 2954 3081 aeterna
2994 3027 3422 3097 suntgautlia,et
3460 3036 3601 3079 stan-

328 3122 603 3187 amittant,
650 3118 758 3189 Spe
778 3119 1091 3190 gaudentes,
1134 3126 1183 3172 et
1226 3117 1282 3171 in
1317 3116 1643 3170 tribulatione
1668 3115 1919 3183 patientes
1943 3112 1990 3175 C
2023 3123 2158 3176 tium
2178 3120 2390 3176 dierum
2421 3134 2617 3189 perpes
2650 3118 2908 3184 inﬁnitas,
2931 3132 3029 3172 nec
3062 3117 3378 3183 variabitur,
3404 3132 3504 3172 nec
3532 3119 3607 3171 la—

330 3211 513 3283 (ηοω.
546 3226 641 3278 xtl,
672 3208 783 3281 12).

406 3303 589 3371 (Vcrs.
628 3302 712 3371 2.)
746 3300 971 3356 Labores
1010 3304 1268 3371 fructuum
1307 3308 1510 3355 tuorum
1548 3300 1877 3355 manducabis
1900 3339 1918 3366 ,

333 3394 511 3448 beatus
530 3408 616 3461 es,
650 3402 698 3446 et
730 3392 850 3446 bene
884 3392 973 3446 tibi
997 3393 1115 3446 erit.
1158 3395 1204 3448 Δ
1232 3392 1427 3461 plurali
1457 3408 1683 3448 numero
1712 3392 1779 3446 ad
1810 3393 1921 3447 sin-

329 3488 573 3555 gularem
623 3481 881 3552 propinata
933 3482 1227 3537 translatus
1272 3490 1358 3537 est
1398 3498 1413 3537 :
1454 3484 1579 3552 quia
1622 3498 1812 3538 omnes
1864 3481 1918 3536 in

332 3575 553 3629 Christo
602 3581 769 3627 unum
825 3587 1034 3639 sumus,
1084 3587 1152 3628 ex
1210 3572 1395 3627 multis
1449 3571 1710 3627 membris
1758 3588 1918 3627 unum

328 3682 532 3736 corpus
558 3665 839 3727 efﬁcimur.
866 3666 989 3720 dum
1003 3664 1181 3720 sivcin
1199 3666 1597 3736 pluribus,sive
1620 3668 1671 3721 in
1698 3666 1923 3737 singulis

326 3775 473 3815 unus
510 3768 591 3813 est
630 3758 906 3823 Christus,
944 3760 1067 3826 quia
1117 3766 1175 3812 et
1221 3766 1383 3827 caput
1432 3758 1483 3811 in
1530 3773 1820 3827 compage,
1868 3764 1924 3813 et

322 3867 593 3923 compago
621 3850 796 3905 omnis
824 3850 877 3905 in
919 3851 1099 3917 capite
1129 3848 1187 3921 (I
1214 3848 1332 3904 Cor.
1365 3865 1395 3902 χ
1415 3888 1431 3915 ,
1468 3849 1554 3915 17,
1587 3859 1634 3903 et
1664 3865 1762 3913 xu,
1799 3850 1920 3921 l2).

322 3945 439 4002 Iste
468 3958 597 4012 ergo
626 3943 820 3996 timens
852 3942 1163 4004 Dominum,
1190 3941 1310 3995 etin
1334 3940 1436 3994 viis
1465 3940 1582 4009 ejus
1616 3940 1922 4008 ambulans,

320 4033 606 4104 quomodo
635 4031 663 4071 ἀ
714 4032 946 4088 fructum
986 4031 1229 4086 laborum
1260 4030 1331 4085 sit
1360 4031 1811 4099 manducaturns,
1844 4036 1926 4087 in-

319 4127 599 4197 quiritur:
630 4135 685 4180 et
713 4125 983 4179 invenitur
1009 4123 1151 4194 quod
1175 4123 1302 4190 justi
1333 4137 1440 4177 non
1468 4123 1639 4177 solum
1663 4121 1923 4180 fructibus

321 4219 535 4273 laboris
556 4216 664 4282 sui,
684 4215 778 4271 sed
800 4217 961 4271 etiam
997 4215 1114 4285 ipso
1137 4212 1303 4286 476
1331 4214 1443 4278 illo,
1468 4230 1575 4284 quo
1595 4214 1661 4269 ad
1690 4215 1921 4272 fructum

320 4310 581 4379 tendunt,
610 4309 796 4365 labore
826 4316 1120 4378 pascuntur
1153 4324 1166 4361 :
1196 4307 1322 4362 dum
1352 4307 1660 4377 priusquam
1705 4309 1922 4377 pris-mia

324 4403 404 4473 pii
445 4400 650 4457 laboris
678 4401 970 4470 accipient,
1004 4399 1063 4453 ﬁt
1092 4399 1172 4454 eis
1204 4397 1503 4453 tolerantiae
1532 4413 1705 4467 amor,
1727 4399 1919 4455 futurae

324 4494 514 4563 portio
555 4492 869 4561 voluptatis.

400 4584 587 4657 (νει-8.
614 4583 695 4655 5.)
732 4582 878 4640 Uxor
900 4594 987 4638 tua
1017 4584 1151 4638 sicut
1176 4584 1291 4639 vitis
1315 4584 1582 4638 abundans
1602 4584 1655 4637 in
1676 4583 1920 4640 lateribus

324 4678 517 4733 donius
545 4686 665 4734 tute.
689 4677 822 4733 Cum
847 4678 995 4732 multi
1020 4685 1330 4732 sanctorum
1354 4691 1458 4731 non
1487 4675 1776 4731 habuerint
1797 4692 1921 4732 con-

319 4768 501 4844 jugia,
533 4782 707 4838 neque
724 4767 897 4834 ﬁlios,
923 4766 1194 4838 quomodo
1216 4765 1549 4836 accipientur
1575 4767 1736 4833 hujus
1758 4769 1921 4823 benc-

326 4861 587 4920 dictionis
624 4859 794 4917 fuisse
832 4860 1148 4931 participes,
1199 4859 1300 4914 nisi
1340 4858 1530 4915 harum
1578 4859 1919 4918 aﬁectionunt

402 5076 433 5106 ι
459 5064 739 5122 Editiones
767 5076 957 5117 omnes
994 5061 1048 5116 in
1074 5074 1169 5116 ora
1196 5059 1316 5116 libri
1345 5064 1535 5115 notant
1562 5073 1660 5129 pro
1684 5058 1919 5121 lectione

322 5140 566 5202 diversa,
594 5135 840 5188 nminati
860 5141 997 5187 sunt.

404 5207 431 5248 δ
475 5200 632 5274 Apud
667 5206 1021 5274 Augustinum
1046 5244 1061 5265 ,
1102 5200 1362 5268 implevit,
1403 5210 1459 5274 et
1504 5201 1640 5256 infra
1681 5201 1917 5257 secunda

327 5288 503 5351 parte
509 5271 697 5351 versus
722 5292 736 5327 :
759 5271 871 5351 non
892 5273 1255 5351 confundetur,
1279 5286 1396 5351 curn
1413 5271 1668 5351 loquetur.

407 5360 431 5388 ο
463 5345 741 5402 Editiones
766 5341 1009 5412 Lugdun.
1038 5352 1091 5396 et
1120 5342 1327 5398 Lovan.
1358 5342 1410 5396 in
1445 5351 1595 5397 textu
1627 5341 1917 5407 habebant,

326 5420 419 5489 qui
441 5421 495 5472 in
523 5417 622 5471 Dei
645 5415 777 5489 uias,
807 5416 1011 5483 absque
1036 5412 1118 5466 his
1145 5414 1353 5489 ver_bis._
1370 5413 1423 5466 in
1451 5414 1515 5466 iis
1546 5427 1714 5489 aqua:
1736 5420 1919 5489 tamen

328 5482 454 5544 eum
482 5490 535 5542 in
563 5486 809 5554 margine
836 5492 1116 5539 monerent
1144 5482 1388 5554 addenda
1416 5482 1627 5549 textui,
1652 5483 1722 5538 ab
1745 5485 1920 5539 edito-

332 5559 482 5615 ribus
511 5552 770 5625 deinceps
798 5569 984 5610 revera
1017 5552 1386 5625 textuikaddita
1419 5554 1692 5625 leguntur.

401 5628 428 5672 δ
463 5630 541 5685 Ita
562 5622 780 5698 quidem
799 5626 925 5698 editi
952 5640 1159 5679 omnes.
1180 5622 1284 5679 Sed
1311 5622 1635 5693 conjieimus
1659 5622 1760 5693 legi
1780 5622 1923 5678 forte

329 5700 534 5758 debere
551 5695 813 5767 fructuum
839 5695 1084 5764 laborent,
1111 5709 1176 5750 ex
1203 5702 1352 5750 textu
1384 5711 1507 5749 mox
1539 5698 1733 5758 citato.
1778 5705 1831 5751 et
1856 5710 1920 5751 cx

2025 3211 2202 3267 betur.
2257 3209 2335 3265 Ibi
2376 3207 2700 3264 videbuntur
2740 3207 2835 3262 ﬁlii
2866 3207 3099 3261 ﬁliorum
3124 3246 3140 3271 ,
3191 3205 3242 3259 id
3270 3216 3375 3271 est,
3403 3205 3609 3260 fructus

2022 3312 2333 3358 sanctorum
2378 3314 2631 3370 Operum,
2683 3308 2739 3355 et
2789 3310 3046 3370 perpetua
3090 3298 3312 3368 justitia:
3355 3301 3606 3368 praemia,

2022 3376 2323 3462 quae/pacis
2356 3391 2579 3446 nomine
2602 3390 2976 3444 universaliter
3015 3390 3387 3459 exprimuntur
3423 3407 3439 3444 :
3484 3392 3607 3460 quia

2024 3484 2201 3538 omnis
2228 3482 2318 3538 illa
2356 3483 2635 3537 beatitudo
2659 3481 2985 3549 Jerusalem,
3015 3481 3440 3538 incommutabili
3480 3500 3611 3551 pace

2023 3573 2297 3644 gaudebit,
2329 3583 2385 3629 ct
2413 3575 2515 3629 erit
2545 3574 2744 3629 bonum
2774 3572 3041 3645 omnium,
3067 3574 3210 3646 quod
3240 3573 3401 3630 fuerit
3428 3576 3609 3644 singu-

2025 3667 2095 3721 Ini
2109 3682 2198 3720 um
2234 3664 2408 3738 (Sent.
2423 3664 2536 3735 57).

2098 3756 2279 3827 (Vers.
2316 3758 2398 3825 6.)
2443 3757 2506 3809 Et
2534 3756 2703 3811 videas
2756 3757 2892 3825 ﬁlios
2944 3754 3175 3826 filiorum
3216 3764 3448 3821 tuorum,
3507 3773 3611 3824 pa:

2022 3863 2177 3920 super
2240 3848 2426 3903 Israel.
2482 3847 2643 3919 477
2705 3846 2891 3902 Omnis
2943 3846 3231 3917 promissio
3284 3855 3607 3903 aeternorum

2023 3939 2285 3996 bonorum
2306 3978 2324 4006 ,
2357 3940 2502 4007 pacis
2532 3939 2751 3994 nomine
2780 3937 3169 4008 comprehensa
3196 3946 3300 4005 est,
3329 3953 3453 4009 qua:
3488 3954 3607 4009 spe-

2024 4032 2235 4087 cialiter
2256 4030 2321 4086 ad
2344 4044 2439 4087 eos
2464 4031 2695 4100 pertinet
2721 4030 2809 4099 qui
2836 4040 2963 4086 sunt
2986 4030 3175 4096 Israel,
3206 4031 3257 4086 id
3282 4040 3395 4097 est,
3424 4032 3609 4088 viden-

2026 4132 2106 4178 tes
2154 4122 2362 4187 Deum;
2412 4121 2479 4177 de
2508 4122 2702 4191 quibus
2740 4121 2956 4191 dicitur,
3002 4121 3150 4176 Beati
3182 4121 3375 4178 mundo
3414 4124 3604 4190 corde,

2024 4216 2267 4287 quoniam
2298 4215 2397 4287 ipsi
2426 4214 2591 4270 Deum
2612 4215 2853 4270 videbunt
2879 4214 3097 4284 (Matth.
3125 4232 3176 4283 v,
3210 4216 3289 4286 8).

2493 4306 2809 4363 PSALMUS
2846 4305 3129 4362 CXXVIII.

2097 4399 2281 4472 (Vers.
2311 4398 2363 4466 1,
2395 4397 2476 4470 2.)
2512 4398 2663 4471 δωρε
2705 4406 3128 4470 expugnaverunt
3167 4415 3247 4452 me
3277 4415 3311 4453 a
3337 4399 3612 4470 juventute

1949 4483 1999 4544 ο
2027 4508 2160 4549 mea.
2185 4490 2339 4547 Dirat
2363 4508 2501 4545 nunc
2525 4488 2718 4557 Israel,
2742 4490 2893 4562 Saepe
2924 4498 3341 4562 expugnaverunt
3366 4505 3445 4543 me
3467 4506 3501 4542 a
3515 4493 3613 4561 ju-

2030 4592 2238 4640 ventute
2266 4600 2399 4639 mea.
2434 4583 2738 4654 PrOphetiae
2783 4582 3006 4650 spiritus
3052 4581 3350 4637 Ecclesiam
3398 4580 3496 4637 Dei
3541 4582 3610 4636 ad

2026 4675 2488 4746 perseverantiam
2518 4674 2852 4739 cohortatur,
2884 4682 2941 4727 ut
2968 4673 3035 4728 de
3062 4674 3329 4742 superatis
3355 4686 3613 4743 persecu-

2028 4768 2260 4825 tionibus
2286 4768 2339 4823 in
2364 4767 2592 4822 Domino
2616 4764 2896 4835 glorietur.
2924 4765 3005 4820 Ah
3034 4764 3185 4821 initio
3214 4765 3360 4822 enim
3393 4766 3446 4821 in
3483 4779 3611 4821 san-

2024 4874 2164 4932 ctos,
2192 4860 2283 4933 qui
2308 4870 2436 4916 sunt
2466 4861 2655 4923 Israel,
2681 4858 2829 4927 impii
2865 4858 3186 4925 saevierunt;
3216 4858 3311 4913 sed
3340 4857 3606 4923 Ecclesia,

2027 5058 2363 5128 expositione
2390 5070 2510 5126 qua;
2537 5054 2777 5128 sequitur
2800 5061 3067 5128 ;_tum__ex
3098 5052 3215 5123 ipso
3239 5067 3404 5128 opere
3427 5055 3610 5128 Augu-

2026 5122 2153 5184 szini
2180 5128 2249 5185 de
2276 5132 2373 5183 hac
2402 5122 2514 5196 ipsa
2562 5125 2794 5196 lectione
2824 5122 2939 5179 fuse
2953 5122 3256 5196 disserente
3285 5125 3340 5196 in
3386 5129 3489 5183 hue
3515 5122 3611 5182 co.

2026 5200 2148 5255 dem
2179 5202 2319 5262 loco,
2361 5191 2521 5253 et'sic
2544 5194 2900 5252 concludente
2925 5235 2939 5257 ,
2967 5191 3189 5248 Interim
3224 5195 3375 5250 modo
3411 5198 3612 5252 labores

2026 5274 2287 5340 fructuum
2317 5279 2542 5331 tuorum,
2592 5276 2766 5340 postea
2795 5265 2993 5340 fructus
3018 5263 3210 5340 laboris
3256 5303 3271 5319 .
3305 5306 3318 5320 .
3352 5304 3368 5321 .
3423 5267 3612 5340 Beatus

2024 5334 2100 5405 es,
2128 5343 2192 5393 tle
2220 5340 2456 5408 praesenti
2484 5347 2555 5390 est
2578 5335 2749 5408 {bene
2773 5334 2861 5389 tibi
2889 5337 3005 5399 erit,
3046 5336 3110 5388 de
3148 5335 3322 5408 futuro
3350 5345 3447 5393 est.
3478 5337 3611 5393 Cum

2027 5405 2303 5464 manducas
2350 5408 2544 5462 labores
2591 5407 2852 5475 fructuum
2899 5417 3125 5472 tuorum,
3156 5405 3333 5459 beatus
3358 5424 3411 5463 es
3436 5422 3458 5464 :
3493 5423 3613 5462 cum

2026 5481 2314 5551 perveneris
2343 5481 2412 5533 ad
2450 5480 2674 5551 fructum
2700 5475 2956 5551 laborum,
2982 5477 3102 5529 bene
3124 5477 3211 5529 tibi
3241 5477 3358 5551 erit.

2101 5561 2125 5589 ο
2161 5543 2458 5625 ⁸ιῑὼιίριιρεέ
2492 5549 2655 5602 Duae.
2711 5556 2766 5600 et
2804 5543 3041 5625 _Cul0n.,
3092 5556 3139 5602 et
3182 5546 3379 5618 probis.
3426 5545 3615 5607 Melius

2030 5620 2199 5694 Lugd.
2230 5629 2283 5678 ct
2312 5620 2538 5683 Lovan.,
2571 5625 2617 5672 et
2646 5617 2893 5683 rcprobis.
