4030 6178
473 304 580 359 575

1709 289 1767 345 S.
1810 282 2145 343 PROSPERI
2186 281 2511 351 AQUITANI

3644 270 3757 328 576

473 416 587 467 sive
618 413 669 465 in
693 410 975 480 juventute
1005 419 1121 474 sua,
1153 402 1267 458 slve
1295 400 1348 455 in
1379 406 1536 454 relate
1582 386 1810 465 majore,
1843 396 1955 449 sive
2000 393 2051 446 in
2081 399 2130 454 Α
2159 394 2356 447 nomine
2386 390 2629 445 Domini:
2653 402 2759 444 non
2784 387 2835 443 in
2858 402 2980 454 suo,
3010 385 3103 443 sed
3136 386 3187 441 in
3216 385 3357 478 illius
3387 383 3541 453 cujus
3568 384 3755 454 gratia

473 507 752 557 senectute
796 498 967 551 ultimi
993 495 1104 564 jam
1134 491 1341 556 saeculi,
1371 488 1531 543 nullis
1575 484 2048 556 oppressionibus,

474 593 639 648 nullis
668 599 752 647 est
775 591 917 644 victa
944 585 1253 656 suppliciis;
1283 583 1366 638 cui
1397 598 1489 650 per
1520 581 1799 650 passiones
1824 591 1878 633 et
1907 592 2052 631 mor-

424 682 427 689 ’
471 694 551 739 tes
577 697 793 737 suorum
825 694 1037 733 coronte
1062 691 1280 745 semper
1311 675 1673 742 triumphique
1700 679 2009 725 creverunt.

544 771 727 845 (Vers.
758 769 813 832 2,
852 768 932 838 3.)
964 768 1163 821 Etenim
1210 782 1310 819 non
1359 772 1633 833 potuerunt
1681 760 1828 814 mihi.
1880 758 2053 825 Super

468 868 677 920 dorsum
702 881 873 917 meum
922 863 1303 933 fabricaverunt
1343 866 1660 929 peccatores,
1711 852 2050 923 prolongave-

468 966 589 1010 runt
612 957 932 1027 iniquitatem
960 969 1127 1007 suam.
1158 950 1349 1004 Omnis
1374 948 1632 1001 malorum
1668 944 1891 998 intentio
1923 957 2051 997 con-

469 1059 549 1103 tra
576 1050 769 1116 bonos,
802 1048 917 1101 hac
945 1054 1047 1111 est,
1080 1052 1139 1097 ut
1161 1057 1254 1097 eos
1282 1040 1491 1096 similes
1532 1038 1615 1092 sui
1659 1035 1878 1100 faciant,
1912 1043 1967 1088 et
1995 1034 2047 1087 in

468 1153 790 1195 consensum
824 1136 1117 1207 iniquitatis
1165 1147 1279 1187 sua:
1303 1146 1332 1184 a
1365 1130 1468 1185 ﬁde
1493 1144 1556 1185 ac
1578 1128 1841 1197 probitate
1867 1124 2050 1179 tradu-

469 1241 611 1287 cant.
642 1230 794 1298 Quod
816 1244 937 1283 cum
970 1225 1219 1282 obtinere
1247 1239 1352 1279 non
1389 1228 1629 1292 possunt,
1654 1218 1966 1289 opprobriis
1995 1226 2050 1270 et

471 1322 936 1378 criminationibus
985 1322 1247 1388 impetunt
1297 1314 1659 1371 innocentium
1708 1313 1886 1375 vitam,
1920 1325 2050 1365 con-

467 1420 738 1467 struentes
765 1424 928 1479 super
948 1409 1167 1463 dorsum
1188 1422 1373 1461 eorum
1393 1405 1699 1473 congeriem
1734 1402 2044 1455 falsitatum.

467 1503 600 1570 Quia
632 1499 989 1571 perfectorum
1020 1497 1256 1552 lidelium
1283 1505 1389 1563 est,
1419 1495 1582 1551 etiam
1615 1494 1769 1559 tales,
1812 1506 1865 1548 et
1907 1493 2048 1561 inju-

468 1605 674 1648 storum
702 1592 947 1646 odiorum
974 1604 1138 1645 onera
1164 1587 1455 1651 sustinere,
1493 1586 1703 1641 etiamsi
1727 1586 2046 1654 prolongent

466 1684 803 1754 iniquitatem
848 1697 1021 1748 suam,
1068 1688 1123 1735 et
1165 1680 1311 1733 nulla
1357 1678 1692 1733 correctione
1733 1687 2042 1731 mutentur:

2155 494 2311 538 erant
2361 482 2504 552 quod
2552 488 2725 541 erant.
2757 489 2809 534 et
2857 480 3010 550 cujus
3057 473 3474 549 pollicitationes
3507 476 3672 530 bouis
3700 482 3757 529 et

2154 575 2401 631 fidelibus
2422 573 2810 644 promittebant
2837 570 2881 625 δ.

2640 722 2955 779 PS.\LMUS
2997 721 3234 778 CXXIX.

2224 861 2243 929 (
2272 860 2423 915 Vers.
2469 860 2521 913 1.
2553 858 2572 928 )
2628 857 2704 912 De
2738 857 3007 927 profundis
3034 856 3249 910 clamavi
3272 854 3341 908 ad
3376 863 3443 921 te,
3474 853 3756 916 Domine;

2153 949 2394 1017 Domine,
2422 950 2613 1004 exaudi
2640 965 2810 1003 vocem
2840 965 3023 1002 meam.
3053 947 3153 1015 Qui
3186 946 3611 1016 profunditatem
3634 961 3758 1000 ma-

2152 1043 2326 1097 lorum
2353 1043 2475 1095 vita:
2506 1040 2665 1110 hujus
2713 1041 2986 1108 intelligit,
3018 1050 3073 1092 et
3109 1054 3139 1092 a
3170 1039 3400 1093 terrenis
3423 1037 3541 1092 erui
3568 1037 3751 1106 cupit,

2153 1135 2261 1203 jam
2284 1134 2353 1188 de
2384 1133 2466 1188 his
2495 1145 2577 1188 est
2606 1133 2695 1202 qui
2723 1133 2786 1185 ad
2805 1132 3182 1187 ascensionqu
3211 1130 3484 1200 pertinent
3511 1130 3749 1198 gradus,

2151 1235 2203 1280 et
2232 1226 2318 1295 qui
2348 1238 2583 1293 superno
2613 1222 2815 1277 auxilio
2842 1225 3062 1291 cupiunt
3088 1220 3352 1290 adjuvari,
3407 1230 3463 1274 ut
3490 1236 3590 1289 per
3640 1220 3753 1272 vir-

2152 1326 2323 1371 tutum
2368 1317 2656 1386 profecms,
2694 1316 2762 1370 ab
2805 1315 2928 1370 imis
2972 1314 3038 1368 ad
3087 1328 3295 1367 summa
3340 1311 3748 1367 conscendant.

2150 1410 2502 1466 Clamandum
2531 1425 2660 1480 ergo
2682 1418 2764 1464 est
2787 1423 2921 1464 voce
2943 1408 3194 1462 desiderii
3226 1408 3489 1477 sperantis
3523 1407 3594 1460 ad
3636 1406 3748 1459 Do-

2150 1502 2376 1565 minum,
2407 1508 2464 1555 ut
2510 1515 2615 1554 non
2646 1499 2714 1555 de
2744 1514 2850 1554 uno
2887 1507 3118 1565 tantum,
3165 1498 3260 1553 sed
3291 1498 3359 1552 de
3388 1498 3576 1552 multis
3604 1511 3746 1566 pro-

2149 1589 2326 1644 fundis
2382 1592 2735 1644 humanarum
2794 1588 3131 1642 miseriarum
3188 1596 3341 1642 eruat
3400 1586 3744 1640 laborantes.

2148 1681 2282 1749 Quia
2312 1680 2471 1736 etiam
2502 1679 2595 1750 qui
2635 1680 2789 1735 valde
2838 1678 3204 1747 profecerunt,
3245 1676 3445 1731 habent
3476 1690 3661 1746 usque
3693 1677 3745 1728 iu

465 1791 587 1847 qua:
624 1774 921 1844 pertinacia
965 1772 1229 1826 malorum
1260 1771 1417 1838 longe
1452 1768 1521 1823 ab
1556 1767 1930 1823 innocentibus
1958 1782 2044 1821 se-
2075 1764 2122 1823 B
2158 1777 2316 1829 linem
2347 1773 2415 1827 de
2444 1773 2639 1843 quibus
2666 1772 2887 1842 cupiant
2922 1771 3177 1826 liberari:
3210 1781 3231 1808 ο
3265 1770 3366 1825 etsi
3415 1784 3744 1838 magnorum

469 1876 709 1937 paratur,
756 1874 812 1922 et
840 1865 929 1936 qui
969 1876 1051 1920 est
1096 1870 1308 1933 rectus,
1361 1861 1506 1916 nulla
1548 1875 1735 1915 eorum
1789 1859 2047 1915 societate

506 1959 747 2013 olluitur.

506 1974 747 2013 onuttur.

472 1974 503 2027 ρ
540 2046 721 2117 (Vers.
746 2047 829 2115 4.)
874 2044 1125 2098 Dominus
1143 2047 1320 2115 justus
1348 2043 1576 2097 concidet
1620 2044 1837 2097 cervices
1864 2058 2045 2110 pecca-

463 2146 657 2190 torum.
718 2136 981 2191 Generale
1031 2135 1248 2204 quidem
1297 2149 1493 2188 nomen
1528 2143 1611 2189 est
1659 2143 2042 2202 peccatorum,

464 2229 606 2298 quod
632 2243 731 2282 nec
751 2227 920 2280 sancti
947 2226 1163 2291 quidem
1185 2241 1213 2278 a
1242 2239 1301 2280 se
1323 2226 1633 2279 existimant
1656 2225 1915 2278 alienum.
1938 2224 2043 2279 Sed

466 2321 613 2375 aliud
643 2319 890 2388 estquod
921 2318 1156 2389 quotidie
1190 2316 1447 2384 aufertur,
1487 2317 1628 2370 aliud
1659 2317 1801 2387 quod
1831 2331 2046 2386 semper

464 2421 720 2483 augetur.
754 2411 906 2467 Unde
956 2426 1020 2466 ex
1073 2412 1189 2480 ipsa
1238 2409 1456 2464 ultionis
1499 2409 1713 2478 specie,
1744 2410 1931 2479 quales
1960 2409 2046 2464 hic

466 2514 780 2576 peccatores
805 2510 1324 2567 commemorentur,
1356 2500 1679 2566 ostenditur,
1710 2516 1830 2555 cum
1864 2499 2044 2554 Domi-

467 2610 565 2650 nus
596 2609 699 2648 non
727 2607 918 2647 manus
950 2602 1312 2661 peccatorum,
1341 2589 1435 2646 sed
1463 2590 1704 2646 cervices
1728 2590 2045 2644 concisurus

464 2687 831 2741 denuntiatur.
861 2684 964 2739 Per
989 2684 1229 2739 cervices
1269 2684 1414 2739 enim
1457 2683 1707 2752 superbia
1745 2680 2043 2751 significata

464 2789 761 2834 esteorum
786 2778 874 2847 qui
912 2779 962 2831 in
1002 2777 1150 2832 nullo
1188 2790 1248 2831 se
1280 2774 1602 2843 reprehendi
1626 2774 1830 2838 voluut,
1866 2784 1920 2828 et
1950 2773 2044 2828 Dei

465 2870 631 2924 verba
658 2879 928 2937 tamquam
959 2867 1317 2922 deliramenta
1347 2875 1720 2921 contemnunt.

536 2963 715 3031 (Vers.
745 2960 827 3030 5.)
847 2959 1265 3030 Confundantur,
1295 2967 1343 3012 et
1370 2968 1395 2995 σι
1418 2966 1737 3011 revertantur
1764 2965 2043 3010 retrorsum

465 3068 641 3105 omnes
680 3051 769 3121 qui
795 3050 1006 3105 oderunt
1040 3049 1190 3105 Sion.
1219 3048 1464 3104 Oderunt
1504 3047 1657 3113 Sion,
1696 3049 1786 3119 qui
1817 3048 2044 3102 oderunt

2149 1876 2204 1921 et
2236 1866 2475 1921 fidelium
2522 1866 2621 1920 ista
2652 1864 2894 1919 conditio
2940 1873 3040 1930 est,
3074 1872 3132 1917 ut
3168 1863 3417 1933 quamdiu
3448 1862 3499 1916 iu
3532 1863 3746 1918 szeculo

2148 1956 2401 2010 mundani
2434 1956 2597 2011 maris
2631 1955 2893 2025 profunda
2919 1957 3226 2024 patiuntur;
3268 1969 3387 2023 qua:
3417 1956 3746 2009 extremitas

2147 2050 2428 2104 demersos
2477 2049 2639 2103 habet
2685 2064 2780 2103 eos
2811 2048 2899 2117 qui
2949 2048 3080 2117 ipsis
3112 2046 3232 2101 imis
3281 2045 3744 2115 profunditatibus

2148 2139 2503 2210 delectantur,
2534 2150 2589 2195 et
2619 2149 2764 2194 tanto
2814 2138 2982 2209 magis
3028 2147 3154 2193 sunt
3199 2136 3405 2201 miseri,
3443 2148 3658 2207 quanto
3684 2154 3745 2194 se

2152 2243 2338 2304 putant
2366 2250 2489 2289 esse
2524 2234 2731 2288 fideles.

2222 2327 2403 2396 (Vers.
2435 2326 2491 2391 Ξ,
2518 2325 2596 2395 5.)
2631 2323 2789 2378 Fiant
2817 2339 2969 2377 aures
3001 2333 3098 2376 tute
3139 2321 3452 2375 intendentes
3480 2322 3535 2375 in
3564 2336 3745 2376 vocem

2147 2419 2526 2488 deprecationis
2572 2432 2717 2471 meae.
2767 2416 2829 2472 Si
2868 2416 3189 2485 iniquitatem
3217 2412 3520 2478 observabis,
3552 2412 3742 2467 Domi-

2147 2528 2232 2577 ne,
2265 2510 2504 2578 Domine,
2535 2510 2651 2580 quis
2695 2508 3001 2563 sustinebit?
3042 2506 3173 2574 Quia
3223 2505 3313 2574 qui
3346 2504 3492 2558 venit
3520 2506 3744 2560 solvere

2146 2618 2309 2671 opera
2337 2602 2534 2657 diaboli
2570 2600 2611 2672 (l
2639 2599 2797 2654 Joan.
2823 2614 2901 2663 ιιι,
2929 2597 3008 2669 8),
3042 2600 3143 2653 hoc
3168 2608 3250 2654 est
3280 2610 3517 2669 peccata,
3552 2606 3605 2651 et
3638 2612 3742 2651 ve-

2148 2696 2225 2749 nit
2255 2708 2498 2763 quaarere
2525 2691 2667 2761 quod
2703 2692 2929 2761 perierat
2951 2688 3106 2761 (Luc.
3137 2705 3245 2753 six,
3273 2688 3383 2757 10).
3410 2689 3557 2743 dedit
3580 2702 3743 2757 spem

2146 2788 2307 2842 etiam
2334 2786 2385 2839 in
2420 2784 2608 2838 ultimo
2634 2781 2902 2851 profundo
2924 2780 3153 2849 iacenti,
3182 2780 3346 2851 [‘79
3369 2795 3463 2849 per
3486 2793 3656 2848 quam
3685 2794 3747 2834 se

2146 2877 2213 2931 ad
2242 2891 2399 2946 opem
2429 2873 2687 2929 salvantis
2717 2873 2970 2942 erigeret.
2993 2872 3059 2926 Et
3090 2873 3212 2927 ideo
3229 2872 3561 2943 quantalibet
3590 2870 3748 2925 mole

2147 2968 2302 3023 mala:
2342 2964 2751 3022 consuetudinis
2798 2974 3048 3034 peccatur
3096 2980 3406 3033 oppressus,
3460 2960 3629 3018 habet
3687 2964 3746 3019 in

2149 3061 2339 3131 psalmi
2386 3059 2542 3128 hujus
2593 3058 2762 3112 forma
2817 3056 2958 3126 quod
3016 3066 3273 3127 sequatur
3332 3056 3743 3126 implorationis

468 3145 765 3200 Ecclesium
795 3154 850 3198 et
871 3145 958 3215 qui
985 3143 1077 3198 Dei
1099 3151 1365 3212 pra'cepta
1392 3150 1765 3197 contemnunt.
1790 3140 1894 3196 Sed
1918 3142 2040 3210 quia
2070 3124 2115 3186 (ἶ
2147 3124 2473 3214 exemplum,
2507 3162 2574 3202 ne
2601 3147 2669 3201 de
2696 3161 2791 3201 sua
2835 3124 3164 3200 liberatione
3208 3124 3489 3215 desperet:
3534 3146 3667 3215 quia
3698 3147 3746 3201 si

467 3251 627 3304 super
657 3236 877 3290 dorsum
923 3235 1340 3299 fabricaverunt,
1372 3233 1501 3303 quid
1547 3232 1702 3289 faciet
1762 3232 1999 3287 Ecclesia
2024 3272 2039 3299 ,

464 3329 567 3384 nisi
601 3328 732 3382 tales
757 3342 853 3396 spe
883 3326 1236 3383 correctionis
1277 3327 1515 3395 ipsorum
1545 3326 1742 3380 toleret
1769 3323 1935 3395 478
1956 3338 2045 3378 us-

471 3435 573 3489 que
614 3420 664 3473 in
695 3418 897 3473 ﬂuemt
925 3418 1117 3474 Veniet
1146 3418 1288 3473 enim
1319 3418 1463 3486 quod
1490 3418 1754 3487 sequitur.

535 3509 716 3581 (Vers.
758 3509 813 3573 6,
852 3508 931 3577 7.)
969 3505 1130 3562 Fiant
1182 3508 1313 3561 sicut
1365 3511 1538 3577 fenum
1593 3515 1862 3571 tectorum,
1908 3505 2045 3575 quod

463 3605 764 3673 priusquam
792 3602 1064 3667 evellatur,
1088 3602 1289 3656 arescit.
1318 3600 1396 3654 De
1424 3617 1521 3670 quo
1548 3618 1649 3655 non
1681 3600 1907 3672 implebit
1935 3618 2047 3653 ma-

463 3711 588 3748 num
628 3710 779 3749 suam
818 3697 909 3766 qui
934 3696 1098 3760 metit,
1144 3702 1192 3749 et
1227 3695 1398 3748 sinum
1427 3710 1575 3748 suum
1618 3694 1707 3765 qui
1754 3695 2046 3761 manipulos

462 3786 682 3856 colligit.
715 3788 1129 3857 Coiitemptores
1170 3785 1506 3855 eloquiorum
1558 3784 1651 3839 Dei
1683 3795 1736 3839 et
1775 3797 2046 3841 amatores

464 3877 651 3932 mundi
684 3878 828 3947 feno,
879 3878 1019 3947 quod
1059 3892 1223 3947 super
1251 3885 1387 3932 tecta
1414 3888 1466 3932 et
1494 3892 1656 3947 super
1686 3879 1918 3947 parietes
1944 3893 2046 3931 na-

465 3970 655 4035 scitur,
686 3980 1096 4038 comparantur;
1137 3969 1228 4038 qui
1277 3981 1402 4025 ante
1454 3980 1662 4038 tempus
1694 3969 1886 4025 messis
1927 3980 2050 4025 are-

464 4073 646 4126 scunt,
679 4070 733 4115 et
760 4077 880 4115 cum
912 4062 1163 4115 videntur
1185 4073 1347 4126 stare,
1382 4061 1733 4115 ceciderunt:
1765 4076 1868 4117 nec
1896 4060 2047 4117 inve-

478 4149 638 4200 niunt
673 4164 961 4213 messores,
989 4150 1040 4202 id
1067 4159 1151 4203 est
1175 4152 1352 4219 angeli
1378 4150 1588 4218 (Matth.
1616 4166 1731 4214 xm,
1758 4150 1869 4218 39),
1904 4150 2050 4219 quod

477 4239 547 4293 de
575 4239 656 4293 eis
682 4238 980 4294 Dominicis
1010 4241 1227 4296 horreis
1258 4241 1524 4295 inferatur
1548 4258 1561 4294 :
1585 4241 1713 4311 quia
1742 4240 1859 4311 ign't
1879 4240 2051 4312 depu-

481 4330 707 4394 tabitur,
746 4330 1014 4400 quidquid
1051 4332 1259 4386 carebit
1290 4332 1597 4386 substantia
1630 4331 1932 4387 charitatis.

535 4417 718 4489 (Vers.
748 4420 825 4489 8.)
870 4417 935 4471 Et
978 4436 1077 4472 non
1109 4419 1350 4473 dixerunt
1378 4420 1464 4487 qui
1493 4422 1846 4489 prtereribant,
1879 4421 2047 4479 Bene-

461 4510 625 4564 dictio
673 4510 885 4564 Domini
928 4527 1085 4579 supcr
1127 4527 1235 4568 vos.
1286 4509 1517 4579 Superbi
1556 4521 1611 4568 et
1650 4514 1771 4568 vani
1819 4514 1872 4569 in
1918 4531 2047 4586 agro

466 4602 679 4656 Domini
704 4601 837 4656 nihil
867 4604 1076 4672 operati
1107 4614 1259 4671 sunt,
1288 4619 1388 4659 nec
1414 4617 1724 4662 meruerunt
1752 4608 1820 4663 ab
1855 4610 1933 4664 eis
1955 4611 2049 4681 qui

462 4709 564 4762 per
588 4694 900 4763 temporalia
927 4695 990 4747 ad
1013 4704 1212 4748 aeterna
1233 4695 1554 4763 transibunt,
1575 4699 1803 4766 gratiam
1825 4701 2049 4757 benedi-

468 4786 666 4839 ctionis
709 4787 974 4855 accipere.
1008 4786 1205 4841 Omnes
1235 4788 1377 4841 enim
1419 4789 1694 4858 propheta:
1735 4801 1789 4845 et
1816 4795 2047 4861 apostoli

460 4876 809 4947 universique
853 4877 1046 4943 sancti,
1075 4876 1213 4932 bene
1244 4878 1546 4933 viventibus
1576 4880 1968 4938 benedixerunt
1992 4888 2045 4941 in

530 5073 558 5100 λ
606 5061 848 5132 Lugdun.
891 5068 947 5116 et
996 5060 1234 5123 L0van.,
1281 5069 1328 5112 et
1375 5071 1696 5132 revereontur
1738 5072 2034 5119 retrorsum.

461 5137 625 5188 hunc.
657 5129 711 5188 et
738 5132 956 5198 Colon.,
987 5141 1330 5185 revertantur.
1359 5129 1712 5199 Augustinus,
1744 5145 2040 5189 avertantur

458 5216 756 5258 τνινονειιηι.

534 5275 559 5311 ι)
591 5274 746 5327 Deest
774 5273 858 5325 hic
889 5272 1058 5325 altera
1086 5284 1209 5339 pars
1238 5282 1449 5333 versus,
1488 5269 1853 5326 Benediximus
1873 5289 1957 5326 vos
1986 5275 2038 5327 in

458 5345 664 5398 nomine
710 5343 947 5406 Domini;
996 5358 1115 5413 qum.
1165 5340 1417 5392 tamenin
1444 5339 1559 5408 ipsa
1586 5355 1777 5397 versus
1805 5344 2041 5413 explica-

458 5428 608 5469 ttune
636 5413 841 5465 videtur
879 5411 1291 5478 comprehensa.

536 5496 557 5522 ο
591 5483 760 5537 Locus
790 5483 1069 5544 obscurus,
1103 5480 1194 5549 qui
1244 5492 1371 5532 mss.
1417 5478 1627 5533 defectu
1670 5482 1883 5536 restitui
1928 5498 2035 5538 non

459 5555 655 5622 potuit.
689 5552 938 5605 Fortasse
978 5550 1403 5622 paucismutatis
1432 5550 1629 5622 clarior
1655 5551 1763 5613 fiet,
1809 5554 1851 5605 si
1886 5552 2035 5622 lega-

461 5620 577 5683 tur,
609 5624 699 5675 etsi
740 5637 1037 5688 magnorum
1068 5630 1113 5672 et
1152 5620 1379 5687 felicium
1424 5621 1520 5672 ista
1569 5623 1793 5675 conditio
1833 5620 1960 5688 est;
1978 5634 2034 5676 ut

460 5694 649 5768 quamd
672 5693 779 5744 uin
804 5694 990 5744 sucula
1019 5700 1135 5744 sunt
1164 5690 1411 5744 mundani
1459 5695 1612 5746 maris
1643 5695 1903 5765 profunda
1940 5713 2035 5767 pa-

2146 3241 2328 3294 divina
2374 3238 2580 3308 justitia
2626 3237 2730 3292 hoc
2759 3235 3065 3291 hominibus
3120 3238 3173 3290 in
3204 3237 3303 3291 bac
3345 3237 3453 3290 vita
3484 3236 3747 3292 redderet

2145 3329 2287 3400 quod
2323 3340 2622 3394 merentur,
2654 3343 2815 3383 nemo
2847 3339 3028 3397 posset
3066 3328 3435 3382 retributionis
3465 3330 3746 3384 sustinere

2143 3422 2433 3490 judicium.
2464 3420 2602 3487 Quid
2628 3433 2755 3489 ergo
2791 3421 2906 3488 spei
2933 3419 3003 3473 sit
3030 3417 3326 3485 confitenti,
3352 3420 3524 3489 aperit
3554 3434 3748 3474 sermo

2147 3516 2236 3584 qui
2265 3514 2529 3582 sequitur.

2219 3605 2399 3678 (Vers.
2428 3604 2512 3675 4.)
2541 3604 2795 3673 Quoniam
2823 3604 2963 3676 apud
2989 3615 3033 3659 te
3054 3604 3349 3676 propitiano
3377 3611 3469 3664 est.
3497 3615 3547 3659 et
3602 3620 3733 3675 pro-

2146 3708 2261 3770 pter
2282 3698 2443 3767 legem
2470 3708 2609 3752 tuam
2636 3699 2856 3752 sustinui
2878 3698 3193 3764 te,Domine.
3223 3698 3354 3765 Qum
3374 3706 3456 3753 est
3483 3700 3747 3769 prapitia-

2148 3793 2238 3855 tio,
2259 3791 2358 3844 uisi
2381 3790 2746 3844 sacrificium?
2778 3799 2831 3845 et
2860 3789 3003 3857 quod
3033 3790 3387 3853 sacrificium,
3414 3790 3512 3842 nisi
3535 3791 3746 3844 oceisiu

2149 3881 2294 3937 illius
2325 3882 2465 3952 Agni
2496 3884 2585 3950 qui
2615 3882 2733 3936 tulit
2757 3892 3032 3951 peccatum
3065 3883 3247 3937 mundi
3294 3883 3473 3953 (Joan.
3506 3899 3585 3950 nt,
3613 3881 3743 3954 29),

2148 3983 2205 4028 et
2228 3974 2371 4027 venit
2401 3984 2457 4028 ut
2476 3974 2647 4040 legem
2671 3973 2871 4028 veteris
2887 3973 3239 4039 Testamenti,
3265 3992 3404 4030 nova
3433 3978 3546 4047 lege
3575 3993 3746 4031 evan-

2146 4067 2333 4138 ge‘ica:
2360 4067 2602 4122 veritatis
2636 4067 2925 4137 impleret?
2954 4066 3066 4121 Lex
3110 4078 3286 4123 autem
3322 4069 3580 4137 perfectio
3608 4070 3745 4123 cha-

2148 4160 2321 4212 ritatis
2364 4167 2468 4222 eSl,
2516 4172 2619 4227 qua
2668 4157 2807 4212 Deus
2836 4156 3223 4227 proximusque
3264 4158 3519 4228 diligitur,
3552 4168 3608 4214 et
3636 4176 3743 4231 per

2147 4264 2307 4319 quam
2332 4248 2526 4303 dicitur
2553 4247 2817 4302 conditori
2847 4248 3001 4318 legis.
3032 4247 3246 4303 Dimitte
3276 4251 3419 4303 nobis
3449 4251 3620 4304 debita
3645 4269 3745 4305 no-

2146 4353 2255 4395 stra
2296 4342 2426 4396 sicut
2451 4350 2497 4395 et
2525 4356 2616 4394 nos
2630 4339 2939 4393 dimittimus
2963 4340 3276 4395 debitoribus
3301 4343 3488 4396 nostris
3516 4342 3743 4411 (Matth.

2152 4448 2227 4497 vt,
2262 4434 2375 4499 19.).
2405 4433 2551 4487 Bene
2598 4433 2741 4485 enim
2792 4431 3024 4486 sustinet
3072 4434 3455 4501 promissiones
3482 4434 3599 4501 Dei,
3642 4437 3744 4504 qui

2153 4525 2460 4580 mandatum
2483 4524 2602 4592 ejus
2627 4524 2981 4592 exsequitur;
3027 4538 3128 4577 nec
3173 4523 3367 4578 frustra
3406 4536 3583 4592 sperat
3615 4542 3737 4594 par-

2153 4616 2382 4671 cendum
2417 4615 2651 4682 peccatis
2669 4613 2805 4679 suis,
2829 4615 2917 4684 qui
2952 4614 3178 4683 ignoscit
3204 4614 3393 4670 alienis
3421 4614 3596 4686 (Sent.
3618 4617 3739 4687 '58),

2150 4708 2362 4761 dicente
2396 4704 2678 4773 Apostolo,
2708 4702 2936 4758 Invicem
2966 4720 3123 4759 onera
3151 4714 3315 4759 vestra
3349 4715 3565 4774 portate,
3590 4716 3637 4759 et
3665 4710 3744 4762 sic

2149 4792 2493 4864 adimplebitis
2524 4793 2683 4861 legem
2714 4790 2905 4845 Christi
2925 4790 3069 4862 (Gal.
3106 4808 3177 4857 vt,
3211 4790 3289 4861 2).
3337 4793 3596 4848 Sustinuit
3622 4810 3742 4847 ant—

2150 4904 2233 4939 ma
2262 4900 2371 4938 mea
2393 4884 2446 4936 in
2470 4883 2675 4935 verbum
2703 4893 2868 4935 tuum.
2897 4882 3345 4952 Exspectatiouis,
3375 4884 3572 4955 inquit,
3602 4898 3745 4939 metu

2147 5066 2340 5119 tiantur
2363 5080 2380 5128 ;
2412 5079 2527 5131 qua:
2556 5062 2849 5133 estremitas
2871 5063 3125 5117 demersos
3156 5064 3335 5119 habet.
3359 5102 3373 5116 .
3400 5104 3413 5116 .
3434 5104 3444 5116 .
3469 5074 3662 5133 quanto
3685 5082 3743 5119 se

2150 5144 2333 5207 putant
2363 5137 2555 5203 felices.
2579 5132 2916 5207 Coniecturae
2943 5146 3139 5187 nourae
3164 5134 3490 5207 locuni_dare
3518 5135 3737 5207 videtur

2147 5202 2476 5273 Augustinus
2509 5244 2520 5265 .
2565 5217 2687 5256 cum
2716 5202 2845 5274 dicit
2892 5204 3031 5257 inter
3074 5212 3267 5258 czetora
3294 5219 3308 5256 :
3338 5203 3501 5257 Valde
3536 5206 3587 5256 in
3613 5220 3740 5274 pro-

2148 5272 2314 5344 fundo
2345 5284 2480 5344 sunt,
2510 5274 2597 5341 qui
2624 5287 2717 5324 nec
2735 5272 2956 5325 clantant
2988 5275 3051 5326 de
3097 5275 3375 5342 profundo.
3424 5274 3556 5326 Dicit
3590 5272 3740 5325 Scri-

2147 5341 2333 5415 ptura:
2366 5341 2613 5415 Decctttor
2649 5357 2765 5415 cum
2794 5346 2984 5415 venerit
3012 5344 3063 5396 in
3088 5341 3401 5415 profundum
3450 5344 3736 5415 malorum,

2149 5411 2443 5466 contemnit.
2483 5411 2603 5465 1am
2642 5413 2841 5483 videte,
2869 5411 3097 5481 fratres,
3118 5411 3270 5480 quale
3292 5414 3610 5483 profundum
3632 5415 3736 5479 sit,

2151 5484 2238 5536 ubi
2266 5485 2604 5536 contemnitur
2633 5483 2792 5535 Deus.
2818 5482 2962 5538 Solet
2995 5487 3127 5537 enim
3149 5483 3244 5536 hoc
3266 5485 3372 5537 illis
3391 5482 3620 5547 evenire,
3644 5485 3738 5551 qui

2146 5554 2365 5607 multum
2393 5553 2444 5604 in
2469 5553 2727 5623 profundo
2756 5564 2897 5617 sunt,
2922 5565 2970 5607 et
3000 5566 3373 5622 prosperantur
3401 5555 3454 5607 in
3485 5554 3735 5621 iniquita-

2144 5625 2284 5676 tibus
2328 5624 2469 5686 suis,
2512 5633 2557 5675 et
2596 5632 2740 5675 tanto
2791 5625 2952 5693 magis
2987 5625 3039 5675 in
3080 5625 3338 5694 profundo
3389 5633 3687 5695 merguntur
3714 5661 3732 5689 .

2143 5702 2331 5765 quanto
2361 5694 2523 5765 magis
2546 5695 2778 5750 vitentur
2802 5710 2909 5749 esse
2937 5696 3131 5767 felices.
