4026 6176
230 299 328 358 577

966 298 1384 356 PSAL‘IORUM
1427 300 1469 354 A
1509 299 1549 353 C
1590 299 1681 353 AD
1716 298 1802 354 CL
1843 299 2217 357 EXPOSlTlO.
2268 302 2459 358 PSAL.
2503 303 2740 361 CXXXI.

3386 313 3495 369 S78

223 413 521 469 substantia
545 411 789 466 Christus
811 420 1001 480 est,et
1029 413 1175 466 verbi
1201 414 1273 465 tui
1306 412 1660 481 promissione
1691 426 1797 465 non
1828 416 1874 473 Α
1905 414 2165 481 acquirat.
2199 414 2331 469 Cum
2360 417 2533 470 omnis
2559 416 2727 485 gratia
2759 417 2888 485 Dei,
2921 433 3042 489 quas
3072 419 3123 474 in
3154 436 3493 495 quocumque

221 508 397 568 fallor,
428 505 551 574 quia
574 504 689 574 ipse
712 511 796 559 est
823 503 1034 559 Veritas
1056 505 1145 573 qui
1187 505 1452 573 promisit.

290 598 477 669 (Vers.
502 598 557 663 5,
585 596 667 667 6.)
700 597 938 667 Speravit
966 598 1139 651 animo
1178 614 1290 650 mea
1314 598 1368 650 in
1393 597 1630 650 Domino.
1663 596 1704 647 Α
1731 595 1805 647 vi-

214 694 351 762 gilia
385 692 637 745 matutina
666 706 828 760 usque
870 690 940 743 ad
982 702 1200 752 noctem,
1233 699 1258 726 κ
1288 706 1320 741 a
1341 690 1514 761 vigilia
1555 688 1804 741 matutina

213 794 385 853 speret
416 782 586 837 Israel
608 782 660 835 in
679 780 920 834 Domino.
946 781 1082 849 Spes
1110 780 1342 834 lidelium
1370 780 1805 847 exspectatioque

213 886 534 928 sanctorum
584 888 690 927 non
740 873 899 925 unius
955 870 1062 925 diei
1114 871 1450 925 concluditur
1504 870 1631 937 line,
1684 883 1804 922 cum

211 967 383 1020 etiam
432 966 571 1020 intra
628 965 809 1018 brevia
858 972 1095 1033 tempora
1147 965 1301 1018 iSliuS
1328 964 1480 1028 νίιςε,
1515 964 1803 1017 multorum

218 1057 437 1110 dierum
462 1064 613 1109 ortus
642 1063 800 1123 atque
820 1068 1042 1111 occasus
1069 1070 1213 1123 sa‘pe
1243 1066 1590 1109 renoventur.
1626 1054 1806 1109 Virtus

212 1147 382 1217 igitur
432 1146 703 1215 patientia:
755 1145 823 1199 de
860 1146 948 1200 illa
994 1146 1256 1200 sumenda
1311 1156 1395 1201 est
1448 1145 1627 1216 vigilia
1688 1162 1802 1199 ma-

213 1242 412 1305 tutina,
443 1240 496 1293 in
526 1253 631 1308 qua
661 1238 917 1291 Dominus
948 1237 1105 1292 Iesus
1126 1237 1376 1293 Christus
1404 1238 1457 1293 in
1487 1248 1687 1291 nostra:
1715 1253 1808 1290 na-

213 1340 356 1386 turze
397 1346 564 1384 carne
595 1330 826 1385 snrresit
854 1345 883 1383 a
913 1330 1160 1395 mortuis,
1187 1340 1245 1384 ut
1275 1330 1417 1400 quod
1450 1330 1727 1399 pra-cessit
1753 1328 1805 1383 in

212 1424 417 1491 rapite,
441 1424 611 1476 hocin
636 1436 694 1477 se
720 1424 1196 1491 sperarentomnia
1220 1423 1460 1477 membra
1481 1420 1804 1475 faciendum.

212 1517 350 1584 Quae
391 1530 518 1585 spes
548 1514 709 1570 nullis
740 1516 991 1569 terrenda
1041 1514 1482 1581 adversitatibns,
1509 1515 1673 1569 nullis
1701 1523 1808 1570 ter-

212 1607 439 1659 roribus
478 1604 847 1670 obscuranda,
880 1605 974 1660 sed
1022 1621 1189 1675 usque
1223 1606 1277 1661 in
1325 1607 1485 1661 finem
1528 1608 1808 1676 prmsentis

212 1699 364 1761 vitm,
398 1695 489 1749 ubi
521 1711 623 1749 nox
656 1696 897 1766 quadam
924 1698 1112 1750 mortis
1139 1699 1449 1763 intervenit,
1482 1698 1694 1752 fortiter
1713 1713 1807 1751 cu-

1908 505 2143 559 lidelium
2176 507 2428 577 dignatur
2459 510 2695 577 operari,
2729 526 2757 563 a
2786 511 2935 565 nullo
2964 516 3206 569 membro
3246 520 3491 587 corporis

1906 595 2106 652 Christi
2137 601 2307 668 possit
2331 601 2570 671 ahjungi,
2594 613 2649 657 et
2678 619 2831 657 suum
2854 606 3082 675 quisque
3109 609 3262 665 iaciat
3286 610 3487 667 bonum

1905 690 2047 758 quod
2079 706 2173 752 per
2202 692 2364 745 alium
2393 692 2589 761 gaudet
2611 694 2882 749 elTectum.

1978 779 2159 849 (Vers.
2190 778 2272 850 2.)
2300 782 2362 833 Si
2389 798 2491 835 non
2516 782 2781 836 humiliter
2808 786 3108 853 sentiebam,
3137 788 3226 841 sed
3269 791 3491 845 exaltavi

1906 871 2134 923 animam
2175 888 2362 924 meam.
2412 873 2560 927 Sicut
2600 875 2915 929 ablactatum
2952 890 3025 931 est
3072 896 3224 950 super
3276 891 3490 935 matrem

1906 977 2076 1025 suam,
2116 962 2189 1015 sic
2212 962 2480 1017 retributio
2503 966 2557 1018 in
2584 970 2811 1020 animam
2835 986 3018 1023 meam.
3048 971 3197 1026 Mens
3242 975 3490 1041 perlecta:

1909 1050 2230 1106 humilitatis
2262 1052 2498 1109 delectat
2527 1071 2557 1109 a
2584 1061 2875 1126 proposito,
2912 1061 3177 1129 intrepide
3211 1064 3277 1117 de
3304 1063 3402 1119 hac
3429 1079 3490 1119 se

1910 1142 2027 1211 lege
2054 1144 2374 1214 constringi,
2403 1153 2462 1199 ut
2488 1147 2697 1201 cuidam
2728 1150 3088 1206 maledictioni
3116 1152 3205 1206 ﬁat
3231 1154 3486 1223 obnoxia,

1907 1234 1952 1287 si
1981 1232 2087 1287 alta
2119 1249 2314 1303 sapere
2342 1244 2398 1290 et
2426 1236 2494 1292 de
2548 1239 2816 1308 aliquibus
2848 1240 3119 1297 miraculis
3146 1245 3373 1299 voluerit
3401 1263 3490 1301 su-

1910 1325 2143 1392 perbire.
2175 1325 2325 1380 Sicut
2346 1342 2475 1396 ergo
2503 1330 2641 1384 male
2668 1332 2844 1399 agitur
2877 1348 2996 1386 cum
3026 1333 3229 1389 infante
3251 1338 3488 1393 nondum

1909 1417 2105 1471 idoneo
2152 1418 2218 1472 ad
2269 1420 2651 1486 perfectiOnem
2698 1424 2971 1478 solidioris
3000 1426 3126 1489 cibi,
3169 1429 3272 1482 sia
3307 1432 3491 1487 matris

1910 1508 2165 1562 uberibus
2194 1510 2495 1578 auferatur,
2520 1526 2642 1565 cum
2664 1515 2963 1569 subSIantia
2994 1518 3265 1573 alimonia:
3290 1521 3407 1590 ejus
3438 1523 3489 1578 in

1910 1606 2081 1652 matre
2130 1599 2231 1664 sit;
2280 1601 2372 1669 ita,
2407 1602 2597 1671 inquit,
2648 1605 2974 1661 retribuatur
3020 1610 3216 1664 anima:
3247 1628 3401 1681 mete,
3435 1624 3492 1669 ut

1910 1704 2033 1743 cum
2065 1705 2256 1758 panem
2304 1692 2616 1760 angelorum
2664 1696 2826 1751 edere
2872 1714 2977 1752 non
3029 1701 3259 1768 valeam,
3308 1714 3490 1773 potum

213 1787 503 1842 ,wdienda
533 1797 643 1841 est:
670 1797 726 1841 ut
756 1786 936 1840 omnis
966 1786 1151 1851 Israel,
1174 1803 1452 1858 quousque
1481 1789 1548 1843 de
1571 1789 1674 1843 hac
1697 1790 1805 1842 vita
1836 1775 1880 1834 Β
1910 1780 2137 1835 materni
2179 1781 2333 1835 laetis
2376 1784 2641 1850 amittam,
2687 1794 2742 1840 ct
2791 1802 2911 1841 cum
2940 1804 3001 1843 ea
3033 1806 3151 1860 qua:
3199 1807 3361 1863 supra
3406 1810 3493 1849 me

213 1892 395 1946 exeat,
429 1881 534 1936 hoc
562 1881 699 1950 quod
725 1882 777 1935 in
812 1881 1038 1936 Domino
1068 1882 1263 1937 factum
1294 1893 1396 1948 est,
1427 1885 1480 1939 in
1507 1899 1567 1939 se
1593 1900 1808 1953 quoque

214 1971 529 2028 iaciendum
560 1985 781 2039 sperare
812 1987 917 2026 non
946 1971 1172 2026 desinat.
1207 1973 1329 2028 Haec
1356 1976 1503 2029 enim
1535 1990 1662 2045 spes
1686 1991 1806 2044 pro-

214 2065 326 2135 pria
355 2074 441 2119 est
463 2063 823 2119 lsraelitarnm
855 2066 1201 2134 spiritalium,
1230 2083 1454 2135 quorum
1479 2067 1805 2123 desiderium

216 2175 320 2213 non
345 2173 485 2211 vana
509 2172 683 2227 neque
706 2157 1024 2226 temporalia
1046 2160 1420 2228 concupiscit;
1449 2161 1543 2215 sed
1574 2176 1603 2213 a
1631 2162 1806 2231 vigilia

214 2248 481 2303 matutina
532 2247 948 2303 resurrectionis
993 2246 1195 2302 Christi
1226 2290 1240 2313 ,
1296 2264 1466 2319 usque
1510 2252 1562 2304 in
1594 2263 1806 2305 noctem

218 2339 339 2393 ﬁnis
371 2339 455 2391 sui
482 2353 549 2392 eo
579 2337 770 2403 currit,
815 2350 881 2392 eo
912 2337 1101 2404 tendit,
1130 2352 1236 2408 quo
1256 2338 1366 2408 jam
1394 2338 1447 2395 in
1474 2340 1808 2409 praecedente

217 2430 489 2501 pervenit.

284 2522 482 2593 (γει-8.
536 2519 617 2589 7.)
659 2520 916 2586 Quoniam
962 2518 1101 2589 apud
1135 2516 1415 2571 Dominum
1457 2520 1809 2573 misericordia

218 2625 309 2678 est,
343 2622 395 2667 et
433 2612 599 2666 multa
648 2611 787 2682 apud
831 2627 949 2665 eum
976 2611 1255 2682 redemptio
1298 2619 1393 2664 est.
1436 2609 1656 2665 Fiducia
1687 2626 1809 2681 spe-

216 2705 476 2767 mntium,
507 2701 871 2756 misericordia
896 2700 987 2756 Dei
1019 2712 1135 2767 est,
1165 2700 1330 2772 480
1380 2716 1479 2756 nec
1516 2702 1635 2757 ideo
1663 2704 1808 2772 quis-

217 2812 380 2863 quam
412 2794 577 2849 debet
600 2793 666 2848 de
694 2792 1023 2861 capessenda
1073 2791 1285 2846 Domini
1327 2794 1683 2863 promissione
1711 2795 1810 2847 du.

215 2886 413 2950 bitare,
441 2886 567 2955 quia
607 2898 666 2938 se
703 2883 1115 2953 participatiOne
1145 2885 1261 2951 ejus
1293 2885 1443 2938 novit
1487 2885 1805 2953 indignum,

216 2996 338 3034 cum
388 2980 506 3048 ipsa
557 2976 825 3032 confessio
852 2992 947 3047 per
975 2977 1450 3032 commutationem
1500 2978 1727 3032 actionis
1755 2986 1811 3031 et

216 3072 417 3125 mentis
455 3067 843 3138 indulgentiam
872 3077 1143 3123 mereatur
1167 3110 1183 3134 ,
1225 3078 1280 3123 et
1304 3070 1583 3136 multiplex
1624 3071 1695 3123 sit
1725 3085 1811 3125 re-

1907 1881 2034 1925 sunt
2084 1873 2495 1941 apprehendere
2556 1890 2661 1929 non
2716 1892 2932 1947 queam,
2989 1881 3305 1938 humilitatis
3349 1885 3492 1941 bono

1908 1979 2143 2027 caream,
2178 1967 2229 2019 in
2262 1982 2369 2035 quo
2399 1968 2668 2025 salubrius
2715 1979 2799 2025 est
2825 1972 3087 2042 prolicere
3114 1990 3272 2046 quam
3302 1978 3493 2035 timere

1907 2052 2063 2126 [forte
2084 2054 2334 2126 tumere].

1975 2146 2139 2218 481
2172 2148 2350 2220 (Vers.
2385 2149 2465 2222 5.)
2502 2150 2687 2217 Speret
2717 2150 2886 2207 Israel
2922 2155 2973 2208 in
3005 2154 3250 2225 Domino,
3284 2178 3349 2216 ex
3392 2162 3489 2218 hac

1907 2254 2042 2291 nunc
2068 2249 2117 2292 et
2146 2256 2301 2308 usque
2322 2240 2373 2293 in
2396 2244 2663 2298 sarculum.
2694 2242 2863 2299 Verus
2884 2260 3013 2315 ergo
3043 2247 3227 2317 Israel,
3252 2268 3371 2321 quas
3391 2256 3493 2310 sibi

1906 2330 2015 2384 sint
2054 2332 2104 2383 in
2137 2330 2368 2385 Domino
2399 2342 2697 2401 praeparata
2739 2336 3095 2407 prospiciens,
3129 2348 3293 2395 totam
3341 2357 3492 2413 spem

1907 2438 2059 2474 suam
2091 2422 2380 2475 c0nlirmct
2409 2422 2462 2476 in
2492 2423 2743 2490 Domino,
2776 2435 2830 2481 et
2849 2441 2970 2496 quae
2998 2442 3211 2484 sursum
3237 2442 3364 2487 sunt
3404 2449 3495 2487 sa-

1911 2513 2040 2580 piat,
2097 2526 2203 2565 non
2254 2528 2376 2581 quin
2428 2528 2592 2583 super
2637 2526 2833 2569 terrain
2877 2516 3099 2587 (Coloss.
3146 2534 3223 2586 ttt,
3266 2522 3345 2591 2);
3387 2536 3495 2577 non

1909 2600 2266 2669 temporalem
2297 2614 2504 2670 quaerat
2538 2604 2792 2673 gloriam,
2828 2607 2922 2660 sed
2954 2617 3240 2680 aeternam,
3272 2626 3341 2667 nc
3366 2613 3494 2668 dum

1910 2695 2049 2749 bona
2078 2694 2288 2749 fallacia
2320 2706 2487 2764 amat,
2518 2711 2641 2751 vera
2668 2712 2775 2751 non
2803 2701 2997 2768 capiat.
3380 2692 3389 2701 ’

2407 2785 2530 2842 PSA
2544 2790 2627 2841 LM
2639 2788 2722 2843 US
2763 2789 3002 2843 CXXXI.

1983 2879 2163 2950 (Vers.
2193 2878 2269 2951 1.)
2301 2878 2581 2945 Memento,
2614 2880 2852 2947 Domine,
2887 2882 3074 2947 David,
3098 2892 3146 2937 et
3171 2886 3332 2938 omnis
3348 2902 3497 2940 man-

1910 2970 2196 3025 suetudinis
2227 2974 2356 3043 ejus.
2392 2970 2652 3041 Congruit
2681 2973 2900 3043 quidem
2942 2989 3191 3044 persona:
3222 2978 3359 3032 beati
3396 2979 3498 3033 Da-

1910 3062 2022 3128 vid,
2076 3072 2134 3117 ut
2179 3063 2320 3131 apud
2369 3062 2656 3118 Dominum
2711 3068 3025 3120 memoriam
3081 3068 3263 3122 haberi
3316 3070 3498 3139 cupiat

217 3164 463 3231 demptio
495 3162 613 3231 ejus
642 3162 730 3230 qui
785 3161 917 3215 nihil
966 3160 1229 3215 donorum
1278 3178 1497 3217 suorum
1547 3162 1806 3218 correctis
1833 3135 1878 3196 C
1913 3158 2343 3212 mansuetudinis
2375 3170 2510 3223 sum,
2544 3158 2700 3227 cujus
2738 3160 3250 3216 observantissimus
3290 3162 3409 3227 luit,
3444 3172 3498 3220 et

219 3264 403 3325 negat,
431 3262 487 3310 et
512 3254 764 3307 universa
795 3253 1003 3307 vincula
1031 3252 1311 3321 captivatis
1347 3253 1638 3321 abrumpit.

281 3347 476 3417 (Vers.
503 3344 584 3417 8.)
610 3345 674 3399 Et
699 3346 806 3415 ipse
834 3345 1048 3399 redimet
1078 3343 1247 3399 Israel
1272 3344 1337 3399 ab
1359 3346 1591 3399 omnibus
1619 3346 1810 3414 iniqui-

217 3440 412 3493 tatibus
442 3441 576 3507 eius.
600 3436 715 3493 Non
765 3452 894 3508 ergo
930 3437 1114 3491 timeat
1140 3438 1350 3507 aliquas
1380 3438 1689 3508 iniquitates
1719 3454 1808 3492 ac-

215 3543 475 3584 cessurus
512 3529 579 3583 ad
604 3527 889 3582 Dominum
914 3546 929 3596 ;
964 3536 1170 3583 tantum
1213 3540 1269 3583 ut
1302 3538 1412 3584 toto
1442 3529 1604 3584 corde
1632 3546 1691 3585 se
1717 3545 1810 3584 vo-

215 3632 367 3684 veat,
396 3629 449 3675 et
492 3634 553 3674 ea
584 3619 635 3673 in
674 3617 871 3689 quibus
911 3618 1071 3674 etiam
1102 3618 1203 3673 sibi
1252 3618 1519 3688 displicet,
1563 3634 1725 3688 agere
1746 3633 1810 3673 ac

215 3712 361 3765 velle
402 3710 669 3774 desistat;
704 3724 803 3764 nec
847 3709 991 3763 dicat
1031 3709 1173 3778 quod
1221 3709 1309 3764 illa
1364 3709 1501 3764 forte
1557 3710 1808 3779 iniquitas

216 3799 548 3854 remittenda
571 3799 663 3869 sit,
691 3799 779 3854 illa
829 3808 1006 3853 autem
1035 3815 1130 3869 pro
1158 3815 1252 3854 sua
1282 3801 1541 3871 qualitate
1573 3801 1811 3868 plecten-

216 3896 310 3959 da;
350 3893 448 3947 sed
500 3892 699 3946 clamet
740 3892 803 3946 de
852 3892 1162 3961 profundis,
1192 3900 1247 3946 et
1277 3908 1308 3944 α
1335 3893 1511 3963 vigilia
1560 3893 1813 3944 matutina

215 3995 406 4057 speret
433 4001 593 4053 usque
618 3986 672 4038 in
698 3994 923 4051 noctem,
956 3986 1079 4053 quia
1104 3984 1416 4055 redemptor
1443 3987 1559 4038 sine
1590 3992 1809 4054 peccato

218 4079 340 4133 ideo
381 4092 477 4144 pro
501 4076 719 4145 injustis
746 4077 1037 4146 pretiosum
1075 4076 1387 4144 sanguinem
1418 4075 1573 4144 fudit,
1612 4087 1665 4130 ut
1695 4090 1811 4130 om-

221 4170 378 4223 nium
408 4168 461 4221 in
488 4182 547 4221 se
576 4166 907 4221 credentium
939 4166 1115 4219 omnia
1143 4174 1360 4234 peccata
1382 4167 1606 4223 deleret.

728 4256 1042 4313 PSALMUS
1092 4257 1310 4311 CXXX.

286 4352 478 4421 (Vcrs.
518 4350 591 4420 l.)
626 4348 877 4412 Domine,
920 4366 1022 4401 non
1072 4359 1143 4401 est
1175 4349 1453 4401 exaltatum
1491 4366 1578 4402 cor
1602 4366 1805 4415 meum,

219 4460 379 4513 neque
404 4443 529 4495 elati
557 4449 677 4494 sunt
731 4440 863 4492 oculi
907 4442 1023 4491 ntei.
1073 4439 1251 4507 Neque
1303 4441 1559 4510 ingressus
1605 4456 1717 4492 sum
1753 4442 1806 4493 in

219 4536 446 4605 magnis,
476 4548 641 4601 neque
660 4532 712 4584 in
738 4530 1072 4584 mirabilibus.
1108 4532 1350 4600 Superna
1383 4534 1671 4601 cujuslibet
1701 4534 1808 4601 spi-

218 4627 391 4680 ritalis
409 4624 690 4688 Israelitae,
722 4623 774 4676 in
797 4638 900 4689 qua
929 4634 1095 4677 totum
1115 4624 1315 4678 Christi
1342 4640 1538 4694 corpus
1563 4626 1809 4680 ostendi-

220 4728 339 4781 tur,
405 4726 610 4771 sancta:
660 4714 976 4768 humilitatis
1030 4716 1229 4770 veritas
1274 4716 1699 4771 commendatur.
1744 4718 1808 4772 Et

220 4808 360 4862 hanc
389 4806 584 4877 psalmi
616 4820 803 4860 vocem
849 4820 1038 4861 omnes
1070 4804 1328 4860 Ecclesia:
1356 4806 1448 4860 lilii
1495 4822 1644 4862 suam
1685 4823 1808 4863 esse

220 4906 558 4969 cognoscunt
610 4912 625 4949 :
669 4910 896 4964 quorum
951 4897 1307 4962 temperantia
1360 4895 1491 4950 nihil
1560 4896 1808 4952 humanae

218 4988 409 5058 gloria:
428 4985 780 5055 concupiscit,
800 5000 972 5054 neque
988 4985 1213 5053 optzttde
1233 5000 1453 5055 operum
1470 4988 1802 5043 mirabilibus

217 5077 469 5147 gloriari,
500 5088 552 5129 ut
581 5090 677 5145 pro
700 5077 1060 5131 ostentatione
1092 5080 1346 5131 virtutum
1372 5080 1601 5148 pretium
1635 5080 1809 5137 laudis

230 5262 237 5265 “
292 5266 319 5292 ⁸
354 5256 453 5309 Hic
477 5269 665 5309 omnes
688 5254 816 5309 editi
860 5255 1333 5327 nostrirepetunt,
1365 5274 1396 5309 a
1426 5257 1602 5327 vigilia
1622 5268 1799 5312 matu-

219 5327 331 5379 tina
355 5342 375 5379 :
404 5328 731 5397 Augustinus
758 5341 971 5395 quoque
1002 5326 1082 5379 bis
1128 5329 1321 5393 legisse
1352 5326 1661 5397 agnoscitur
1688 5332 1803 5385 hrec

221 5399 387 5450 verba
412 5412 427 5459 ;
470 5396 894 5465 semeliquidem
931 5397 981 5448 in
1012 5397 1115 5449 line
1144 5412 1331 5449 versus
1360 5402 1555 5465 quinti,
1582 5401 1805 5464 speravit

221 5466 399 5517 anima
422 5481 532 5518 mea
555 5466 606 5537 in
635 5464 880 5537 Domino,
896 5482 945 5537 ra
966 5466 1139 5536 vigilia
1158 5464 1408 5519 matutina
1430 5486 1588 5537 usque
1609 5470 1677 5521 ad
1706 5486 1797 5523 no-

225 5544 397 5598 ctem;
430 5544 537 5587 tum
571 5533 725 5609 initio
765 5533 1211 5609 seutihAvvigilia
1240 5533 1514 5609 matutina
1548 5556 1707 5609 usque
1733 5541 1805 5593 ad

223 5613 426 5656 noctem
451 5614 615 5673 speret
642 5603 812 5677 Israel
842 5606 894 5657 in
935 5603 1179 5677 Domino.
1223 5608 1395 5673 Quam
1426 5603 1801 5677 repetitionem

224 5682 410 5747 urget,
437 5690 558 5728 cum
595 5676 715 5747 ait:
752 5674 987 5747 Speravit
1034 5679 1206 5729 anima
1242 5694 1355 5730 mea
1394 5680 1449 5731 in
1490 5674 1736 5747 Domino,
1769 5698 1802 5735 a

223 5740 408 5813 uigilia
428 5746 675 5800 matutina
718 5740 879 5816 usque
909 5746 977 5801 ad
1006 5756 1221 5803 noctem.
1256 5749 1393 5816 Quid
1422 5758 1497 5806 est
1530 5751 1667 5820 quod
1693 5740 1800 5810 ait?

1910 3246 1978 3302 de
2000 3262 2100 3315 qua
2126 3247 2421 3301 secundum
2455 3248 2733 3303 historiam
2763 3251 2919 3305 testis
2938 3260 3022 3305 est
3041 3252 3175 3307 ordo
3201 3264 3495 3325 gestorum.

1911 3340 2019 3393 Sed
2042 3338 2237 3395 altiore
2263 3340 2539 3394 intellectu
2570 3355 2753 3395 sermo
2780 3342 3128 3411 propheticus
3152 3346 3498 3415 accipiendas

1910 3438 2018 3493 est,
2049 3440 2107 3484 ut
2134 3431 2346 3485 scilicet
2372 3432 2439 3486 ad
2476 3432 2623 3485 illum
2653 3434 2924 3487 hominem
2950 3436 3040 3505 qtti
3072 3438 3122 3490 in
3150 3440 3327 3507 capite
3357 3448 3410 3492 et
3444 3439 3497 3493 in

1912 3534 2164 3587 corpore,
2202 3521 2253 3573 id
2290 3530 2396 3585 est,
2434 3523 2484 3575 in
2522 3522 2743 3577 Christo
2774 3534 2828 3578 et
2866 3525 3129 3592 Ecclesia,
3164 3543 3301 3582 unus
3336 3528 3498 3583 homo

1912 3619 2015 3674 est,
2058 3610 2174 3665 haec
2205 3611 2366 3665 verba
2399 3612 2739 3679 referantur;
2772 3616 2967 3683 quibus
2997 3618 3153 3686 plene
3192 3621 3359 3673 utitur
3387 3629 3496 3674 tota

1912 3702 2006 3756 Dei
2036 3704 2245 3775 civitas,
2274 3713 2330 3758 et
2359 3707 2535 3760 omnis
2578 3721 2841 3777 compago
2884 3720 3217 3777 sanctorum,
3242 3728 3492 3768 mansuc-

1915 3796 2099 3849 tudine
2131 3797 2428 3862 potentium
2454 3804 2509 3851 et
2535 3795 2836 3854 humilitate
2864 3802 3199 3867 sublimium,
3233 3805 3497 3875 httjusquo

1914 3886 2172 3953 propositi
2212 3894 2393 3940 votum
2431 3887 2773 3943 oﬂ'erentium
2820 3891 2953 3960 Deo,
2993 3904 3051 3947 ut
3090 3895 3494 3953 tabernaculum

1908 3976 2083 4046 ipsius
2112 3977 2415 4032 efﬁciantur
2453 3986 2511 4034 et
2549 3981 2803 4050 templum
2848 4000 2863 4037 :
2912 3985 3053 4054 quod
3094 3987 3272 4041 anima
3319 3991 3496 4045 omnis

1912 4071 2088 4125 lidelis
2144 4071 2377 4139 quodam
2441 4072 2715 4128 insolubili
2752 4076 3063 4145 juratnento
3115 4081 3397 4149 profitetur
3439 4093 3496 4138 et

1911 4163 2110 4227 sancit,
2143 4163 2366 4229 cupiens
2396 4178 2456 4217 se
2488 4164 2540 4217 in
2581 4174 2842 4220 aeternum
2874 4182 2904 4221 a
2939 4169 3164 4224 Domino
3206 4172 3493 4240 possideri,

1912 4263 1966 4307 et
1991 4253 2352 4307 habitaculum
2382 4268 2505 4309 esse
2532 4256 2764 4324 Spiritus
2792 4260 2983 4313 sancti.

1982 4344 2165 4414 (Vers.
2194 4344 2346 4415 2-5.)
2380 4346 2527 4399 Sicut
2546 4350 2745 4418 juravil
2770 4349 3010 4418 Domino,
3038 4362 3210 4406 votum
3232 4356 3361 4408 vovit
3386 4355 3497 4411 Deo

1910 4436 2113 4493 Iacob:
2161 4438 2221 4493 Si
2263 4439 2509 4493 introiero
2554 4443 2606 4493 in
2655 4442 3037 4497 tabernaculum
3074 4446 3253 4500 domus
3279 4464 3420 4513 mete,
3438 4449 3485 4501 si

1913 4530 2193 4583 ascettdero
2236 4532 2287 4583 itt
2332 4533 2517 4584 lectum
2559 4542 2748 4585 stratus
2785 4537 2921 4600 mei;
2969 4538 3015 4588 si
3042 4537 3231 4591 dedero
3257 4556 3493 4594 somnum

1912 4623 2073 4677 oculis
2120 4624 2264 4687 meis,
2297 4632 2384 4675 aut
2413 4624 2669 4693 palpebris
2707 4626 2831 4677 meis
2871 4629 3302 4696 (lormizationem,
3331 4642 3379 4686 et
3408 4649 3493 4687 re-

1910 4716 2082 4785 quiem
2127 4716 2434 4783 temporibus
2485 4717 2629 4780 meis,
2675 4716 2837 4770 donec
2877 4719 3130 4774 inveniam
3168 4723 3335 4776 locum
3382 4724 3495 4778 Do-

1911 4807 2071 4870 mino,
2118 4806 2501 4858 tabernaculum
2534 4806 2643 4861 Deo
2669 4805 2854 4861 Iacob.
2894 4809 2951 4864 ln
2991 4812 3074 4865 his
3110 4814 3357 4868 omnibus
3385 4815 3496 4869 voti

1914 4895 2314 4966 perseverantia
2338 4904 2390 4948 et
2411 4896 2534 4949 iidei
2570 4896 2745 4953 fervor
2769 4900 3096 4955 ostenditur.
3118 4901 3188 4956 Ut
3209 4905 3347 4957 cnim
3376 4905 3497 4973 quis

1915 4992 2071 5045 locus
2100 4991 2172 5041 sit
2204 4988 2431 5042 Domino
2455 4997 2510 5043 et
2535 4990 2940 5046 tabernaculum
2972 4994 3082 5047 Deo
3101 4994 3288 5059 Jaeob,
3317 5010 3346 5047 a
3376 5011 3498 5063 pto-

1918 5084 2029 5153 pria
2072 5081 2304 5136 utilitate
2353 5080 2422 5136 ad
2462 5083 2661 5137 bonum
2703 5082 2865 5138 debet
2908 5099 3194 5140 commune
3244 5086 3497 5154 transire,

1914 5261 2030 5336 Uno
2058 5263 2141 5336 die
2164 5265 2385 5336 sperauit
2414 5266 2468 5319 in
2517 5266 2814 5331 Dominum,
2853 5276 2900 5321 et
2928 5268 3077 5336 finita
3114 5277 3188 5322 est
3241 5278 3346 5322 tota
3384 5287 3497 5336 spes

1909 5334 2113 5408 ipsius?
2208 5335 2384 5408 vigilia
2432 5340 2871 5408 malutinaiusque
2909 5333 2977 5389 ad
3003 5350 3233 5403 noctem,
3273 5333 3497 5408 speravit

1908 5401 2295 5479 iapomintmi.
2324 5402 2435 5479 Ista
2466 5410 2639 5478 vigilia
2668 5401 2797 5479 ﬁnis
2818 5410 2978 5460 noctis
3017 5417 3121 5461 est.
3148 5448 3162 5460 .
3182 5401 3228 5461 ..
3254 5401 3395 5479 Ergo
3416 5412 3498 5463 in-

1908 5472 2247 5546 telligendum
2276 5485 2353 5546 est
2378 5476 2499 5529 hinc
2516 5472 2686 5541 'usque
2723 5477 2789 5528 ad
2827 5490 3027 5529 noctem
3053 5480 3275 5546 speravit
3317 5472 3495 5533 dmma

1908 5541 2093 5619 meain
2126 5541 2373 5619 Domino,
2414 5561 2549 5619 ergo
2578 5546 2966 5619 intelligendum
3010 5541 3104 5611 est,
3150 5565 3214 5602 rte
3258 5562 3496 5619 putemus

1906 5629 2012 5665 uua
2040 5616 2122 5666 die
2151 5613 2296 5666 nobis
2328 5613 2638 5681 sperandum
2663 5613 2768 5669 esse
2798 5618 2851 5671 in
2894 5616 3186 5672 Dominum.
3227 5613 3293 5673 Et
3322 5622 3458 5674 inira
3477 5638 3497 5677 ς

1909 5683 1975 5736 Et
2005 5684 2137 5738 redit
2162 5685 2230 5737 ad
2260 5685 2431 5759 illud:
2460 5686 2504 5743 Α
2532 5686 2706 5759 vigilia
2748 5688 3000 5744 matutina
3038 5698 3207 5761 speret
3248 5688 3420 5748 Israel
3443 5692 3498 5745 iu

1906 5752 2215 5809 Dominum.

1959 5772 2215 5814 omnium.
