4030 6178
515 272 619 328 379
701 264 708 270 ’

1757 260 1815 318 S.
1856 253 2185 314 PROSPEDI
2227 251 2550 320 AQl‘lTAN'

3675 245 3777 301 3810

516 397 623 434 non
669 379 722 434 in
760 393 820 434 se
860 378 1222 449 requiescere,
1260 389 1359 431 nec
1403 375 1456 429 in
1499 374 1613 429 suis
1645 368 2095 427 delectationibus
2120 361 2171 421 Δ
2200 374 2404 432 pereat,
2439 368 2653 431 propter
2684 361 2889 416 facinus
2918 359 3239 430 impiorum;
3281 359 3368 429 qui
3401 358 3533 414 licet
3563 372 3775 428 recepe-

513 474 831 527 dormitare.
864 471 1015 538 Quod
1052 468 1275 536 faciunt,
1298 469 1386 538 qui
1417 482 1513 523 sua
1540 472 1807 537 quaerunt,
1840 479 1948 518 non
1978 474 2100 530 qua:
2201 456 2309 509 rint
2347 466 2401 509 et
2447 454 2711 523 recipiant
2746 453 2890 524 quod
2926 465 3223 520 merentur,
3270 453 3438 507 multa
3483 462 3663 505 tamen
3719 466 3785 506 ex

514 564 644 619 Jesu
670 562 873 618 Christi
919 560 1142 634 (Philip.
1176 566 1235 627 it,
1261 562 1379 630 21);
1424 574 1548 629 quae
1588 569 1769 613 autem
1807 563 1935 610 sunt
1972 553 2101 610 Jesu

517 655 739 721 Christi,
770 668 874 707 non
902 653 1237 721 singulorum
1264 652 1653 714 membrorum,
1678 647 1774 702 sed
1800 645 1960 700 totius
1981 659 2103 698 eor-
2142 702 2147 703 ί

2203 548 2336 618 ipsis
2355 549 2519 602 millia
2543 548 2833 616 justiticata
2856 555 2982 601 sunt
3008 561 3103 616 per
3123 547 3301 607 ﬁdem,
3319 555 3374 599 et
3390 544 3517 598 inde
3534 545 3785 610 apostoli,

2204 639 2329 694 inde
2350 639 2622 702 doctores,
2642 638 2768 693 inde
2788 647 2866 692 tot
2890 647 3157 708 martyres
3183 644 3238 690 et
3262 635 3600 706 primogeniti
3624 636 3791 689 totius

522 748 669 813 poris
714 746 853 799 bona
896 755 1046 809 sunt,
1088 754 1144 799 et
1181 744 1363 798 nullus
1406 757 1511 797 non
1559 740 1741 808 habet,
1793 738 1862 793 de
1907 736 2103 807 quibus
2202 731 2530 800 aJOptionis,
2569 730 2729 785 electi
2774 739 2835 785 ut
2863 730 3136 785 frumenta
3166 728 3603 784 discernerentur
3629 744 3658 781 a
3691 742 3786 795 pa-

520 852 679 892 netno
717 850 824 891 non
853 835 1072 906 gaudet.
1105 835 1189 890 Fit
1217 850 1346 905 ergo
1378 833 1531 888 locus
1570 830 1806 897 Domini,
1842 839 1895 884 et
1926 829 2104 883 taber-

522 930 773 985 naculum
805 931 898 984 Dei
927 928 1118 993 Jacob,
1143 929 1234 997 qui
1260 927 1513 983 Ecclesia}
1539 932 1843 995 coaptatur,
1875 921 1965 992 qui
1990 935 2107 975 cor-

520 1024 638 1092 pori
683 1021 884 1077 Christi
915 1037 1010 1091 per
1034 1021 1284 1090 spiritum
1314 1018 1594 1074 cbaritatis
1624 1016 1826 1078 unitur,
1874 1026 1973 1068 nec
2016 1028 2107 1065 us~

520 1128 682 1183 quam
720 1113 850 1167 alibi
892 1113 1083 1167 beatus
1121 1111 1241 1167 ﬁeri
1274 1112 1442 1180 cupit,
1486 1108 1589 1164 nisi
1628 1111 1679 1162 in
1719 1107 1808 1161 illa
1838 1105 2001 1160 domo
2039 1104 2107 1158 de

521 1219 625 1275 qua
656 1204 877 1268 dicitur,
909 1203 1055 1258 Beati
1082 1220 1255 1257 omnes
1282 1204 1369 1272 qui
1401 1202 1633 1255 habitant
1661 1200 1715 1252 in
1737 1199 1888 1252 domu
1918 1206 2029 1261 tua,
2052 1197 2107 1249 in

524 1296 715 1350 swcula
740 1296 1045 1350 swculot'um
1071 1296 1356 1349 laudabant
1383 1302 1431 1348 te
1458 1292 1630 1365 (Psal.
1662 1305 1921 1355 Lxxxvm,
1954 1289 2036 1358 5).

598 1388 779 1458 (Vers.
814 1387 895 1456 6.)
939 1386 1067 1439 Ecce
1108 1386 1400 1440 audivimus
1430 1402 1541 1439 eam
1588 1387 1641 1437 in
1675 1383 1926 1454 Ephrata,
1968 1382 2111 1435 inve-

529 1481 694 1534 nimus
715 1496 825 1534 eam
851 1481 903 1533 in
930 1480 1125 1545 campis
1149 1478 1309 1532 silvia.
1343 1478 1573 1549 Ephrata
1600 1492 1796 1531 nomen
1825 1476 2107 1530 Hebratum

529 1574 913 1641 interpretatur
953 1571 1145 1625 Latine
1184 1572 1487 1640 speculum,
1537 1570 1589 1624 in
1630 1584 1737 1638 quo
1782 1567 2111 1637 pr0pheticto

528 1662 935 1731 signiﬁcationis
976 1663 1151 1733 imago
1186 1663 1483 1732 prmcessit.
1516 1662 1618 1717 Per
1644 1662 1922 1731 speculum
1962 1661 2109 1715 enim

2206 822 2325 885 leis,
2373 829 2428 876 et
2472 822 2715 892 reliquiae
2757 822 2921 876 salvae
2968 822 3161 877 ﬁerent
3206 820 3387 889 (Rom.
3433 818 3644 888 1525).
3682 817 3791 872 Pro

2206 914 2398 982 quibus
2420 920 2475 966 et
2498 913 2755 966 Dominus
2783 912 2835 966 in
2861 927 3023 967 cruce
3050 912 3238 965 orabat
3267 910 3476 974 dicens,
3510 906 3684 972 Pater,
3712 908 3791 960 di-

2206 1003 2486 1069 mitteillis,
2504 1021 2602 1056 non
2624 1004 2760 1056 enim
2780 1003 2947 1057 sciunt
2962 1001 3089 1073 quid
3111 1001 3304 1071 faciunt
3322 1000 3473 1069 (Luc.
3493 1014 3649 1061 uttt,
3670 997 3785 1066 54).

2283 1094 2463 1165 (Vers.
2490 1094 2604 1165 11.)
2624 1095 2829 1148 Juravit
2861 1093 3106 1148 Dominus
3128 1092 3297 1146 David
3318 1092 3598 1156 veritatem,
3615 1098 3663 1142 et
3689 1105 3792 1142 non

2210 1186 2462 1258 paenitebit
2503 1202 2644 1240 eum.
2671 1184 2822 1241 Sicut
2847 1185 3135 1255 juramenti
3163 1183 3398 1247 nomine,
3432 1182 3485 1235 in
3519 1181 3627 1235 Deo
3656 1194 3790 1235 con-

2209 1280 2423 1334 stitutio
2451 1279 2788 1350 signiﬁcatur
2812 1277 3270 1333 incommutabilis
3291 1274 3559 1340 veritatis,
3584 1272 3658 1327 ita
3676 1287 3789 1341 pte-

2214 1370 2454 1425 nitentia:
2497 1370 2879 1438 appellatione,
2913 1367 3205 1423 conversio
3242 1364 3522 1420 Sententia:
3563 1365 3790 1417 demon-

2214 1470 2434 1516 stratur.
2463 1460 2626 1533 483
2652 1460 2801 1516 Unde
2829 1460 2951 1514 ideo
2983 1458 3182 1513 dicitur
3206 1457 3461 1510 Dominus
3493 1469 3595 1509 non
3623 1453 3792 1522 ρωπί-

2216 1561 2331 1606 tere
2360 1550 2478 1622 (Ps.
2507 1565 2626 1615 cu,
2646 1550 2726 1619 5),
2759 1550 2905 1620 quod
2935 1548 3125 1603 statuit
3155 1560 3441 1614 numquam
3471 1545 3793 1597 immutare:

2218 1655 2323 1709 quo
2365 1640 2490 1709 quid
2530 1640 2698 1706 aliud,
2742 1654 2900 1709 quam
2932 1637 3209 1692 aeternitas
3244 1635 3509 1689 donorum
3561 1644 3619 1688 et
3654 1632 3796 1701 judi-

529 1724 693 1824 avsa
722 1754 1035 1823 prophetia.
1064 1724 1381 1807 {mamma
1414 1753 1529 1808 hac
1557 1724 1716 1808 sedés
1741 1752 1826 1806 νει
1851 1750 2112 1805 habnauo
2142 1724 2191 1784 Β
2218 1735 2422 1786 ciorum
2452 1731 2567 1800 t-jtts
2606 1730 2943 1786 ostenditur?
2971 1728 3048 1782 De
3084 1730 3255 1799 {ructu
3291 1727 3476 1781 ventris
3511 1727 3585 1779 tui
3614 1741 3800 1793 ponam

534 1848 649 1910 Dei,
681 1846 748 1900 de
775 1861 876 1915 qua
907 1847 1126 1911 dicitur,
1158 1843 1292 1898 Ecce
1319 1847 1609 1900 audivimus
1636 1860 1750 1899 eam
1771 1845 1825 1896 in
1856 1841 2115 1914 Ephrata,

532 1936 585 1990 id
629 1945 733 2001 est,
779 1938 831 1991 in
862 1936 1093 2006 eloquiis
1138 1936 1544 2005 pt'0pbctarum.
1575 1935 1874 1990 Invenimus
1916 1950 2026 1988 eam
2062 1936 2118 1987 in

530 2029 724 2098 campis
745 2029 908 2090 silvaz.
943 2028 1045 2083 hoc
1088 2038 1193 2094 est,
1226 2028 1277 2082 in
1309 2029 1593 2083 altitudine
1621 2028 1882 2099 gentium,
1918 2029 1971 2083 in
2000 2030 2118 2099 qui-

534 2119 634 2175 bus
685 2120 899 2174 fuerunt
942 2136 1132 2190 vepres
1171 2121 1511 2188 idololatriae,
1542 2124 1920 2176 concretiones
1962 2137 2118 2176 erro-

536 2227 676 2276 rum,
735 2221 792 2267 et
841 2212 1124 2268 silvestres
1165 2210 1486 2267 incultarum
1538 2213 1798 2268 mentium
1854 2214 2118 2269 leritates.

535 2303 691 2369 Quod
732 2318 864 2373 ergo
891 2304 1195 2359 audivimus
1221 2320 1287 2359 ex
1325 2304 1478 2359 libris
1505 2302 1817 2360 Iudaeorum
1846 2344 1864 2372 ,
1895 2302 2122 2359 manife-

536 2401 682 2449 stum
706 2402 786 2448 est
811 2394 862 2447 in
892 2393 997 2449 ﬁde
1020 2396 1286 2463 gentium.

609 2484 791 2557 (Vers.
818 2484 898 2555 7.)
943 2483 1261 2540 lntrabimus
1297 2487 1350 2541 in
1396 2486 1723 2542 tabernacula
1751 2489 1887 2557 ejus,
1934 2487 2127 2541 adora-

539 2576 704 2629 bimus
731 2577 784 2629 in
824 2576 936 2630 loco
966 2577 1051 2631 ubi
1075 2584 1324 2631 steterunt
1351 2578 1504 2650 pedes
1528 2581 1657 2651 ejus.
1691 2578 1796 2646 Qui
1839 2578 2043 2633 intrant
2069 2586 2129 2632 ut

538 2670 862 2739 inhabitent,
898 2671 998 2738 ipsi
1029 2681 1151 2725 sunt
1182 2672 1274 2741 qui
1306 2682 1363 2725 ut
1397 2672 1770 2727 inhabitentur
1823 2673 2129 2738 intrantur;

538 2770 596 2818 et
620 2760 678 2816 lti
700 2769 826 2816 sunt
854 2762 907 2816 in
936 2762 1099 2816 domo
1131 2763 1245 2824 Dei,
1272 2762 1366 2832 qui
1392 2773 1520 2818 sunt
1544 2763 1742 2818 domus
1764 2762 1884 2827 Dei,
1917 2771 1976 2817 ut
2003 2779 2132 2820 vere

543 2855 600 2911 in
623 2869 789 2925 regno
822 2854 914 2909 Dei
938 2855 1048 2908 sint
1064 2855 1256 2925 quibus
1276 2855 1379 2911 dici
1400 2866 1599 2925 potest,
1623 2856 1855 2928 Regnum
1877 2855 1975 2911 Dei
1993 2859 2132 2910 intra

539 2962 628 3001 vos
653 2956 727 3000 est
759 2944 914 3017 (Luc.
946 2961 1082 3009 xvu,
1121 2946 1239 3014 Si).
1270 2946 1514 3001 Adorant
1540 2962 1671 3017 ergo
1705 2947 1797 3002 isti
1826 2949 1879 3001 in
1908 2948 2021 3002 loco
2047 2946 2132 3001 ubi

540 3048 787 3095 steterunt
816 3040 993 3107 pedes,
1020 3039 1106 3095 vel
1130 3039 1300 3109 ipsius
1321 3040 1515 3094 domus
1542 3051 1921 3110 permanentes
1952 3042 2005 3095 in
2033 3042 2133 3096 Dos

544 3130 710 3198 mino,
745 3129 830 3185 vel
875 3130 1043 3198 ipsius
1080 3129 1317 3195 Domini,
1360 3130 1452 3199 qui
1491 3131 1686 3186 domus
1732 3133 2134 3200 perseverantis

545 3223 815 3278 habitator
846 3234 948 3279 est.
985 3224 1134 3281 Sicut
1163 3233 1344 3279 autem
1382 3239 1489 3279 non
1531 3231 1615 3279 est
1661 3223 1815 3279 locus
1845 3225 2132 3293 adorandi,

544 3314 649 3367 nisi
699 3313 753 3369 in
800 3314 1044 3369 Ecclesia
1092 3314 1381 3379 catholica,
1432 3315 1500 3369 ita
1547 3314 1715 3370 Nemo
1758 3324 1924 3387 potest
1968 3317 2137 3371 dicere

546 3414 575 3443 ⁸
617 3404 894 3459 Dominum
937 3406 1117 3460 Jesum
1154 3405 1439 3475 Christum,
1484 3409 1585 3462 nisi
1622 3410 1676 3463 in
1716 3408 1919 3479 Spiritu
1959 3421 2137 3464 sancto

547 3495 591 3567 (Ι
618 3494 739 3551 Cor.
774 3512 873 3562 xu,
903 3500 981 3567 5).

618 3588 804 3660 (Vers.
836 3587 919 3660 8.)
948 3586 1211 3661 Exsurge,
1261 3588 1497 3657 Domine,
1540 3592 1595 3644 in
1633 3592 1855 3662 requiem
1883 3602 2045 3660 tuam,
2084 3605 2138 3649 tu

546 3689 594 3734 et
629 3697 754 3735 arca
783 3681 1207 3751 sanctiﬁcationis
1243 3692 1365 3738 tua».
1404 3684 1668 3750 Ecclesia,
1705 3685 1756 3738 id
1787 3696 1893 3755 est,
1939 3701 2139 3757 corpus

547 3771 771 3839 Christi,
788 3774 948 3845 capiti
966 3789 1068 3830 suo
1084 3774 1235 3840 dicit,
1262 3774 1517 3829 Dormisti
1548 3790 1646 3845 per
1664 3779 2135 3834 conturbationem

546 3865 755 3931 crucis;
805 3880 969 3932 surge
1020 3864 1076 3919 in
1130 3867 1370 3937 requiem
1415 3868 1758 3939 aeternitatis,
1806 3877 1864 3924 tu
1913 3882 1969 3926 et
2011 3885 2138 3927 arca

549 3954 996 4010 sanctificationis
1047 3965 1186 4022 tute;
1239 3965 1298 4011 ut
1338 3958 1505 4027 gloria
1559 3961 1980 4016 resurrectionis
2029 3978 2138 4017 non

548 4044 723 4099 solum
751 4044 805 4099 in
836 4046 1015 4113 capite
1054 4047 1442 4113 membrorum,
1475 4049 1569 4103 sed
1595 4052 1758 4104 etiam
1784 4051 1837 4105 in
1882 4053 2141 4107 membris

550 4135 746 4204 capitis
773 4135 1083 4205 impleatur.
1112 4136 1245 4203 Quae
1270 4137 1513 4193 membra
1537 4155 1659 4195 arca
1680 4151 1804 4196 sunt
1828 4143 2138 4198 sanctiﬁca-

552 4225 717 4280 tionis
742 4225 873 4290 Deo,
901 4227 1019 4281 sive
1042 4241 1140 4295 per
1167 4227 1551 4283 incarnationis
1575 4232 1877 4299 veritatem,
1909 4234 2024 4289 sive
2046 4249 2141 4304 per

553 4318 743 4386 gratiae
770 4319 1123 4384 electionem;
1158 4328 1215 4373 ut
1251 4320 1303 4374 in
1343 4336 1572 4390 persona
1607 4323 1917 4380 Mediatoris
1948 4325 2043 4381 Dei
2086 4335 2142 4382 et

556 4410 835 4466 hominum
880 4410 1117 4465 hominis
1144 4410 1348 4467 Christi
1373 4412 1500 4469 Jesu
1530 4415 1573 4484 (l
1600 4414 1738 4471 Tim.
1768 4431 1827 4487 tt,
1859 4417 1916 4488 5)
1943 4418 2144 4475 intelli-

553 4514 731 4572 gatur,
763 4512 820 4559 ct
848 4505 1021 4559 altare
1051 4504 1470 4576 propitiationis,
1502 4515 1559 4564 et
1598 4524 1723 4565 arca
1766 4511 2047 4579 sacriﬁcii,
2088 4522 2144 4569 et

552 4610 679 4649 arca
707 4596 989 4651 doctrinm.

625 4686 812 4759 (νει-ε.
865 4687 951 4760 9.)
1005 4688 1312 4747 Sacerdotes
1357 4692 1434 4748 tui
1488 4694 1774 4749 induantur
1810 4696 2048 4765 iustitia,
2095 4707 2144 4752 et

554 4779 718 4834 sancti
740 4778 819 4834 tui
842 4778 1101 4838 ltetenmr.
1133 4782 1233 4849 Te,
1264 4784 1458 4853 inquit,
1488 4795 1806 4856 resurgente
1832 4804 1859 4840 a
1885 4788 2138 4855 mortuis,

554 4879 611 4925 et
638 4878 805 4926 eunte
831 4871 898 4925 ad
922 4870 1155 4936 Patrem,
1180 4874 1364 4942 regale
1390 4876 1525 4930 illud
1554 4877 1918 4932 sacerdotium
1951 4878 2144 4932 indua-

557 4968 646 5015 tur
676 4960 783 5016 ﬁde
807 4963 931 5031 quia
945 4964 1120 5034 justus
1148 4979 1211 5016 ea:
1239 4964 1344 5031 ﬁde
1370 4965 1489 5018 vivit
1520 4965 1699 5036 (liam.
1728 4980 1768 5033 ι,
1801 4964 1889 5037 17)
1920 4982 1936 5033 ;
1968 4978 2022 5023 et
2050 4983 2143 5023 ac—

558 5062 721 5121 cepto
751 5051 974 5122 pignore
996 5052 1233 5122 Spiritus
1258 5055 1454 5121 sancti,
1484 5056 1735 5111 laetentur
1754 5060 2018 5125 membra,
2049 5072 2146 5127 Spe

560 5142 978 5201 resurrectionis
998 5162 1118 5215 quae
1150 5150 1426 5214 przecessit
1449 5150 1500 5201 in
1533 5151 1731 5217 capite.

632 5238 817 5307 (Vers.
844 5238 956 5307 10.)
982 5237 1201 5308 Propter
1224 5238 1395 5293 David
1414 5253 1614 5292 servum
1638 5248 1806 5305 tuum,
1830 5256 1931 5293 non
1949 5252 2147 5295 avertas

559 5330 743 5401 [aciem
771 5331 961 5386 Christi
985 5332 1080 5386 tui.
1124 5330 1239 5387 [loc
1262 5331 1375 5386 Deo
1408 5329 1552 5385 Patri
1582 5331 1783 5385 dictum
1821 5342 1906 5387 est
1950 5333 2018 5388 ab
2050 5334 2150 5387 Ec-

560 5420 753 5487 clesia,
782 5422 1121 5491 supplicante
1148 5432 1207 5476 ιιι
1243 5422 1550 5477 meminerit
1577 5422 1997 5489 promissionum
2027 5437 2151 5477 sua-

562 5527 684 5569 rutu
715 5515 769 5567 in
800 5512 1020 5569 domum
1052 5513 1221 5569 David
1250 5527 1267 5569 :
1297 5528 1370 5570 ne
1403 5527 1564 5570 omne
1594 5511 1947 5570 lsraeliticum
1978 5529 2150 5583 genus

2220 1838 2371 1893 super
2395 1824 2563 1875 sedem
2604 1830 2766 1875 tuam.
2802 1819 3000 1885 David,
3030 1818 3081 1872 in
3113 1834 3219 1888 quo
3252 1832 3480 1886 persnna
3507 1826 3590 1871 est
3612 1814 3803 1884 capitis

2221 1937 2271 1978 ct
2295 1922 2562 1993 corporis,
2592 1921 2643 1975 id
2672 1928 2777 1985 est,
2806 1918 3011 1975 Christi
3035 1926 3091 1973 et
3112 1916 3392 1979 Ecclesiae,
3426 1914 3561 1967 hanc
3584 1912 3803 1982 promis-

2221 2016 2429 2069 sionem
2478 2011 2698 2081 accipit,
2728 2010 2870 2083 quod
2919 2011 3124 2065 fructus
3154 2007 3361 2062 ventris
3391 2007 3506 2073 ejus
3537 2020 3697 2072 super
3723 2018 3805 2055 se-

2223 2107 2345 2162 dem
2376 2107 2542 2176 ipsius
2566 2114 2712 2160 esset
2754 2102 3054 2173 ponendus,
3085 2100 3239 2171 cujus
3280 2114 3503 2166 regnum
3535 2106 3714 2150 manet
3752 2097 3804 2148 in

2224 2210 2482 2253 aeternum
2514 2197 2662 2268 (Luc.
2697 2212 2737 2261 ι,
2780 2193 2891 2264 5‘2).
2921 2193 3024 2263 Qui
3069 2193 3194 2248 ideo
3236 2194 3443 2246 fructus
3484 2191 3687 2244 ventris
3724 2188 3803 2242 di-

2225 2292 2403 2353 citur,
2459 2290 2581 2358 quia
2646 2286 2897 2343 Salvator
2948 2284 3245 2341 secundum
3300 2297 3521 2337 carnem
3575 2280 3808 2350 Virginis

2227 2382 2417 2435 matris
2443 2389 2526 2435 est
2556 2380 2717 2445 ﬁlius,
2750 2386 3066 2448 conceptus,
3086 2390 3193 2432 non
3220 2390 3317 2446 per
3348 2374 3562 2429 virilem
3587 2374 3804 2437 coitum,

2228 2472 2320 2528 sed
2348 2488 2441 2540 per
2468 2470 2726 2541 Spiritum
2757 2478 3031 2524 sanctum.

2302 2564 2483 2636 (Vers.
2515 2563 2628 2635 12.)
2683 2563 2745 2620 Si
2790 2561 3125 2617 custodierint
3180 2560 3279 2630 ﬁlii
3332 2560 3407 2613 tui
3459 2564 3810 2612 testamentum

2230 2672 2423 2722 mcum,
2458 2664 2507 2710 et
2533 2654 2822 2722 testimonia
2849 2669 2960 2706 mea
2992 2652 3099 2707 hcce
3124 2667 3239 2721 qua
3268 2649 3455 2704 docebo
3491 2665 3612 2713 eos;
3643 2658 3689 2701 et
3722 2648 3815 2715 ﬁlii

2231 2762 2409 2802 eorum
2436 2763 2593 2815 usque
2616 2747 2672 2799 in
2706 2754 2957 2800 (sternunt
2981 2743 3229 2798 sedebant
3267 2756 3422 2813 super
3459 2740 3629 2794 sedem
3657 2749 3814 2791 tuam.

2232 2836 2555 2892 Custodtbus
2598 2836 2901 2892 testamenti
2946 2834 3233 2889 htereditas
3265 2831 3716 2902 pollicitatimtnm
3765 2838 3817 2883 et

2236 2927 2423 2982 aeterni
2454 2930 2607 2996 regni
2650 2926 2931 2982 beatitudo
2971 2925 3326 2995 promittitur,
3358 2938 3461 2993 qua
3506 2939 3611 2975 non
3643 2922 3819 2977 Solum

2242 3019 2333 3074 ﬁiii
2365 3019 2556 3085 Dthd,
2598 3019 2693 3074 sed
2738 3019 2901 3074 etiam
2931 3017 3162 3072 ﬁliorum
3194 3015 3310 3086 ejus
3355 3015 3446 3069 ﬁlii
3479 3013 3820 3070 dilabuntur.

2157 3096 2206 3160 (ἶ
2240 3112 2347 3167 Sed
2379 3111 2521 3167 hanc
2552 3112 2800 3183 gloriam,
2840 3125 3024 3165 semen
3055 3109 3201 3174 ﬁdei,
3234 3124 3342 3162 non
3379 3106 3557 3162 carnis
3588 3120 3824 3175 propago

2238 3206 2610 3275 consequitur,
2640 3214 2696 3261 et
2720 3204 2773 3259 in
2797 3213 2911 3260 toto
2931 3203 3130 3258 mundo
3152 3201 3242 3271 qui
3265 3210 3391 3257 sunt
3412 3202 3463 3254 in
3486 3198 3593 3253 ﬁde
3613 3206 3825 3252 sancto-

2238 3316 2357 3356 rum
2394 3301 2637 3363 Patrum,
2670 3298 2770 3367 ipsi
2799 3297 2854 3351 in
2883 3295 3091 3351 bonore
3121 3282 3478 3348 numeraniur
3523 3290 3823 3345 heredum.

2310 3394 2496 3465 (Vers.
2532 3392 2647 3463 15.)
2688 3391 2947 3457 Quoniam
2987 3390 3134 3459 elegit
3164 3386 3420 3440 Dominus
3464 3383 3630 3448 Sion,
3696 3398 3828 3449 prte-

2238 3487 2388 3558 elegit
2410 3501 2522 3540 eam
2545 3485 2597 3537 in
2626 3482 2992 3536 habitationem
3015 3481 3133 3534 sibi.
3162 3478 3291 3535 Sion
3318 3478 3428 3545 ipsa
3456 3484 3543 3531 est
3562 3474 3827 3539 Ecclesia,

2239 3589 2293 3634 et
2321 3581 2431 3649 ipsa
2464 3585 2546 3631 est
2571 3574 2878 3630 Jerusalem
2910 3572 3169 3637 caelestis,
3208 3570 3273 3623 ad
3306 3568 3458 3637 cujus
3487 3582 3676 3636 pacem
3708 3581 3827 3619 cur-

2240 3682 2388 3738 runt,
2424 3672 2513 3742 qui
2543 3673 2704 3725 etiam
2735 3682 2880 3722 nunc
2909 3666 3337 3737 peregrinantur.
3376 3661 3493 3731 lpsa
3522 3669 3610 3714 est
3637 3660 3830 3713 civitas

2243 3766 2358 3830 Dei,
2388 3779 2511 3833 qua:
2549 3778 2617 3817 ex
2649 3761 2871 3815 meliore
2896 3758 2979 3812 sui
3008 3767 3179 3827 parte,
3212 3769 3427 3823 semper
3454 3768 3578 3808 cum
3610 3761 3832 3806 auctore

2240 3871 2340 3911 suo
2367 3856 2591 3918 mansit;
2620 3860 2676 3909 et
2700 3860 2909 3921 partem
2932 3865 3052 3920 quae
3079 3863 3174 3919 per
3208 3846 3304 3902 Dei
3335 3844 3563 3915 gratiam
3592 3842 3834 3913 quotidie

2241 3949 2309 4002 ob
2338 3946 2538 4001 exsilio
2560 3953 2872 4010 revocatur,
2898 3947 3199 4011 exspectat,
3232 3947 3291 3994 ut
3318 3936 3482 3992 simul
3511 3944 3625 3989 tota
3651 3935 3727 3989 sit
3755 3931 3837 3989 sui

2243 4036 2560 4091 habitatoris
2589 4033 2902 4090 tediﬁcaIio.

2314 4129 2496 4201 (Vers.
2529 4129 2641 4201 M.)
2684 4126 2815 4183 Hcce
2854 4125 3055 4195 requies
3088 4139 3199 4178 mea
3236 4122 3290 4176 in
3327 4120 3574 4176 steculum
3619 4116 3841 4179 siccati;

2243 4224 2326 4278 hic
2362 4222 2621 4287 habitabo,
2661 4220 2905 4291 quoniam
2950 4216 3187 4286 prmelegi
3226 4230 3357 4270 eam.
3392 4217 3635 4282 Apparet
3680 4227 3840 4276 quam

2245 4314 2502 4370 ineﬁ'abili
2561 4312 2849 4368 dilectione
2899 4310 3197 4364 Ecclesium
3240 4320 3393 4361 suam
3439 4303 3631 4373 diligat
3675 4302 3840 4368 Dens,

2246 4406 2460 4477 quando
2491 4420 2613 4460 eam
2662 4402 2905 4471 requiem
2942 4416 3044 4471 qua
3089 4401 3259 4468 ipsam
3298 4397 3423 4451 facit
3468 4394 3843 4465 requiescere,

2248 4512 2400 4552 suam
2429 4497 2594 4562 dicit;
2641 4509 2765 4550 cum
2798 4490 3239 4547 indemutabilem
3293 4488 3511 4543 deitatis
3541 4485 3848 4555 tranquilli-

2247 4597 2412 4644 tatem
2446 4587 2650 4642 nullius
2676 4599 2929 4655 umquam
2960 4582 3162 4637 laboris
3195 4578 3531 4651 perturbatio
3568 4578 3845 4648 fatigaret.

2251 4680 2421 4751 llujus
2456 4694 2588 4735 vero
2624 4678 2757 4733 tanti
2798 4675 3040 4732 muneris
3080 4689 3199 4744 qua:
3230 4671 3544 4744 principalis
3580 4685 3754 4724 causa
3783 4669 3851 4725 sit

2245 4772 2562 4843 plenissime
2599 4770 3002 4825 demonstratur
3038 4780 3159 4820 cum
3200 4765 3335 4819 dicit
3359 4808 3374 4832 ,
3409 4761 3675 4827 Quoniam
3720 4776 3853 4831 pra:-

2247 4865 2377 4937 elegi
2401 4879 2545 4927 eam;
2576 4860 2874 4918 secundum
2897 4858 3042 4929 quod
3062 4860 3115 4911 in
3139 4857 3437 4926 Evangelio
3468 4853 3736 4907 Dominus
3758 4852 3853 4915 ait,

2253 4956 2374 5011 Non
2395 4972 2482 5008 vos
2510 4970 2587 5006 me
2611 4952 2861 5024 elegistis,
2892 4950 2983 5005 sed
3010 4964 3104 5019 ego
3124 4948 3257 5017 elegi
3281 4962 3367 5000 vos
3392 4943 3573 5015 (Joon.
3608 4959 3707 5008 xv,
3741 4942 3853 5010 16).

2320 5047 2501 5119 (Vcrs.
2529 5045 2648 5113 15.)
2677 5041 2901 5096 Viduam
2925 5044 3037 5112 ejus
3061 5039 3359 5093 benedicens
3380 5034 3709 5099 benedicam,
3732 5050 3857 5104 pau-

2250 5154 2392 5206 peres
2433 5138 2544 5205 ejus
2584 5132 2826 5188 saturabo
2862 5131 3103 5201 panibus.
3144 5129 3281 5182 Tota
3338 5124 3583 5179 Ecclesia
3637 5125 3762 5187 Dei,
3807 5124 3856 5175 in

2254 5231 2538 5285 Dominum
2570 5239 2818 5295 sperans,
2845 5233 2901 5277 et
2930 5220 3235 5275 humilitate
3260 5217 3579 5287 proﬁciens,
3616 5212 3855 5268 fortnam

2252 5322 2429 5377 vidua:
2451 5319 2590 5389 gerit
2627 5317 2671 5387 (ι
2701 5313 2839 5369 Tim.
2868 5328 2921 5379 v,
2949 5311 3031 5383 5),
3056 5325 3200 5380 quin,
3232 5309 3484 5378 quoniam
3517 5305 3857 5358 consolatio-

2256 5429 2380 5468 nem
2411 5410 2570 5480 hujus
2601 5406 2785 5463 tnundi
2816 5421 2923 5460 non
2948 5404 3131 5467 habet,
3161 5401 3327 5456 instat
3348 5397 3581 5453 orationi
3616 5408 3784 5450 nocte
3810 5403 3861 5448 et

2255 5511 2343 5566 die
2372 5496 2660 5577 (ibidem),
2719 5510 2774 5557 et
2836 5497 2954 5555 solo
2980 5494 3163 5551 divino
3190 5488 3551 5549 ﬁditauxilio.
3585 5489 3863 5561 Paupcres

643 5704 670 5735 ι
706 5694 894 5750 Colon.
926 5696 1095 5753 editio
1125 5705 1178 5753 ct
1207 5697 1294 5752 illa
1323 5697 1676 5765 posteriores,
1705 5695 1955 5751 Dominus
1984 5694 2137 5750 Iesus
2160 5691 2413 5750 Christus.
