4030 6178
252 316 332 370 Sil
909 308 1332 369 PSALMORUM
1369 317 1411 368 A
1451 312 1492 368 C
1530 313 1623 368 AD
1661 313 1745 367 CL
1786 312 2165 368 EXPOSITIO.
2208 313 2397 367 PSAL.
2439 312 2719 369 CXXXIII.

3379 319 3486 372 δεδι

249 443 434 497 quoque
457 427 539 482 hic
566 424 961 493 signiﬁcantur,
1020 425 1088 480 de
1134 426 1331 496 quibus
1373 426 1595 492 dicitnr,
1644 424 1790 479 Beati
1821 430 1866 485 Α
1895 426 2107 489 ct-rdos,
2159 425 2299 479 idem
2347 425 2584 490 victima,
2642 423 2968 494 prapitiator
3018 433 3073 479 et
3144 428 3473 498 prOpllimin,

247 534 465 591 pauperes
491 519 709 587 spiritu;
732 526 811 581 et,
841 516 986 569 Beati
1016 518 1101 585 qui
1120 520 1352 571 esuriant
1375 526 1424 571 et
1443 518 1619 572 sitiunt
1637 520 1800 589 justi-

249 617 389 675 tiam;
421 610 653 677 quoniam
688 609 787 680 ipsi
821 610 1190 663 saturabuntur
1227 609 1442 680 (Matth.
1475 626 1527 674 v,
1572 610 1605 663 5
1635 620 1682 662 et
1707 610 1794 677 6):

246 706 352 760 cibo
376 703 549 773 utique
572 705 759 770 gratiae
782 713 835 757 et
862 703 1264 770 panejusﬁtite,
1292 712 1319 740 ι
1350 712 1407 756 ut
1436 704 1597 757 edant
1646 703 1797 756 illum

242 795 321 861 qui
358 793 499 858 dicit,
536 790 646 864 Ego
674 809 789 845 sum
816 794 963 860 panis
993 793 1081 863 qui
1106 791 1273 864 484
1313 792 1376 847 de
1414 793 1539 847 coelo
1559 792 1800 846 descendi

243 883 403 949 (Joan.
432 897 502 946 rt,
545 882 659 950 ιι).
703 881 944 937 Viduitas
988 882 1150 952 igitur
1175 895 1228 938 et
1270 892 1558 952 paupertas
1600 898 1707 937 non
1745 882 1797 937 in

241 975 353 1028 solis
412 973 723 1028 mulieribus
776 975 1093 1029 maritorum
1150 976 1429 1029 consortio
1481 974 1796 1039 destitutis,

243 1080 395 1132 neque
418 1066 466 1118 in
492 1064 571 1118 eis
600 1075 806 1119 tantum
834 1067 922 1135 qui
954 1068 1138 1134 inopia
1158 1067 1426 1132 laborant,
1449 1068 1796 1137 intelligatur,

241 1156 320 1211 sed
349 1157 397 1210 in
426 1157 674 1211 omnibus
696 1158 954 1213 membris
975 1159 1221 1229 corporis
1243 1160 1443 1217 Christi
1468 1177 1484 1227 ;
1509 1162 1632 1231 quia
1657 1160 1799 1215 aliud

242 1249 456 1323 estquod
484 1250 678 1306 tolerat
708 1251 863 1306 labor
898 1253 1258 1318 necessitatis.
1290 1253 1437 1309 aliud
1467 1254 1609 1325 quod
1635 1255 1801 1324 elegit

241 1357 377 1397 amor
402 1343 703 1413 religionis.

301 1434 467 1504 (Vera.
516 1435 633 1506 I6.)
674 1434 981 1491 Sacerdotes
1032 1440 1147 1510 ejus
1193 1437 1404 1491 induam
1454 1438 1696 1503 salutari,
1751 1445 1801 1492 et

242 1526 382 1581 sancti
403 1527 514 1593 eius
544 1528 881 1581 exsultatione
908 1528 1255 1585 es'aultabunt.
1295 1528 1577 1593 Salularis,
1612 1528 1662 1582 id
1692 1536 1796 1594 est,

244 1618 442 1672 salutem
470 1617 727 1685 aﬂ'erens,
762 1602 1008 1673 Christus
1033 1630 1140 1688 est,
1185 1636 1290 1691 quo
1318 1621 1547 1689 quisque
1578 1635 1799 1688 regene-

243 1718 370 1764 ratus
395 1709 651 1776 induitur,
687 1711 903 1767 dicente
943 1712 1227 1782 Apostolo,
1273 1713 1531 1781 Quotquot
1560 1713 1614 1765 in
1650 1711 1799 1766 Chri-

243 1810 350 1854 stum
388 1800 632 1873 baptizati
656 1806 797 1868 estis,
827 1802 1088 1857 Christum
1114 1804 1350 1857 induistis
1384 1802 1525 1875 (Gal.
1570 1819 1648 1869 ιιι,
1680 1803 1795 1871 27).
1830 1790 1875 1849 Β

244 1892 293 1945 Et
316 1891 407 1947 hoc
443 1891 696 1947 universa
730 1893 974 1948 Ecclesia
1005 1894 1105 1948 sub
1136 1895 1351 1949 «nomine
1379 1895 1687 1964 assequitur
1714 1909 1801 1947 sa-

243 1985 487 2039 cerdotum
516 2003 531 2038 :
575 1985 700 2055 quia
735 1995 878 2042 totus
908 1987 1137 2056 populus
1165 1984 1508 2041 Christianus
1539 1987 1799 2042 sacerdo-

245 2074 343 2127 talis
361 2084 454 2129 est.
480 2075 684 2131 Verum
706 2077 921 2146 plenius
944 2077 1048 2132 hoc
1077 2078 1179 2147 ipsi
1202 2090 1448 2133 rectores
1462 2078 1636 2148 plebis
1661 2078 1803 2133 acci-

243 2167 390 2236 piunt,
417 2170 503 2239 qui
544 2171 841 2240 specialius
870 2173 1070 2227 summi
1110 2171 1379 2242 pontiﬁcis
1407 2180 1459 2225 et
1489 2170 1801 2227 Mediatoris

245 2271 493 2327 personam
522 2270 744 2329 gerunt.

301 2349 465 2419 (Vers.
492 2353 615 2423 I7.)
654 2352 780 2408 Illic
815 2354 1096 2426 producam
1126 2371 1285 2410 cornu
1312 2354 1499 2408 David.
1545 2353 1601 2408 In
1631 2368 1798 2409 cornu

247 2438 443 2494 altitudo
478 2444 840 2514 signiﬁcatur,
880 2461 986 2500 non
1014 2447 1067 2501 in
1104 2460 1185 2512 se,
1210 2446 1304 2501 sed
1340 2446 1391 2500 in
1432 2443 1660 2499 Domino
1688 2444 1804 2513 glo-

248 2531 487 2600 riantium,
512 2535 644 2605 quia
675 2536 980 2592 sublimitas
1009 2552 1271 2592 cornuum
1302 2550 1615 2592 mensuram
1640 2534 1802 2588 totius

248 2628 397 2682 carnis
412 2630 646 2685 excedit.
680 2629 870 2685 Paravi
900 2631 1161 2686 lucernam
1205 2629 1410 2685 Christo
1447 2643 1595 2692 meo;
1619 2628 1670 2682 id
1697 2637 1800 2690 est,

250 2721 452 2791 prrcniisi
487 2731 619 2777 ante
655 2723 826 2792 ipsum
861 2721 1221 2792 prophetiam,
1259 2720 1415 2791 cujus
1449 2719 1651 2773 lumine
1684 2726 1805 2772 ute-

250 2825 425 2879 rentur,
462 2814 554 2884 qui
600 2823 753 2868 erant
790 2816 843 2868 in
884 2815 1204 2885 ignorantia:
1236 2813 1474 2868 tenebris
1500 2810 1799 2865 constituti.

251 2903 377 2960 Unde
402 2914 455 2961 et
482 2906 680 2961 beatus
719 2906 909 2961 Petrus
932 2906 1206 2976 apostolus
1235 2904 1386 2970 dicit,
1414 2903 1681 2958 Habemus
1705 2903 1799 2972 [ir-

249 2997 432 3051 nn'orem
462 2997 827 3068 praplteticum
848 3014 1150 3063 sermonem,
1176 2998 1257 3051 cui
1287 2997 1409 3050 bene
1437 2995 1609 3066 facitis
1634 2995 1804 3047 inten-

248 3086 570 3159 dentes,quasi
584 3090 805 3143 lacerate
820 3090 1008 3143 lucenti
1028 3090 1081 3143 in
1100 3088 1382 3158 caliginoso
1402 3087 1538 3152 loco(
1548 3087 1588 3142 II
1602 3086 1745 3142 Petr.
1758 3102 1797 3151 ι,

1898 517 2247 586 omniumque
2285 517 2663 587 mysteriorum
2699 517 2890 584 quibus
2928 515 3092 589 485
3133 520 3479 575 nuntiabitnr

1898 607 2147 671 effector;
2176 609 2264 675 qui
2292 616 2556 672 mortuus,
2590 608 2854 675 sepultus,
2880 612 3250 673 resuscitatus,
3282 625 3477 665 ascen-

1899 700 1977 753 dit
2004 700 2055 777 in
2088 701 2277 764 cmlos,
2302 708 2550 753 naturam
2592 700 2881 753 humanam
2906 714 3068 769 super
3089 716 3252 756 omne
3283 717 3477 755 nomen

1900 792 2142 845 enitens
2173 803 2226 845 et
2274 791 2491 845 mittens
2520 791 2782 859 Spiritum
2812 804 3078 855 sanctum,
3109 792 3263 861 enjus
3305 793 3486 848 unctio

1901 899 2115 937 omnem
2156 883 2449 938 Ecl-Iesiam
2479 892 2806 952 penetraret.
2835 886 2879 939 Α
2907 884 3090 953 capite
3110 887 3276 948 enim,
3300 885 3352 937 id
3376 894 3482 947 est.

1901 990 1929 1029 a
1960 974 2177 1029 Christo
2215 990 2438 1029 manans
2469 974 2797 1041 benedictio,
2830 991 2933 1029 non
2966 975 3141 1029 solum
3170 976 3223 1029 in
3253 976 3481 1041 barbam,

1900 1066 1994 1121 sed
2023 1069 2182 1121 etiam
2232 1066 2285 1119 in
2327 1082 2417 1120 ora
2455 1067 2736 1120 vestimenti
2773 1068 2907 1137 ejus,
2964 1066 3013 1121 id
3055 1078 3159 1137 est,
3202 1082 3373 1136 usque
3416 1068 3481 1120 ad

1902 1160 2082 1214 intima
2112 1160 2350 1213 membra
2377 1158 2676 1214 descendit.
2712 1160 2769 1213 In
2805 1158 2969 1212 barba
3002 1167 3207 1224 autem,
3237 1172 3357 1228 qua:
3385 1174 3486 1211 un-

1899 1263 2154 1322 guentum
2204 1252 2377 1307 ﬂuens
2424 1268 2452 1304 a
2505 1253 2681 1321 capite
2725 1253 2897 1321 prima
2942 1251 3201 1320 suscepit,
3255 1251 3485 1320 apostoli

1900 1344 2270 1414 signiﬁcantur
2295 1354 2349 1400 et
2379 1355 2669 1416 martyres,
2702 1346 2755 1400 in
2785 1346 2980 1416 quibus
3009 1346 3182 1400 virtus
3210 1345 3411 1415 capitis
3430 1354 3487 1401 et

1901 1444 2241 1491 sacramento
2267 1436 2465 1491 eminet
2486 1448 2541 1490 et
2561 1436 2835 1505 exemplo.

1974 1527 2154 1596 (Vers.
2178 1526 2329 1595 2,3.)
2355 1528 2505 1592 Quod
2529 1529 2789 1580 descendit
2810 1525 2838 1565 ιι
2860 1528 2914 1581 in
2938 1543 3029 1581 ora
3049 1526 3330 1581 vestimenti
3349 1529 3483 1596 ejus.

1902 1622 2054 1679 Sicut
2080 1639 2164 1676 ros
2191 1620 2245 1675 Η
2250 1638 2444 1691 ermon,
2470 1622 2555 1686 qui
2578 1622 2839 1675 descendit
2868 1621 2921 1673 in
2951 1630 3171 1673 montem
3196 1618 3349 1675 Sion.
3371 1620 3485 1673 Ro-

1902 1716 1978 1770 ris
2007 1716 2316 1780 descensio,
2348 1729 2595 1783 supernae
2639 1714 2823 1782 gratiae
2867 1711 3185 1781 signiﬁcatio
3227 1721 3331 1777 est,
3362 1726 3484 1780 qua:

1903 1818 2211 1861 Sanctorum
2243 1814 2325 1859 est
2370 1806 2522 1874 origo
2552 1804 2891 1858 meritorum.
2936 1801 3165 1855 Ilermon
3194 1810 3374 1855 autem
3403 1803 3484 1854 in-

1905 1898 2189 1968 terpretari
2219 1896 2437 1962 dicitur,
2472 1906 2495 1935 ο
2525 1895 2724 1950 flumen
2755 1895 3069 1959 exaltatum,
3102 1892 3243 1963 quod
3279 1892 3483 1946 intelli-

1902 1992 2047 2060 gitur
2072 1989 2229 2045 .lesus
2257 1988 2525 2053 Christus,
2553 1987 2645 2056 qui
2687 1985 2968 2039 ascendens
3004 1984 3059 2037 in
3097 1986 3279 2049 altum,
3312 1982 3479 2051 capti—

1903 2096 2017 2135 t'am
2059 2080 2208 2134 duxit
2251 2081 2627 2148 captivitatem,
2678 2077 2815 2131 dedit
2853 2076 2990 2129 dona
3030 2074 3318 2128 hominibus
3358 2073 3481 2143 (Ps.

1904 2189 2079 2239 um,
2107 2173 2213 2237 I9;
2246 2170 2445 2241 Ephes.
2482 2186 2557 2237 tv,
2589 2168 2669 2239 8).
2708 2169 2791 2224 Ab
2820 2169 2937 2237 ipso
2975 2167 3119 2222 enim
3152 2167 3206 2220 in
3237 2164 3388 2228 Sion,
3428 2166 3483 2219 id

1903 2274 2006 2330 est,
2042 2265 2093 2316 in
2122 2263 2440 2329 Ecclesiam,
2469 2261 2618 2315 venit
2645 2259 2831 2330 pluvia
2853 2257 3274 2321 charismatum;
3306 2256 3484 2310 exori-

1902 2364 1992 2411 tur
2017 2371 2083 2410 ex
2118 2364 2225 2409 tota
2269 2368 2527 2423 compage
2555 2354 2761 2407 fructus
2788 2351 3247 2417 benedictionum,
3290 2362 3346 2405 et
3372 2350 3485 2403 ior-

1905 2448 2075 2502 titudo
2101 2448 2380 2501 virtutum.
2409 2444 2669 2509 Quoniam
2695 2444 2803 2496 illic
2829 2442 3090 2496 mandauit
3123 2439 3374 2494 Dominus
3396 2440 3487 2492 be-

1903 2539 2266 2606 nedictionem,
2291 2546 2338 2591 et
2364 2537 2521 2590 vitam
2550 2551 2709 2605 usque
2736 2534 2790 2587 in
2823 2543 3091 2588 aeternum.
3124 2530 3305 2586 Gratia
3347 2532 3488 2584 roris

1906 2628 2142 2682 Hertnon
2190 2627 2264 2682 ibi
2299 2624 2602 2690 descendit,
2650 2623 2742 2677 ubi
2783 2636 2881 2691 per
2909 2622 3169 2675 unitatem
3208 2618 3487 2673 charitatis

1906 2720 2137 2775 habetur
2154 2717 2494 2788 participatio
2514 2713 2926 2772 benedictionis.
2952 2711 3057 2781 Ipsi
3079 2711 3221 2766 enim
3246 2711 3299 2765 in
3319 2726 3483 2764 unum

1906 2811 2167 2879 habitant,
2199 2810 2289 2881 qui
2320 2811 2369 2864 in
2393 2809 2608 2864 Christo
2633 2805 2977 2861 concorditer
2999 2805 3214 2869 vivunt,
3246 2810 3303 2858 et
3324 2803 3377 2857 in
3404 2803 3487 2856 di-

1900 2902 2134 2975 ligendis
2182 2918 2289 2957 non
2338 2900 2513 2957 solum
2558 2898 2836 2966 fratribus,
2888 2896 2984 2952 sed
3033 2897 3197 2951 etiam
3253 2894 3486 2949 inimicis

1905 3004 2123 3053 servant
2146 3006 2499 3067 prmeeptum,
2535 3007 2642 3063 quo
2672 3006 2770 3062 pro
2810 2988 3245 3061 persecutoribus
3269 2987 3378 3040 suis
3396 2986 3487 3055 ju-

1906 3091 2098 3145 bentur
2135 3103 2293 3144 orare
2338 3084 2554 3157 (Matth.
2584 3099 2639 3150 ν,
2680 3081 2810 3151 Η);
2859 3080 3076 3152 quando
3115 3093 3216 3149 pro
3256 3077 3487 3131 inimicis

250 3176 343 3246 l9).
370 3156 443 3233 Et
476 3182 595 3250 ipse
635 3180 892 3235 Dominus
931 3182 1005 3234 ait
1044 3180 1112 3235 de
1158 3156 1396 3250 Baptista
1426 3178 1655 3239 Joanne.
1699 3177 1801 3232 Ille
1830 3156 1876 3219 (ἶ
1905 3182 2016 3236 suis
2044 3189 2127 3235 est
2162 3156 2406 3234 mortuus
2447 3174 2705 3230 Dominus
2729 3172 2905 3244 (Rom.
2934 3187 2988 3237 ν,
3019 3169 3132 3236 10),
3165 3168 3257 3238 qni
3283 3181 3379 3221 eos
3409 3168 3487 3220 fa-

246 3280 338 3323 crat
366 3272 571 3328 lucerna
607 3275 797 3328 ardens
835 3284 880 3329 et
922 3274 1096 3327 lucens
1134 3271 1319 3344 (Joan.
1361 3290 1413 3337 ν,
1460 3272 1575 3343 55).
1610 3273 1801 3328 Merito

247 3376 354 3432 ergo
374 3366 539 3420 sancti
565 3365 925 3420 exsultatione
951 3365 1316 3434 exsultabunt,
1345 3364 1468 3434 quia
1498 3380 1604 3418 non
1632 3364 1686 3418 in
1717 3378 1799 3431 se,

246 3454 322 3508 sed
351 3455 397 3510 in
425 3457 651 3511 Domino
676 3456 1068 3526 gloriﬁcantur.

302 3546 462 3613 (Vers.
495 3547 612 3618 18.)
638 3545 891 3602 Inimicos
921 3549 1033 3618 ejus
1060 3547 1278 3601 induam
1304 3546 1620 3617 confusione,
1648 3562 1803 3614 super

245 3635 387 3703 ipsum
421 3649 590 3694 autem
621 3640 823 3709 ﬂorebit
851 3639 1197 3707 sanctiﬁcatio
1223 3655 1356 3691 mea.
1390 3639 1590 3707 Aperte
1630 3638 1802 3707 signi—

246 3727 432 3785 ticatum
459 3741 543 3787 est
572 3732 703 3801 quid
732 3733 997 3788 debeatur
1022 3731 1255 3787 inimicis
1278 3732 1467 3802 gratia:
1495 3732 1720 3794 Christi,
1747 3740 1802 3785 et

246 3836 349 3890 qlia:
367 3825 413 3877 in
439 3825 556 3895 ipso
586 3828 790 3881 sanctis
816 3827 984 3897 gloria
1018 3835 1373 3895 praeparetur,
1404 3841 1525 3880 cum
1557 3824 1801 3880 Christus

245 3911 288 3965 in
303 3921 401 3970 toto
422 3931 516 3971 suo
542 3932 779 3987 corpore
799 3917 1109 3987 refulgebit,
1134 3925 1189 3973 et
1211 3916 1316 3973 erit
1342 3917 1599 3972 Dominus
1621 3916 1799 3973 omnia

243 4003 287 4059 in
308 4009 544 4064 omnibus
575 4009 624 4079 (Ι
652 4008 771 4064 Cor.
806 4025 891 4074 xv,
915 4009 1034 4080 '28).

699 4100 1016 4157 PSALMUS
1054 4099 1317 4156 CXXXII.

301 4191 463 4262 (Vers.
498 4193 579 4265 I.)
628 4190 765 4248 Ecce
789 4210 944 4264 quam
973 4194 1161 4248 bonum
1207 4206 1255 4248 et
1296 4211 1451 4265 quam
1485 4193 1798 4265 jocundum,

243 4281 455 4340 habitare
484 4290 677 4358 fratres
702 4288 758 4341 in
799 4303 978 4341 unum.
1010 4286 1158 4342 Bona
1191 4294 1244 4340 et
1281 4284 1801 4355 jocundahabitatio

244 4382 313 4429 est
342 4392 454 4446 qua:
492 4380 641 4434 inter
676 4378 816 4433 ﬁlios
851 4377 1158 4447 adoptionis
1196 4375 1365 4432 efficit
1404 4377 1695 4439 unitatem,
1745 4383 1803 4430 et

241 4475 415 4530 prater
434 4482 755 4538 corpoream
778 4483 840 4522 ac
856 4468 1087 4523 localem
1112 4465 1515 4529 habitationem,
1534 4466 1798 4519 fraternos

242 4554 424 4612 animos
450 4558 576 4614 fidei
600 4573 731 4630 pace
745 4559 1023 4614 connectit
1045 4576 1059 4612 :
1082 4555 1225 4628 quod
1250 4566 1376 4612 tunc
1396 4570 1523 4611 vere
1542 4556 1798 4625 impletur

241 4657 345 4699 cum
381 4647 433 4702 in
477 4664 648 4704 unum
680 4658 843 4719 caput
869 4650 1036 4703 totius
1073 4646 1322 4718 corporis
1355 4644 1580 4713 Christi,
1615 4644 1797 4701 omnia

243 4737 454 4796 ﬁdelium
484 4742 725 4798 membra
762 4750 1116 4798 concurrunt.

296 4832 468 4901 (Vera.
495 4835 581 4907 Ξ.)
611 4835 759 4893 Sicut
789 4846 1102 4909 unguentum
1124 4836 1177 4890 in
1199 4836 1385 4904 capite,
1419 4835 1560 4907 quod
1588 4834 1799 4889 descen-

239 4921 303 4975 dit
323 4923 372 4977 in
396 4927 628 4995 barbam,
657 4926 866 4981 barbam
894 4926 1091 4981 Aaron.
1120 4926 1225 4981 Per
1250 4930 1430 4981 Aaron
1462 4926 1794 4981 sacerdotem

237 5011 313 5068 ille
341 5014 607 5073 indicatur
627 5019 901 5083 sacerdos.
934 5018 1027 5085 qui
1053 5018 1164 5072 veri
1192 5018 1465 5088 pontiﬁcis
1490 5031 1799 5071 sacramen-

237 5108 355 5170 tum,
388 5122 494 5161 non
528 5108 583 5161 in
620 5109 780 5165 alieni
816 5110 1030 5180 generis
1059 5109 1258 5175 hostia,
1300 5108 1397 5164 sed
1434 5108 1490 5163 in
1525 5108 1798 5163 oblatione

233 5200 459 5266 corporis
502 5209 561 5258 et
587 5204 861 5274 sanguinis
896 5203 980 5258 sui
1023 5202 1170 5258 solus
1200 5202 1486 5274 implevit:
1530 5200 1671 5256 idem
1712 5216 1800 5256 sa-

297 5402 321 5431 ι
337 5394 472 5466 Editi
494 5411 705 5461 omnes,
724 5406 779 5450 ut
798 5398 1053 5462 educant;
1075 5396 1267 5452 melius
1281 5396 1507 5466 legetur,
1533 5404 1587 5450 ut
1611 5396 1791 5463 edant;

234 5474 322 5516 nec
354 5465 494 5519 enim
525 5466 595 5520 de
622 5468 921 5533 educendo,
951 5470 1047 5522 sed
1077 5470 1145 5522 de
1185 5465 1394 5524 edendo
1423 5482 1564 5537 pane
1596 5467 1680 5520 hic
1706 5469 1793 5536 agi

234 5542 449 5601 constat,
480 5551 547 5591 ex
578 5551 706 5592 voce
729 5541 1119 5604 saturabuntur,
1158 5554 1278 5607 quae
1310 5538 1466 5605 paulo
1494 5546 1619 5592 ante
1648 5552 1790 5605 prte-

236 5606 406 5677 cessit.
415 5606 659 5677 Scribam
690 5616 868 5663 autem
890 5606 1187 5677 decoptum'
1202 5609 1366 5663 fuisse
1387 5623 1547 5662 versu
1571 5609 1795 5665 alterius

237 5673 433 5749 psalmi,
467 5674 536 5731 Ut
555 5678 758 5749 educas
781 5694 965 5749 panem
992 5673 1054 5732 de
1081 5688 1215 5733 terra
1242 5677 1360 5745 (Ps.
1392 5692 1503 5742 cnt,
1529 5678 1644 5747 Ill).

298 5738 325 5783 δ
346 5738 692 5816 Augustinus,
714 5738 965 5818 in'oram,
997 5748 1133 5807 utin
1164 5738 1389 5819 Vulgata
1416 5738 1619 5806 nuStra'.

1903 3275 1975 3328 cit
2009 3271 2297 3341 participes
2335 3268 2674 3334 :eternitatis,
2715 3278 2855 3335 quos
2894 3262 3200 3318 imitatores
3238 3258 3487 3315 habuerit

1904 3363 2229 3421 dilectionis.

2364 3485 2679 3545 PSALMUS
2715 3483 3008 3542 CXXXIII.

1973 3629 2154 3700 (Vers.
2183 3626 2263 3698 I.)
2298 3624 2431 3679 Ecce
2477 3640 2615 3677 nunc
2644 3622 2925 3677 benedicite
2969 3619 3269 3684 Dominum,
3309 3633 3487 3671 omnes

1900 3723 2031 3777 serui
2058 3720 2286 3774 Dontini.
2322 3718 2423 3784 Qui
2453 3717 2599 3770 statis
2626 3715 2681 3768 in
2702 3714 2854 3767 domo
2881 3711 3111 3774 Domini,
3138 3712 3190 3762 in
3219 3709 3364 3762 atriis
3390 3709 3486 3760 do-

1902 3831 2013 3868 mus
2041 3812 2138 3865 Dei
2166 3811 2346 3863 nostri.
2388 3807 2562 3875 Nunc,
2592 3805 2784 3873 inquit,
2810 3804 2860 3857 id
2894 3812 2995 3868 est,
3022 3802 3073 3855 in
3107 3800 3205 3853 hor:
3242 3808 3486 3865 tempore

1903 3904 2310 3961 tribulationum
2348 3911 2403 3955 et
2432 3898 2825 3967 angustiarum,
2869 3893 2922 3946 in
2964 3903 3208 3958 tempore
3232 3902 3486 3959 persecu-

1904 3999 2107 4050 tionum
2144 4002 2197 4047 et
2229 3992 2611 4059 lacrymarum,
2647 3984 2929 4039 benedicite
2957 3981 3259 4043 Dominum,
3292 3992 3484 4032 omnes

1901 4086 1991 4156 qui
2019 4083 2048 4122 ά
2073 4098 2179 4138 uno
2208 4082 2397 4147 corde,
2420 4087 2477 4134 et
2505 4094 2612 4133 uno
2634 4076 2845 4147 spiritu,
2875 4074 2928 4129 in
2970 4071 3313 4128 confessione
3343 4080 3396 4124 et
3426 4069 3480 4123 in

1904 4178 2059 4232 laude
2085 4174 2299 4230 Domini
2332 4170 2703 4242 permanetis;
2747 4175 2972 4233 stantes,
3004 4164 3057 4219 id
3094 4171 3196 4228 est,
3228 4177 3480 4233 perseve-

1901 4282 2086 4329 rantes
2107 4271 2158 4324 in
2190 4266 2470 4323 latitudine
2497 4263 2645 4330 ﬁdei,
2668 4270 2722 4317 et
2750 4260 2891 4329 spei,
2910 4267 2964 4313 et
2988 4256 3287 4312 cbaritatis.

1926 4352 1933 4357 ’
1973 4363 2154 4433 (Vere.
2185 4358 2267 4429 2.)
2314 4355 2382 4410 In
2427 4355 2657 4408 noctibus
2699 4350 2931 4406 extollite
2974 4363 3159 4429 manus
3198 4356 3391 4399 vestras
3431 4342 3485 4397 in

1901 4468 2097 4520 sancta,
2128 4464 2175 4510 et
2196 4453 2474 4509 benedicite
2503 4448 2805 4503 Dominum.
2841 4444 2897 4499 In
2921 4438 3361 4502 adversitatibus,
3384 4436 3487 4494 ait.
3518 4448 3524 4452 ‘

1822 4521 1877 4581 θ
1904 4566 2022 4622 quae
2044 4549 2189 4604 diem
2219 4546 2346 4599 vita:
2377 4542 2535 4611 hujus
2565 4540 2876 4601 obscurant,
2907 4533 3073 4587 nolite
3101 4528 3355 4596 deﬁcere,
3387 4526 3486 4581 sed

1904 4620 2095 4698 manus
2114 4648 2324 4694 vestras
2349 4638 2403 4692 in
2430 4649 2593 4704 opere
2616 4628 2920 4686 sanctitatis
2936 4623 3200 4685 extollite,
3227 4629 3285 4675 ut
3314 4620 3483 4675 bene-

1902 4734 2169 4790 dictiones
2222 4744 2346 4800 qua:
2391 4742 2521 4782 voce
2561 4730 2901 4793 promuntur,
2950 4718 3004 4773 in
3055 4713 3486 4772 conversationis

1902 4834 2099 4882 vestrae
2128 4822 2333 4892 pietate
2362 4819 2667 4872 videantur.

1975 4917 2141 4989 486
2170 4915 2347 4984 (Vers.
2381 4908 2463 4979 '5.)
2490 4908 2768 4962 Benedicat
2797 4915 2842 4957 te
2872 4903 3121 4956 Dominus
3143 4915 3208 4953 ea:
3232 4894 3484 4989 Sion,

1904 4983 2021 5083 fecii
2037 4983 2230 5062 ictelunt
2260 5013 2305 5057 et
2332 5010 2544 5054 terram.
2575 4997 2762 5051 Plnres
2793 4994 3040 5048 hortatus
3064 4999 3147 5045 est
3175 4995 3234 5041 ut
3261 4983 3485 5083 beﬂcdi-

1902 5080 2089 5161 cerent
2118 5096 2431 5161 Dominum,
2463 5101 2519 5148 et
2556 5092 2671 5161 ipse
2711 5104 2873 5143 unum
2917 5082 3206 5147 benedicit,
3234 5080 3358 5150 quia
3411 5091 3484 5132 ex

1906 5196 2148 5270 pluribus
2177 5204 2343 5247 unum
2379 5187 2510 5244 fecit
2541 5203 2557 5242 :
2591 5196 2650 5241 ut
2677 5184 2852 5239 omnis
2878 5179 3148 5241 Ecclesia,
3178 5174 3336 5253 cujus
3360 5187 3485 5228 cor-

1972 5404 1995 5433 ε
2019 5394 2109 5449 Sic
2130 5390 2545 5463 interpretatum
2570 5388 2799 5463 habetur
2825 5385 2876 5440 in
2895 5384 3152 5463 omnibus
3173 5381 3334 5463 editis
3353 5382 3485 5436 Pro-

1898 5466 2068 5543 speri.
2100 5464 2169 5543 At
2194 5464 2246 5543 in
2280 5455 2824 5543 'Augusltinonlegitur
2852 5455 3159 5543 :nldabentus

1898 5524 2092 5589 tionem
2110 5533 2174 5586 ab
2200 5533 2271 5585 eis
2300 5524 2395 5599 qui
2414 5531 2559 5584 illam
2587 5524 2819 5599 (ing—natu
2860 5524 3193 5599 (Hebraeum)
3218 5531 3488 5578 nouerunt.

1899 5605 2137 5662 Hermon
2159 5595 2483 5671 interpretari
2512 5595 2727 5661 dicitur,
2756 5597 2941 5671 lumen
2966 5595 3272 5671 exaltatum.

1974 5672 2000 5712 ά
2022 5665 2396 5743 Lugdunensis
2424 5670 2724 5743 editio‘tion
2757 5669 2908 5723 addit
2930 5668 3017 5725 hic
3049 5665 3486 5739 praepositionem

1900 5746 1977 5813 in,
2003 5738 2161 5815 quain
2187 5739 2518 5813 posteriores
2546 5738 2893 5797 addiderunt.
