4030 6178
540 257 646 314 583

1767 259 1824 315 S.
1868 251 2203 312 PROSPEBI
2243 249 2571 319 AQUITANI
2628 294 2629 297 η

3706 253 3808 310 384

540 383 637 433 pus
676 382 840 422 unum
879 374 937 423 et
974 369 1149 423 anima
1203 384 1330 435 una,
1374 367 1804 425 benedictionem
1846 380 2117 437 tamquam
2146 373 2191 427 Α
2223 365 2539 433 propagine,
2589 366 2683 419 sed
2734 379 2797 419 ex
2855 364 3281 435 regenerationis
3335 366 3630 437 adoptione
3679 383 3808 422 ven~

539 460 704 517 homo
731 478 869 518 unus
894 462 1147 529 accipiat.

1010 553 1319 609 PSALMUS
1358 553 1646 609 CXXXIV.

608 642 787 712 (Vers.
808 641 961 714 1,2.)
986 642 1219 705 Laudnte
1243 661 1423 698 nomen
1454 643 1682 708 Domini,
1707 643 1944 707 laudate,
1966 643 2121 711 servi,

543 734 836 787 Dominum.
872 735 972 798 Qui
1001 737 1147 787 statis
1177 736 1229 787 in
1256 736 1409 789 domo
1434 734 1666 800 Domini,
1700 736 1753 787 in
1775 735 1921 788 atriis
1944 734 2123 787 do‘mus

540 824 638 878 Dei
669 826 849 879 nostri.
876 825 1023 879 Bona
1054 828 1276 885 cohorla
1304 826 1356 879 io
1402 835 1457 880 et
1487 826 1653 890 utilis,
1683 840 1784 893 qua
1816 825 1869 879 in
1908 825 2120 878 Domini

542 915 753 969 laudem
785 916 929 970 servi
966 917 1134 985 ipsius
1163 918 1457 971 incitantur
1484 934 1497 972 :
1526 934 1646 971 cum
1680 919 1860 987 utique
1886 916 1988 972 hoc
2018 932 2122 970 nou

541 1019 696 1075 egeat
738 1006 905 1073 Deus,
948 1008 1100 1074 cujus
1124 1008 1301 1076 gloria
1332 1023 1431 1063 nec
1474 1008 1649 1062 minor
1672 1023 1731 1062 se
1769 1017 1949 1078 potest
1978 1021 2121 1072 esse,

541 1111 641 1151 nec
681 1097 872 1166 major.
906 1097 1011 1154 Sed
1040 1098 1163 1167 quia
1197 1099 1287 1152 tali
1320 1098 1501 1153 ofﬁcio
1543 1098 1836 1168 proﬁciunt
1879 1097 2119 1151 laudato-

540 1204 651 1253 res,
684 1199 736 1244 ει
770 1190 983 1243 discunt
1009 1207 1132 1246 eum
1163 1190 1354 1246 timere
1397 1201 1560 1260 atque
1599 1206 1783 1245 antare
1811 1206 1968 1260 quem
2008 1190 2121 1244 lau-

536 1282 685 1347 dant,
721 1284 969 1351 persistat
994 1281 1170 1337 ﬁdelis
1206 1283 1422 1339 devotio
1465 1284 1521 1337 in
1566 1283 1867 1337 divinarum
1904 1282 2120 1339 confes-

537 1376 690 1431 sione
714 1378 996 1440 virtututn,
1031 1377 1445 1431 utobservautia
1474 1377 1881 1432 consuetudinis
1914 1378 2003 1431 ﬁat
2035 1392 2123 1432 sa-

535 1466 795 1520 criﬁcium
850 1467 1168 1522 voluntatis.
1237 1467 1434 1532 Quales
1484 1476 1665 1522 autem
1714 1482 1837 1523 esse
1890 1469 2121 1523 debeant

538 1558 926 1625 praedicatores
963 1559 1056 1612 Dei
1087 1569 1486 1629 consequenter
1524 1561 1850 1626 ostenditur,
1880 1575 2002 1614 cum
2033 1562 2119 1615 di-

534 1650 690 1714 citur,
729 1650 832 1714 Qui
859 1651 1006 1704 statis
1034 1651 1086 1704 in
1116 1652 1267 1705 domo
1300 1651 1533 1716 Domini,
1564 1654 1616 1706 in
1638 1654 1785 1706 atriis
1814 1653 1995 1707 domus
2021 1653 2118 1708 Dei

2229 456 2383 510 turis.

2299 546 2478 616 (Vers.
2519 545 2602 617 5.)
2638 546 2893 611 Quoniam
2931 562 3025 617 ego
3072 548 3286 619 cognovi
3323 548 3443 617 quia
3482 563 3704 618 magnus
3737 556 3813 599 est

2226 635 2501 707 Dominus,
2533 646 2580 692 et
2613 636 2755 692 Deus
2797 648 2966 691 noster
2994 654 3147 703 super
3176 640 3519 692 omneMeos.
3551 636 3812 693 Content-

2224 728 2387 796 platio
2416 729 2728 797 pr0phetica
2751 729 2942 783 altiora
2970 744 3196 798 operum
3228 729 3323 784 Dei
3351 740 3565 785 secreta
3594 744 3811 799 conspto

2222 824 2391 877 ciens.
2423 823 2555 892 Ego,
2586 824 2779 893 inquit,
2816 822 3048 892 cognovi
3079 838 3239 891 quam
3272 836 3495 891 magnus
3534 831 3618 876 est
3642 821 3807 889 Deus,

2222 925 2278 969 et
2304 916 2445 983 quod
2480 916 2811 984 propositum
2857 916 2976 983 ejus
3016 923 3177 984 atque
3203 914 3485 968 consilium
3518 915 3671 969 nullo
3714 929 3811 970 ex-

2225 1005 2452 1073 plicatur
2482 1007 2717 1075 eloquio.
2766 1006 2873 1062 Sed
2911 1007 3031 1076 quia
3070 1020 3232 1073 super
3268 1019 3483 1059 omnem
3514 1007 3808 1074 potentiam

2223 1097 2440 1151 excellit
2480 1096 2856 1168 Omnipotens,
2914 1112 3090 1164 neque
3128 1097 3233 1150 ulla
3275 1106 3467 1151 natura
3511 1106 3596 1151 est
3646 1111 3809 1166 super
3874 1112 3875 1115 ‘

2223 1204 2381 1260 quam
2416 1206 2522 1245 non
2546 1190 2770 1245 Creator
2795 1190 2911 1259 ejus
2940 1189 3200 1252 emineat,
3228 1200 3723 1244 commemorentur
3743 1191 3809 1243 de

2225 1282 2475 1348 conditis,
2506 1299 2602 1352 per
2632 1298 2750 1351 quae
2787 1282 3154 1351 intelligantur
3180 1281 3443 1334 mirabilia
3474 1279 3802 1336 Conditoris.

2295 1372 2481 1444 (Vers.
2515 1373 2594 1441 6.)
2631 1372 2818 1427 Omnia
2859 1388 3185 1441 quiscumque
3222 1371 3380 1424 voluit
3410 1370 3659 1424 Dominus
3688 1374 3806 1442 fecit

2222 1466 2276 1519 in
2316 1466 2443 1520 calo
2472 1475 2519 1519 et
2560 1466 2615 1519 in
2661 1476 2818 1533 terra,
2876 1466 2930 1519 in
2969 1465 3099 1518 mari
3130 1473 3177 1518 et
3227 1464 3281 1516 in
3313 1465 3543 1517 omnibus
3583 1465 3801 1534 abyssis.

2221 1557 2492 1627 Quidquid
2536 1565 2909 1612 creaturarum
2955 1565 3040 1610 est
3087 1556 3140 1609 in
3183 1555 3326 1609 cielo
3352 1562 3408 1610 ει
3444 1553 3496 1608 iu
3552 1562 3719 1617 terra,
3753 1556 3802 1610 in

2223 1651 2359 1704 mari
2391 1660 2447 1704 et
2492 1650 2544 1703 in
2574 1649 2807 1720 abyssis,
2856 1648 2999 1703 Deus
3033 1647 3191 1713 fecit;
3240 1662 3339 1703 nec
3368 1656 3451 1702 est
3477 1646 3583 1701 ulla
3614 1655 3802 1701 natura

534 1743 730 1806 nostri;
753 1742 803 1795 id
830 1751 933 1808 est,
964 1743 1055 1813 qui
1084 1744 1135 1797 in
1168 1744 1455 1813 praeceptis
1483 1743 1578 1798 Dei
1607 1746 1962 1815 infatigabiles
1997 1762 2115 1814 per-
2145 1744 2193 1803 B
2219 1742 2396 1796 ullave
2426 1742 2732 1798 substantia
2754 1757 2875 1811 qua:
2915 1757 3021 1797 non
3057 1751 3332 1812 praecepto
3357 1740 3475 1810 ejus
3512 1740 3800 1796 exstiterit.

533 1833 783 1893 manetis.
817 1848 884 1888 ex
915 1833 1018 1889 hoc
1056 1835 1173 1903 ipso
1208 1834 1350 1902 quod
1398 1835 1451 1889 in
1497 1836 1711 1891 Domini
1740 1836 1902 1891 domo
1931 1839 2113 1907 statis,

535 1925 635 1991 ipsi
666 1926 867 1994 gratias
896 1926 1077 1994 agilis,
1102 1928 1189 1995 qui
1224 1927 1388 1981 solvit
1409 1929 1763 1999 compeditos,
1794 1930 2120 1997 illuminavit

529 2029 731 2084 cmcos,
780 2018 954 2071 erexit
996 2018 1162 2071 elisos
1208 2017 1383 2089 (Psal.
1416 2034 1571 2085 θην,
1606 2021 1636 2072 7
1681 2028 1728 2073 et
1759 2021 1839 2090 8),
1881 2032 1935 2076 et
1970 2022 2115 2076 dedit

529 2106 682 2158 vobis
710 2106 960 2174 spiritum
986 2108 1377 2178 intelligentia,
1409 2112 1500 2180 qui
1532 2125 1630 2166 vos
1666 2111 1722 2165 in
1761 2112 2110 2168 dilectionem

529 2197 663 2250 etin
697 2196 907 2252 laudem
929 2198 1048 2268 ejus
1078 2201 1422 2256 accenderet.

600 2287 785 2356 (Vers.
818 2287 896 2359 5.)
941 2288 1180 2344 Laudato
1212 2291 1513 2362 Dominum,
1540 2296 1784 2363 quoniam
1815 2297 1973 2351 bonus
2007 2298 2113 2352 Do-

526 2378 729 2445 minus;
757 2382 968 2452 psallite
998 2383 1191 2436 nomini
1213 2385 1347 2451 eius,
1379 2386 1625 2453 quoniam
1655 2388 1826 2442 suavis
1852 2398 1947 2442 est.
1973 2389 2115 2446 Laus

528 2469 741 2525 Domini
783 2486 884 2527 nec
922 2472 1143 2528 uberius
1175 2475 1489 2544 signiﬁcari,
1534 2493 1635 2532 nec
1673 2478 1883 2547 plenius
1912 2489 2111 2548 potest,

525 2577 684 2631 quam
712 2578 833 2619 cum
857 2565 1059 2620 dicitur
1088 2568 1269 2621 bonus.
1302 2567 1498 2623 Verum
1536 2568 1641 2625 hoc
1670 2587 1779 2625 non
1809 2587 1930 2626 cum
1954 2584 2115 2629 caste-

526 2652 605 2707 ris
647 2655 821 2723 bonis,
851 2671 969 2726 quae
1017 2671 1123 2712 non
1169 2667 1296 2713 sunt
1342 2660 1443 2717 nisi
1484 2675 1578 2729 per
1620 2661 1819 2731 ipsum,
1869 2663 1965 2719 sed
2004 2680 2113 2734 prae

525 2745 776 2800 omnibus
811 2747 1155 2817 singulariter
1186 2748 1593 2819 intelligendum
1639 2763 1721 2807 est
1753 2769 1767 2805 :
1798 2754 1922 2823 quia
1966 2755 2110 2810 aliud

525 2844 612 2891 est
640 2836 841 2892 bonum
868 2841 1048 2893 omnia
1077 2841 1220 2895 bona
1258 2840 1460 2897 faciens
1496 2854 1550 2897 et
1578 2854 1851 2917 auctorem
1879 2846 1961 2899 sui
2002 2863 2112 2902 non

525 2925 734 2982 habens
761 2928 905 2983 aliud
929 2930 1096 2999 quod,
1117 2931 1220 2986 nisi
1251 2931 1426 2998 ﬁeret,
1450 2947 1568 2987 esse
1594 2948 1698 2987 non
1728 2944 1931 3004 posset.
1957 2935 2111 2993 Unde

522 3017 745 3086 dicitur,
778 3019 949 3074 Nemo
976 3020 1157 3089 bonus,
1191 3022 1293 3076 nisi
1324 3040 1457 3077 unus
1488 3023 1628 3078 Deus
1658 3023 1803 3093 (Luc.
1827 3026 2106 3099 xvut,19).

2217 1832 2276 1887 In
2314 1832 2546 1887 creando
2589 1841 2769 1888 autem
2799 1834 3157 1888 universitate
3200 1848 3378 1887 rerum
3418 1842 3583 1901 atque
3609 1833 3802 1886 forma-

2216 1938 2359 1989 rum,
2387 1939 2493 1978 non
2524 1924 2767 1993 operatio
2795 1924 2892 1979 fuit
2913 1923 3135 1989 laboris,
3167 1923 3261 1978 sed
3296 1924 3432 1978 ratio
3460 1924 3753 1978 voluntatis
3784 1940 3796 1975 :

2216 2031 2374 2085 quam
2405 2017 2610 2071 nullum
2654 2019 2930 2088 praecessit
2969 2027 3201 2086 tempus,
3234 2015 3415 2071 nullus
3445 2027 3528 2071 est
3557 2025 3799 2071 moratus

2217 2106 2459 2162 etfectus.
2490 2108 2639 2161 lianc
2668 2108 2960 2177 potentiam
3003 2107 3167 2161 homo
3204 2109 3368 2161 totius
3406 2108 3588 2161 mundi
3622 2108 3798 2161 consi-

2216 2196 2495 2252 derulioue
2531 2212 2887 2266 cognoscens,
2920 2196 3243 2252 conﬁteatur
3267 2197 3391 2267 quia
3419 2210 3540 2252 cum
3572 2197 3625 2251 in
3671 2211 3799 2266 agro

2215 2289 2399 2343 cordis
2429 2290 2511 2344 sui
2543 2289 2745 2360 aliquid
2776 2289 2903 2344 boni
2929 2290 3192 2352 nascitur,
3224 2289 3293 2344 de
3313 2304 3479 2358 opere
3502 2299 3556 2341 et
3579 2304 3799 2344 munere

2216 2391 2299 2435 est
2323 2381 2564 2436 cmlestis
2584 2382 2860 2452 agricola),
2889 2383 2979 2451 qui
3010 2396 3074 2436 ea
3107 2396 3228 2452 qua:
3265 2380 3494 2435 instituit
3525 2396 3619 2450 per
3649 2391 3799 2434 natu-

2216 2488 2355 2538 ram,
2396 2482 2453 2528 et
2478 2484 2732 2543 corrupta
2775 2482 2901 2528 sunt
2931 2488 3027 2543 per
3057 2471 3504 2539 inobedientiam,
3548 2471 3799 2541 dignatur

2214 2579 2466 2633 reparare
2496 2580 2590 2633 per
2614 2566 2866 2631 gratiam.
2940 2566 2943 2567 ⁷

2286 2654 2466 2726 (Vers.
2496 2654 2574 2724 7.)
2604 2655 2878 2709 Suscitans
2916 2653 3075 2707 nubes
3115 2653 3177 2706 ab
3218 2662 3442 2706 extremo
3483 2661 3657 2717 terras,
3695 2653 3798 2723 {ul-

2213 2762 2345 2817 gura
2384 2747 2437 2799 in
2463 2745 2692 2817 pluviam
2721 2747 2863 2814 fecit.
2884 2744 2985 2812 Qui
3013 2743 3253 2816 producit
3288 2754 3460 2797 ventos
3491 2742 3560 2796 de
3589 2743 3797 2798 thesau-

2212 2836 2285 2888 ris
2308 2836 2437 2889 suis.
2471 2835 2596 2889 llaec
2624 2835 2805 2889 omnia
2832 2834 2888 2888 in
2921 2841 3035 2888 toto
3067 2833 3248 2887 mundi
3284 2847 3513 2901 corpore
3538 2831 3633 2887 Dei
3667 2848 3800 2887 nutu

2211 2938 2266 2982 et
2296 2927 2393 2981 Dei
2420 2943 2651 2998 aguntur
2685 2931 2912 2984 arbitrio
2943 2945 2959 2985 :
2988 2946 3109 3001 qua:
3145 2930 3330 3000 utique
3355 2945 3478 2984 cum
3511 2930 3680 2982 multa
3708 2930 3801 2982 ad-

2212 3018 2498 3074 miratione
2529 3020 2798 3076 laudanda
2829 3031 2976 3087 sunt,
3008 3021 3140 3076 etin
3166 3022 3245 3076 eis
3276 3021 3694 3090 intelligendum
3719 3028 3802 3073 est

522 3110 635 3166 Nec
657 3123 739 3168 est
773 3113 880 3168 ulla
908 3123 1159 3170 creatura
1204 3117 1585 3185 comparabilis
1612 3114 1881 3189 Creatori,
1917 3135 2038 3188 quae
2067 3123 2110 3176 si
2140 3113 2185 3177 C
2216 3128 2334 3182 qua:
2360 3121 2616 3183 operetur
2640 3114 2782 3169 Deus
2811 3113 2867 3169 in
2895 3114 3025 3184 ipsis
3055 3113 3385 3179 hominibus.
3404 3128 3541 3184 quos
3570 3114 3641 3168 ad
3669 3113 3804 3167 ima-

526 3205 657 3273 quid
690 3206 812 3260 boni
847 3207 1029 3276 habet,
1051 3223 1156 3263 non
1183 3218 1267 3265 est
1290 3211 1338 3264 ei
1362 3212 1660 3280 proprium,
1686 3213 1781 3267 sed
1809 3226 2109 3283 acceptum.

525 3294 640 3350 Hoc
670 3296 847 3365 itaque
877 3312 1147 3353 summum
1193 3309 1247 3353 et
1278 3300 1717 3356 incommutabile
1745 3302 1964 3373 bonum,
1999 3306 2113 3360 lau-

527 3386 813 3440 datoribus
835 3388 947 3441 suis
978 3390 1443 3458 participationem
1468 3407 1579 3445 suae
1607 3396 1888 3448 suavitatis
1918 3396 2115 3465 imper-

527 3476 613 3540 tit,
643 3490 743 3546 per
771 3476 874 3532 hoc
895 3479 1037 3546 quod
1067 3481 1289 3548 aequalis
1320 3480 1660 3537 PatriFilins
1690 3483 1803 3551 Dei,
1836 3486 2008 3541 factus
2029 3496 2113 3541 est

525 3564 791 3621 Mediator
840 3569 933 3623 Dei
984 3579 1042 3624 et
1094 3569 1393 3635 hominum,
1445 3572 1607 3627 homo
1650 3573 1899 3631 Christus
1951 3577 2111 3635 Jesus

524 3656 569 3725 (l
600 3656 731 3710 Tim.
764 3674 825 3723 lt,
867 3659 947 3730 5).
978 3659 1099 3730 Ipse
1144 3671 1229 3717 est
1261 3664 1405 3718 enim
1447 3666 1742 3720 secundum
1786 3669 1929 3738 quod
1976 3671 2113 3728 Ver-

520 3748 648 3804 bum
677 3766 806 3807 caro
837 3751 1036 3808 factum
1062 3762 1147 3809 est
1169 3754 1350 3828 (Joan.
1385 3772 1424 3824 ι,
1457 3756 1567 3827 Ν),
1603 3759 1754 3826 panis
1799 3762 2107 3832 hominum;

519 3843 609 3909 qui
638 3843 1022 3901 descendendo
1047 3846 1114 3900 ad
1144 3862 1265 3915 nos,
1295 3862 1390 3916 per
1412 3863 1536 3914 nos,
1563 3850 1720 3905 nobis
1746 3852 1815 3907 ad
1846 3868 1905 3906 se
1932 3870 2028 3924 per
2050 3872 2109 3913 se

520 3934 650 3989 fecit
678 3951 992 4003 ascensum,
1033 3948 1087 3994 et
1132 3939 1366 3996 bibendo
1396 3941 1617 3997 calicem
1650 3952 1849 4001 nostra:
1879 3948 2107 4005 inﬁrmi-

522 4029 670 4095 tatis,
724 4029 852 4085 fecit
909 4045 1008 4085 nos
1056 4031 1281 4087 calicem
1334 4048 1448 4089 suae
1493 4045 1715 4105 gustare
1768 4040 2004 4108 virtutis,
2048 4050 2110 4098 ut

519 4133 936 4186 agnoscet-emus
968 4130 1027 4176 et
1067 4124 1452 4179 conllteremur
1491 4129 1745 4196 quoniam
1790 4132 1975 4187 suavis
2024 4143 2108 4191 est

523 4208 801 4265 Dominus.

589 4299 775 4371 (Vers.
815 4300 897 4373 4.)
942 4302 1201 4370 Quoniam
1250 4304 1412 4360 Iacob
1465 4306 1618 4381 elegit
1672 4310 1769 4365 sibi
1826 4311 2104 4383 Dominus,

519 4391 687 4447 Israel
724 4395 777 4447 in
827 4397 1197 4463 possessionem
1244 4398 1361 4451 sibi.
1393 4397 1527 4453 Tota
1569 4403 1805 4458 suavitas
1848 4405 2105 4462 bonitatis

519 4483 618 4540 Dei
644 4485 695 4540 in
730 4487 902 4556 gratia
934 4488 1101 4558 ipsius
1132 4488 1294 4561 487
1329 4490 1754 4563 demonstratur,
1786 4498 1911 4566 quia
1938 4497 2101 4554 Jacob
2130 4485 2184 4546 Ῑ)

518 4576 670 4646 elegit
717 4579 813 4632 sibi
844 4577 1120 4645 Dominus,
1168 4592 1213 4636 et
1244 4581 1410 4638 Israel
1445 4585 1499 4639 in
1538 4588 1910 4656 possessionem
1949 4607 2101 4648 suam

519 4667 665 4734 fecit,
696 4679 722 4706 ει
744 4672 1020 4740 excipiens
1048 4673 1196 4728 illam
1227 4675 1328 4730 sibi
1359 4676 1577 4732 domum
1613 4693 1774 4748 quam
1816 4684 2105 4751 specialius

512 4758 741 4830 eligeret
762 4770 817 4816 et
844 4774 1079 4819 ornaret.
1105 4765 1358 4833 Quamvis
1379 4771 1522 4823 enim
1552 4784 1743 4825 omnes
1772 4782 1960 4843 gentes
1986 4777 2102 4844 ipse

514 4852 837 4920 condiderit,
882 4854 1019 4909 hanc
1055 4862 1235 4910 tamen
1283 4872 1391 4911 non
1439 4859 1580 4915 sicut
1630 4860 1789 4915 aliam
1830 4866 2104 4922 commisit

512 4945 737 5013 angelis,
761 4945 856 5001 sed
885 4961 986 5001 suo
1015 4946 1217 5002 nomini
1246 4950 1467 5020 proprie
1492 4952 1790 5023 deputavit,
1816 4954 1888 5010 ita
1918 4957 2101 5027 (Περο-

513 5051 652 5091 nens
676 5047 1075 5094 sacramentum
1106 5040 1409 5095 vocationis
1439 5056 1576 5107 suae,
1602 5052 1672 5098 .ut
1699 5046 1894 5101 electio
1933 5047 2098 5106 Israel

509 5132 575 5183 ad
608 5131 834 5188 salutem
871 5134 1110 5189 omnium
1151 5134 1391 5203 gentium
1423 5138 1741 5204 pertineret,
1786 5142 2101 5208 promissio-

507 5226 594 5277 nis
623 5222 767 5291 filiis,
810 5224 865 5279 in
915 5235 1177 5280 aeternam
1218 5224 1610 5296 hmredilatem,
1663 5244 1772 5283 non
1809 5246 1875 5286 ex
1919 5236 2099 5289 carnis

580 5444 604 5473 ⁸
632 5436 906 5508 Posterior
927 5436 1114 5501 editio,
1133 5436 1389 5508 accipiens
1405 5452 1424 5501 ;
1442 5445 1658 5508 veteres
1675 5452 1867 5493 omnes
1887 5438 2085 5507 Lugd.,

508 5504 737 5580 l_._ovan.,
772 5506 936 5580 Duae.
968 5521 1019 5580 et
1051 5504 1266 5573 Colou.,
1296 5508 1574 5577 excipiens.
1605 5507 1739 5580 Nam
1758 5504 2088 5580 Augustinus

508 5576 664 5640 dicit,
694 5578 922 5645 quamvis
964 5578 1073 5644 ipse
1114 5593 1289 5630 omnes
1329 5588 1498 5646 gentes
1535 5576 2090 5642 condideritfcmteras

508 5647 706 5715 angelis
732 5648 1003 5713 commisit,
1041 5647 1134 5703 sibi
1175 5648 1323 5702 istam
1357 5648 1715 5714 possidendam
1759 5652 2091 5706 servandaru-

518 5714 611 5791 que
632 5714 909 5786 deputavit.

2214 3203 2392 3272 ginem
2425 3212 2478 3258 et
2502 3204 2909 3258 similitudinem
2937 3219 3087 3259 suam
3116 3204 3242 3260 fecit
3270 3214 3324 3259 et
3349 3203 3559 3259 refecit.

2285 3294 2464 3367 (Vcrs.
2518 3296 2596 3366 8.)
2642 3297 2742 3364 Qui
2772 3298 3023 3369 percussit
3059 3297 3399 3369 primogenita
3442 3295 3688 3368 ﬂgypti,
3740 3295 3806 3349 ob

2211 3386 2417 3441 homine
2456 3404 2614 3458 usque
2650 3389 2717 3442 ad
2747 3405 2919 3457 pecus.
2951 3388 3313 3459 Primogenita
3353 3387 3629 3441 hominum
3678 3396 3809 3442 sunt

2212 3476 2476 3547 principia
2518 3479 2670 3533 bona:
2699 3488 2754 3534 ct
2792 3480 3090 3549 probabilis
3121 3480 3267 3547 vitm,
3300 3495 3419 3549 qua:
3460 3478 3679 3534 initium
3717 3494 3809 3531 su-

2211 3571 2398 3626 tnitex
2432 3570 2558 3627 ﬁde.
2606 3573 2740 3627 Cum
2790 3574 2950 3643 igitur
2993 3573 3157 3644 aliqui
3205 3571 3496 3628 Christiani
3533 3580 3630 3625 aut
3658 3572 3808 3627 schi-

2209 3674 2381 3719 smata
2405 3674 2499 3719 aut
2532 3665 2767 3722 haereses
2792 3676 3036 3734 movent,
3068 3678 3122 3723 et
3152 3666 3449 3722 Ecclesiam
3483 3665 3576 3720 Dei
3603 3665 3810 3733 quibus

2210 3766 2434 3827 possunt
2476 3756 2859 3813 afﬂictionibus
2905 3760 3192 3827 impetum,
3231 3758 3365 3812 ﬁunt
3410 3756 3579 3828 488
3632 3756 3809 3827 Egy-

2208 3849 2305 3918 ptii
2336 3892 2351 3917 ,
2402 3865 2629 3920 quorum
2673 3865 2867 3904 nomen
2918 3851 3300 3919 interpretatur
3357 3849 3577 3903 afﬂictio
3618 3849 3809 3919 populi

2211 3941 2337 4006 Dei;
2376 3951 2430 3997 et
2460 3943 2835 4011 percutiuntur
2877 3941 2930 3996 in
2973 3941 3349 4011 primogenitis
3394 3941 3526 4003 suis,
3588 3940 3645 3994 id
3698 3949 3808 4005 est,

2209 4031 2263 4086 in
2293 4031 2418 4096 ﬁde,
2450 4047 2567 4097 quae
2598 4031 2725 4086 dum
2752 4047 2782 4086 a
2812 4032 3077 4089 ebarilate
3119 4032 3374 4087 Ecclesiae
3399 4031 3679 4099 desciscit,
3712 4048 3810 4089 ει-

2208 4125 2518 4194 stinguitur.
2558 4124 2686 4179 Haec
2729 4134 2912 4180 autem
2958 4126 3192 4196 pessima
3237 4124 3391 4194 plaga
3429 4124 3482 4179 in
3524 4123 3803 4179 homines.

2211 4214 2596 4270 i‘ereutiuntur
2650 4224 2704 4270 et
2752 4230 2973 4286 pecora,
3022 4216 3126 4271 hoc
3166 4224 3273 4281 est,
3326 4216 3415 4283 qui
3466 4215 3807 4285 sapientium

2208 4307 2602 4378 doctorumque
2638 4308 2878 4379 speciem
2922 4319 3134 4380 gerunt,
3181 4318 3239 4364 et
3289 4307 3345 4362 hi
3387 4307 3475 4379 qui
3505 4322 3610 4377 pro
3637 4324 3812 4365 causa

2207 4400 2450 4455 stultitiae
2479 4410 2531 4455 et
2557 4400 2867 4469 imperitiae,
2893 4408 3122 4471 possunt
3149 4400 3436 4472 pecOribus
3462 4403 3807 4470 comparari.

2276 4493 2459 4565 (Vers.
2490 4494 2573 4565 9.)
2600 4492 2823 4549 Immisit
2857 4495 3006 4566 signa
3034 4504 3082 4550 et
3116 4495 3357 4566 prodigia
3388 4496 3441 4549 in
3483 4496 3665 4551 medio
3708 4498 3810 4561 tui,

2208 4584 2462 4656 nggpte,
2509 4590 2565 4639 in
2597 4582 2926 4640 Pharaonem
2962 4596 3009 4641 et
3051 4603 3226 4642 omnes
3270 4603 3437 4643 servos
3478 4589 3619 4659 ejus.
3661 4589 3813 4644 Nihil

2206 4674 2411 4731 habent
2442 4676 2601 4731 bonae
2641 4676 3054 4747 signiﬁcationis
3082 4692 3270 4733 eorum
3300 4679 3542 4746 nomina,
3580 4680 3640 4734 in
3669 4694 3815 4751 quos

2204 4768 2342 4823 iram
2373 4782 2524 4821 suam
2562 4768 2822 4824 Dominus
2862 4768 3113 4825 effundit.
3154 4770 3287 4825 Nam
3332 4781 3387 4827 et
3418 4769 3601 4826 Pltare
3642 4772 3814 4827 dissi-

2204 4861 2502 4929 pationem,
2528 4871 2584 4914 et
2609 4859 2637 4899 δ
2670 4861 2938 4934 Ᾰὲεγνιιις
2967 4862 3317 4917 alﬂictionem
3347 4872 3522 4917 sonat.
3553 4864 3817 4921 Afﬂictio

2202 4967 2387 5022 regem
2424 4951 2587 5008 habet
2630 4952 3071 5022 dissipationem,
3119 4954 3246 5023 quia
3290 4953 3369 5007 illi
3415 4953 3505 5023 qui
3548 4955 3815 5026 afﬂigunt

2202 5047 2528 5112 Ecclesiam,
2566 5047 2814 5116 dissipati
2851 5045 3122 5116 afﬂigunt,
3155 5053 3213 5102 et
3254 5046 3368 5116 regi
3410 5061 3510 5101 suo
3553 5061 3665 5104 sua
3702 5053 3814 5121 pri-

2203 5156 2351 5197 mum
2381 5141 2672 5195 eversione
2701 5139 3057 5193 famulantur.

2274 5232 2458 5304 (Vere.
2490 5231 2576 5299 ιο,
2605 5229 2714 5302 Η.)
2742 5230 2844 5296 Qui
2874 5231 3124 5299 percussit
3144 5238 3316 5302 gentes
3344 5228 3557 5300 multas,
3591 5242 3647 5286 et
3676 5233 3825 5286 occi-

2265 5438 2485 5507 t'Lugd.
2536 5446 2593 5492 et
2641 5437 2870 5503 Lovan.,
2914 5435 3202 5509 @ggptiis.
3254 5434 3419 5509 Dcite.
3469 5446 3525 5491 et
3570 5437 3791 5497 Colon.

2198 5506 2486 5580 Egyptus,
2514 5519 2572 5563 ut
2590 5510 2818 5579 August.
2854 5525 2867 5561 :
2904 5506 3044 5561 Nam
3064 5506 3261 5580 et‘ipsa
3288 5506 3560 5580 ﬁggptus
3586 5510 3815 5580 amittit.

2195 5576 2583 5647 interpretatur.
2618 5576 2791 5646 supra
2817 5593 2945 5647 vero
2973 5592 3070 5644 pro
3104 5576 3300 5647 Phare,
3334 5577 3567 5645 August.
3611 5576 3820 5638 habet.

2199 5646 2335 5718 post
2368 5651 2574 5718 aliquot
2621 5650 2812 5717 lineas,
2860 5646 3121 5718 rEgyptus
3159 5646 3363 5717 afﬂictio
3412 5656 3517 5715 est,
3578 5647 3820 5706 Priamo

2200 5717 2485 5785 dissipatio.
