4026 6176
261 294 370 352 585

976 297 1405 354 PSALMORUM
1446 299 1490 352 A
1528 297 1568 352 C
1609 297 1700 353 AD
1737 297 1823 352 CL
1863 297 2248 354 EXPOSITIO.
2294 299 2488 356 PSAL.
2527 299 2816 357 CXXXIV.

3433 296 3538 352 586

257 415 339 466 dit
366 429 505 482 reges
536 415 695 482 fortes
715 413 882 468 :Seon
911 430 1079 482 regem
1112 412 1549 475 Amorrha’orum,
1584 421 1630 465 et
1660 411 1738 481 Og
1767 428 1846 464 re-
1876 419 1918 473 Λ
1949 413 2147 466 ratione
2190 413 2242 466 in
2288 414 2682 483 generationem,
2719 413 2844 480 quia
2875 412 2981 466 alia
3017 421 3103 467 est
3130 413 3414 481 generatio
3441 411 3542 469 hoc

253 523 372 576 gem
401 503 593 569 Basan,
632 515 677 557 et
724 508 897 558 omnia
938 521 1094 574 regna
1124 503 1394 557 Chanaan.
1440 503 1847 558 lnterfectiones

251 595 479 662 quidem
535 609 721 662 regum
775 603 832 648 et
885 596 1127 664 gentium
1181 595 1594 648 adversantium
1647 595 1847 662 pepulo

250 683 378 747 Dei,
404 683 480 738 ita
508 696 566 737 ut
598 695 891 738 narrantur
923 686 1162 752 impletae.
1205 695 1353 738 sunt.
1400 684 1506 739 Sed
1553 686 1676 754 quia
1720 699 1848 753 pro.

254 775 514 843 pheticus
535 786 620 830 est
642 786 822 830 textus
854 777 1118 840 historite,
1144 791 1254 830 non
1282 786 1476 832 carent
1497 777 1680 845 ﬁguris
1705 777 1844 831 scri-

252 875 476 934 ptorum
522 866 799 920 nomimnn
841 868 1154 935 qualitates,
1199 879 1253 921 ttt
1296 883 1391 936 per
1435 868 1847 938 interpretatio-

251 975 384 1014 num
443 959 901 1028 signiﬁcationem
955 969 1251 1029 cognoscat
1311 961 1553 1015 Ecclesia
1609 977 1842 1030 quorum

248 1052 500 1106 maxime
535 1051 777 1106 hostium
809 1051 957 1105 czede
988 1053 1252 1106 salvetur.
1277 1051 1672 1120 Interpretatur
1694 1069 1844 1108 nam-

245 1157 358 1210 que
385 1141 532 1196 Seon
555 1151 579 1176 λ
606 1142 836 1196 tentatio
861 1142 1130 1201 colorum.
1164 1152 1219 1196 et
1250 1144 1550 1198 Amorrhzei
1577 1144 1844 1214 interpre-

248 1242 443 1284 tantur
482 1233 869 1286 amaricantes.
931 1231 1066 1286 Cum
1109 1232 1292 1302 itaque
1334 1236 1562 1289 tentatio
1601 1237 1842 1291 colorum

247 1337 360 1374 non
395 1321 469 1374 sit
501 1322 603 1375 nisi
644 1322 1009 1384 mendacium,
1047 1323 1215 1391 quod,
1261 1334 1318 1378 ut
1347 1323 1561 1378 facilius
1590 1326 1840 1394 obrepat,

245 1412 494 1464 colorem
541 1411 645 1466 sibi
696 1414 942 1466 veritatis
970 1411 998 1450 ι’
1029 1425 1336 1480 assumunt,
1377 1414 1505 1484 quid
1555 1416 1750 1470 mirum
1797 1419 1842 1471 si

244 1503 636 1567 amaricantes,
659 1504 942 1559 mendacis
964 1506 1111 1574 regis
1141 1505 1509 1572 simulatione,
1531 1508 1843 1563 ducuntur?

245 1593 519 1660 Quoniam
549 1605 605 1650 et
634 1596 752 1664 ipse
779 1596 1048 1651 mendacii
1068 1608 1220 1665 pater
1241 1597 1490 1653 diabolus
1510 1600 1694 1666 (Joan.
1725 1617 1838 1669 vnt,

244 1684 321 1739 st
349 1685 368 1748 )
409 1685 754 1757 transﬁgurat
778 1703 838 1741 se
868 1689 921 1740 in
945 1691 1196 1757 angelum
1227 1690 1365 1744 lucis
1393 1689 1458 1758 (ll
1478 1691 1598 1744 Cor.
1629 1708 1702 1757 xt,
1726 1693 1838 1763 Η),

1950 504 2152 557 minttm
2184 520 2290 572 qua
2322 513 2616 558 nascuntur
2642 504 2872 567 mundo,
2909 504 3012 558 alia
3042 519 3145 572 qua
3184 513 3537 557 renascuntur

1949 593 2082 648 Deo.
2123 594 2229 648 Sed
2263 595 2314 647 in
2355 604 2583 661 utraque
2635 595 2734 648 sub
2779 595 3047 648 altissimo
3083 595 3288 662 judicio
3329 593 3448 654 Dei,
3484 604 3540 648 et

1947 699 2082 755 Opus
2115 695 2319 739 natura:
2345 685 2618 752 impletur,
2651 693 2703 738 et
2736 686 2944 753 gratim.

2019 775 2210 846 (Vers.
2261 777 2384 845 Η.)
2426 776 2685 842 Quoniam
2734 775 2995 845 judicabit
3047 772 3299 827 Dominus
3347 775 3540 844 plebem

1946 883 2110 932 suam,
2158 878 2202 920 et
2230 868 2284 920 in
2322 869 2476 920 servis
2524 868 2629 920 suis
2657 866 3032 933 deprecabitnr.
3072 866 3312 933 Excepto
3335 867 3540 933 judicio

1949 957 2147 1022 futuro,
2175 961 2282 1026 jam
2325 959 2565 1024 judicata
2597 967 2683 1012 est
2712 957 2864 1026 plebs
2887 957 3218 1011 Judteorum.
3251 957 3389 1023 Quid
3421 968 3502 1012 est
3525 999 3539 1021 ,

1941 1048 2213 1116 iudicata?
2261 1050 2505 1117 Sep-irati
2548 1049 2674 1103 inde
2719 1058 2845 1102 sunt
2871 1047 3027 1116 justi,
3063 1059 3116 1102 et
3159 1060 3540 1104 remanserunt

1945 1139 2150 1207 injusti.
2187 1141 2324 1194 Audi
2365 1139 2644 1192 Dominum
2689 1139 2958 1192 dicentem
2992 1155 3003 1189 :
3037 1137 3100 1190 In
3133 1139 3394 1210 judicium
3431 1141 3538 1192 veni

1943 1228 1996 1281 in
2038 1229 2171 1281 hunc
2203 1229 2475 1291 mundum,
2507 1239 2561 1280 ut
2599 1229 2686 1298 qui
2717 1245 2819 1281 non
2844 1229 3034 1293 vident,
3069 1232 3311 1293 videant;
3362 1240 3411 1282 et
3452 1230 3539 1298 qui

1942 1324 2135 1387 vident,
2161 1325 2280 1377 rteci
2311 1325 2438 1389 ﬁant
2467 1324 2483 1391 (
2509 1321 2666 1376 Joan.
2696 1339 2772 1388 tx,
2799 1322 2924 1386 59).
2951 1322 3218 1375 Excrecati
3244 1324 3387 1376 enim
3414 1335 3539 1376 sunt

1943 1414 2186 1481 superbi,
2234 1412 2521 1466 illuminati
2555 1421 2682 1465 sunt
2726 1411 2981 1474 humiles,
3027 1409 3054 1446 ά
3085 1423 3139 1465 et
3188 1413 3240 1464 in
3289 1407 3391 1465 hoc
3433 1429 3539 1465 uno

1944 1506 2142 1573 potiqu
2191 1505 2282 1574 qui
2311 1513 2367 1558 et
2394 1503 2562 1558 Jacob
2586 1512 2638 1556 et
2662 1502 2828 1556 Israel
2857 1504 3184 1572 generaliter
3212 1503 3536 1572 appellatur,

1943 1611 2048 1649 una
2081 1597 2224 1650 enim
2259 1609 2489 1664 persona
2521 1604 2604 1650 est
2631 1595 2824 1648 domus
2851 1594 3017 1648 Jacob
3045 1603 3098 1648 et
3129 1595 3322 1649 domus
3349 1596 3534 1661 Israel,

1943 1705 2046 1744 una
2079 1703 2229 1757 gens,
2268 1704 2372 1742 una
2407 1688 2588 1757 plebs;
2619 1688 2755 1741 hanc
2786 1688 2996 1748 invitat,
3028 1695 3081 1740 et
3116 1688 3254 1741 hanc
3294 1687 3536 1751 dimittit,

245 1782 306 1828 et
337 1776 570 1828 tentatio
617 1777 859 1830 colorum
900 1779 1208 1833 contrarios
1248 1781 1466 1835 veritati
1508 1781 1666 1835 faciat
1709 1798 1830 1837 esse
1867 1785 1911 1843 Β
1940 1785 2098 1836 mites
2120 1799 2146 1835 a
2172 1781 2458 1846 ferocibus,
2483 1780 2769 1834 credentes
2789 1777 3186 1831 abinﬁdelibus
3207 1779 3534 1845 separando.

248 1882 393 1936 quos
437 1867 662 1936 decipit.
707 1868 813 1924 Sed
863 1869 916 1923 bi
949 1869 1200 1926 homines
1236 1871 1554 1941 spiritaliter
1582 1875 1840 1929 occidun-

245 1967 360 2025 tur,
396 1975 518 2013 cutn
567 1961 877 2014 moriuntur
906 1961 1148 2028 diabolo,
1191 1971 1254 2017 ut
1286 1964 1470 2018 vivant
1501 1964 1634 2029 Deo,
1666 1975 1720 2019 et
1747 1966 1840 2035 qui

245 2053 604 2107 crediderant
635 2053 948 2120 mendacio,
979 2055 1206 2110 credant
1231 2055 1415 2124 potius
1445 2057 1681 2110 veritati.
1726 2057 1839 2111 Ma-

246 2158 351 2198 nus
381 2154 565 2197 autem
598 2144 690 2197 Dei
718 2145 845 2212 quia
875 2144 1235 2210 succisiones,
1259 2155 1312 2200 et
1340 2145 1738 2202 viviﬁcationes
1756 2147 1839 2200 fa-

247 2237 348 2301 cit,
380 2236 460 2304 Og
495 2251 702 2305 regem,
731 2247 784 2290 et
805 2236 980 2290 Basan
1017 2237 1274 2306 populum
1306 2236 1424 2306 ejus
1451 2237 1739 2292 interimit.
1762 2237 1840 2308 0g

246 2327 395 2382 enim
423 2327 820 2395 interpretatur
841 2327 1145 2388 conclusio,
1176 2338 1228 2382 et
1253 2327 1428 2382 Basan
1459 2329 1841 2397 interpretatur

247 2419 520 2473 confusio.
576 2417 729 2472 Talis
771 2419 972 2487 quippe
1013 2419 1294 2473 conclusio
1337 2419 1650 2474 intercludit
1697 2420 1840 2476 viam

247 2527 372 2581 quae
402 2510 550 2564 ducit
576 2509 644 2564 ad
680 2509 990 2575 Dominum,
1025 2519 1079 2565 et
1108 2511 1444 2580 interceptos
1472 2510 1539 2564 ad
1569 2511 1844 2566 confusio-

249 2618 377 2657 nem
409 2602 682 2670 perducit,
727 2609 782 2656 et
811 2602 1028 2671 iniquos
1073 2602 1234 2656 modo
1274 2603 1574 2668 concludit,
1622 2619 1690 2658 ne
1724 2619 1844 2659 cre-

248 2695 384 2748 dant
436 2693 490 2747 in
543 2692 874 2747 Christum:
919 2693 1143 2761 quando
1188 2692 1438 2749 Christus
1485 2696 1842 2764 apparuerit,

247 2783 680 2850 coitfundentur,
713 2785 817 2838 nisi
844 2799 989 2838 nunc
1025 2784 1202 2853 gratia
1244 2796 1600 2842 convertente
1631 2797 1845 2844 muten-

247 2887 360 2930 tur.
396 2875 654 2930 Chanaan
682 2890 815 2930 vero
854 2877 1246 2945 interpretatur
1274 2885 1500 2946 paratus
1530 2877 1842 2933 humilitati.

249 2968 389 3033 Quae
447 2966 726 3020 humilitas
759 2966 993 3036 poenalis
1040 2967 1387 3037 intelligenda
1430 2979 1516 3023 est
1543 2984 1662 3038 qua:
1699 2984 1846 3039 para-

249 3067 344 3110 tur
374 3057 646 3126 superbis,
691 3057 784 3126 qui
836 3056 1002 3113 modo
1046 3074 1152 3112 non
1198 3059 1251 3113 in
1293 3059 1619 3130 humilitate,
1664 3061 1758 3116 sed
1790 3063 1843 3117 in

1941 1873 2008 1926 In
2037 1875 2191 1927 servis
2220 1874 2326 1927 suis
2355 1873 2517 1942 igitur
2539 1871 2898 1939 deprecabitur
2921 1869 3202 1935 Dominus,
3237 1869 3289 1923 id
3320 1879 3425 1933 est,
3452 1871 3534 1924 in-

1941 1965 2222 2018 vocabitur
2261 1965 2346 2018 vel
2385 1962 2718 2026 exorabitur,
2741 1971 2795 2016 et
2837 1960 2890 2014 in
2935 1961 3187 2014 omnibus
3227 1960 3536 2013 nationibus

1941 2067 2100 2110 erunt
2133 2055 2376 2109 homines
2403 2053 2721 2108 Israeliticae
2765 2051 3064 2120 dignitatis,
3105 2065 3230 2104 cum
3264 2048 3435 2104 Judaei
3464 2065 3535 2104 ex

1943 2147 2182 2200 maxima
2218 2145 2299 2199 sui
2342 2154 2494 2214 parte
2540 2154 2698 2198 erunt
2737 2143 2886 2210 impii
2921 2151 2978 2196 et
3018 2141 3264 2196 veritatis
3313 2139 3536 2194 inimici.

1941 2238 2046 2294 Sed
2077 2239 2200 2307 quia
2227 2237 2489 2306 spiritalis
2528 2237 2696 2292 Jacob
2727 2252 2790 2289 ex
2822 2235 2966 2289 omni
3016 2243 3178 2306 gente
3221 2234 3538 2298 assumitur,

1944 2330 2211 2385 idolorum
2235 2329 2536 2384 cultoribus
2559 2327 2892 2382 inﬁdelitatis
2914 2327 3133 2381 ctecitas
3155 2326 3536 2394 exprobratur.

2015 2423 2034 2494 (
2056 2423 2208 2478 Vers.
2243 2422 2372 2492 15.)
2409 2422 2705 2476 Sintulacra
2725 2422 2950 2490 gentium
2972 2428 3243 2489 argentum
3264 2427 3311 2472 et
3327 2433 3536 2481 aurum,

1946 2532 2101 2586 Opera
2142 2533 2389 2570 manuum
2435 2516 2715 2569 hominum.
2744 2516 2945 2567 Omnes
2974 2528 3038 2566 ex
3068 2525 3406 2580 quacumque
3437 2525 3533 2563 na-

1944 2607 2091 2661 tione
2122 2621 2313 2661 verum
2347 2606 2515 2660 Deum
2556 2607 2886 2669 nescientes,
2915 2613 2969 2657 et
3002 2601 3201 2655 Christi
3237 2600 3536 2669 Evangelio

1945 2698 2263 2752 resistentes
2292 2696 2562 2751 idolorum
2605 2694 2843 2748 cultores
2869 2701 3016 2760 sunt,
3043 2701 3097 2746 et
3127 2706 3247 2745 cum
3281 2690 3333 2743 in
3361 2689 3540 2744 cordi-

1944 2787 2044 2841 bus
2072 2789 2183 2842 suis
2214 2787 2510 2841 falsitatum
2537 2786 2784 2856 dogmata
2810 2783 3165 2849 fabricantur,
3197 2782 3248 2836 id
3275 2781 3417 2850 quod
3441 2781 3540 2835 ﬁn-

1944 2883 2130 2934 xerint
2154 2880 2500 2934 simulacrum
2519 2888 2632 2943 est;
2661 2885 2717 2933 et
2746 2878 2790 2931 si
2812 2876 2937 2946 quid
2971 2875 3348 2930 ratiocinando
3374 2882 3397 2911 ⁶
3423 2889 3532 2928 mu-

1947 2972 2170 3037 nierint,
2203 2972 2254 3026 id
2287 2979 2602 3041 argenteum
2633 2969 2851 3024 videtur
2880 2977 2973 3023 aut
3000 2981 3258 3022 aureum:
3299 2965 3317 3004 ί
3347 2966 3439 3036 qui
3469 2966 3540 3020 ita

1951 3061 2201 3117 humanae
2232 3063 2514 3132 sapientia:
2541 3061 2872 3131 argumentis
2900 3068 2954 3114 et
2980 3059 3199 3128 eloquio
3227 3058 3503 3111 coloratur
3523 3096 3539 3121 ,

250 3147 497 3201 elatione
544 3157 669 3201 sunt
701 3147 886 3216 positi,
931 3157 986 3203 et
1027 3150 1470 3218 prmordinantur
1509 3151 1565 3206 in
1607 3151 1660 3206 id
1705 3153 1847 3222 quod
1877 3145 1921 3208 C
1954 3161 2010 3206 ut
2043 3156 2406 3208 reverentiam
2433 3153 2533 3206 sibi
2567 3167 2664 3220 pro
2692 3150 3096 3205 mendaciorum
3119 3157 3235 3202 arte
3263 3146 3537 3201 conciliet.

251 3238 672 3293 retribuendum
707 3249 790 3293 est
820 3240 1064 3295 vanitati.

325 3327 494 3400 489
524 3328 714 3397 (Vers.
749 3329 873 3400 12.)
915 3331 981 3383 Et
1012 3332 1152 3385 dedit
1197 3343 1387 3386 terram
1414 3350 1593 3388 eorum
1632 3335 1852 3390 haeredi-

255 3431 437 3487 tatem,
472 3420 815 3474 harreditatem
844 3419 1014 3476 Israel
1042 3424 1233 3493 papula
1257 3440 1371 3479 suo.
1406 3426 1491 3481 Fit
1529 3427 1633 3482 hoc
1673 3431 1854 3497 quoti-

255 3516 387 3568 die:
416 3529 538 3567 nam
571 3515 718 3583 quod
750 3515 840 3569 alii
873 3531 969 3585 per
996 3519 1246 3573 meritum
1283 3534 1438 3574 suum
1476 3523 1727 3590 perdunt,
1758 3523 1854 3578 alii

258 3623 359 3675 per
388 3605 578 3673 gratia:
609 3622 802 3661 munus
845 3608 1154 3677 acquirunt.
1197 3609 1455 3674 Quoniam
1493 3610 1656 3665 Jacob
1707 3614 1855 3683 elegit

255 3698 356 3750 sibi
389 3696 664 3761 Dominus,
694 3695 859 3751 Israel
887 3698 940 3752 in
965 3701 1336 3767 possessionem
1356 3702 1450 3754 sibi
1483 3702 1656 3771 (Sup.
1693 3719 1740 3756 υ.
1771 3705 1852 3771 4);

255 3801 312 3843 et
337 3790 556 3844 habenti
589 3790 808 3855 dicitur,
839 3790 978 3845 Tene
1003 3793 1144 3862 quod
1165 3793 1340 3861 habes,
1371 3811 1434 3848 ne
1462 3795 1599 3850 alius
1637 3799 1856 3868 accipiat

256 3897 509 3934 coronam
540 3892 677 3934 tuam
708 3882 901 3952 (Apoc.
927 3899 1003 3944 Ill,
1037 3885 1096 3936 H
1123 3887 1164 3955 ).

331 3973 527 4038 (Vers.
566 3974 686 4043 13.)
723 3985 743 4012 ε
784 3973 1035 4029 Dominus
1065 3993 1250 4030 nomen
1293 3988 1436 4030 tnum
1481 3979 1532 4032 in
1567 3989 1858 4047 aeternum;

256 4078 310 4119 et
335 4066 642 4118 memoriale
667 4075 811 4118 tuum
842 4068 894 4119 in
924 4071 1249 4137 generatione
1276 4081 1322 4123 et
1349 4073 1760 4140 generationem;
1806 4075 1858 4129 id

257 4165 381 4220 cst,
430 4157 684 4208 virtutum
729 4166 944 4211 tuarum
986 4159 1246 4214 miracula
1279 4176 1384 4215 non
1435 4165 1758 4232 cessabunt,
1807 4177 1860 4221 et

257 4263 387 4317 qua
420 4259 673 4316 operatus
703 4263 761 4301 es
788 4249 1161 4318 signiﬁcando,
1199 4254 1516 4322 operaberis
1545 4256 1861 4310 indesinen-

260 4349 348 4392 ter
377 4337 678 4407 implendo.
713 4337 1014 4394 Hemoriale
1039 4351 1217 4398 autem
1255 4344 1466 4398 Domini
1491 4347 1542 4400 in
1573 4362 1639 4402 eo
1667 4348 1864 4403 intelli-

265 4429 417 4495 gitur
453 4429 596 4498 quod
629 4445 734 4483 non
765 4431 1106 4487 obliviscitur
1141 4437 1561 4502 promissionum
1603 4453 1822 4493 suarum
1844 4483 1859 4505 ,

1953 3247 2009 3300 In
2049 3244 2212 3315 490
2249 3241 2559 3313 hujusmodi
2587 3256 2716 3310 ergo
2759 3239 3050 3309 ﬁgmentis,
3081 3253 3235 3306 opera
3280 3243 3405 3289 sunt
3431 3251 3543 3287 ma-

1953 3355 2112 3391 nuum
2143 3337 2428 3400 hominum,
2453 3348 2574 3404 qua:
2600 3335 2868 3386 humanus
2889 3344 3042 3385 error
3064 3327 3411 3398 excogitavit,
3438 3339 3545 3380 non

1954 3427 2199 3483 doctrina
2231 3426 2474 3480 veritatis
2501 3425 2754 3478 instituit.

2028 3520 2221 3589 (Vers.
2269 3516 2489 3586 16-18.)
2532 3525 2556 3561 Β
2601 3515 2672 3568 Os
2721 3515 2930 3577 habent,
2982 3521 3030 3566 et
3078 3527 3180 3564 non
3229 3509 3545 3580 loquentur;

1957 3617 2134 3668 oculos
2173 3615 2379 3677 habent,
2412 3621 2457 3664 et
2486 3627 2588 3664 non
2627 3609 2892 3663 videbunt.
2921 3606 3084 3660 Aures
3113 3604 3322 3663 habent.
3367 3612 3416 3655 et
3445 3615 3546 3654 non

1957 3705 2206 3766 audient;
2235 3718 2388 3755 nares
2415 3699 2602 3752 habent
2632 3708 2679 3750 et
2723 3715 2823 3750 non
2864 3695 3175 3748 odorabunt.
3224 3691 3413 3743 Manus
3457 3695 3550 3742 Ita-

1959 3796 2158 3856 bent,et
2181 3809 2281 3844 non
2311 3790 2656 3857 operabuntur
2675 3803 2694 3851 ;
2713 3789 2862 3855 pedes
2893 3785 3156 3843 habent,et
3185 3797 3284 3833 non
3316 3779 3551 3832 ambula-
3645 3857 3650 3861 _

1960 3888 2102 3938 bunt.
2141 3883 2259 3936 Non
2287 3880 2578 3934 clamabunt
2599 3879 2651 3930 in
2680 3886 2887 3946 gutture
2911 3889 3040 3938 suo;
3071 3887 3159 3924 nec
3183 3872 3318 3924 enim
3345 3881 3418 3924 est
3443 3871 3550 3939 spi-

1959 3987 2087 4032 ritus
2117 3979 2168 4030 in
2192 3993 2278 4029 ore
2306 3990 2502 4028 eorum.
2535 3971 2744 4026 Similes
2774 3969 2877 4021 illis
2906 3968 3032 4032 fiant
3058 3965 3144 4034 qui
3173 3963 3366 4034 faciunt
3398 3978 3480 4026 ea,
3501 3970 3550 4015 et

1961 4087 2136 4123 omnes
2179 4071 2267 4138 qui
2295 4066 2559 4132 conﬁdunt
2586 4064 2638 4116 in
2681 4063 2774 4116 eis.
2808 4058 3037 4128 Proprie
3067 4056 3289 4124 quidem
3337 4057 3455 4110 hac
3485 4056 3552 4108 de

1963 4163 2184 4231 paganis
2230 4160 2330 4212 dici
2379 4157 2659 4217 videntur;
2717 4154 2809 4208 sed
2853 4153 3018 4207 etiam
3073 4150 3357 4204 haereticos
3405 4161 3555 4202 com-

1965 4252 2337 4323 prehendunt,
2367 4250 2459 4320 qui
2493 4249 2618 4302 dum
2663 4247 2810 4300 falsis
2843 4245 3135 4309 itthmrenl,
3166 4253 3221 4296 et
3249 4242 3412 4310 impia
3457 4241 3556 4295 bo-

1966 4345 2171 4399 minnm
2214 4353 2520 4400 commenta
2567 4350 2866 4403 sectantut,
2898 4339 3079 4392 omnia
3126 4334 3406 4390 rationalis
3432 4334 3555 4387 vita:

1964 4437 2142 4491 ofﬁcia
2176 4435 2550 4506 perdiderunt.
2583 4432 2713 4487 Nam
2743 4431 2871 4500 quid
2902 4439 2984 4483 est
3026 4428 3230 4480 habere
3260 4425 3472 4482 oculos.
3502 4434 3557 4478 et

263 4520 361 4574 sed
394 4521 618 4574 omnino
645 4519 814 4575 efﬁcit
838 4522 981 4592 quod
1006 4525 1324 4593 spopondit;
1350 4535 1406 4579 et
1433 4527 1532 4580 hoc
1562 4528 1620 4582 fit
1647 4545 1674 4581 a
1708 4546 1857 4600 gene-
1890 4523 1936 4580 Ο
1965 4548 2070 4585 non
2103 4531 2303 4596 videre,
2335 4543 2494 4599 quam
2525 4526 2577 4580 itt
2606 4538 2851 4580 errorum
2883 4531 3039 4575 nocte
3080 4518 3324 4573 versari?
3356 4517 3557 4572 habere

345 4676 450 4729 ³1η
493 4677 778 4744 Augustini
838 4690 982 4734 textu
1029 4681 1250 4750 legitur,
1303 4685 1511 4736 tentatio
1560 4687 1858 4750 oculorum;

265 4748 726 4826 observatumque
773 4751 839 4802 ab
881 4748 1263 4826 eruditissimis
1301 4755 1622 4821 editoribus,
1668 4748 1857 4811 onines

269 4833 450 4889 prope
475 4819 719 4889 ejusdem
755 4835 884 4874 mss.
926 4822 1011 4874 hic
1047 4833 1101 4876 et
1130 4823 1266 4876 infra
1289 4819 1854 4889 constanter'labere,

267 4887 486 4962 tentatio
514 4887 764 4962 colorum.
783 4890 1032 4959 Idemque
1057 4909 1250 4946 nomen
1279 4905 1462 4962 postea
1491 4895 1544 4948 in
1580 4910 1662 4961 ps.
1684 4887 1859 4950 cxxxv

270 4960 648 5028 interpretari,
672 4975 877 5028 germen
900 4963 1099 5026 inutile,
1121 4963 1207 5016 vel
1231 4960 1561 5017 tentationem
1583 4960 1857 5021 calentem.

346 5027 373 5064 δ
404 5027 679 5100 Fortasse,
711 5033 945 5095 assumit,
980 5034 1184 5086 scilicet
1225 5036 1588 5100 mendacium,
1641 5040 1738 5090 nisi
1777 5055 1861 5088 as-

268 5105 487 5175 sumunt
512 5097 702 5152 referri
728 5101 866 5155 velis
892 5103 958 5156 ad
987 5107 1345 5170 amaricantes,
1365 5105 1432 5159 de
1454 5097 1648 5175 quibus
1679 5112 1861 5160 statim

275 5170 334 5222 ﬁt
367 5182 572 5220 sermo.

351 5249 373 5276 ε
421 5237 578 5305 Apud
623 5239 1014 5309 Augustinum,
1049 5241 1287 5314 Domine,
1321 5256 1377 5300 ut
1420 5263 1472 5300 tn
1511 5247 1730 5316 Vulgata
1772 5264 1868 5301 tto-

269 5321 410 5364 etra.

348 5377 376 5416 ει
425 5378 801 5458 Lugdunensis
825 5382 1012 5458 editio,
1045 5393 1091 5458 et
1114 5384 1208 5437 hoc
1230 5386 1283 5438 in
1313 5404 1413 5439 uno
1437 5389 1650 5458 papula.

354 5460 379 5486 ε
426 5449 798 5527 Lugdunensis
846 5452 1209 5527 editiolegit,
1263 5449 1562 5512 tumuerint.
1618 5461 1863 5527 Lovan.,

281 5522 454 5574 Dnac.
488 5531 540 5573 et
567 5521 783 5585 Colon,
821 5524 1116 5576 minuerint.

359 5589 379 5706 ll
425 5590 559 5668 Legi.
579 5589 777 5647 debere
804 5595 1153 5666 arbitramur,
1186 5599 1344 5665 quia;
1369 5599 1468 5653 etsi
1504 5600 1556 5654 in
1597 5599 1757 5656 editis
1799 5601 1874 5656 lc-

381 5674 442 5706 III'
472 5675 577 5706 (ηιξ.

287 5674 577 5729 ρειῐιιτῗιμιε.

358 5741 383 5772 ιι
429 5728 553 5781 tunc
580 5731 748 5794 prima
774 5741 898 5794 pars
928 5747 1110 5791 versus
1137 5737 1200 5792 16
1229 5738 1280 5793 in
1302 5739 1598 5807 Augustino
1625 5747 1868 5802 transter-

1959 4696 2047 4741 tur
2077 4696 2200 4755 post
2225 4687 2338 4738 II'J'C
2367 4684 2551 4743 verba.
2582 4693 2628 4736 et
2656 4699 2756 4735 non
2784 4679 3067 4734 odorabunt
3088 4696 3104 4743 ;
3127 4679 3400 4755 omittitur
3421 4695 3559 4755 quo-

1962 4753 2089 4823 que,
2126 4757 2248 4810 Non
2278 4758 2566 4809 clamabunt
2592 4755 2643 4806 in
2671 4762 2874 4822 gutture
2917 4768 3042 4815 suo;
3075 4766 3164 4803 nec
3194 4753 3328 4823 enim
3360 4762 3431 4803 est
3454 4754 3561 4820 spi-

1962 4821 2088 4880 ritus
2120 4830 2172 4880 in
2210 4844 2296 4881 ore
2321 4841 2515 4880 eorum.
2551 4823 2606 4876 In
2659 4821 2878 4891 Vulgata
2927 4831 3110 4874 nostra
3157 4836 3261 4873 non
3310 4821 3560 4891 leguntur

1965 4900 2114 4966 plura
2147 4913 2305 4967 quam
2333 4898 2489 4967 haec:
2519 4893 2590 4967 0s
2620 4889 2828 4967 habent,
2847 4902 3018 4967 etnon
3048 4892 3355 4960 loquentur;
3377 4889 3559 4967 oeulos

1966 4960 2178 5033 habent,
2205 4977 2251 5022 et
2283 4983 2383 5019 non
2412 4966 2670 5018 videbunt.
2708 4965 2868 5016 Aures
2896 4962 3098 5024 habent,
3122 4970 3294 5033 et__no_n
3323 4960 3554 5022 audient,

1969 5056 2126 5105 neque
2154 5029 2286 5089 enim
2328 5047 2400 5089 est
2438 5037 2648 5105 spiritus
2676 5036 2726 5086 in
2755 5050 2838 5086 ore
2881 5035 3129 5105 ipsorum.
3164 5029 3560 5105 Ileliqnavet‘o

1969 5101 2089 5177 qtuEu
2134 5108 2217 5161 hic
2247 5101 2498 5180 leguntur
2528 5107 2581 5180 in
2612 5101 3418 5180 Psalterio_llie_ronym_i..quod
3457 5101 3560 5180 ito-

1972 5171 2187 5232 inanum
2213 5171 2427 5240 vocant,
2451 5177 2787 5245 legebantur.
2816 5177 2854 5228 A
2875 5171 3369 5245 Calliastttotleitide
3388 5171 3558 5245 recisa

1972 5263 2119 5303 Sunt.
2152 5249 2224 5302 De
2245 5239 2436 5317 quibus
2460 5239 2738 5301 novissimi
2766 5245 2822 5299 S.
2860 5242 3416 5317 llieronymi‘operutn
3441 5239 3560 5292 edi-

1974 5331 2118 5373 tores
2145 5309 2441 5372 observant
2462 5319 2606 5386 quod
2629 5324 2887 5387 sequentes
2909 5309 3260 5387 ttersieulilab
3285 5313 3386 5372 his,
3413 5326 3562 5387 nares

1976 5392 2180 5451 habent,
2211 5391 2274 5440 ad
2305 5390 2440 5452 haec,
2471 5380 2635 5458 neque
2663 5380 2795 5440 enim
2827 5395 2898 5435 est
2923 5383 3164 5458 spiritus)
3190 5380 3292 5458 hue
3318 5381 3561 5458 translati

1974 5471 2092 5513 sunt
2131 5462 2182 5511 in
2233 5461 2464 5514 Romano
2492 5452 2750 5511 Psalterio
2790 5469 2850 5506 ex
2886 5454 3085 5522 psalmo
3126 5452 3373 5520 superiori
3412 5465 3558 5504 cxt.l.

1975 5534 2121 5598 Quos
2153 5541 2328 5583 ίειιιιμιι
2361 5547 2467 5597 prre
2489 5530 2657 5582 oculis
2690 5520 2936 5598 habuisse
2965 5520 3288 5598 I’t-osperum
3323 5531 3564 5598 nostrum

1977 5591 2066 5655 Vix
2110 5591 2507 5654 dubitare-sinit
2551 5598 2787 5666 subjecta
2835 5594 2904 5646 ab
2934 5608 3017 5655 eo,
3052 5592 3181 5666 licet
3220 5591 3562 5666 brevissima,

1979 5673 2218 5738 ipsorum
2262 5669 2548 5738 expositio.
2581 5660 2997 5738 Observandum
3031 5660 3267 5738 denique
3311 5661 3426 5717 lttec
3451 5661 3570 5731 ipsa

1985 5733 2088 5799 non
2121 5741 2226 5808 legi
2256 5742 2307 5794 in
2335 5733 2485 5792 textu
2521 5739 2782 5792 llchraico
2812 5735 3001 5806 psalmi
3031 5733 3209 5802 hujus.
