4026 6176
513 295 615 349 ξ’.κῖ

1720 278 1776 328 δ.
1821 269 2150 327 PROSPERI
2194 269 2327 336 AQU
2341 268 2522 323 ITANI

3681 267 3789 326 383

515 417 696 467 aures,
714 406 806 455 “et
834 397 1032 453 divina)
1058 392 1341 449 inohedire
1362 390 1656 446 doctrinm?
1684 389 1883 441 habere
1909 399 2087 445 nares,
2122 385 2167 440 Α
2200 394 2284 434 tur
2312 394 2515 437 :rterna
2535 424 2548 448 ,
2580 383 2713 437 mire
2737 384 2897 436 totius
2921 383 3103 436 mundi
3131 383 3639 450 t-lemcntorunique
3661 399 3795 441 ron.

514 505 570 549 et
615 495 814 548 bonum
837 488 1037 544 Christi
1063 487 1287 540 odorem
1311 499 1418 538 non
1441 482 1663 550 capere?
1687 480 1848 549 pedes
1872 480 2091 539 habere,

515 595 569 640 et
597 592 882 638 vocantem
913 596 1018 633 non
1050 577 1198 645 sequi
1227 574 1491 644 gratiam?
1517 572 1713 626 habere
1743 572 2006 637 linguam,
2039 577 2096 621 et

514 689 622 727 non
656 671 798 740 loqui
831 668 1147 724 veritatem?
1196 666 1393 719 habere
1437 678 1647 729 manus,
1685 671 1740 716 et
1775 663 1890 714 sine
1928 674 2097 728 opere

515 777 636 816 esse
679 759 933 829 justitize?
979 758 1108 823 Quia
1140 773 1286 809 omne
1327 758 1462 825 quod
1488 769 1587 806 non
1620 762 1692 806 est
1728 769 1790 808 ex
1811 752 1943 820 ﬁde,
1976 767 2094 822 pec-

515 863 685 905 catum
737 862 810 903 est
859 850 1042 918 (Rom.
1077 849 1326 912 xiv,25).
1357 845 1640 897 Mendaces
1684 843 1844 911 igitur
1883 841 2099 895 confor-

517 943 805 996 mabuntur
844 939 1155 998 mendacio,
1199 945 1254 988 et
1289 949 1398 1003 quo
1443 936 1702 1003 magistro
1743 933 1931 997 ﬁdunt,
1973 947 2097 984 cntn

517 1033 708 1087 eodem
732 1028 1148 1083 confundentur.
1174 1025 1238 1078 Et
1256 1037 1432 1079 tamen
1457 1041 1520 1078 ex
1543 1025 1672 1092 ipsis
1697 1025 1932 1092 quotidie
1954 1037 2102 1075 com-

520 1132 794 1177 mutantur
816 1136 909 1189 per
928 1118 1187 1172 miracula
1213 1117 1338 1180 Dei;
1361 1115 1603 1184 quotidie
1624 1115 1940 1182 aperiuntur
1960 1114 2100 1166 oculi

517 1227 785 1267 caecorum
827 1220 883 1265 et
910 1224 1070 1264 aures
1100 1207 1406 1272 surdorum,
1443 1207 1776 1274 inspirantur
1823 1218 1981 1258 nares
2020 1201 2103 1256 in-

519 1313 881 1370 sensatorum,
913 1301 1257 1355 resolvuntur
1281 1313 1376 1352 ora
1407 1307 1702 1359 mutorum,
1748 1297 1882 1349 ﬁunt
1912 1309 2105 1362 opera-

519 1396 614 1450 ria:
646 1409 834 1450 manus
861 1392 1315 1462 paralyticorum,
1347 1388 1650 1456 diriguntur
1679 1387 1843 1454 pedes
1885 1385 2107 1440 claudo-

521 1503 666 1547 rum,
711 1501 776 1539 ex
807 1484 1070 1552 lapidibus
1101 1481 1406 1535 excitantur
1456 1478 1552 1531 lilii
1607 1477 1840 1530 Abrahae
1869 1474 2103 1546 (Matth.

520 1593 600 1644 ut,
633 1577 721 1646 9),
749 1576 945 1644 quibus
975 1572 1228 1626 omnibus
1255 1570 1414 1624 simul
1443 1569 1651 1622 dicatur
1683 1584 1696 1620 :

591 1670 778 1738 (Vers.
805 1667 894 1731 t9,
919 1665 1042 1733 20.)
1077 1664 1270 1717 Domus
1292 1661 1479 1727 Israel,
1505 1661 1781 1714 benedicite
1806 1659 2105 1722 Dominum;

2197 477 2332 530 ditio
2363 489 2582 543 propter
2627 478 2763 530 hanc
2795 477 3217 530 misericordiam
3252 476 3452 529 dicitur
3502 479 3749 534 instituta
3774 520 3793 547 ,

2197 568 2282 621 cui
2314 567 2656 636 perﬁcienda:
2686 569 2926 620 omnium
2959 583 3139 620 rerutn
3169 567 3304 620 ordo
3338 568 3617 622 servisset.

2269 661 2284 726 (
2310 659 2460 712 Vers.
2492 659 2548 719 2.
2575 659 2667 726 5.)
2706 657 3027 725 Conﬁtemini
3055 656 3160 708 Deo
3192 659 3426 720 deorum,
3457 661 3704 726 quoniam
3737 661 3793 714 in

2197 763 2440 804 internum
2484 749 2829 802 miserimrdia
2876 750 3007 816 ejus.
3065 747 3388 816 Conﬁtemini
3435 749 3662 805 Domino
3694 755 3792 804 do-

2199 843 2473 903 minorum,
2504 843 2743 908 quoniam
2769 842 2819 892 in
2841 851 3088 894 teternum
3115 841 3464 893 misericordia
3485 845 3620 912 ejus.
3653 841 3798 898 Deo-

2201 947 2320 985 rum
2353 949 2547 986 nomen
2574 948 2695 987 cum
2728 935 2779 985 in
2810 935 2952 986 bono
2983 931 3216 1000 positum
3262 935 3550 1001 reperitur,
3595 950 3798 990 seetzn-

2202 1023 2327 1076 dum
2373 1024 2597 1092 gratiam
2637 1023 3041 1090 intelligendum
3074 1033 3187 1087 est,
3222 1037 3326 1076 non
3359 1023 3661 1079 secundum
3694 1041 3798 1079 na-

2205 1125 2399 1177 turam,
2432 1115 2647 1168 dicente
2677 1114 2957 1183 ApOstolo,
3000 1112 3141 1167 Nam
3183 1113 3274 1165 etsi
3296 1124 3410 1166 sunt
3439 1117 3527 1182 qui
3551 1117 3804 1170 dicuntur

2205 1207 2298 1267 dii,
2327 1207 2430 1260 sive
2449 1207 2501 1258 in
2525 1208 2667 1271 (mlo,
2700 1207 2802 1258 sive
2829 1206 2884 1257 in
2917 1215 3055 1258 terra
3082 1206 3556 1274 :quemadmodum
3583 1220 3700 1262 sunt
3723 1211 3802 1263 dii

2208 1297 2381 1357 multi,
2406 1306 2453 1348 et
2484 1295 2678 1348 domini
2706 1295 2891 1360 multi;
2920 1296 3007 1347 sed
3037 1295 3179 1348 nobis
3209 1312 3341 1348 unus
3371 1293 3510 1349 Deus
3546 1299 3705 1353 Pater
3735 1316 3804 1354 ex

2207 1402 2304 1449 quo
2336 1386 2527 1446 omnia,
2563 1384 2588 1422 ι’
2612 1395 2658 1437 et
2705 1401 2795 1437 nos
2839 1400 2928 1451 per
2965 1385 3131 1453 ipsum
3162 1383 3219 1454 (l
3257 1384 3374 1437 Cor.
3417 1402 3529 1451 vnt,
3569 1389 3602 1442 5
3632 1398 3677 1442 et
3703 1389 3798 1458 ti).

2207 1476 2306 1542 Qui
2336 1492 2463 1543 ergo
2493 1485 2617 1530 sunt
2645 1475 2739 1528 ﬁlii
2782 1474 2894 1537 Dei,
2928 1485 2980 1527 ct
3019 1490 3113 1542 per
3145 1475 3451 1541 adoptionis
3490 1492 3804 1532 sacramen-

2210 1579 2320 1621 tum
2352 1569 2544 1621 divina:
2573 1577 2696 1621 sntit
2727 1576 3008 1620 consortes
3037 1577 3243 1619 natura:
3279 1565 3350 1633 (Il
3389 1565 3502 1619 I’et.
3529 1584 3568 1632 ι,
3592 1568 3678 1637 4),
3702 1572 3801 1623 ha-

2211 1659 2336 1712 bent
2366 1659 2521 1726 hujus
2552 1659 2784 1713 nominis
2811 1659 3010 1712 donum
3044 1659 3206 1726 :quia
3240 1659 3326 1710 uni
3357 1658 3467 1712 Deo
3511 1662 3758 1715 serviunt
3781 1701 3798 1725 ,

523 1762 703 1814 domus
734 1761 923 1818 Aaron,
949 1756 1224 1809 benedicite
1249 1755 1562 1816 Dominum;
1589 1754 1768 1806 domus
1795 1751 1935 1818 Levi,
1960 1753 2104 1804 bene-
2137 1753 2185 1812 B
2214 1754 2304 1805 uni
2347 1751 2575 1805 Domino
2607 1751 2911 1805 voluntaria
2953 1749 3290 1818 subjectione
3331 1752 3674 1807 famulantur.
3709 1754 3804 1808 Dii

526 1851 680 1903 dicite
713 1849 1016 1909 Dominum;
1046 1848 1169 1914 quia
1201 1861 1390 1899 omnes
1435 1845 1531 1898 hos
1561 1845 1782 1913 gradus,
1829 1859 1964 1913 quos
2001 1859 2105 1897 una

524 1957 658 2010 gens
682 1941 887 2004 habuit,
918 1953 1010 2007 per
1040 1940 1213 2005 ipsam
1238 1935 1421 2001 ﬁdem,
1447 1951 1550 2004 qua
1576 1937 1664 1990 illa
1682 1935 1973 2003 justiﬁcata
1999 1945 2104 2000 est,

527 2043 672 2086 totus
701 2031 930 2083 muudus
970 2028 1234 2092 obtinuit,
1264 2037 1317 2080 et
1344 2027 1398 2080 in
1421 2027 1630 2080 cunctis
1655 2027 1768 2094 jam
1798 2027 2109 2080 nationibus

525 2121 796 2175 invenitur
822 2119 1092 2172 Abraham
1122 2115 1457 2170 credentium
1493 2127 1666 2183 pater.

599 2212 784 2281 (Vcrs.
816 2211 908 2273 20,
935 2209 1067 2279 2|.)
1113 2208 1213 2274 Qui
1254 2208 1438 2260 timetis
1485 2205 1784 2269 Dominum,
1831 2207 2110 2260 benedicite

527 2303 825 2354 Dominum.
867 2299 1169 2352 Benedictus
1210 2297 1464 2350 Dominus
1491 2313 1553 2350 ea:
1584 2297 1734 2362 Sion,
1783 2299 1869 2363 qui
1916 2298 2111 2350 habitat

527 2396 580 2447 in
608 2392 915 2446 Jerusalem.
965 2390 1234 2445 llabitatio
1267 2390 1382 2454 Dei,
1415 2404 1522 2442 non
1565 2397 1649 2442 est
1688 2389 1776 2442 illa
1807 2388 2108 2443 Jerusalem

527 2505 648 2557 qua:
673 2487 890 2548 cecidit.
918 2484 1011 2539 sed
1037 2494 1120 2538 est
1150 2484 1202 2537 in
1232 2481 1488 2536 cordibus
1531 2481 1769 2535 ﬁdelium
1801 2492 1959 2549 atque
1987 2496 2112 2535 san-

527 2589 761 2641 ctorum,
793 2593 857 2631 es
885 2576 1076 2644 quibus
1103 2575 1399 2628 aediﬁcatur
1429 2585 1690 2626 aeternum
1729 2573 1982 2641 templum
2015 2573 2112 2626 Dci

529 2684 649 2722 cum
701 2681 956 2735 compage
1005 2666 1318 2733 angelorum
1358 2664 1446 2730 qui
1493 2678 1782 2732 numquam
1821 2679 1847 2716 a
1887 2662 2116 2716 Domino

530 2767 895 2813 recesserunt.
942 2756 1223 2810 Benedieit
1275 2753 1435 2825 491
1480 2769 1608 2822 ergo
1655 2755 1893 2808 Ecclesia
1933 2754 2118 2806 Domi-

531 2865 682 2912 num,
715 2863 780 2902 es
804 2847 958 2908 Si0n,
987 2847 1040 2900 id
1071 2856 1176 2910 est,
1206 2847 1274 2899 de
1301 2844 1539 2913 specula,
1564 2860 1628 2898 ex
1665 2859 1770 2911 qua
1803 2844 2120 2912 promissio-

531 2956 630 2994 nes
660 2940 753 2994 Dei
786 2939 1043 3008 prospicit
1070 2948 1328 2991 venturas
1368 2935 1421 2988 in
1455 2935 1759 2990 Jerusalem
1780 2979 1793 3002 ,
1828 2935 1879 2988 id
1916 2945 2016 2999 est,
2063 2939 2115 2988 in

533 3033 796 3085 visionem
829 3030 996 3099 pacis,
1025 3029 1114 3083 ubi
1137 3028 1248 3097 jam
1280 3028 1483 3081 nullum
1515 3028 1811 3096 periculum
1839 3027 2118 3083 inﬁrmita-

541 3122 634 3189 tis,
668 3121 813 3176 nulla
839 3121 945 3176 erit
972 3120 1271 3174 adversitas
1301 3120 1601 3173 tentatoris.

1020 3211 1336 3267 PSALMUS
1373 3211 1635 3267 CXXXV.

609 3305 801 3374 (Vers.
857 3303 956 3372 1.)
998 3303 1324 3372 Conﬁtemini
1373 3306 1591 3359 Domino
1634 3306 1876 3374 quoniam
1921 3305 2116 3371 bonus,

537 3395 779 3465 quoniam
807 3395 858 3446 in
888 3397 1137 3448 naculum
1165 3397 1513 3448 misericordia
1561 3399 1692 3466 ejus.
1727 3396 1971 3450 PSalmus
2021 3397 2120 3450 iste

541 3487 752 3542 laudem
800 3488 1044 3540 continet
1081 3487 1196 3554 Dei,
1236 3495 1292 3540 et
1316 3487 1506 3541 eodem
1558 3489 1719 3541 modo
1765 3489 1817 3542 in
1868 3490 2121 3543 omnibus

536 3583 650 3634 suis
693 3580 942 3634 versibus
983 3582 1328 3646 terminatur,
1362 3590 1419 3634 ut
1462 3581 1720 3650 quidquid
1769 3597 1992 3651 operum
2028 3583 2120 3637 Dei

537 3673 890 3741 percurritur,
923 3669 1047 3725 ideo
1091 3671 1424 3740 intelligatur
1467 3671 1736 3738 ell'ectutn,
1763 3685 1817 3726 ut
1867 3673 2124 3728 bonitatis

537 3772 592 3818 et
614 3763 995 3818 misericordia
1016 3763 1134 3832 ejus
1159 3763 1592 3819 manifestaretur
1612 3768 1903 3820 aeternitas.
1929 3767 2124 3834 Quam-

540 3859 620 3910 vis
662 3858 804 3911 enim
837 3866 957 3926 post
983 3856 1269 3926 judicium,
1301 3872 1408 3927 quo
1443 3858 1495 3911 in
1525 3859 1629 3912 ﬁne
1677 3859 1863 3913 smculi
1913 3859 2020 3912 vivi
2069 3868 2125 3913 et

540 3947 758 4015 mortui,
788 3947 1063 4015 judicandi
1092 3958 1240 4015 sunt,
1273 3949 1452 4002 missis
1480 3949 1637 4017 justis
1669 3950 1722 4003 in
1762 3950 1924 4003 vitam
1967 3961 2124 4003 aiter-

541 4053 686 4100 nam,
715 4036 893 4104 impiis
913 4045 1094 4090 autem
1114 4037 1165 4090 in
1188 4040 1586 4092 ambustionem
1611 4049 1865 4094 mternam
1893 4042 1910 4111 (
1933 4041 2120 4095 Matth.

545 4126 909 4191 xxv,46),non
933 4127 1042 4179 sint
1067 4125 1322 4194 deinceps
1368 4127 1552 4190 futuri,
1592 4131 1682 4191 qui
1709 4131 1904 4184 divina:
1935 4133 2123 4199 gratia:

541 4216 944 4283 dispensatione
989 4214 1236 4268 salvandi
1273 4215 1382 4269 sint
1419 4233 1432 4268 :
1474 4227 1622 4271 recte
1670 4227 1847 4274 tamen
1894 4221 2123 4290 intelligi

542 4317 719 4376 potest
742 4308 794 4361 in
817 4315 1078 4361 aeternum
1100 4306 1330 4360 futuram
1353 4307 1775 4362 miscricordiam
1801 4310 1940 4379 ejus,
1963 4328 2122 4379 quam

542 4401 656 4454 suis
681 4399 883 4455 sanctis
909 4398 1266 4467 ﬁdelibusque
1294 4397 1546 4467 largitur;
1576 4404 1829 4469 quoniam
1860 4419 1920 4458 ea
1951 4405 2123 4460 beati-

543 4491 696 4557 tudo,
726 4505 887 4560 quam
908 4506 975 4546 ex
1005 4490 1099 4545 Dei
1130 4490 1502 4545 misericordia
1528 4505 1949 4562 consequentur,
1979 4497 2122 4554 nulla

542 4600 799 4653 umquam
850 4585 1146 4639 tentatione
1198 4583 1522 4651 pulsabitur,
1565 4584 1729 4639 sedin
1761 4596 1961 4641 mterna
1991 4605 2122 4658 pace

543 4688 596 4731 et
640 4676 808 4745 gloria
869 4675 1325 4730 incommutabilis
1377 4676 1734 4745 permanebit.
1781 4677 1934 4744 Quod
1987 4695 2122 4748 opus

544 4768 828 4822 iueﬂabilis
858 4767 1092 4835 pietatis,
1123 4767 1248 4835 quia
1276 4769 1327 4820 in
1359 4768 1693 4836 sempiterno
1722 4767 1813 4822 Dei
1845 4775 2124 4839 pmposilo

541 4873 701 4930 atque
727 4858 955 4914 consilio
982 4856 1108 4923 fuit,
1137 4867 1192 4911 ut
1226 4873 1322 4928 per
1351 4861 1661 4928 temporalia
1687 4866 2122 4930 praeordinaren-

613 5072 632 5092 ⁸
681 5061 777 5114 llic
805 5061 981 5122 aliqua
1009 5057 1202 5112 deesse
1231 5057 1481 5112 videntur
1503 5059 1569 5112 ad
1616 5061 1838 5128 plenum
1890 5077 2109 5116 sensum

541 5132 836 5187 Sententia).
877 5128 1036 5182 Forte
1064 5128 1521 5200 suppleriposset.
1542 5139 1590 5183 et
1611 5145 1712 5181 non
1735 5131 1933 5194 audire,
1958 5148 2116 5200 quam

540 5205 748 5262 ttrvintv,
777 5211 883 5254 etc.
908 5200 999 5256 Sic
1023 5209 1201 5265 postea
1228 5215 1240 5250 :
1264 5197 1463 5250 Habere
1488 5216 1656 5264 nares,
1685 5211 1729 5252 et
1753 5218 1854 5252 non
1884 5197 2115 5265 odorari,

539 5291 692 5338 quam
736 5272 922 5324 bonum
947 5311 962 5333 ,
1003 5279 1110 5323 etc.
1161 5266 1326 5321 Pedes
1371 5268 1578 5326 habere.
1607 5278 1652 5320 et
1689 5286 1792 5321 non
1821 5271 2117 5336 ambulare,

540 5361 692 5412 quam
720 5353 980 5394 vocantem
1005 5357 1106 5393 non
1134 5341 1274 5407 sequi
1300 5340 1538 5410 gratiam.
1575 5338 1774 5412 Habere
1796 5341 2044 5407 linguam,
2075 5350 2120 5392 et

541 5430 642 5465 non
666 5411 824 5480 loqui.
860 5428 1014 5478 quam
1052 5427 1154 5464 non
1184 5413 1318 5478 loqui
1344 5411 1621 5464 veritatem.
1656 5411 1788 5474 Qua:
1821 5413 1868 5461 iu
1894 5426 2124 5479 sequen-

541 5483 684 5536 tibus
731 5482 1023 5550 snpplenda
1068 5481 1260 5536 suadet
1303 5484 1448 5549 prius
1493 5481 1912 5534 cunmm-alimus
1957 5497 2125 5532 mem-

544 5553 720 5624 brum,
753 5551 1228 5624 modoaliquando
1255 5566 1538 5608 occurrant
1569 5565 1700 5606 mss.
1742 5553 1834 5624 qui
1857 5551 2121 5606 editorum

541 5623 772 5675 detectui
807 5623 1138 5675 medeantur.

613 5690 641 5728 δ
677 5690 851 5745 Locus
875 5690 978 5746 istc
999 5691 1244 5761 Apostoli
1269 5692 1475 5761 plenius
1504 5695 1693 5763 legitur
1716 5694 1766 5748 in
1793 5693 2125 5762 Augustino;

2207 1853 2376 1897 autem
2399 1844 2626 1912 gentium
2647 1843 2901 1895 dazmonia
2925 1841 2942 1910 (
2962 1840 3107 1894 Psal.
3140 1859 3260 1907 xcv,
3299 1840 3377 1911 5),
3402 1860 3523 1912 qua:
3545 1847 3802 1911 quoniam

2208 1933 2441 2001 gaudent
2483 1949 2543 1987 se
2587 1934 2655 1986 ab
2703 1933 3010 1987 errantibus
3040 1935 3182 1997 coli,
3229 1935 3282 1988 in
3313 1943 3572 1990 a'ternum
3621 1938 3802 2007 ignem

2208 2038 2328 2077 cum
2358 2023 2468 2076 suis
2498 2023 2794 2076 cultoribus
2832 2033 2853 2060 ο
2889 2023 3312 2078 damuabunlur.

2281 2114 2468 2183 (Vers.
2499 2113 2552 2168 4.
2580 2112 2598 2182 )
2642 2115 2742 2180 Qui
2775 2115 2900 2184 facit
2930 2114 3189 2167 mirabilia
3229 2131 3414 2183 magna
3454 2117 3594 2168 solus
3618 2157 3632 2182 ,
3669 2135 3802 2186 quo-

2211 2208 2348 2259 niam
2387 2208 2438 2258 in
2490 2215 2735 2260 teternunt
2782 2206 3130 2259 misericordia
3182 2207 3311 2276 ejus.
3354 2207 3579 2261 Pomunt
3611 2225 3672 2262 ea
3701 2208 3808 2263 tni-

2213 2297 2402 2351 rahilia
2433 2299 2601 2366 accipi
2636 2312 2665 2350 a
2694 2298 2804 2351 Deo
2833 2298 2952 2350 solo
2982 2297 3143 2364 facta,
3173 2314 3293 2366 quae
3325 2315 3496 2368 neque
3521 2315 3612 2368 per
3639 2315 3809 2370 ange-

2211 2388 2316 2453 los,
2351 2403 2522 2456 neque
2565 2404 2658 2456 per
2691 2389 2935 2441 homines
2962 2398 3086 2441 sunt
3133 2389 3352 2454 effecta,
3400 2392 3496 2444 sed
3543 2393 3655 2444 sola
3696 2393 3796 2446 hei

2213 2492 2468 2551 operante
2491 2483 2708 2535 virtute.
2739 2481 2990 2546 Quamvis
3021 2480 3167 2535 enim
3197 2482 3310 2551 ipse
3338 2491 3593 2550 operetur
3615 2489 3806 2537 omnia

2213 2574 2266 2628 in
2291 2575 2540 2628 omnibus
2570 2574 2623 2644 (Ι
2651 2573 2770 2627 Cor.
2796 2589 2892 2636 xu,
2914 2573 3004 2642 6).
3035 2584 3254 2627 naturas
3286 2583 3462 2628 tamen
3493 2587 3811 2630 cunctarum

2214 2676 2611 2728 creaturarum,
2650 2663 2812 2735 492
2863 2667 3059 2719 οωιιιιιι
3095 2675 3144 2719 et
3187 2666 3462 2729 caelestia,
3507 2677 3702 2718 terram
3755 2678 3816 2720 et

2219 2774 2386 2822 mare,
2421 2773 2543 2811 cum
2571 2759 2834 2811 universis
2860 2773 2978 2826 qua:
3010 2756 3061 2810 in
3087 2759 3167 2811 eis
3196 2767 3342 2819 sunt.
3376 2758 3520 2812 solus
3552 2759 3812 2813 instituit.

2215 2849 2330 2904 Non
2368 2848 2508 2919 quod
2540 2849 2658 2903 sine
2687 2848 2827 2903 Filio
2871 2863 2972 2903 suo
3013 2847 3193 2903 Verbo
3237 2860 3331 2903 aut
3368 2850 3572 2918 Spiritu
3615 2859 3818 2906 sancto

2215 2943 2415 3011 aliquid
2438 2942 2626 2997 fecerit
2645 2940 2827 3007 Pater,
2855 2942 2950 2996 sed
2978 2942 3104 3010 quia
3127 2943 3360 2996 Trinitas
3385 2958 3519 2996 unus
3543 2943 3678 2998 Deus
3699 2955 3816 3009 esr,

2218 3036 2309 3104 qui
2336 3044 2634 3102 creaturas,
2670 3049 2778 3088 non
2803 3049 2897 3101 per
2923 3044 3223 3088 creaturam
3254 3033 3399 3100 fecit,
3435 3035 3527 3087 sed
3568 3033 3679 3088 sola
3710 3049 3818 3101 po-

2148 3105 2194 3168 C
2228 3127 2395 3181 tentia
2419 3125 2659 3179 Deitatis.
2682 3124 2834 3191 Quod
2856 3134 3034 3176 autem
3061 3124 3116 3176 in
3145 3124 3398 3177 secundis
3423 3123 3642 3186 dicitur,
3671 3123 3821 3191 Quo-

2222 3219 2359 3271 niam
2403 3218 2454 3269 in
2493 3216 2735 3270 steculum
2779 3215 3128 3268 misericordia
3159 3217 3287 3283 ejus,
3319 3215 3384 3268 ad
3417 3217 3820 3283 reparationem

2224 3306 2440 3361 humani
2470 3306 2685 3375 generis
2709 3306 3054 3360 referendum
3077 3315 3180 3370 est,
3211 3309 3355 3375 quod
3391 3307 3480 3360 Dei
3506 3307 3822 3362 misericor-

2223 3399 2312 3452 dia
2377 3414 2473 3466 per
2521 3407 2923 3451 sacramentum
2976 3395 3406 3465 regenerationis
3460 3397 3582 3450 vita:
3636 3397 3824 3454 reddit

2226 3501 2466 3544 teterntn.

2299 3580 2490 3651 (Vers.
2523 3580 2614 3649 5.)
2655 3580 2755 3647 Qui
2785 3579 2906 3649 fecit
2953 3579 3102 3633 mlas
3147 3579 3200 3631 in
3246 3578 3528 3641 intellectu,
3571 3581 3824 3650 quoniam

2225 3673 2276 3724 in
2302 3671 2549 3726 sarculum
2593 3671 2943 3724 misericordia
2984 3673 3112 3741 ejus.
3145 3669 3210 3724 In
3237 3670 3498 3726 intellectu
3528 3672 3652 3727 facti
3680 3689 3816 3730 sunt

2225 3767 2368 3824 cmli.
2400 3767 2464 3818 ad
2495 3763 2846 3818 crudiendam
2874 3779 2990 3817 eam
3022 3776 3349 3826 creaturam,
3383 3781 3504 3830 qum
3532 3767 3595 3819 ad
3625 3769 3821 3837 cogni-

2227 3859 2427 3912 tionem
2459 3858 2540 3912 sni
2571 3858 3030 3925 praeordinabatur
3073 3858 3328 3911 auctoris.
3364 3856 3650 3913 Inrisibilia
3677 3863 3820 3914 enim

2230 3949 2347 4011 Dei,
2373 3950 2512 4002 sicut
2535 3951 2607 4002 ait
2634 3948 2944 4014 Apostolus,
2969 3963 3000 4000 a
3023 3959 3255 4001 creatura
3285 3949 3487 4014 mundi,
3513 3968 3602 4016 per
3621 3967 3682 4004 ea
3706 3968 3756 4019 ᾳ·
3777 3968 3823 4004 ω

2229 4040 2364 4106 facta
2392 4048 2507 4090 sunt
2536 4038 2789 4091 intellecta
2825 4039 3244 4105 conspiciuntur;
3273 4043 3586 4105 sempiterna
3614 4057 3822 4112 quoque

2227 4132 2387 4183 virtus
2418 4133 2526 4197 ejus
2553 4139 2600 4182 et
2627 4129 2868 4181 divinitas
2895 4129 2914 4198 (
2937 4128 3087 4182 Rom.
3109 4145 3149 4193 l,
3176 4129 3310 4200 20);
3343 4140 3397 4185 et
3419 4131 3507 4183 hic
3531 4132 3668 4184 idem
3696 4148 3825 4201 pro-

2230 4221 2385 4290 pheta
2423 4220 2570 4284 dicit,
2609 4220 2730 4272 (ἕωιὶ
2771 4229 3011 4272 enarranl
3051 4221 3268 4289 gloriam
3306 4220 3420 4284 Dei,
3444 4234 3489 4273 et
3510 4237 3668 4287 Opera
3703 4239 3823 4275 ma-

2228 4328 2389 4364 nuum
2419 4313 2529 4380 ejus
2567 4312 2838 4364 annuntiat
2877 4311 3254 4378 ﬁrmamentum
3283 4314 3299 4378 (
3324 4312 3470 4366 Psal.
3513 4329 3668 4379 xvttt,
3703 4313 3727 4367 1
3755 4314 3775 4386 )
3803 4331 3819 4372 :

2228 4405 2351 4472 quia
2379 4404 2674 4472 majestatis
2701 4403 2987 4458 invisibilis
3011 4404 3354 4473 pulchritudo
3380 4401 3408 4441 ά
3437 4448 3451 4472 ,
3483 4415 3538 4460 et
3573 4421 3667 4474 per
3697 4421 3821 4461 eor-

2151 4477 2204 4536 Ῑ)
2231 4510 2450 4565 porcam
2473 4505 2775 4549 creaturam
2800 4494 3152 4562 incorporeus
3181 4494 3404 4549 Creator
3429 4498 3766 4564 agnoscitur.

2301 4587 2491 4656 (Vers.
2535 4587 2626 4656 6.)
2670 4587 2770 4651 Qui
2808 4587 3026 4655 ﬁrmavit
3056 4597 3243 4640 terram
3281 4604 3434 4658 super
3463 4604 3661 4656 aquas;
3692 4606 3826 4659 quo-

2229 4685 2369 4736 niam
2399 4685 2451 4736 in
2481 4683 2723 4736 swculum
2750 4683 3102 4736 misericordia
3136 4688 3266 4755 ejus.
3298 4685 3444 4737 Bene
3471 4684 3687 4754 quidem
3737 4685 3824 4738 in-

2232 4776 2489 4844 telligitur
2545 4788 2706 4840 super
2749 4788 2914 4842 aquas
2972 4782 3112 4827 terra
3167 4773 3404 4839 fundata,
3459 4775 3510 4826 in
3556 4788 3624 4828 eo
3676 4777 3824 4842 quod

2230 4864 2726 4923 circumﬂuentibus
2761 4863 2914 4932 aquis
2939 4864 3326 4933 supereminet,
3367 4873 3420 4918 et
3446 4865 3516 4916 ita
3557 4865 3722 4917 etiam
3769 4861 3827 4914 in

2223 5059 2451 5122 scilicet,
2498 5057 2561 5110 Et
2591 5074 2682 5111 nos
2716 5059 2768 5110 in
2797 5058 2928 5122 ipso,
2959 5067 3004 5109 et
3035 5073 3166 5109 unus
3213 5055 3462 5109 Dominus
3487 5055 3638 5108 Jesus
3665 5055 3827 5108 Chri-

2224 5144 2355 5196 stus,
2405 5147 2492 5198 per
2521 5145 2670 5196 quem
2708 5129 2901 5198 omnia,
2933 5138 2979 5180 et
3008 5143 3098 5179 nos
3141 5129 3444 5198 periipsum.
3474 5128 3604 5192 Quae
3634 5137 3826 5179 autem

2229 5203 2297 5253 ibi
2329 5197 2556 5266 amplius
2587 5201 2836 5266 leguntur
2862 5197 3002 5251 forte
3029 5213 3095 5250 ex
3129 5197 3408 5251 eodiCibns
3440 5197 3692 5262 Prosperi
3719 5212 3826 5248 ex-

2226 5272 2478 5324 ciderunt
2506 5286 2518 5320 :
2545 5279 2600 5321 ut
2630 5267 2914 5334 eonjicitur
2944 5283 3012 5321 ex
3045 5267 3222 5320 verbis
3251 5269 3431 5320 statim
3472 5266 3817 5331 subjuncns.

2233 5339 2336 5394 Uni
2369 5340 2474 5391 Deo
2505 5341 2748 5401 serviunt,
2781 5339 2871 5390 uni
2901 5337 3145 5401 Domino,
3178 5346 3282 5391 etc.
3321 5337 3462 5390 Idem
3492 5351 3708 5406 quoque
3741 5336 3821 5389 lu-

2230 5425 2328 5464 cus
2367 5411 2607 5478 Apostoli
2642 5408 2776 5461 inira
2810 5411 2862 5460 in
2896 5409 3001 5461 [ine
3031 5418 3174 5460 totus
3201 5406 3418 5459 citntur.

2307 5492 2328 5518 ε
2375 5475 2647 5533 Editioncs
2669 5478 2912 5547 Lngdun.
2947 5487 3001 5531 et
3026 5478 3256 5534 Lovan..
3289 5475 3622 5528 damnabunt.

2304 5547 2328 5587 ά
2374 5549 2541 5604 Priori
2590 5545 2876 5603 sententia:
2909 5548 3066 5616 hujus
3099 5547 3344 5600 membro
3374 5546 3570 5613 aliquid
3623 5545 3823 5599 deesse

2229 5622 2470 5682 videtur;
2509 5620 2665 5682 forte,
2696 5636 2757 5672 ex
2785 5618 3060 5672 visibilium
3099 5616 3482 5687 pulchritudine
3511 5617 3824 5687 caujicitur,

2228 5703 2322 5747 aut
2347 5691 2546 5761 aliquid
2577 5689 2904 5759 hujusmodi.
