4026 6176
236 298 351 362 589

864 298 1289 357 PSALMORUM
1332 301 1371 354 Α
1413 301 1455 356 C
1494 297 1587 355 AD
1625 297 1711 356 CL
1751 297 2135 355 EXPOSITIO.
2180 298 2374 357 PSAL.
2413 301 2700 360 CXXXVI.

3422 315 3526 373 360

234 409 445 465 inﬁmis
469 410 966 467 naturainvenitur
991 412 1252 482 humoris,
1285 421 1343 467 ut
1371 412 1421 467 ei
1448 411 1680 466 solidum
1718 412 1840 466 sub-
1868 418 1914 473 Α
2016 411 2197 483 (Vers.
2225 412 2348 482 l9.)
2398 414 2536 468 Seon
2583 433 2753 488 regem
2807 417 3243 476 Amorrha'ortmt.
3296 422 3527 483 German

233 504 411 557 datur
438 502 788 559 elementum.
821 506 928 561 Sed
966 506 1259 560 secundum
1298 516 1696 561 sacramentum
1730 505 1836 559 Ec-

232 595 449 661 clesiae,
485 597 631 665 quod
673 612 768 665 per
798 604 969 652 totum
1019 597 1276 653 mundum
1320 600 1371 651 in
1409 598 1839 667 regenerationis

233 686 459 742 lavacro
488 689 814 755 celebratur,
843 689 1107 744 sacratius
1135 692 1237 744 hoc
1256 692 1519 759 accipitur
1544 691 1744 746 dictum
1772 691 1839 747 de

235 780 643 849 pra-paratione
666 782 1026 851 baptismatis,
1060 797 1222 852 supra
1248 783 1389 851 quod
1420 794 1627 836 natura:
1652 782 1841 836 huma-

236 887 326 923 na:
358 880 503 926 terra
533 871 893 929 lundatur.ita
921 883 979 926 ut
1009 872 1076 927 ah
1101 873 1257 942 aquis
1284 881 1396 927 tota
1439 874 1627 927 interni
1656 874 1839 942 templi

232 970 517 1016 structura
547 973 856 1031 consurgat.

310 1052 511 1125 (Ven.
544 1054 600 1108 'l.
624 1052 643 1123 )
685 1053 787 1119 Qui
816 1054 934 1123 fecit
962 1053 1240 1107 luminaria
1263 1070 1452 1124 magna
1476 1054 1617 1107 solus
1640 1070 1660 1119 ;
1712 1070 1842 1120 quo-

233 1146 384 1199 niam
407 1146 462 1199 in
490 1155 737 1200 internum
760 1147 1114 1201 misericordia
1140 1149 1274 1218 ejus.
1306 1147 1433 1201 ideo
1453 1157 1508 1201 et
1530 1146 1616 1201 hic
1635 1147 1845 1201 addidit

235 1238 411 1299 solus,
444 1242 568 1307 quia
610 1248 805 1292 caetera
862 1238 1126 1292 mirabilia
1158 1254 1277 1306 qua:
1317 1238 1563 1293 dicturus
1606 1245 1709 1302 est,
1750 1248 1843 1293 aut

237 1344 341 1398 per
373 1329 643 1397 homines,
670 1340 760 1383 aut
788 1343 885 1398 per
914 1330 1136 1399 angelos
1164 1330 1310 1385 iecit.

314 1422 519 1493 (Vers.
563 1422 618 1487 8,
649 1421 738 1492 9.)
778 1420 954 1476 Solem
984 1422 1039 1475 in
1068 1432 1368 1493 potestatem
1405 1421 1530 1490 diei,
1575 1421 1752 1475 lunam
1794 1430 1842 1475 et

236 1515 426 1569 stellas
456 1516 510 1568 in
542 1523 841 1583 potestatem
870 1515 1057 1568 noctis.
1083 1514 1351 1583 Splendor
1378 1514 1512 1569 solis
1542 1513 1595 1568 in
1628 1513 1716 1568 die
1748 1528 1843 1582 po-

239 1617 366 1661 tens
384 1615 493 1671 est,
516 1615 572 1661 et
592 1606 733 1659 lunae
755 1614 811 1660 et
834 1606 1110 1659 stellarum
1141 1606 1194 1659 in
1219 1613 1397 1660 nocte.
1426 1605 1536 1661 Sed
1561 1604 1677 1659 hzec
1703 1620 1841 1674 prae-

241 1710 327 1751 ter
357 1698 649 1751 utilitatem
671 1712 831 1766 quam
860 1696 1059 1750 mundo
1088 1696 1295 1751 vicibus
1333 1696 1446 1750 suis
1488 1696 1752 1765 praebent,
1785 1704 1841 1750 et

241 1799 447 1856 pr:eter
472 1789 729 1843 decorem
771 1803 882 1857 quo
916 1790 1080 1842 totius
1112 1788 1295 1842 mundi
1326 1797 1551 1858 augetur
1577 1797 1799 1842 ornatus
1826 1828 1841 1854 ,

238 1882 376 1934 dant
430 1878 891 1949 signiﬁcationem
953 1880 1275 1947 spiritalium
1332 1884 1643 1949 gratiarum.
1707 1880 1841 1935 Nam

242 1974 577 2043 pnecipuum
619 1972 855 2027 ﬁdelium
880 1971 1124 2027 cordium
1154 1973 1331 2026 lumen
1374 1981 1479 2035 est,
1518 1973 1743 2028 veniens
1773 1973 1843 2030 ab

240 2067 362 2134 ipso
380 2063 606 2133 iustitia:
625 2063 763 2130 sole,
786 2061 1068 2131 sapientia:
1091 2079 1106 2126 ;
1132 2063 1427 2116 secundum
1456 2072 1635 2115 autem
1662 2063 1842 2118 lumen

240 2166 327 2211 est
347 2156 617 2220 scientiae,
638 2167 761 2223 qua:
786 2154 928 2208 inter
947 2152 1131 2207 saeculi
1156 2152 1316 2221 hujus
1338 2152 1564 2205 obscura
1593 2154 1683 2206 dat
1711 2168 1842 2220 quo-

240 2245 537 2301 dammodo
565 2244 758 2298 lunare
785 2243 1079 2309 solatium;
1109 2242 1308 2297 deinde
1340 2244 1689 2311 plurimorum
1717 2249 1844 2298 cha-

240 2340 526 2393 rismatum
560 2351 783 2391 munera
809 2336 1090 2391 stellarum
1136 2336 1352 2406 ignibus
1384 2339 1580 2393 merito
1620 2354 1841 2407 compa-

241 2442 434 2484 rantur
467 2445 483 2482 :
515 2438 574 2483 ut
614 2428 1018 2483 ambulantibus
1051 2443 1145 2497 per
1182 2428 1459 2485 difﬁcilem
1497 2430 1636 2483 viam
1680 2446 1839 2485 num-

238 2537 402 2590 quam
434 2518 579 2574 desit
604 2518 830 2575 cteleste
864 2518 1200 2589 przesidinm.

313 2612 519 2684 (Vers.
550 2610 676 2682 10.)
718 2613 816 2677 Qui
844 2613 1093 2680 percussit
1142 2611 1439 2685 Egyptum
1481 2629 1599 2666 eum
1645 2615 1839 2683 primo-

241 2707 431 2775 genitis
458 2718 654 2759 eorum.
688 2702 850 2776 5.93
881 2705 1035 2760 Nulla
1064 2720 1185 2773 pars
1212 2706 1394 2759 mundi
1428 2715 1514 2759 est
1542 2723 1701 2773 quam
1732 2722 1841 2761 non

242 2799 519 2866 percutiat
540 2795 754 2865 gladius
774 2796 1044 2861 veritatis,
1075 2804 1131 2849 ut
1153 2793 1371 2855 Christo
1399 2798 1668 2867 principua
1695 2814 1846 2869 qus:-

242 2902 355 2957 qne
384 2886 711 2940 subdantur.
1310 2940 1325 2956 ,

317 2978 340 3046 (
365 2978 524 3032 Vers.
556 2976 669 3045 11.)
706 2974 807 3042 Qui
827 2976 1005 3031 eduxit
1031 2975 1199 3030 Israel
1214 2976 1276 3030 de
1299 2978 1469 3032 medio
1488 2980 1846 3045 eorum.Qno-

243 3070 386 3124 tidie
427 3068 609 3124 sancti
659 3067 729 3123 ab
780 3065 975 3136 iniquis
1015 3075 1071 3122 et
1117 3067 1360 3123 adversis
1406 3068 1845 3126 tribulationibus

248 3169 544 3215 eruuntur.

331 3251 530 3323 (Vere.
562 3248 687 3320 ιε.)
734 3246 801 3303 1η
852 3264 1011 3303 manu
1061 3249 1257 3321 potenti
1283 3258 1331 3302 et
1374 3249 1585 3303 brachio
1621 3250 1845 3307 excelso.

246 3342 396 3410 Quid
428 3340 699 3411 potentius
725 3355 791 3395 eo
819 3339 888 3395 de
916 3353 1026 3409 quo
1063 3339 1268 3395 dictum
1312 3348 1428 3409 est,
1470 3338 1538 3393 Et
1583 3340 1849 3395 brachium

248 3432 470 3487 Domini
498 3432 582 3484 cui
602 3429 882 3484 revelatum
909 3432 1028 3484 est?

326 3523 516 3595 (νοτε.
553 3520 670 3593 13.)
699 3522 800 3589 Qui
827 3521 999 3575 divisit
1032 3519 1263 3574 Rubrum
1295 3533 1434 3574 mare
1466 3521 1519 3575 in
1554 3522 1849 3579 divisiones.

251 3615 433 3673 Rubri
454 3616 622 3671 maris
642 3614 909 3669 divisione
934 3614 1266 3683 signiﬁcatur
1295 3612 1594 3682 baptismus
1626 3615 1849 3680 Christi,

250 3712 307 3765 in
362 3724 474 3779 quo
521 3708 656 3763 ﬁunt
692 3705 992 3761 divisiones
1025 3722 1040 3759 :
1072 3715 1131 3760 ut
1161 3716 1187 3743 ⁸·
1220 3723 1324 3759 una
1377 3722 1464 3761 res
1520 3706 1641 3762 aliis
1688 3709 1753 3761 sit
1795 3708 1850 3764 in

252 3804 448 3865 vitam,
478 3799 603 3854 aliis
627 3800 679 3854 in
720 3808 987 3865 mortem;
1020 3799 1074 3853 in
1099 3800 1260 3853 vitam
1293 3799 1576 3862 ﬁdelibus,
1611 3799 1664 3854 in
1703 3815 1852 3856 mor-

249 3906 369 3949 tem
410 3892 866 3963 persecutoribus.

332 3985 530 4055 (Vers.
574 3982 699 4047 14.)
728 3981 797 4036 Et
847 3982 1026 4036 eduxit
1074 3980 1246 4036 Israel
1285 3982 1350 4035 de
1379 3982 1546 4037 medio
1597 3986 1729 4054 ejus.
1790 3984 1857 4039 Et

251 4076 756 4147 l’educitpopulum
784 4090 940 4130 suum
969 4074 1563 4145 Dominus,inuovatum
1594 4092 1688 4145 per
1714 4076 1859 4131 lava-

251 4185 419 4225 crum
447 4168 893 4239 regenerationis.

329 4262 521 4335 (νει-ε.
546 4261 663 4333 15.)
692 4261 763 4317 Et
788 4263 1013 4318 excussit
1041 4260 1397 4326 Pharaonem,
1424 4272 1469 4315 et
1488 4262 1720 4315 virtutem
1747 4262 1859 4332 ejus

250 4357 311 4410 in
351 4370 500 4409 mare
526 4354 779 4409 Rubrum.
802 4354 952 4410 Perit
979 4355 1031 4409 in
1064 4355 1219 4426 aquis
1243 4369 1333 4408 rex
1362 4368 1410 4423 po
1430 4354 1593 4419 ccati,
1616 4364 1668 4407 et
1690 4352 1859 4420 bapti-

264 4449 413 4504 sntis
439 4455 618 4501 reatus
646 4446 935 4501 excutitur.

1872 3144 1920 3207 C

1942 501 2154 571 inutile,
2171 506 2313 575 quod
2344 506 2727 577 interpretatur
2744 510 2881 565 Seou
2899 528 2919 578 ;
2940 523 2991 567 et
3016 531 3185 586 regem
3206 516 3532 573 Amorrha'o-

1940 612 2075 660 rum,
2106 598 2249 664 quod
2276 598 2663 667 interpretatur
2708 606 3145 673 amaricautium,
3183 612 3411 677 percutit
3439 628 3535 679 per

1944 686 2245 741 Ecclesiam
2270 703 2421 743 suam
2449 690 2725 748 Dominus.

2015 780 2033 847 (
2061 777 2207 832 Vers.
2242 779 2363 849 20.)
2396 779 2463 833 Et
2492 780 2572 854 Og
2597 792 2620 820 ε
2651 792 3035 839 coaeervantem
3064 784 3271 853 Basan;
3300 789 3400 844 hoc
3422 804 3525 853 est,

1943 870 2283 924 confusionis
2314 886 2329 925 :
2360 871 2485 939 quid
2510 874 2653 927 enim
2681 886 2965 930 coacervat
2996 876 3242 933 diabolus
3269 883 3370 934 nis:
3390 895 3521 934 con-

1940 960 2243 1014 fusionem?

2013 1048 2192 1119 (Vers.
2221 1049 2313 1117 2i,
2344 1049 2557 1120 22.)Et
2577 1050 2719 1106 dedit
2748 1061 2936 1107 terram
2965 1070 3137 1106 eorum
3154 1053 3529 1123 hereditatem,

1940 1138 2291 1195 hereditatem
2339 1140 2506 1197 Israel
2531 1144 2724 1216 papula
2746 1160 2864 1199 suo.
2901 1147 2998 1199 Dat
3027 1146 3187 1200 etiam
3209 1187 3225 1211 ,
3249 1163 3385 1216 quos
3412 1149 3527 1202 dia-

1942 1232 2099 1287 holus
2123 1235 2453 1301 possidebat,
2480 1235 2857 1293 hmrcditatem
2879 1238 3073 1295 semini
3106 1239 3356 1308 Abrahae,
3381 1242 3525 1311 quod

1942 1336 2023 1381 est
2044 1325 2290 1381 Christus
2315 1325 2467 1398 (Gal.
2492 1343 2573 1395 III,
2606 1326 2728 1401 16).

2016 1416 2197 1486 (Vers.
2226 1417 2321 1483 25,
2347 1416 2481 1488 24.)
2511 1417 2645 1485 Quia
2689 1420 2743 1471 in
2791 1418 3078 1474 humilitate
3131 1432 3303 1475 nostra
3339 1439 3531 1476 memor

1948 1506 2048 1575 fuit
2072 1508 2254 1572 nostri,
2285 1517 2332 1561 et
2358 1507 2574 1563 redemit
2601 1525 2692 1563 nos
2716 1510 2778 1563 ab
2799 1511 3016 1565 inimicis
3048 1514 3252 1567 nostris.
3286 1514 3532 1569 licdemit

1945 1612 2045 1652 nos
2073 1601 2334 1667 sanguine
2362 1600 2635 1670 Unigeniti
2655 1604 2763 1656 sui.

2015 1692 2198 1763 (Vers.
2230 1692 2352 1762 25.)
2405 1693 2509 1757 Qui
2551 1694 2641 1746 dat
2678 1711 2850 1747 eseam
2890 1696 3028 1750 omni
3072 1697 3237 1751 carni.
3279 1697 3405 1753 Haec
3448 1710 3535 1754 cst

1877 1785 1921 1844 Β
1950 1799 2073 1839 esca
2112 1785 2181 1840 de
2212 1799 2314 1853 qua
2351 1784 2611 1839 Dominus
2657 1786 2806 1852 dicit,
2836 1787 2969 1840 Caro
3016 1805 3129 1841 mea
3172 1805 3289 1843 vera
3318 1800 3389 1844 est
3417 1807 3533 1845 (σαι

1946 1873 2139 1947 (Joan.
2170 1891 2244 1941 νι,
2278 1874 2379 1944 56)
2400 1917 2417 1941 ,
2451 1876 2769 1944 qumvdatur
2798 1878 3048 1932 omnibus
3078 1880 3327 1947 gentibus
3361 1897 3374 1935 :
3407 1883 3531 1951 quia

1946 1968 2129 2023 nullus
2157 1977 2467 2022 renatorum
2501 1967 2736 2022 ﬁdelium
2764 1968 2832 2021 ab
2860 1984 2954 2024 esu
2982 1969 3097 2038 ejus
3119 1972 3407 2037 excipitur.

2017 2062 2039 2128 (’
2066 2059 2218 2112 Vers.
2251 2058 2342 2125 26,
2369 2056 2501 2127 27.)
2542 2057 2865 2127 Cou/itemini
2888 2060 3110 2113 Domino
3138 2061 3252 2114 caeli
3274 2078 3293 2126 ;
3326 2063 3535 2130 conﬁte-

1943 2150 2071 2202 mini
2098 2148 2321 2203 Domino
2349 2149 2694 2215 dominorum,
2741 2153 2985 2220 quoniam
3010 2150 3063 2204 in
3094 2160 3343 2205 internum
3380 2155 3533 2207 mise-

1943 2240 2172 2294 ricordia
2200 2243 2334 2313 ejus.
2363 2240 2515 2308 Quod
2542 2241 2628 2295 hic
2652 2242 2748 2304 ait,
2783 2241 3004 2295 Domino
3023 2244 3157 2308 caeli,
3191 2243 3294 2298 hoc
3324 2244 3535 2299 videtur

1944 2336 2194 2402 superius
2223 2334 2462 2399 dixisse,
2496 2332 2609 2387 Deo
2647 2333 2892 2399 deorum;
2916 2343 2969 2388 et
2999 2334 3143 2402 quod
3176 2336 3246 2389 ibi
3277 2336 3533 2401 subdidit,

1947 2423 2048 2477 huc
2070 2424 2232 2478 etiam
2254 2425 2339 2478 hic
2358 2426 2677 2491 connexuit,
2699 2425 3024 2490 Couﬁtemini
3049 2423 3270 2479 Domino
3287 2428 3496 2480 deorum
3518 2444 3535 2481 :

1946 2515 2069 2567 utsi
2092 2524 2210 2567 sunt
2239 2516 2327 2578 qui
2353 2515 2596 2567 dicantur
2625 2516 2719 2579 dii,
2769 2526 2824 2569 et
2873 2515 3109 2581 domini,
3141 2518 3244 2571 sive
3292 2519 3343 2571 in
3390 2521 3534 2584 eazlo,

1943 2605 2048 2658 sive
2075 2606 2131 2657 in
2159 2614 2294 2658 terra
2319 2621 2339 2659 :
2366 2604 2534 2676 494
2558 2606 2700 2659 nobis
2738 2615 2905 2659 tamen
2929 2623 3062 2660 unus
3087 2609 3157 2662 sit
3187 2598 3327 2662 Deus
3357 2608 3534 2676 I’ater,

1944 2710 2008 2748 ea:
2022 2710 2126 2764 quo
2154 2696 2326 2749 omnia
2349 2734 2367 2762 ,
2395 2706 2443 2749 et
2473 2713 2566 2750 nos
2594 2696 2648 2748 in
2677 2696 2824 2767 ipso;
2864 2705 2911 2751 et
2937 2712 3071 2751 unus
3098 2697 3346 2752 Dominus
3384 2698 3537 2754 Iesus

1957 2800 2212 2866 Christus,
2235 2818 2328 2871 per
2343 2819 2493 2873 quem
2514 2804 2775 2869 omnia,et
2796 2820 2889 2856 nos
2915 2821 3008 2873 per
3026 2806 3196 2873 ipsum
3219 2805 3525 2871 (lCor.vm,

1958 2895 2010 2958 5,
2042 2896 2095 2961 6)
2124 2894 2212 2949 cui
2243 2893 2625 2959 conﬁteamur,
2658 2897 2909 2964 quoniam
2934 2896 2989 2949 in
3024 2905 3281 2950 internum
3319 2898 3524 2950 miseri-

1956 2991 2134 3044 cordia
2166 2990 2299 3059 ejus.

2414 3080 2730 3138 PSALMUS
2785 3080 3069 3137 CXXXVI.

2028 3172 2206 3242 (Vers.
2249 3172 2327 3243 1.)
2351 3170 2519 3240 Super
2541 3173 2766 3242 ﬂumina
2798 3172 3084 3243 Babylonis
3124 3171 3235 3225 illic
3275 3172 3525 3234 sedimus,

1957 3273 2006 3318 et
2033 3266 2287 3335 ﬂeuimus,
2332 3282 2449 3318 cum
2493 3266 2897 3318 recordaremur
2927 3266 3023 3330 tui,
3057 3264 3206 3319 Sion.
3233 3265 3529 3333 Proplietia

1958 3356 2153 3426 psalmi
2190 3372 2298 3411 non
2332 3357 2508 3412 solum
2548 3357 2652 3410 hoc
2695 3354 2988 3411 denuntiat
3037 3354 3184 3424 quod
3228 3356 3529 3409 secundum

1958 3445 2318 3517 gerendarum
2337 3460 2519 3499 rerum
2538 3445 2785 3499 ordinem
2805 3445 2871 3498 ad
2890 3444 3248 3498 lsraeliticum
3268 3444 3531 3512 populum

1959 3538 2181 3608 proprie
2202 3537 2533 3607 pertinebat,
2554 3537 2650 3591 sed
2675 3537 2840 3591 etiam
2869 3537 3017 3607 quod
3044 3538 3097 3591 in
3121 3536 3272 3591 omni
3290 3533 3531 3589 Ecclesia

1962 3629 2079 3693 Dei,
2115 3644 2237 3697 quae
2278 3628 2333 3681 in
2374 3636 2489 3682 toto
2537 3628 2742 3681 mundo
2776 3637 2881 3692 est,
2918 3628 3099 3696 agitur
3148 3633 3204 3679 et
3253 3625 3528 3694 impletur.

1961 3718 2211 3773 Universi
2243 3719 2388 3771 enim
2421 3718 2629 3781 ﬁdeles,
2661 3717 2753 3786 qui
2787 3716 2936 3771 cives
2960 3724 3088 3771 sunt
3117 3716 3441 3779 Jerusalem,
3477 3724 3533 3767 ct

1962 3810 2017 3864 in
2038 3811 2143 3864 hoc
2162 3810 2362 3865 saeculo
2377 3810 2817 3879 peregrinantur,
2840 3817 2965 3876 apte
2988 3808 3075 3861 his
3095 3808 3320 3861 vocibus
3336 3814 3393 3859 et
3410 3820 3534 3859 con-

1962 3910 2223 3971 gruenter
2248 3910 2499 3965 utuntur,
2526 3909 2587 3953 ut
2610 3900 2797 3954 dicant
2826 3901 2972 3969 quod
2998 3901 3190 3969 psalmi
3215 3899 3382 3952 verba
3405 3914 3534 3968 pro-

1966 3992 2240 4047 nuntiant.
2267 3992 2399 4046 Nam
2434 3992 2527 4061 qui
2560 3990 2666 4044 ﬁde
2689 3990 2972 4060 justilicati
3003 3999 3131 4045 sunt
3155 3990 3326 4058 (Rom.
3366 4005 3419 4052 ν,
3454 3989 3530 4053 1),

1963 4088 2019 4135 et
2043 4095 2138 4149 spe
2172 4079 2305 4134 salvi
2336 4078 2465 4134 facti
2500 4079 2671 4151 (Rom.
2704 4095 2819 4143 vui,
2852 4078 2968 4148 24),
2998 4079 3064 4133 ad
3109 4079 3337 4149 patriam
3367 4079 3534 4133 cccle-

1964 4180 2101 4225 stem
2132 4170 2541 4241 angelicamque
2567 4170 2901 4235 desiderant,
2922 4171 3274 4225 recordantes
3298 4170 3534 4238 promis-

1963 4262 2139 4319 sionis
2166 4262 2293 4328 Dei;
2327 4261 2458 4316 ﬁent
2483 4269 2539 4316 et
2567 4270 2791 4332 gemunt
2818 4261 2884 4315 de
2919 4261 3258 4315 habitatione
3290 4269 3530 4320 terrena,

1959 4370 2080 4425 qua:
2110 4355 2162 4409 in
2192 4368 2533 4425 quacumque
2575 4354 2659 4408 sui
2692 4363 2845 4423 parte
2888 4355 3177 4427 Babylonia
3208 4368 3313 4426 est,
3361 4371 3416 4416 et
3441 4363 3544 4417 ﬁn-

1962 4449 2106 4502 mina
2129 4446 2249 4515 ejus
2277 4454 2404 4501 sunt
2444 4460 2634 4501 omnes
2665 4447 2935 4503 illecebrae
2963 4452 3282 4518 temporales
3302 4496 3317 4520 ,
3351 4453 3467 4511 sive
3494 4457 3545 4511 in

328 4539 520 4611 (Vers.
556 4539 669 4610 16.)
702 4540 802 4608 Qui
831 4541 1064 4594 traduxit
1091 4546 1341 4613 populum
1366 4556 1515 4593 suum
1557 4540 1608 4591 in
1636 4538 1851 4591 deserto.
1883 4512 1932 4570 υ
1961 4512 2216 4600 moribus,
2241 4540 2354 4592 sive
2380 4539 2433 4591 in
2457 4538 2830 4605 opinionibus,
2863 4553 2997 4606 quas
3025 4512 3124 4593 sibi
3156 4512 3384 4613 quisque
3404 4548 3545 4603 dele.

255 4630 525 4687 Traducit
556 4639 613 4686 et
640 4647 741 4687 nos
768 4647 864 4701 per
889 4631 1047 4700 hujus
1078 4632 1262 4685 mundi
1293 4629 1595 4685 ariditatcm
1616 4639 1671 4684 et
1695 4628 1856 4682 steti-

255 4713 503 4787 litatém,
534 4739 604 4778 ne
632 4727 684 4779 in
709 4739 771 4780 ea
801 4739 1107 4794 pereamus.

334 4812 527 4884 (Ἴθι-ε.
560 4814 647 4879 17,
680 4814 795 4883 18.)
829 4812 931 4878 Qui
961 4814 1208 4885 percussit
1252 4826 1395 4886 reges
1422 4829 1665 4883 magnos,
1696 4823 1744 4867 et
1774 4829 1861 4866 oc-

256 4904 396 4959 cidit
447 4920 596 4975 reges
637 4904 816 4976 fortes.
849 4907 1088 4961 Perculit
1134 4912 1294 4973 atque
1331 4905 1529 4958 occidit
1573 4905 1731 4958 etiam
1768 4919 1862 4973 per

258 4982 371 5049 ims
400 4993 697 5049 diabolicas
747 5004 803 5049 et
842 4997 1029 5049 noxias
1061 5004 1370 5064 potestates,
1403 4996 1616 5064 quoties
1655 4996 1746 5049 dat
1778 4997 1857 5049 vi-

255 5086 496 5141 ctoriam
544 5100 641 5156 per
669 5088 950 5141 Dominum
1002 5096 1250 5142 nostrum
1278 5087 1462 5143 Iesum
1501 5086 1777 5141 Christum
1805 5088 1858 5159 (Ι

256 5176 393 5231 Cor.
422 5191 512 5242 xv,
536 5176 662 5249 57).

328 5390 373 5464 ,τ
413 5381 744 5465 Augustinus
771 5383 877 5465 hic,
924 5394 988 5465 ut
1022 5399 1158 5465 unus
1200 5392 1354 5465 atque
1404 5382 1541 5435 idem
1580 5382 1858 5453 baptismus

258 5452 393 5507 aliis
414 5454 479 5506 sit
500 5452 553 5507 in
577 5456 752 5517 vitam,
780 5454 896 5507 aliis
923 5454 989 5507 sit
1016 5455 1068 5504 in
1094 5462 1328 5513 mortem,

341 5522 373 5560 δ
412 5522 580 5578 Duae.
624 5532 682 5578 et
726 5524 943 5587 Colon.,
996 5521 1194 5576 eduxit.
1229 5520 1475 5591 Lugdun.
1520 5530 1571 5576 et
1628 5520 1854 5588 Lovan.,

256 5594 462 5662 educit,
519 5603 578 5648 ut
628 5593 767 5662 apud
814 5592 1194 5661 Augustinum.
1231 5591 1365 5645 Nam
1416 5593 1527 5661 agit
1557 5592 1644 5662 ide
1689 5595 1859 5660 gratia

261 5661 552 5731 baptismi,
584 5661 705 5732 quin
731 5663 970 5732 quotidie
1000 5662 1407 5717 renascentibus
1437 5661 1730 5716 confertur.

348 5744 374 5772 ⁸
413 5734 745 5801 Augustinus
791 5734 1085 5802 scripserat
1138 5732 1193 5788 in
1226 5746 1381 5787 versu
1433 5732 1648 5804 psalmi,
1683 5730 1749 5785 Et
1781 5730 1859 5804 ορ

1957 4630 2120 4699 gerit,
2150 4631 2201 4683 in
2233 4629 2429 4697 quibus
2453 4627 2585 4682 nihil
2617 4628 2827 4691 stabile,
2872 4628 3003 4683 nihil
3050 4630 3265 4687 ﬁrmum
3316 4646 3419 4703 est,
3453 4641 3547 4693 sed

1959 4724 2140 4776 omnia
2172 4721 2357 4788 ﬂuida,
2391 4730 2448 4776 et
2468 4720 2522 4774 in
2548 4721 2711 4774 maris
2740 4720 3002 4790 profunda
3030 4723 3297 4781 ducentia.
3329 4729 3427 4797 Qui
3458 4747 3551 4784 au-

1961 4823 2067 4867 tem
2092 4828 2211 4881 quae
2231 4827 2442 4866 sursum
2473 4814 2600 4865 Sunt
2618 4813 2854 4881 sapiunt,
2888 4829 2993 4868 non
3021 4831 3140 4885 quae
3163 4833 3327 4889 super
3348 4830 3549 4876 terram

1963 4901 2195 4973 (Coloss.
2232 4918 2306 4965 Ill,
2335 4902 2427 4972 2),
2456 4902 2649 4956 sedent
2676 4903 2890 4973 quidem
2918 4919 3081 4975 super
3123 4910 3305 4963 mundi
3331 4909 3548 4964 ﬁumina

1966 5004 2126 5065 atque
2158 5004 2448 5057 torrentes,
2468 4994 2565 5047 sed
2589 5001 2766 5049 tamen
2794 5012 2957 5052 cursu
2974 5013 3231 5068 aquarum
3256 5000 3549 5056 labentium

1966 5102 2071 5141 non
2107 5086 2406 5148 trahuntur,
2440 5098 2537 5138 nec
2571 5086 2872 5142 miscentur
2909 5090 3232 5161 confusioni,
3262 5088 3288 5127 δ
3320 5108 3440 5162 quae
3474 5096 3549 5147 ιη.

1970 5186 2297 5247 terpretatur
2350 5175 2631 5248 Babylon;
2683 5178 2781 5234 sed
2831 5180 3180 5238 recordantes
3225 5183 3375 5248 Sion,
3428 5198 3549 5253 quae

1969 5397 2137 5455 regem
2162 5378 2375 5447 Busan;
2405 5391 2539 5455 tum,
2569 5393 2985 5455 coacervantem,
3011 5384 3149 5449 quod
3187 5383 3552 5455 interpretatur

1971 5451 2087 5523 Og;
2109 5460 2362 5523 gregem
2405 5452 2742 5522 confusionis,
2784 5451 3548 5523 quodinterpretalur'Basau.

2037 5521 2064 5558 ά
2106 5521 2255 5595 _Edit_i
2270 5535 2459 5595 omnes
2488 5521 2717 5595 antiqui,
2742 5538 2893 5595 quam
2922 5521 3305 5595 interpretatur.
3341 5526 3548 5595 Lugdu-

1968 5592 2150 5646 nensis
2173 5591 2336 5644 editio
2355 5591 2643 5655 recentior,
2664 5606 2779 5659 qua
2797 5592 3183 5659 interpretatur.
3203 5594 3347 5652 Bene
3371 5591 3554 5653 enirn-

1967 5664 2147 5741 datum
2172 5661 2377 5741 indicat
2420 5658 2629 5741 phrasis
2659 5660 2856 5717 similis
2885 5658 3066 5718 statim
3106 5665 3411 5740 subjuncm,
3441 5690 3557 5741 qua:

1969 5732 2270 5803 exprimitur
2295 5730 2522 5801 specula.
