4030 6178
519 285 619 343 591

1769 271 1826 328 5.
1869 265 2206 326 PBOSI’EBI
2247 261 2572 331 AQUITANI

3698 245 3822 302 592

522 395 849 468 exprimitur
877 391 1092 462 specula
1117 431 1132 455 ,
1178 389 1230 443 in
1278 386 1421 456 quod
1477 386 1615 440 Deus
1657 382 1902 452 promisit
1933 380 2112 435 inten-
2143 379 2186 436 Α
2221 377 2427 440 nistrte,
2455 389 2576 428 cum
2607 370 2821 425 virtutis
2843 382 2995 423 amor
3019 376 3073 423 et
3094 363 3428 421 consuetudo
3449 365 3824 432 superaverit.

523 488 678 552 dunt,
711 495 763 541 et
789 501 815 538 a
839 481 1228 552 temporalibus
1257 481 1323 534 ad
1353 489 1552 533 aeterna
1581 476 1888 546 proliciunt.

600 579 778 650 (Vers.
803 576 885 644 2.)
917 574 981 627 In
1007 573 1249 626 salicibus
1292 573 1344 624 in
1384 571 1551 624 medio
1602 569 1709 638 ejus
1750 563 2108 633 suspendintus

528 685 722 741 organa
761 678 953 719 nostra.
986 664 1193 718 [labent
1237 677 1434 730 organa
1465 676 1562 713 sua
1591 660 1738 712 cives
1781 654 2103 718 Jerusalem,

528 760 833 826 Scripturas
860 754 977 820 Dei,
1014 763 1037 789 α
1067 763 1333 822 praecepta
1379 759 1434 803 et
1466 747 1724 818 promissa
1768 745 1883 808 Dei,
1915 753 1970 797 et
1999 757 2109 795 tne-

530 849 847 904 dilationem
891 845 1177 914 quamdam
1225 839 1623 902 futurisreculi;
1670 836 1764 891 sed
1795 850 1914 888 cum
1946 841 2111 900 agunt

531 943 583 993 in
629 936 808 992 medio
840 934 1165 1004 Babyloniae,
1217 945 1420 998 organa
1453 943 1547 981 sua
1600 928 1653 980 in
1702 924 1954 978 salicibus
1992 922 2112 990 ejus

530 1030 885 1100 suspendunt.
936 1027 1099 1095 Ligna
1149 1032 1329 1077 autem
1372 1019 1663 1090 Babylonis
1704 1014 2014 1070 fluminibus
2039 1011 2108 1067 ri-

529 1133 673 1191 gata,
701 1132 755 1175 et
782 1121 986 1174 nullum
1012 1120 1235 1170 fructum
1266 1113 1567 1175 all'erentia,
1600 1106 2001 1163 similitudinem
2029 1120 2115 1174 ge-

531 1221 658 1266 runt
713 1211 988 1264 hominum
1037 1207 1322 1267 sterilium,
1351 1203 1441 1272 qui
1492 1199 1778 1254 mundanis
1825 1207 2114 1266 pascuntur

535 1301 826 1364 illecebris,
853 1309 906 1354 et
928 1298 1071 1352 nulla
1104 1307 1229 1349 sunt
1257 1295 1455 1347 virtute
1485 1290 1729 1349 fecundi;
1771 1303 1869 1342 nec
1894 1295 2116 1356 possunt

533 1395 614 1446 eis
639 1392 745 1444 ulla
772 1392 1072 1443 divinarum
1097 1387 1302 1440 semina
1335 1383 1729 1450 Scripturarum
1772 1380 1960 1443 inseri,
1993 1379 2115 1446 quia

534 1495 760 1549 capaces
787 1495 890 1532 non
923 1487 1050 1532 sunt
1083 1482 1472 1544 przeceptorum
1504 1471 1631 1535 Dei;
1657 1477 1712 1523 et
1745 1469 1935 1523 merito
1961 1468 2011 1520 in
2040 1467 2118 1520 eis

536 1570 833 1623 differendo
855 1565 1223 1635 suspenditur,
1257 1563 1403 1632 quod
1434 1576 1530 1630 pro
1559 1575 1654 1615 sua
1687 1561 1996 1629 insipientia
2025 1572 2120 1610 au-

536 1661 654 1714 dire
682 1673 784 1712 non
824 1667 1066 1727 possunt.

2212 469 2304 522 His
2340 482 2473 534 ergo
2511 466 2604 535 qui
2633 465 2700 518 ab
2731 461 3030 517 Jerusalem
3063 458 3327 514 charitate
3367 456 3676 517 discedunt,
3711 452 3828 507 hoc

2211 558 2496 626 contingit,
2527 566 2583 609 ut
2627 555 2988 609 obliviscatur
3033 565 3128 605 eos
3162 549 3384 602 dextera
3433 561 3644 600 eorum.
3691 544 3831 598 Vita

2212 649 2357 704 enim
2378 657 2583 702 :eterna
2618 648 2670 698 in
2694 661 2752 700 se
2773 653 2983 708 manet;
3015 641 3093 696 illi
3116 649 3296 694 autem
3329 646 3611 692 remanent
3638 638 3692 689 in
3724 635 3831 689 de-

2215 741 2504 796 lectatione
2533 738 2832 799 mortifera,
2863 737 3254 802 amplectentes
3301 731 3436 783 mala
3489 746 3584 798 pro
3629 727 3829 791 bonis,

2214 830 2348 883 falsa
2379 844 2474 897 pro
2506 828 2673 891 veris,
2706 826 2921 880 sinistra
2949 839 3048 892 pro
3075 820 3335 875 dexteris.

2287 921 2472 988 (Vers.
2520 918 2598 988 6.)
2638 917 2910 970 ΑάΙιωτειιι
2939 915 3117 984 lingua
3153 927 3265 964 mea
3313 908 3545 980 faucibus
3585 908 3717 961 meis
3741 951 3758 974 ,
3785 912 3831 964 si

2216 1029 2318 1064 non
2350 1011 2623 1063 meminero
2676 1009 2772 1074 tui,
2836 1015 2888 1058 at
2931 1021 3034 1058 non
3077 1018 3399 1073 pra’posucro
3441 1000 3744 1054 Jerusalem
3778 1001 3831 1053 in

2219 1103 2472 1172 principio
2506 1100 2704 1153 lwtitiaz
2753 1112 2896 1150 mete.
2945 1096 3351 1154 Obmutescam,
3386 1091 3572 1158 inquit,
3603 1091 3710 1144 nisi
3754 1091 3830 1143 tui

2219 1197 2538 1248 meminero.
2567 1192 2707 1256 Quid
2738 1190 2881 1244 enim
2929 1187 3195 1256 loquitur,
3225 1193 3318 1237 aut
3343 1184 3468 1253 quid
3513 1194 3695 1249 sonat,
3731 1181 3828 1252 qui

2219 1288 2426 1342 cantica
2460 1285 2589 1341 Sion
2626 1286 2677 1336 in
2730 1282 2884 1336 laude
2923 1295 3030 1334 non
3062 1277 3255 1331 sonat?
3295 1276 3572 1344 Eloquium
3622 1275 3829 1343 lingua:

2228 1388 2428 1432 nostra:
2461 1384 2545 1430 est
2573 1373 2874 1428 Jerusalem
2923 1372 3213 1424 canticum.
3253 1367 3327 1420 Os
3367 1377 3543 1420 autem
3574 1365 3829 1418 carnalia

2225 1469 2474 1538 loquens,
2528 1475 2582 1520 et
2612 1462 2887 1518 saecularia
2929 1473 3169 1524 canens,
3215 1456 3379 1528 5.96
3406 1467 3606 1509 mutum
3652 1463 3738 1510 est
3776 1463 3830 1508 et

2230 1561 2570 1614 obstructum
2599 1574 2612 1621 ;
2637 1557 2759 1626 quia
2792 1555 2915 1608 inde
2945 1553 3258 1615 delectatur,
3285 1549 3426 1603 unde
3450 1547 3824 1602 confunditur.

2236 1650 2410 1704 Verus
2436 1663 2564 1716 ergo
2594 1646 2898 1701 Jerusalem
2927 1651 3135 1696 amator
3173 1648 3226 1694 et
3269 1640 3425 1702 civis,
3471 1638 3569 1692 hac
3599 1652 3660 1692 se
3704 1638 3828 1706 lege

604 1751 785 1821 (Vcrs.
812 1752 889 1818 5.)
926 1749 1060 1813 Quia
1089 1745 1198 1799 illic
1233 1745 1670 1814 interrogaverunt
1711 1757 1823 1802 nos,
1852 1741 1939 1808 qui
1968 1739 2129 1809 capti-
2163 1745 2209 1803 Β
2243 1739 2586 1807 constringit,
2609 1746 2669 1791 ut.
2699 1735 2858 1804 hujus
2899 1749 3069 1803 paena:
3099 1730 3294 1785 subeat
3324 1729 3746 1791 damnationem,
3784 1729 3829 1783 si

539 1856 625 1894 vos
655 1841 906 1892 duxerunt
938 1854 1050 1903 nos,
1078 1836 1227 1888 verba
1249 1835 1587 1908 canticorum.
1613 1831 1676 1884 Et
1696 1832 1780 1900 qui
1804 1832 2130 1883 adduxerunt

541 1950 653 1996 nos,
682 1932 925 2000 hymnum
945 1938 1145 1982 cantate
1168 1927 1313 1979 nobis
1345 1927 1405 1976 de
1429 1925 1637 1976 canticis
1653 1923 1802 1977 Sion.
1822 1921 1984 1993 495
2007 1921 2135 1975 Om-

543 2040 638 2078 nes
664 2023 909 2076 homines
937 2021 1105 2089 prima
1135 2015 1571 2085 transgressione
1591 2028 1620 2065 a
1641 2013 1853 2066 diabolo
1881 2012 2131 2080 eaptivati

542 2131 756 2177 smnus;
781 2112 1030 2181 quoniam
1059 2110 1142 2177 qui
1156 2110 1280 2178 facit
1308 2116 1593 2176 peccatum,
1623 2121 1795 2157 servus
1813 2115 1887 2157 est
1908 2104 2134 2172 peccati;

544 2205 724 2278 (Joan.
753 2220 866 2267 vttt,
910 2203 1032 2270 34);
1061 2200 1153 2254 sed
1208 2200 1274 2252 ab
1306 2198 1405 2251 hac
1433 2196 1742 2263 captivitate
1782 2195 2011 2248 redemit
2037 2209 2136 2248 nos

550 2310 648 2349 suo
671 2295 934 2362 sanguine
960 2292 1121 2346 Jesus
1146 2287 1412 2343 Christus.
1448 2285 1581 2339 Pars
1608 2301 1735 2353 ergo
1763 2301 1881 2352 quae
1903 2285 2138 2354 captiva-

551 2389 759 2442 toribus
785 2387 897 2441 suis
941 2386 1130 2438 volens
1155 2382 1340 2445 servit,
1379 2389 1433 2434 et
1461 2380 1541 2433 eis
1564 2378 1867 2432 delectatur
1892 2392 2011 2446 qua:
2044 2379 2135 2430 lto-

546 2479 718 2532 stibus
747 2479 980 2546 placent,
1007 2476 1211 2544 przebet
1232 2490 1290 2528 se
1315 2473 1614 2527 ministram
1647 2469 1712 2523 ad
1746 2467 2136 2536 impugnandos

548 2576 880 2642 redemptos,
915 2582 968 2627 et
1014 2588 1108 2641 per
1149 2572 1318 2640 ipsam
1350 2569 1599 2624 diabolus
1643 2567 1900 2636 quidquid
1950 2575 2137 2619 contra

549 2678 769 2719 sanctos
820 2664 1004 2728 audet,
1050 2661 1398 2730 exsequitur;
1424 2669 1482 2713 ut
1512 2659 1706 2713 merito
1727 2658 1841 2725 ipse
1867 2671 2026 2726 agere
2053 2655 2136 2708 di-

548 2768 730 2821 catur,
752 2755 892 2824 quod
919 2771 1012 2823 per
1042 2753 1287 2808 homines
1314 2753 1414 2806 sibi
1438 2750 1681 2806 subditos
1721 2749 1877 2819 gerit.
1908 2749 2137 2803 Interro-

551 2859 682 2918 gant
729 2863 859 2917 ergo
903 2845 1242 2900 Christianos
1276 2843 1500 2913 pagani,
1528 2850 1582 2896 et
1608 2840 1752 2908 impii
1791 2856 1976 2894 eorum
2006 2856 2140 2907 quo-

551 2957 778 3010 rumque
822 2941 1130 3009 dogmatum
1175 2947 1493 3000 sectatores,
1519 2951 1635 3004 quas
1683 2934 1837 2988 nobis
1864 2932 2138 3001 religionis

553 3035 622 3089 sit
648 3036 812 3099 ratio,
846 3049 968 3102 qua:
997 3032 1200 3086 utilitas
1247 3029 1300 3082 in
1348 3028 1451 3082 ﬁde
1478 3026 1703 3088 Christi,
1728 3026 1887 3095 quive
1914 3025 1982 3078 sit
2028 3023 2138 3076 fru-

2239 1846 2345 1885 non
2378 1830 2626 1883 omnibus
2643 1825 3069 1896 jocunditatibus
3088 1820 3441 1892 prmposuerit
3467 1819 3703 1874 cretes-tis
3735 1832 3829 1888 pa-

2239 1922 2354 1974 tria:
2384 1919 2722 1974 cbaritatem.

2307 2011 2498 2081 (Vers.
2535 2008 2623 2078 7.)
2657 2006 2944 2070 Memento,
2991 2004 3208 2059 Domine
3231 2046 3244 2071 ,
3279 2004 3504 2072 filiorum
3545 1999 3737 2065 Edam,
3776 2002 3827 2053 in

2240 2105 2320 2156 die
2347 2104 2657 2158 Jerusalem.
2689 2103 2859 2155 llomo
2891 2100 3130 2154 Israelita
3157 2100 3295 2154 inter
3329 2099 3660 2169 alienigenas
3695 2111 3830 2150 con-

2239 2193 2457 2246 stitutus
2488 2201 2732 2260 preCatur
2765 2190 3045 2244 Dominum
3074 2198 3129 2242 ut
3160 2189 3487 2253 meminerit,
3523 2189 3647 2256 quia
3687 2186 3830 2240 inter

2241 2287 2379 2339 ﬁlios
2410 2284 2604 2352 Edoni,
2627 2284 2676 2338 id
2701 2294 2782 2337 est
2812 2283 2976 2347 Esau,
3003 2290 3056 2334 ct
3079 2281 3216 2335 inter
3248 2281 3389 2334 filios
3417 2278 3580 2334 Jacob
3605 2291 3832 2332 eooeor-

2240 2376 2327 2430 dia
2355 2389 2476 2429 esse
2501 2389 2606 2429 non
2639 2374 2846 2443 possit;
2873 2381 2928 2427 et
2953 2372 3060 2426 illa:
3086 2371 3382 2426 inimicitia:
3405 2377 3678 2435 maneant,
3697 2383 3833 2436 quas

2236 2466 2348 2536 jam
2380 2466 2432 2519 in
2476 2465 2666 2520 matris
2716 2473 2870 2519 utero
2909 2463 3247 2532 signiﬁcabat
3298 2461 3534 2516 nondum
3579 2469 3832 2515 natorum

2240 2560 2381 2614 lucta
2405 2559 2739 2628 geminorum
2767 2555 2928 2628 (Gen.
2960 2571 3082 2620 xxv,
3107 2555 3177 2608 25
3198 2553 3240 2624 ),
3269 2565 3290 2592 ε
3321 2565 3376 2610 et
3397 2563 3516 2623 post
3537 2553 3609 2606 ita
3635 2551 3833 2606 discre~

2242 2651 2315 2704 vit
2354 2649 2699 2720 prsescientia
2747 2648 3042 2712 Creatoris,
3095 2656 3150 2699 ut
3178 2646 3422 2708 diceret,
3462 2643 3622 2696 Jacob
3651 2643 3830 2706 dilexi,

2244 2742 2384 2795 Esau
2433 2751 2600 2794 autem
2655 2740 2771 2793 odio
2820 2738 2979 2791 habui
3015 2736 3240 2808 (Malam.
3281 2751 3318 2799 ι,
3347 2735 3438 2805 Ξ).
3468 2734 3616 2790 Unde
3643 2748 3835 2788 omnes

2242 2834 2334 2887 lilii
2364 2832 2738 2902 promissionis
2763 2845 3045 2901 personam
3072 2838 3268 2899 gerunt
3295 2828 3486 2895 Jacob,
3518 2828 3659 2881 Esau
3704 2841 3837 2882 vero

2245 2925 2462 2978 nomine
2494 2931 2602 2978 tota
2637 2936 2762 2991 pars
2785 2922 3083 2976 inﬁdelium
3112 2920 3393 2990 ﬁguratur.
3427 2917 3570 2974 Petit
3598 2919 3759 2986 igitur
3783 2927 3839 2972 ut

2249 3016 2560 3068 meminerit
2585 3015 2724 3068 Deus
2745 3012 3016 3082 quomodo
3040 3011 3180 3070 Esau
3205 3009 3560 3065 insurrexerit
3591 3010 3643 3061 in
3673 3006 3838 3061 Jacob

551 3139 703 3190 ctus;
748 3098 806 3178 et,
831 3098 1186 3192 interrogatio
1230 3133 1417 3173 eorum
1458 3131 1563 3170 non
1608 3115 1891 3170 veritatem
1919 3114 2035 3167 vult
2060 3114 2140 3169 di-
2167 3100 2213 3162 C
2250 3105 2421 3176 (Gen.
2446 3121 2620 3171 xxvii,
2655 3105 2717 3158 Η
2746 3103 2794 3173 );
2826 3103 3135 3157 meminerit
3183 3102 3344 3155 etiam
3396 3100 3538 3154 diem
3593 3098 3838 3154 laborum

554 3231 729 3279 scere,
763 3214 856 3269 sed
886 3213 1219 3268 credentium
1252 3209 1413 3264 corda
1443 3209 1684 3262 turbare.
1715 3205 1868 3261 Unde
1898 3221 1926 3258 a
1958 3204 2140 3258 talium

554 3305 775 3359 auribus
803 3301 1183 3371 suspendenda
1235 3307 1361 3353 sunt
1407 3313 1631 3365 organa,
1666 3312 1766 3351 nec
1810 3296 2139 3350 canticorum

561 3395 995 3465 hymnorumque
1040 3401 1348 3446 nostrorum
1399 3381 1736 3441 sacramenta
1800 3385 2082 3454 pandenda
2123 3399 2140 3450 ;

559 3485 588 3526 ι’
613 3501 680 3540 ne
703 3495 944 3539 sanctum
976 3483 1132 3536 detur
1158 3479 1383 3535 canibus
1402 3521 1415 3541 ,
1443 3488 1497 3532 et
1524 3479 1792 3546 jaciantur
1842 3477 2144 3545 margarita:

559 3586 684 3631 ante
727 3588 919 3645 porcos
951 3571 1185 3644 (Matth.
1219 3586 1328 3634 vn,
1371 3568 1457 3639 6).
1513 3567 1826 3621 Volentihus
1869 3567 2029 3635 igitur
2075 3564 2146 3619 de

560 3666 903 3722 confessione
950 3663 1070 3716 ﬁdei
1106 3670 1306 3715 nostra:
1359 3660 1628 3712 instruere
1664 3656 1960 3710 calumnias
1995 3668 2145 3721 suas,

560 3754 994 3826 respondendum
1022 3762 1101 3807 est
1133 3751 1274 3821 quod
1307 3750 1378 3803 ait
1407 3749 1684 3819 psalmus:

633 3847 813 3921 (Vers.
841 3843 933 3915 4,)
965 3842 1234 3912 Quomodo
1287 3842 1606 3895 cantabimus
1657 3839 1911 3893 canticum
1942 3837 2149 3891 Domini

561 3943 617 3996 in
646 3950 782 3994 terra
812 3937 1020 3990 aliena?
1050 3935 1220 3989 Homo
1239 3934 1453 3989 deditus
1482 3931 1651 3995 carni,
1685 3931 1898 3984 deditus
1926 3929 2146 3994 mundo,

564 4029 809 4085 serviens
853 4025 1204 4091 vanitatibus,
1239 4024 1430 4092 plenus
1461 4022 1771 4085 erroribus,
1805 4031 1945 4074 terra
1977 4021 2146 4074 aliena

566 4132 645 4176 est
675 4163 690 4188 ,
716 4122 769 4173 in
792 4134 892 4188 qua
919 4117 1023 4172 seri
1051 4130 1201 4169 sacra
1231 4115 1436 4167 semina
1456 4153 1470 4176 ,
1501 4128 1620 4182 quae
1654 4123 1778 4164 sunt
1804 4111 1984 4164 divina
2025 4125 2152 4163 can-

573 4212 662 4265 tici
690 4210 877 4273 verba,
901 4222 1006 4260 non
1038 4212 1261 4274 possunt
1293 4204 1455 4272 :quia
1480 4204 1582 4256 nisi
1611 4203 1661 4255 in
1694 4201 1844 4266 Sion,
1874 4202 1926 4255 id
1967 4210 2070 4266 est,
2099 4203 2151 4254 in

573 4303 834 4367 Ecclesia,
867 4315 972 4354 non
996 4312 1231 4366 congrue
1260 4295 1562 4350 celebratur
1584 4293 1763 4347 divina
1794 4292 2048 4346 laudatio.
2077 4292 2154 4348 Ne

571 4411 702 4465 ergo
730 4409 821 4463 per
850 4391 1146 4446 alienorum
1172 4387 1415 4456 contagia
1440 4384 1682 4452 quaedam
1704 4384 1941 4438 ccelestis
1967 4387 2152 4452 patriae

2245 3199 2570 3264 Jerusalem,
2616 3212 2735 3266 qum
2781 3194 3091 3264 superbiam
3145 3193 3340 3246 toleret
3381 3191 3696 3258 impiorum;
3747 3188 3836 3243 vel

2246 3290 2386 3342 diem
2413 3287 2688 3342 felicitatis
2715 3285 2852 3353 ejus,
2880 3298 2980 3353 qua
3011 3298 3040 3336 a
3063 3282 3324 3337 servitute
3353 3280 3678 3348 captivitatis
3707 3291 3840 3347 quo-

2247 3381 2375 3433 tidie
2403 3379 2632 3444 eruitur,
2658 3374 2684 3411 ἀ
2719 3385 2772 3430 et
2800 3375 2868 3428 ad
2899 3387 3115 3428 aiternae
3145 3373 3334 3442 patriae
3381 3372 3520 3426 bona
3548 3384 3682 3424 vera
3713 3383 3836 3438 per-

2247 3473 2495 3525 ducatur.
2533 3468 2633 3533 Qui
2655 3468 2918 3530 dixerunt,
2949 3465 3248 3528 Exinanite,
3279 3465 3554 3527 erinanite,
3587 3479 3743 3531 usque
3767 3461 3836 3513 ad

2249 3563 2640 3636 fundamentum
2679 3562 2734 3613 in
2770 3575 2850 3612 ea.
2895 3556 3343 3612 Persecutoribus
3393 3555 3571 3624 papuli
3607 3553 3703 3606 Dei
3734 3567 3841 3605 non

2249 3658 2453 3713 sufﬁcit
2478 3653 2886 3723 qualiscumque
2910 3650 3167 3713 vastatio;
3194 3648 3294 3702 nisi
3325 3647 3484 3702 etiam
3518 3644 3698 3709 ﬁdem,
3722 3657 3843 3711 quae

2249 3747 2419 3803 sancti
2445 3755 2527 3800 est
2561 3742 2775 3799 aedilicii
2825 3741 3254 3804 fundamentum,
3297 3751 3438 3792 saeva
3472 3734 3840 3790 exinanitiune

2251 3841 2593 3896 subvertant.

2323 3931 2518 4002 (Vers.
2545 3927 2642 3999 8.)
2675 3927 2816 3980 Filia
2841 3923 3120 3995 Babylonis
3153 3924 3356 3976 misera.
3387 3920 3502 3988 ipsa
3545 3925 3627 3973 est
3656 3915 3845 3971 eadem

2253 4037 2372 4091 qua:
2406 4019 2675 4089 Babylon;
2707 4032 2826 4086 quae
2851 4016 2904 4070 in
2935 4014 3228 4084 propagine
3259 4027 3352 4066 sua
3384 4021 3437 4065 et
3467 4019 3640 4063 mater
3661 4019 3713 4061 et
3739 4007 3846 4060 ﬁlia

2255 4125 2335 4170 est
2362 4133 2373 4166 :
2424 4122 2595 4167 mater
2638 4109 2972 4181 generando,
3002 4108 3108 4160 ﬁlia
3138 4103 3491 4160 succedendo.
3529 4101 3712 4155 Infelix
3741 4099 3850 4151 uti—

2255 4220 2360 4273 que
2409 4212 2462 4258 et
2491 4203 2708 4268 misera,
2762 4214 2885 4271 qua:
2928 4198 2995 4253 ad
3050 4196 3410 4268 perditionem
3462 4202 3518 4249 et
3559 4201 3851 4263 generatur

2268 4303 2323 4348 et
2351 4301 2595 4363 generat.

2333 4384 2514 4452 (Vers.
2557 4383 2612 4449 8,
2643 4380 2723 4451 9.)
2756 4379 2946 4434 Beatus
2971 4377 3058 4450 qui
3083 4376 3320 4432 retribuet
3347 4375 3438 4428 tibi
3466 4372 3855 4428 retributionem

570 4464 770 4556 irrepat
792 4484 1016 4546 oblivio,
1041 4479 1269 4550 quodam
1288 4475 1638 4548 jurejurando
1678 4474 2044 4530 conlirmanda
2074 4485 2156 4531 est
2183 4472 2236 4531 D
2264 4487 2421 4540 tuam,
2450 4491 2603 4545 quam
2625 4473 2901 4526 retribuisti
2944 4471 3109 4524 nobis.
3142 4468 3332 4522 Beatus
3360 4469 3446 4536 qui
3477 4466 3680 4528 tenebit,
3701 4475 3744 4516 et
3768 4464 3854 4514 al-

575 4577 726 4640 ﬁdes,
750 4584 804 4628 et
826 4572 1110 4627 dicendum
1148 4588 1160 4624 :

645 4667 824 4738 (Vers.
859 4663 940 4733 5.)
973 4664 1031 4718 Si
1061 4663 1246 4716 oblitus
1298 4660 1373 4713 tui
1430 4661 1596 4728 fuero,
1631 4656 1946 4722 Jerusalem,
1981 4659 2162 4712 oblivi-

573 4766 744 4810 scatur
770 4770 847 4807 me
872 4754 1080 4806 dextera
1103 4751 1468 4804 mea.Dextera
1493 4757 1677 4802 nostra
1704 4758 1786 4802 est
1812 4749 1915 4802 vita
1939 4757 2163 4815 aeterna,

576 4848 794 4921 sinistra
825 4853 908 4899 est
951 4844 1056 4896 vita
1089 4840 1403 4910 temporalis
1439 4858 1452 4894 :
1491 4840 1585 4894 illa
1634 4839 1786 4907 plena
1813 4853 1907 4908 spe
1936 4839 2170 4893 beatitu-

577 4939 743 5001 dinis,
793 4937 907 4990 luet:
937 4934 1093 5003 plena
1145 4931 1389 5001 periculo
1422 4931 1760 4999 perditionis.
1794 4929 2064 5000 Quidquid
2107 4930 2169 4984 ﬁt

579 5038 800 5097 propter
826 5027 988 5080 vitam
1014 5033 1294 5087 aeternam,
1323 5023 1545 5075 dextera
1568 5032 1825 5089 operatur
1849 5037 1863 5085 ;
1888 5023 2164 5076 sinistrum

581 5135 708 5174 vero
751 5127 834 5174 est
888 5114 1148 5185 quidquid
1200 5122 1422 5183 promer
1470 5112 1662 5180 gaudia
1717 5113 2022 5166 transitoria
2078 5123 2170 5168 aut

579 5221 794 5282 optatur
815 5215 907 5263 aut
931 5208 1139 5277 agitur;
1170 5213 1226 5259 et
1253 5204 1306 5258 in
1329 5202 1654 5257 oblivionem
1681 5202 1826 5256 venit
1855 5201 2073 5258 dextera
2099 5206 2170 5260 si-

655 5400 678 5427 α
723 5389 775 5470 In
812 5388 1126 5458 Augustino,
1161 5394 1415 5456 pracepta
1461 5382 1573 5447 Dei,
1624 5396 1756 5437 voce
1808 5383 1906 5438 hac
1957 5384 2052 5440 Dei
2093 5396 2172 5442 ter

584 5475 834 5516 l'(‘ll8lll:t.

671 5479 684 5510 ι
721 5477 834 5516 Illa.

653 5477 880 5598 lbeLugd.
914 5539 965 5583 et
993 5528 1216 5592 Lovan.,
1249 5540 1340 5580 nec
1365 5531 1627 5588 sanctum;
1679 5522 1842 5579 Duae.
1872 5533 1925 5577 et
1952 5525 2176 5593 Colon.,

588 5615 654 5653 ηε
676 5610 931 5652 sanctum.

665 5682 687 5707 ο
721 5668 884 5724 Forte
911 5668 1218 5735 legendum,
1250 5675 1298 5720 et
1327 5682 1470 5735 quos,
1506 5679 1632 5731 non,
1666 5675 1712 5719 et
1741 5673 1873 5734 post,
1903 5665 2039 5735 quod
2071 5670 2176 5722 ha-

2259 4570 2381 4622 lidct
2410 4567 2642 4635 parvulos
2671 4574 2783 4617 tuos
2820 4564 2890 4616 ad
2921 4571 3138 4633 petram.
3171 4560 3372 4614 Omnes
3427 4559 3601 4627 primo
3645 4563 3765 4608 ortu
3800 4553 3855 4606 in

2267 4658 2555 4729 Babylonia
2586 4655 2750 4726 geniti
2775 4669 2984 4719 sumus,
3011 4663 3064 4708 et
3095 4652 3162 4705 ab
3210 4652 3328 4719 ipso
3375 4648 3578 4703 carnali
3628 4645 3855 4700 exordio

2269 4748 2520 4818 parvulos
2549 4761 2648 4800 nos
2692 4746 2897 4814 accepit
2946 4742 3214 4798 mundana
3267 4739 3546 4802 conlusio;
3578 4752 3675 4790 nec
3700 4733 3853 4788 aliud

2272 4840 2551 4894 uobiscum
2580 4837 2688 4905 egit
2716 4835 2820 4889 hoc
2847 4835 3130 4898 saeculum,
3159 4848 3316 4902 quam
3345 4841 3402 4885 ut
3432 4846 3524 4900 per
3546 4831 3716 4883 varias
3738 4825 3860 4894 opi-

2273 4933 2464 4986 niones
2486 4937 2540 4983 et
2566 4927 2857 4982 diabolicas
2874 4934 3017 4980 artes
3041 4924 3273 4978 diversis
3295 4922 3688 4990 implicaremur
3707 4913 3863 4972 erro-

2272 5025 2441 5079 ribus.
2467 5021 2574 5077 Sed
2603 5021 2669 5074 de
2697 5022 2798 5074 hoc
2820 5017 3059 5088 generali
3091 5015 3232 5069 malo
3256 5016 3572 5067 innumeros
3602 5010 3736 5066 eruit
3764 5008 3862 5061 Dei

2273 5115 2464 5185 gratia,
2512 5121 2564 5166 et
2593 5111 2768 5164 adhuc
2816 5110 2959 5163 inter
3007 5108 3404 5164 oblectamenta
3434 5103 3712 5173 Babylonis
3744 5115 3865 5152 mo-

2275 5213 2478 5270 rantes,
2502 5202 2612 5272 jam
2644 5201 2782 5255 inter
2821 5199 3125 5256 Jerusalem
3155 5205 3429 5267 computat
3455 5196 3622 5263 cives,
3656 5201 3677 5232 ε
3721 5205 3866 5259 quos

2279 5387 2412 5441 bent
2433 5401 2620 5439 omnes
2648 5385 2776 5440 editi
2799 5384 2990 5441 nostri.

2353 5456 2379 5493 ά
2405 5456 2656 5510 Fortasse
2684 5457 2851 5524 legas,
2884 5464 2961 5516 ut,
2993 5468 3098 5507 non
3126 5460 3244 5505 et...
3277 5451 3605 5522 perducatur,
3637 5452 3720 5499 aut
3753 5443 3868 5498 sal-

2283 5538 2388 5584 tem
2418 5527 2736 5596 perducilur,
2762 5543 2858 5593 pro
2881 5525 3214 5596 perducatur.

2413 5591 2539 5652 Sola
2571 5591 2818 5667 Lugdun.
2842 5591 3028 5661 editio,
3059 5591 3194 5662 quod
3223 5592 3311 5660 qui
3337 5591 3508 5645 beatus
3530 5597 3622 5653 est,
3648 5592 3755 5639 etc.
