4026 6176
307 280 425 337 593

961 281 1378 339 PSALMORUM
1421 287 1463 339 A
1504 283 1545 339 C
1585 285 1677 339 AD
1716 285 1802 340 CL
1841 283 2226 343 EXPOSITIO.
2273 287 2466 344 PSAL.
2507 286 2840 345 CXXXVIII.

3485 295 3589 350 50l-

315 396 406 462 ιιιιί
436 393 623 448 beatus
651 403 754 459 est,
783 402 838 450 et
859 395 1044 451 beatos
1067 400 1211 462 facit,
1235 401 1378 455 eruit
1401 401 1470 456 de
1495 401 1734 456 tenebris
1754 411 1810 457 et
1834 402 1903 458 de
1931 408 1979 464 Α
2008 401 2336 460 desiderium
2376 414 2430 460 et
2450 405 2520 462 ab
2543 408 2690 462 omni
2716 407 2917 462 carnali
2955 408 3251 478 cupiditate
3278 423 3586 482 purgatum.

313 501 592 560 potestate
626 496 974 550 tenebrarum
999 496 1219 566 (Coloss.
1246 498 1417 567 ι,15),
1445 511 1507 552 ιιι
1540 498 1652 554 sint
1685 500 1782 554 filii
1811 500 1896 554 Iu-

314 583 404 635 cis
436 592 490 636 et
518 585 691 653 regni,
723 587 862 640 allisi
886 590 950 640 ad
977 603 1183 656 petram
1204 587 1505 655 Christum,
1526 601 1586 644 ut
1608 591 1894 645 moriendo

308 676 544 741 mundo,
573 677 822 732 viverent
867 677 1001 744 Deo,
1030 678 1228 748 dejecti
1256 690 1313 735 et
1339 681 1530 745 erecti,
1571 683 1826 736 destructi
1852 691 1909 737 et

305 768 568 822 aedificati
593 808 610 834 ,
640 767 692 822 in
725 769 998 836 pulverem
1027 771 1371 839 comminuti,
1397 781 1451 828 et
1475 772 1530 827 in
1555 780 1729 842 petra,
1757 781 1906 842 petra

308 861 679 924 instaurante,
705 860 943 914 solidati.

689 950 848 1023 597
890 950 1201 1009 PSALMUS
1235 951 1546 1009 cxxxvn.

397 1045 580 1114 (Vers.
613 1045 692 1113 1.)
735 1043 1029 1112 Confitebor
1066 1046 1190 1110 tibi,
1234 1045 1490 1114 Domine,
1525 1048 1579 1101 in
1613 1057 1720 1101 toto
1758 1049 1911 1103 corde

309 1153 472 1202 meo,
512 1138 755 1206 quoniam
795 1137 987 1190 audisti
1025 1139 1198 1191 omnia
1227 1137 1378 1192 verba
1405 1141 1508 1193 oris
1546 1142 1663 1194 mei.
1709 1138 1909 1198 Psalmi

315 1227 516 1280 titulus
543 1226 644 1279 sub
675 1228 895 1281 nomine
927 1227 1088 1281 David
1119 1243 1240 1282 eum
1272 1229 1581 1301 signiﬁcat,
1609 1230 1700 1300 qui
1732 1239 1816 1285 est
1842 1244 1909 1286 ex

308 1319 528 1374 semine
568 1317 740 1372 David
783 1319 1083 1373 secundum
1124 1334 1342 1373 carnem
1385 1319 1586 1390 (Rom.
1615 1321 1801 1389 1,3),
1842 1320 1910 1375 ad

310 1423 482 1478 quem
526 1408 838 1477 prophetica
878 1417 961 1462 est
998 1408 1206 1464 directa
1234 1409 1539 1476 confessio,
1572 1426 1694 1480 quae
1733 1410 1911 1467 laudis

313 1510 408 1555 est
449 1501 683 1565 divinae,
726 1513 831 1554 non
885 1499 1183 1570 iniquitatis
1229 1501 1498 1557 humanae.
1545 1503 1913 1559 Confessionis

313 1593 467 1648 enim
519 1593 738 1648 nomine
786 1593 922 1648 solet
969 1594 1196 1650 indicari
1242 1596 1514 1653 confessio
1559 1598 1911 1667 paenitentis;

313 1684 420 1738 sed
452 1683 540 1738 hic
570 1682 946 1738 manifestatur
973 1686 1260 1752 gratulatio
1289 1687 1584 1743 laudatoris
1605 1730 1619 1752 ,
1652 1704 1770 1759 quae
1799 1699 1913 1744 toto

2005 495 2097 560 Si,
2142 495 2519 564 Multiplicabis
2561 514 2674 566 me,
2723 500 3092 555 tantummodo
3139 502 3378 568 diceret,
3423 505 3591 560 videri

2005 595 2215 654 poterat
2252 597 2462 642 terrena
2506 587 2682 655 aliqua
2715 592 3039 660 conceptio;
3071 592 3164 647 sed
3194 607 3314 648 cum
3346 595 3590 660 addidit,

2005 675 2034 714 δ
2064 678 2118 730 in
2139 678 2382 748 justitia,
2415 678 2549 734 nihil
2576 690 2662 735 εει
2691 680 2832 749 quod
2864 681 3033 750 possit
3061 683 3271 750 plenius
3314 693 3368 739 et
3409 688 3590 754 perfe-

2005 767 2146 822 ctius
2179 769 2437 834 postulari
2468 787 2480 822 :
2511 772 2636 839 quia
2661 771 2860 826 summi
2895 771 3024 826 boni
3050 772 3369 842 significatio
3413 785 3498 832 est
3538 779 3592 832 in

2006 860 2367 930 appellatione
2399 861 2628 918 virtutis.

2079 949 2258 1018 (Vers.
2285 949 2372 1019 4.)
2405 950 2758 1020 Conﬁteantur
2788 955 2912 1021 tibi,
2946 953 3198 1026 Domine,
3241 975 3415 1015 omnes
3452 977 3594 1034 reges

2009 1050 2192 1108 terra,
2222 1046 2461 1112 quoniam
2497 1045 2775 1100 audierunt
2817 1048 2991 1102 omnia
3021 1052 3174 1104 verba
3201 1052 3306 1105 oris
3337 1054 3429 1107 tui.
3465 1054 3596 1108 Ubi-

2009 1148 2116 1203 que
2165 1134 2510 1204 Evangelium
2559 1135 2945 1205 praedicabitur
2995 1138 3231 1208 (Matth.
3263 1157 3412 1207 xxtv,
3448 1142 3593 1214 M),

2013 1226 2208 1295 ubique
2234 1227 2528 1294 apostolica
2557 1228 2802 1283 doctrina
2831 1229 3089 1286 discetur.
3123 1231 3188 1284 In
3219 1249 3419 1287 omnem
3447 1236 3593 1290 enim

2013 1325 2201 1369 terram
2225 1317 2378 1370 exivit
2400 1333 2555 1372 sonus
2580 1335 2754 1373 eorum
2773 1359 2790 1385 ,
2814 1329 2861 1372 et
2887 1321 2939 1374 in
2965 1321 3091 1389 ﬁnes
3116 1323 3249 1376 orbis
3275 1331 3423 1379 teme
3446 1327 3598 1380 verba

2013 1423 2186 1461 eorum
2211 1405 2549 1478 (Psal.xvnt,
2570 1411 2651 1481 5).
2677 1409 3031 1480 Con/iteantur
3053 1427 3182 1484 ergo
3211 1416 3320 1481 tibi,
3350 1415 3592 1482 Domine,

2015 1515 2188 1553 omnes
2214 1516 2360 1570 reges
2387 1509 2578 1568 terrae;
2606 1511 2661 1558 et
2688 1503 2809 1570 quia
2841 1519 2947 1559 non
2979 1505 3178 1562 habent
3208 1511 3592 1566 necessitatem

2016 1588 2330 1646 sublimiora
2355 1592 2631 1660 cupiendi,
2662 1593 2885 1648 laudent
2912 1604 2965 1651 te
2992 1597 3061 1652 de
3089 1599 3411 1656 excellentia
3435 1619 3593 1669 quam

2016 1680 2247 1747 dedisti,
2273 1683 2397 1752 quia
2423 1683 2591 1740 latere
2615 1701 2711 1741 eos
2731 1687 2842 1756 jam
2872 1704 2978 1744 non
3002 1699 3216 1761 potest,
3242 1694 3382 1764 quod
3411 1710 3597 1752 eorum

316 1773 490 1829 corde
517 1772 813 1843 profertur,
845 1775 968 1844 quia
997 1776 1142 1830 nulla
1174 1777 1246 1831 illi
1277 1777 1377 1832 alia
1410 1777 1625 1834 aﬂ‘ectio
1655 1779 1910 1846 sociatur;
1942 1765 1990 1825 Β
2016 1781 2225 1839 sceptra
2258 1782 2345 1826 Wa
2374 1771 2513 1828 dona
2542 1785 2688 1830 sum.

317 1874 380 1920 et
410 1865 533 1920 ideo
563 1865 816 1920 exaudita
844 1873 973 1920 sunt
1010 1867 1174 1922 verba
1219 1869 1332 1924 oris
1375 1869 1531 1936 ejus;
1574 1869 1731 1939 cujus
1765 1872 1909 1937 oris,

317 1957 430 2012 nisi
459 1959 674 2024 cordis,
718 1958 863 2013 unde
909 1969 1130 2014 sumunt
1177 1960 1294 2029 ipsa
1344 1961 1509 2016 verba
1553 1962 1914 2034 principium?

317 2049 402 2104 Ea
433 2049 506 2104 ibi
535 2050 755 2104 auribus
787 2050 876 2104 Dei
905 2064 1011 2105 vox
1039 2052 1239 2106 mentis
1268 2051 1505 2108 auditur.

400 2139 587 2209 (Vers.
612 2141 665 2208 1,
689 2139 772 2210 ‘2.)
807 2137 874 2193 In
902 2152 1173 2208 conspectu
1200 2143 1500 2212 angelorum
1543 2143 1768 2214 psallam
1803 2147 1916 2201 tibi.

324 2232 574 2285 Adorabo
602 2231 672 2284 ad
701 2230 948 2300 templum
973 2240 1210 2285 sanctum
1238 2240 1384 2286 tuum
1402 2273 1419 2300 ,
1451 2242 1498 2288 et
1526 2235 1801 2304 conﬁtebor
1833 2253 1919 2290 no-

319 2323 454 2375 mini
482 2332 589 2376 tuo.
620 2320 793 2391 Super
819 2321 1171 2376 misericordia
1201 2331 1296 2378 tua
1321 2331 1371 2378 et
1399 2325 1608 2380 ueritate
1635 2335 1741 2379 tua.
1774 2327 1830 2382 Si
1864 2329 1916 2383 in

323 2431 458 2470 vera
491 2415 853 2472 exsultatione
881 2415 1062 2469 cordis
1103 2415 1422 2486 spiritaliter
1463 2418 1570 2472 Deo
1603 2419 1918 2487 psallimus,

326 2520 516 2560 coram
567 2503 772 2576 angelis
818 2506 1139 2574 psallimus:
1185 2505 1310 2574 quia
1357 2521 1463 2562 non
1514 2516 1769 2577 terrena,
1823 2510 1918 2564 sed

330 2597 580 2653 ctelestia
611 2598 886 2666 sapimus,
926 2597 978 2650 in
1019 2611 1127 2666 quo
1170 2597 1383 2665 pietatis
1423 2597 1606 2653 officio
1646 2598 1921 2654 beatitudo

321 2691 548 2746 excellit
577 2690 841 2760 angelica.
874 2688 1006 2744 Nam
1035 2689 1275 2744 carnalia
1306 2689 1578 2744 desideria
1625 2705 1732 2744 non
1777 2691 1923 2760 psal-

326 2786 451 2838 lunt
472 2824 488 2848 ,
519 2783 622 2837 nisi
649 2797 834 2837 coram
868 2781 1179 2836 hominibus
1201 2821 1216 2846 ,
1246 2795 1477 2851 quorum
1519 2796 1580 2835 se
1617 2782 1780 2836 animi
1826 2796 1920 2836 su-

326 2889 431 2946 pra
463 2884 678 2930 terrena
707 2889 816 2928 non
847 2873 1097 2942 erigunt,
1138 2879 1196 2927 et
1224 2871 1316 2942 qui
1359 2881 1668 2928 sanctorum
1713 2872 1922 2943 gaudiis

325 2970 600 3022 interesse
629 2979 738 3020 non
782 2973 1049 3033 possunt:
1095 2965 1222 3034 quia
1266 2980 1366 3020 nec
1405 2966 1636 3019 adorant
1674 2964 1740 3018 ad
1787 2974 1922 3021 tem-

328 3061 486 3131 plum
517 3067 762 3114 sanctum
796 3059 925 3126 Dei,
957 3055 1102 3127 quod
1141 3066 1224 3112 est
1251 3055 1586 3122 Jerusalem,
1621 3070 1726 3112 una
1758 3057 1919 3112 simul

324 3125 392 3206 et
421 3161 594 3204 mater
619 3157 676 3204 et
703 3148 809 3201 filia
832 3189 846 3214 ,
877 3125 1048 3201 mater
1080 3148 1130 3200 in
1174 3146 1412 3216 angelis,
1447 3146 1554 3200 [ilia
1596 3146 1648 3199 in
1691 3145 1920 3200 homini-
1948 3125 1994 3186 Ο

329 3243 437 3296 bus
458 3281 472 3303 ,
502 3239 694 3307 quibus
723 3239 919 3292 dicitur
945 3255 957 3290 :
996 3235 1267 3305 Templum
1295 3237 1390 3291 Dei
1428 3238 1546 3292 estis
1570 3279 1584 3302 ,
1626 3246 1673 3292 et
1697 3237 1924 3309 Spiritus

342 3331 437 3384 Dei
466 3329 657 3382 habitat
686 3329 740 3381 in
768 3328 906 3381 vobis
933 3325 990 3397 (Ι
1013 3325 1133 3380 Cor.
1159 3343 1246 3392 ιιι,
1277 3326 1398 3396 16).
1429 3327 1713 3383 Confessio
1743 3337 1924 3384 autem

331 3420 590 3490 religiosa
621 3419 904 3474 veritatem
936 3426 992 3472 et
1031 3418 1461 3474 misericordiam
1497 3419 1590 3474 Dei
1621 3419 1878 3489 pradicat
1908 3436 1922 3474 :

331 3514 621 3568 veritatem
669 3511 722 3564 in
768 3507 1100 3580 iudicando,
1151 3508 1581 3564 misericordiam
1626 3510 1679 3564 in
1724 3511 1924 3566 subve-

331 3603 558 3659 niendo.
593 3603 707 3658 Non
738 3603 884 3657 enim
914 3601 1034 3656 alia:
1061 3611 1187 3656 sunt
1216 3602 1316 3656 viae
1345 3603 1544 3671 quibus
1576 3601 1644 3656 ad
1686 3618 1787 3657 nos
1827 3619 1925 3659 ve-

331 3696 455 3759 nit,
482 3703 576 3748 aut
603 3694 722 3747 alia:
764 3693 960 3764 quibus
1001 3706 1101 3748 nos
1140 3694 1205 3746 ad
1248 3707 1308 3747 se
1352 3693 1622 3761 provehit.
1670 3694 1927 3760 Quoniam

331 3785 683 3856 magniﬁcasti
714 3793 738 3820 ι
768 3798 924 3851 super
961 3799 1054 3836 nos
1096 3799 1280 3837 nomen
1325 3792 1558 3837 sanctum
1603 3794 1769 3838 tuum.
1817 3785 1927 3839 IIIa-

331 3877 620 3950 gniﬁcavit
668 3876 929 3932 Dominus
976 3892 1140 3947 super
1186 3891 1377 3932 omnes
1425 3891 1626 3932 nomen
1679 3887 1926 3933 sanctum

335 3985 541 4035 suum,
573 3983 734 4038 super
778 3967 1050 4022 Abraham
1073 4008 1088 4034 ,
1133 3977 1188 4023 et
1231 3968 1420 4035 Isaac,
1449 3977 1504 4023 et
1529 3968 1696 4024 Jacob
1717 4012 1731 4037 ,
1765 3983 1930 4038 super

341 4059 634 4114 duodecim
670 4058 839 4113 tribus
869 4057 1074 4124 Israel,
1106 4073 1240 4129 quas
1268 4070 1450 4114 erutas
1480 4059 1548 4115 de
1585 4061 1719 4130 jugo
1749 4062 1927 4116 servi~

340 4153 482 4205 tntis
511 4149 808 4204 introduxit
847 4150 900 4204 in
944 4159 1145 4206 terram
1191 4151 1613 4219 promissionis;
1662 4162 1718 4208 et
1764 4169 1929 4224 super

334 4244 628 4298 universas
675 4242 952 4305 nationes,
1002 4242 1071 4299 de
1121 4244 1314 4314 quibus
1363 4253 1637 4315 tamquam
1682 4247 1749 4302 de
1795 4248 1932 4317 lapi-

338 4336 507 4391 dibus
532 4335 754 4390 suscitat
780 4334 1026 4405 quotidie
1056 4335 1200 4391 ﬁlios
1225 4336 1456 4391 Abrahae
1487 4336 1701 4407 (Matth.
1729 4355 1785 4406 ut
1805 4380 1819 4405 ,
1847 4338 1926 4409 9).

343 4427 420 4484 Ut
448 4428 502 4480 in
529 4427 732 4480 nomine
762 4425 966 4479 Domini
993 4423 1118 4481 Jesu
1147 4442 1295 4480 omne
1320 4444 1452 4498 genu
1488 4430 1750 4498 flectatur,
1781 4430 1927 4484 cale-

2089 1861 2368 1932 (Vers.5.)
2395 1863 2460 1918 Et
2481 1875 2683 1920 cantent
2706 1867 2758 1920 in
2781 1869 2874 1923 viis
2896 1870 3124 1940 Domini,
3152 1879 3393 1943 quoniam
3410 1895 3598 1948 magna

2016 1951 2187 2021 gloria
2215 1953 2438 2015 Domini.
2467 1955 2522 2010 In
2553 1958 2746 2026 quibus
2771 1961 2904 2027 viis,
2930 1964 3031 2018 nisi
3057 1965 3124 2020 de
3151 1967 3349 2035 quibus
3375 1969 3598 2037 dicitur,

2021 2040 2286 2098 Universae
2328 2045 2422 2100 vim
2463 2045 2714 2114 Domini,
2745 2051 3092 2108 misericordia
3116 2063 3165 2109 et
3194 2059 3378 2114 veritas
3407 2061 3425 2130 (
3447 2060 3595 2117 Psai.

2023 2149 2183 2200 xxiv,
2213 2133 2342 2208 10)?
2373 2148 2431 2191 ut
2460 2136 2589 2193 dum
2619 2143 2799 2197 omnia
2830 2157 2994 2213 opera
3028 2146 3124 2202 Dei
3155 2149 3209 2203 in
3241 2149 3325 2206 his
3350 2167 3602 2210 consum-

2019 2234 2253 2292 mantur,
2288 2241 2451 2283 nemo
2491 2228 2596 2285 nisi
2624 2231 2678 2286 in
2707 2232 2878 2302 ipsius
2905 2236 3074 2304 gloria
3103 2238 3385 2308 glorietur.

2093 2317 2273 2388 (Vers.
2307 2317 2390 2388 6.)
2423 2320 2676 2386 Quoniam
2703 2325 2930 2380 eacelsus
2973 2327 3255 2398 Dominus,
3298 2343 3348 2387 et
3386 2335 3604 2392 humilia

2020 2410 2257 2480 respicit,
2292 2419 2339 2464 et
2365 2411 2471 2466 alta
2498 2429 2532 2466 ιι
2560 2413 2709 2488 longe
2734 2418 2987 2488 agnoscit.
3031 2419 3143 2477 Sub
3185 2424 3359 2478 Oculis
3393 2426 3603 2485 Domini

2019 2515 2102 2559 est
2133 2514 2187 2560 et
2219 2504 2436 2561 humilis
2463 2516 2519 2562 et
2546 2508 2743 2564 elatus.
2772 2509 2879 2566 Sed
2920 2510 3180 2568 humilem
3221 2518 3340 2584 quia
3391 2520 3561 2588 placet
3584 2563 3600 2585 ,

2022 2599 2296 2666 proximus
2326 2599 2507 2667 videt;
2538 2605 2827 2672 superbum
2850 2646 2864 2672 ,
2910 2607 3035 2675 quia
3074 2607 3358 2677 displicet,
3393 2615 3603 2683 longis-

2019 2705 2160 2757 quus
2196 2694 2478 2762 agnoscit;
2524 2704 2580 2750 et
2619 2709 2744 2750 cum
2779 2696 2932 2762 juxta
2973 2697 3048 2752 sit
3088 2698 3173 2755 his
3213 2702 3300 2769 qui
3347 2703 3603 2761 tribulan

2022 2789 2152 2835 sunt
2179 2780 2342 2835 corde
2369 2781 2521 2852 (Psal
2557 2801 2741 2852 χχχιιι,
2773 2791 2858 2860 19)
2892 2792 3053 2863 longe
3087 2802 3268 2847 tamen
3291 2800 3375 2847 est
3402 2808 3432 2847 a
3462 2807 3591 2863 pec-

2023 2869 2303 2925 catoribus
2325 2871 2475 2928 salus
2499 2873 2668 2946 (Psal.
2695 2895 2879 2948 cxvnt,
2922 2883 3070 2953 155).

2093 2964 2275 3034 (Vers.
2305 2964 2386 3034 7.)
2412 2968 2473 3021 Si
2495 2966 2818 3022 ambulavero
2842 2969 2896 3022 in
2925 2971 3090 3024 medio
3121 2972 3463 3030 tribulationis
3482 3021 3496 3045 ,
3524 2980 3605 3031 vi-

2023 3054 2252 3121 viﬁeabis
2281 3071 2379 3110 me.
2409 3055 2465 3111 Si
2499 3058 2787 3125 praesentia
2810 3099 2825 3124 ,
2858 3057 3067 3129 inquit,
3095 3077 3202 3116 non
3233 3077 3486 3121 amavero
3508 3108 3523 3133 ,
3553 3079 3608 3123 et

2027 3142 2074 3198 si
2100 3143 2165 3199 ad
2196 3144 2584 3211 promissiones
2610 3154 2730 3201 tuas
2758 3149 2981 3204 tendens
3002 3190 3017 3216 ,
3065 3153 3296 3208 terrenis
3336 3155 3608 3212 illecebris

2027 3250 2134 3288 non
2179 3235 2482 3300 inhaesero,
2533 3236 2826 3293 vivificabis
2872 3253 2996 3306 me,
3049 3248 3106 3295 et
3148 3242 3258 3297 cito
3301 3247 3604 3302 exaudics:

2027 3328 2150 3396 quia
2180 3327 2580 3383 tribulationem
2613 3328 2745 3383 mihi
2783 3329 3014 3386 aiierent
3052 3336 3372 3403 temporalia
3394 3378 3408 3401 ,
3449 3353 3609 3407 quem

2028 3433 2154 3487 spes
2181 3418 2373 3474 invitat
2401 3429 2629 3475 eterna.
2662 3420 2834 3490 Super
2861 3421 2992 3476 iram
3020 3423 3345 3480 inimicorum
3381 3444 3611 3484 meorum

2027 3510 2296 3564 extendisti
2336 3525 2544 3565 manum
2581 3521 2720 3565 tuam
2741 3556 2756 3581 ,
2795 3521 2845 3567 et
2882 3514 3078 3568 salsum
3116 3532 3193 3569 me
3243 3517 3365 3588 fecit
3404 3521 3610 3574 dextera

2028 3611 2136 3654 tua.
2164 3601 2458 3670 Protectio,
2483 3602 2677 3672 inquit,
2703 3604 2904 3658 brachii
2934 3606 3007 3660 tui
3038 3605 3280 3662 defendit
3306 3625 3392 3663 me
3417 3610 3486 3663 ab
3506 3611 3611 3665 ini-

2029 3690 2184 3746 micis
2213 3693 2349 3747 meis
2368 3732 2382 3756 ,
2411 3703 2467 3748 et
2497 3703 2554 3746 ut
2581 3695 2998 3750 adversitatibus
3029 3713 3136 3751 non
3179 3698 3446 3768 vincerer,
3487 3703 3612 3762 [scit

2028 3782 2248 3837 dextera
2281 3792 2370 3836 tua
2389 3821 2404 3847 ,
2437 3797 2555 3849 quae
2585 3799 2673 3838 me
2700 3799 2730 3838 a
2761 3785 2997 3841 sinistris
3026 3788 3278 3843 omnibus
3308 3790 3574 3847 liberavit.

2099 3873 2280 3943 (Vers.
2311 3873 2393 3942 8.)
2426 3873 2642 3928 Domine
2662 3915 2676 3938 ,
2706 3875 2925 3929 retribue
2953 3891 3046 3948 pro
3075 3894 3174 3931 me.
3210 3879 3322 3948 Ego
3347 3920 3362 3944 ,
3394 3880 3568 3952 inquit
3595 3927 3612 3949 ,

2028 3965 2243 4021 debitor
2264 3979 2382 4020 sum
2402 4005 2419 4029 ,
2443 3974 2496 4020 et
2527 3975 2549 4004 ο
2578 3965 2887 4022 conditione
2915 3969 3114 4038 proprii
3140 3968 3308 4026 debiti
3338 3972 3474 4030 liber
3495 3990 3616 4032 esse

2029 4074 2138 4114 non
2168 4072 2386 4128 possum
2415 4057 2471 4128 (ι
2496 4056 2616 4112 Cor.
2644 4073 2754 4126 vn,
2775 4058 2916 4130 21);
2949 4070 3005 4116 tu
3028 4103 3042 4128 ,
3086 4062 3317 4120 Domine
3339 4105 3356 4129 ,
3403 4081 3501 4137 pro
3529 4088 3616 4126 me

2028 4151 2330 4217 retribues,
2362 4150 2451 4220 qui
2496 4149 2628 4204 nihil
2670 4151 2877 4217 debes;
2929 4162 2983 4208 et
3029 4153 3123 4224 qui
3166 4163 3437 4226 mortem,
3486 4159 3616 4214 dum

2030 4243 2262 4299 moreris
2283 4285 2298 4310 ,
2329 4243 2534 4298 occidis
2558 4284 2574 4306 .
2605 4243 2824 4299 solvens
2862 4259 2984 4300 mea
3005 4286 3020 4310 ,
3053 4258 3112 4301 ut
3141 4260 3338 4319 sequar
3367 4262 3480 4307 tua.
3513 4253 3620 4308 De-

2029 4338 2198 4404 mine,
2239 4335 2592 4391 misericordia
2627 4345 2714 4390 tua
2740 4337 2793 4390 in
2835 4347 3125 4392 wternum:
3171 4357 3327 4413 opera
3369 4359 3618 4401 manuum

2031 4438 2238 4482 tuarum
2281 4442 2346 4482 ne
2383 4428 2659 4497 despicias.
2699 4426 2893 4493 Illam,
2938 4429 3145 4500 inquit,
3189 4433 3620 4491 misericordiam

338 4518 536 4582 stium,
585 4519 929 4582 terrestrium,
970 4525 1018 4571 et
1062 4517 1416 4586 infernarum,
1457 4528 1502 4572 et
1545 4521 1710 4574 omnis
1749 4519 1932 4592 lingua
1958 4510 2012 4569 Ι)
2038 4532 2259 4589 quaero,
2293 4532 2396 4588 qua
2427 4518 2812 4586 temporalibus
2851 4519 3029 4585 eruis,
3071 4529 3127 4575 et
3154 4520 3222 4576 ad
3254 4532 3456 4578 aeterna
3489 4541 3616 4592 per-

339 4607 676 4677 eonﬁteatur,
702 4608 825 4676 quia
854 4606 1103 4662 Dominus
1128 4605 1280 4662 Iesus
1307 4607 1539 4664 Christus
1566 4610 1621 4664 in
1658 4610 1828 4682 gloria
1855 4624 1932 4668 est

337 4701 446 4756 Dei
474 4699 648 4753 Patris
678 4697 903 4770 (Philip.
928 4714 996 4764 ιι,
1018 4701 1086 4756 10
1107 4709 1156 4754 et
1179 4700 1291 4771 11).

418 4793 594 4863 (Vers.
621 4790 703 4863 ὅ.)
732 4789 800 4844 In
825 4807 1142 4861 quocumque
1167 4791 1250 4845 die
1278 4793 1571 4849 invocavero
1594 4804 1671 4860 te,
1698 4797 1935 4851 uelociter

339 4884 536 4941 mudi
559 4901 656 4938 me.
681 4886 859 4949 Quare
887 4883 1181 4939 velociter?
1199 4883 1332 4951 Quia
1364 4887 1479 4953 ipse
1505 4885 1720 4952 dixisti,
1751 4887 1934 4943 Adhuc

338 4981 584 5047 loquente
613 4985 679 5042 te,
713 4978 904 5040 dicam,
935 4974 1069 5030 Ecce
1095 4975 1280 5028 adsum
1309 4974 1462 5048 (Isai.
1487 4991 1633 5042 LVIII,
1659 4975 1932 5048 9).Quare

335 5070 649 5127 velociter?
676 5069 810 5136 Quia
847 5083 951 5123 non
981 5068 1038 5124 in
1067 5069 1280 5125 diversa
1313 5070 1495 5136 tendo,
1529 5085 1630 5125 nec
1657 5072 1932 5142 superﬂua

334 5164 715 5233 concupisco;
748 5161 842 5216 sed
872 5161 1014 5230 quod
1046 5161 1276 5216 docuisti
1309 5163 1454 5230 peti,
1489 5162 1591 5217 hoc
1634 5164 1764 5217 mihi
1808 5179 1937 5219 con-

336 5258 570 5326 cupisco
597 5255 859 5325 praestari.
895 5253 1268 5324 Multiplicabis
1295 5271 1374 5308 me
1400 5256 1454 5308 in
1483 5255 1658 5308 anima
1695 5271 1841 5318 mea,
1883 5258 1937 5311 in

334 5351 531 5402 uirtute
580 5345 760 5400 multa.
803 5344 968 5416 498
1016 5345 1346 5414 Expressum
1402 5355 1588 5402 votum
1641 5347 1936 5403 secundum

423 5521 448 5548 ⁸
483 5510 677 5570 Forte,
708 5522 861 5578 super
885 5521 1086 5571 omnes,
1119 5515 1178 5559 ut
1206 5505 1500 5560 resumitur
1529 5504 1927 5578 inexplicatio-

345 5598 448 5643 ne,
483 5588 575 5633 aut
600 5595 749 5648 super
765 5576 950 5648 omne,
1005 5587 1063 5648 ut
1089 5579 1140 5630 in
1171 5577 1468 5648 Augustino
1495 5585 1548 5630 et
1581 5576 1801 5642 Vulgata
1833 5591 1930 5630 no~

340 5666 463 5711 stra
495 5670 506 5702 :
540 5647 670 5702 licet
690 5647 820 5702 editi
851 5647 1016 5700 nostri
1044 5662 1235 5701 omnes
1267 5647 1530 5711 habeant,
1559 5662 1713 5714 super
1752 5662 1866 5699 nos.

420 5722 448 5764 δ
490 5719 644 5792 Apud
686 5719 1039 5786 Augustinum
1077 5717 1195 5784 hic,
1226 5718 1280 5772 in
1315 5719 1534 5785 uirtute,
1577 5726 1635 5772 ut
1661 5715 1823 5772 etiam
1853 5731 1946 5772 su-

635 5812 914 5874 Pnnoa.
962 5808 1062 5870 LI.

2038 4610 2211 4677 ducis,
2241 4609 2489 4666 Domine.
2519 4608 2690 4681 Opera
2718 4625 2961 4663 manuum
2993 4621 3198 4667 tuarum
3228 4628 3291 4666 ne
3322 4613 3578 4683 despicias
3599 4632 3621 4671 :

2036 4703 2172 4770 Quia
2214 4703 2332 4757 sive
2376 4703 2428 4756 in
2473 4715 2539 4756 eo
2583 4700 2728 4770 quod
2775 4699 3024 4756 homines
3067 4718 3292 4768 sumus,
3322 4705 3436 4760 sive
3468 4706 3521 4761 in
3552 4723 3618 4762 eo

2039 4795 2184 4864 quod
2211 4810 2277 4850 ex
2304 4803 2486 4848 nostra
2517 4792 2794 4861 impietate
2819 4794 3006 4847 mutati
3033 4802 3086 4847 et
3108 4795 3386 4863 justificati
3412 4811 3620 4860 sumus.

2041 4897 2253 4942 tuarum
2287 4899 2541 4940 manuum
2571 4894 2698 4939 sunt
2727 4899 2890 4953 opera
2911 4925 2926 4950 ,
2960 4886 3158 4954 quibus
3186 4901 3286 4941 nos
3328 4896 3385 4941 et
3429 4888 3620 4943 condis
3713 4913 3716 4918 υ

2041 4989 2097 5038 et
2125 4995 2375 5037 renovas.

2393 5070 2559 5142 499
2587 5069 2902 5126 PSALMUS
2929 5067 3256 5124 cxxxvnt.

2111 5166 2294 5234 (νει-ε.
2326 5165 2379 5227 1,
2406 5165 2490 5232 ἓ.)
2524 5162 2778 5229 Domine,
2824 5161 3052 5232 probasti
3091 5177 3206 5226 me,
3255 5171 3306 5215 et
3349 5163 3625 5232 cognovisti

2046 5273 2144 5310 me.
2177 5256 2254 5309 Tu
2281 5255 2561 5328 cognovisti
2591 5256 2866 5308 sessionem
2894 5269 3056 5306 meam
3078 5293 3093 5318 ,
3124 5262 3174 5307 et
3203 5255 3626 5308 resurrectionem

2045 5365 2231 5403 meam.
2264 5348 2319 5402 In
2349 5345 2630 5417 prophetia
2661 5345 2852 5416 psalmi
2881 5344 3045 5400 verba
3071 5353 3198 5398 sunt
3221 5343 3388 5413 ipsius
3413 5344 3624 5402 Domini

2035 5523 2130 5577 pra
2163 5507 2214 5579 in
2247 5516 2400 5559 textu
2429 5515 2637 5579 versus.
2832 5567 2864 5579 η

2117 5588 2140 5616 ε
2175 5578 2363 5643 Forte,
2395 5573 2754 5636 condictione;
2783 5567 2914 5624 editi
2943 5577 3124 5623 tamen
3168 5581 3358 5622 omnes
3383 5608 3399 5636 ,
3444 5569 3626 5623 condi-

2044 5650 2197 5704 tione.

3144 5798 3214 5858 i3
