3978 6178
453 289 560 344 395

452 489 647 546 formis
676 498 732 545 et
758 488 979 558 aequalis
1003 488 1074 541 sit
1100 485 1246 541 Patri
1277 483 1456 554 (Joan.
1481 500 1544 554 ι,
1574 484 1682 555 50)
1704 529 1718 555 ,
1751 496 1930 542 tamen
1959 503 2045 544 se-

452 581 687 636 cundum
717 579 858 646 quod
887 576 1122 632 Verbum
1152 591 1280 631 caro
1307 574 1511 631 factum
1538 586 1621 632 est
1651 575 1830 646 (Joan.
1854 592 1904 642 ι,
1929 579 2039 648 id),

450 687 505 730 et
539 675 782 728 habitum
812 672 1001 726 formae
1029 670 1240 726 servilis
1265 673 1511 739 accepit,
1544 669 1694 725 dicet
1723 669 1899 734 Patri,
1932 670 2042 724 Do-

451 767 586 819 mine
610 781 629 831 ;
661 763 754 833 qui
783 763 833 818 ei
861 770 919 818 et
948 763 1104 817 Pater
1134 770 1188 816 et
1219 759 1482 816 Dominus
1511 769 1630 814 est:
1664 760 1824 816 Pater
1854 761 2040 815 formae

450 857 581 922 Dei,
617 855 878 910 Dominus
907 854 1095 909 formae
1132 851 1297 906 servi.
1346 850 1628 918 Probasti,
1668 861 1717 906 et
1761 853 2041 925 cognovisti

451 962 528 1000 me
551 962 572 1009 ,°
602 961 711 1001 non
739 945 864 1015 quia
898 959 1006 998 non
1034 951 1291 1008 noverat,
1320 942 1415 996 sed
1444 942 1570 1012 quia
1601 951 1786 996 notum
1814 943 1936 996 aliis
1961 942 2044 998 fe-

447 1050 616 1096 cerat.
647 1039 850 1096 Sedere
881 1047 1058 1092 autem
1087 1045 1167 1091 est
1212 1034 1522 1099 humiliari;
1569 1049 1796 1103 surgere
1817 1074 1834 1101 ,
1881 1034 2037 1089 exal-

450 1134 548 1188 tari
576 1150 588 1188 :
624 1132 766 1186 unde
794 1131 936 1186 sedit
969 1128 1228 1182 Dominus
1254 1127 1306 1181 in
1339 1125 1590 1196 passione
1611 1163 1628 1192 ,
1660 1126 1955 1180 resurrexit
1981 1126 2036 1180 in

447 1224 863 1281 resurrectione.
897 1221 1049 1288 Quod
1071 1265 1086 1287 ,
1118 1217 1326 1289 inquit,
1369 1226 1425 1272 tu
1470 1215 1724 1282 voluisti,
1769 1216 1994 1272 Domine
2015 1256 2033 1283 ,

446 1317 797 1388 approbasti;
829 1325 883 1371 et
914 1315 1036 1368 ideo
1079 1312 1282 1368 factum
1326 1320 1447 1375 est,
1495 1309 1619 1379 quia
1663 1309 1742 1363 sic
1781 1308 1877 1363 tibi
1920 1308 2034 1377 pla-

445 1411 578 1464 cuit.
609 1409 709 1476 Qui
742 1415 919 1461 autem
953 1418 1141 1459 vocem
1173 1403 1364 1472 capitis
1404 1415 1471 1456 ex
1517 1414 1746 1470 persona
1786 1401 2033 1470 corporis

445 1500 647 1555 mavult
690 1499 973 1566 accipere,
1017 1493 1420 1550 confessionem
1466 1491 1740 1560 intelligat
1769 1491 2033 1559 pmniten-

445 1592 576 1646 tium
598 1635 612 1656 ,
648 1589 739 1659 qui
770 1587 964 1644 sedent
991 1601 1088 1656 per
1133 1582 1489 1639 humilitatem
1535 1580 1888 1651 pmnitudinis
1909 1620 1928 1648 ,
1975 1589 2033 1636 et

441 1693 664 1753 surgunt
696 1697 788 1750 per
811 1678 1248 1750 justifleationem
1280 1675 1638 1730 remissionis.

1688 284 1745 340 S.
1789 283 2124 342 PROSPERI
2162 285 2494 355 AQUITANI

455 400 583 456 .lesu
612 397 844 463 Christi,
877 396 989 467 qui,
1019 395 1262 466 quamvis
1291 393 1585 450 secundum
1611 394 1865 451 deitatem
1908 411 2037 451 con-
2065 403 2118 463 Α

3626 295 3724 349 39'

2217 400 2398 468 (Vers.
2423 400 2504 472 8.)
2533 401 2595 457 Si
2620 403 2896 458 ascendere
2923 404 2975 458 in
3000 405 3181 459 caelum
3198 445 3212 470 ,
3240 417 3294 461 tu
3318 408 3427 462 illic
3449 425 3545 476 es;
3572 411 3618 464 si
3644 414 3706 466 de

2144 492 2388 546 scendero
2415 493 2485 546 ad
2513 493 2808 561 infernum,
2850 495 2995 549 ades.
3043 496 3104 551 Si
3149 497 3215 551 ad
3258 499 3456 554 caelum
3499 504 3729 556 extollar

2144 581 2353 648 elatus,
2383 591 2438 639 te
2466 584 2681 640 invenio
2709 585 3090 660 resistentem;
3121 588 3166 641 si
3198 603 3261 642 ea
3301 605 3421 657 quas
3461 592 3601 647 infra
3643 609 3738 649 me

2142 683 2266 727 sunt
2292 674 2484 743 eligam
2507 718 2522 743 ,
2552 684 2606 731 te
2633 677 2885 746 experiar
2925 688 3335 747 persequentem
3363 697 3377 733 :
3422 681 3550 748 quia
3589 684 3741 738 sicut

2143 765 2340 819 malum
2372 767 2499 821 mihi
2529 777 2614 822 est
2643 770 3068 839 presumptione
3095 770 3264 841 erigi,
3295 772 3368 826 ita
3410 775 3615 829 malum
3648 787 3740 831 est

2140 856 2516 926 desperatione
2542 859 2806 930 demergi.

2209 947 2388 1014 (Vers.
2416 947 2498 1018 9.)
2531 948 2592 1004 Si
2617 965 2882 1021 sumpsero
2905 966 3097 1019 pennas
3121 967 3260 1006 meas
3285 953 3336 1006 in
3360 952 3611 1009 directum
3629 994 3651 1022 ,
3687 964 3741 1010 et

2137 1037 2427 1094 habitavero
2453 1041 2508 1094 in
2535 1042 2804 1111 postremis
2833 1043 3012 1097 maris.
3042 1043 3163 1098 Jam
3193 1044 3336 1099 bono
3363 1046 3590 1103 consilio
3620 1048 3741 1103 uti-

2137 1136 2225 1183 tur
2251 1131 2344 1199 qui
2375 1144 2582 1200 pennas
2607 1146 2765 1199 suas,
2797 1133 3027 1202 gemina:
3055 1135 3265 1191 scilicet
3303 1137 3554 1204 praesidia
3595 1139 3740 1193 chao

2135 1220 2344 1288 ritatis,
2374 1222 2569 1291 quibus
2613 1222 2667 1277 in
2706 1222 2971 1279 directum
3011 1225 3191 1292 volet,
3236 1227 3529 1282 meditatur
3568 1243 3736 1284 assuo

2134 1326 2311 1379 mere,
2342 1321 2397 1368 et
2423 1315 2476 1369 in
2507 1314 2708 1370 ultimis
2737 1317 2933 1383 maris,
2964 1317 3016 1371 id
3044 1325 3158 1384 est,
3189 1318 3245 1372 in
3276 1318 3382 1375 ﬁne
3409 1322 3590 1376 saeculi
3620 1323 3736 1377 hu-

2127 1403 2217 1474 jus
2260 1405 2542 1464 habitare:
2589 1416 2649 1462 ut
2690 1417 2802 1462 tota
2834 1409 3065 1464 intentio
3103 1412 3269 1465 animi
3308 1422 3364 1467 et
3405 1416 3735 1483 temporalis

2133 1495 2258 1549 vita:
2287 1496 2637 1552 conclusione
2665 1499 2926 1566 sollicita,
2958 1515 3064 1554 non
3102 1501 3216 1570 jam
3245 1507 3397 1558 vanis
3426 1518 3732 1575 occupetur

2131 1588 2546 1657 cupiditatibus,
2577 1591 2672 1646 scd
2718 1591 2785 1646 ad
2830 1593 3224 1661 promissiones
3270 1594 3364 1650 Dei
3389 1595 3457 1650 de
3486 1596 3590 1652 hoc
3619 1614 3732 1653 sa:-

2130 1681 2255 1736 culo
2300 1683 2476 1738 valeat
2524 1684 2760 1739 evolare.
2792 1684 2990 1739 Verum
3019 1684 3143 1744 ,hoe
3171 1686 3349 1756 ipsum
3395 1689 3515 1758 quis
3555 1691 3729 1744 efficit

513 1776 691 1847 (Vers.
718 1775 771 1837 ὅ,
794 1771 875 1840 4.)
904 1767 1212 1823 Intellexisti
1235 1765 1573 1836 cogitationes
1596 1779 1734 1817 meas
1762 1763 1826 1816 de
1851 1761 2024 1832 longe;
2056 1768 2102 1827 Β
2129 1772 2243 1827 suis
2274 1773 2476 1828 viribus
2496 1813 2511 1839 ,
2541 1773 2646 1829 nisi
2693 1774 2917 1843 adjuvet
2964 1775 3057 1831 ille
3102 1780 3195 1847 qui
3243 1776 3447 1848 iube”
3493 1779 3729 1852 propter

440 1867 670 1920 semitam
698 1879 864 1917 meam
893 1869 939 1915 et
967 1859 1177 1914 limitem
1198 1872 1368 1910 meum
1395 1855 1731 1924 investigasti.
1760 1853 1826 1908 Et
1848 1868 2021 1908 omnes

440 1961 546 2014 vias
576 1974 712 2012 nicas
741 1954 1040 2028 prrevidisti.
1087 1956 1461 2020 Agnoscamus
1509 1948 1599 2003 hic
1641 1963 1833 2002 vocem
1877 1947 2024 2002 illius

439 2050 536 2105 lilii
569 2048 796 2103 minoris
825 2046 954 2115 qui,
982 2042 1239 2112 dissipata
1264 2039 1563 2097 substantia
1592 2037 1760 2108 patris
1780 2078 1798 2106 ,
1829 2038 1883 2092 in
1909 2038 2027 2092 lon-

437 2144 633 2212 ginqua
654 2139 1011 2200 discesserat,
1038 2145 1092 2189 et
1119 2147 1401 2203 personam
1425 2146 1618 2202 gerens
1639 2133 1880 2202 gentium
1902 2145 2024 2201 quas

438 2233 776 2287 deﬂuxerunt
806 2229 859 2282 itt
905 2225 1178 2280 idolorum
1221 2223 1524 2288 culturam,
1572 2221 1790 2277 tandem
1834 2221 2024 2290 resipi-

437 2337 596 2379 scens
623 2323 701 2375 ait
719 2365 734 2389 ,
767 2319 991 2389 Surgam
1011 2361 1026 2386 ,
1053 2327 1101 2371 et
1123 2316 1207 2370 ibo
1232 2318 1299 2368 ad
1325 2324 1525 2385 patrem
1552 2331 1714 2369 meum
1745 2313 1897 2386 (Luc.
1925 2329 2020 2380 xv,

437 2415 570 2485 f8);
603 2423 654 2468 et
682 2413 768 2468 cui
797 2410 1091 2466 revertenti
1121 2406 1360 2463 occurrit
1401 2415 1555 2476 pater
1583 2405 1709 2477 quia
1741 2405 2022 2461 intellexe-

423 2515 524 2564 .rat
548 2506 901 2577 cogitationes
928 2501 1046 2571 ejus
1073 2501 1144 2556 de
1174 2500 1489 2568 longinquo.
1540 2497 1794 2553 Semitam
1834 2497 2019 2567 igitur,

436 2601 611 2670 inquit
637 2640 652 2665 ,
681 2613 878 2660 meam,
908 2608 1014 2665 qua
1041 2592 1305 2659 discessi,
1335 2598 1383 2645 et
1421 2589 1633 2644 limitem
1671 2603 1873 2656 meum,
1913 2601 2021 2658 quo

435 2707 604 2764 usque
650 2688 913 2760 perveni,
965 2684 1275 2755 investigasti
1305 2698 1326 2738 :
1370 2684 1494 2754 quia
1543 2682 1883 2738 desertorem
1932 2689 2021 2737 tua

436 2782 721 2854 praesentia
749 2779 946 2849 ubique
977 2775 1382 2833 concludebas:
1417 2774 1541 2830 ideo
1583 2775 1769 2828 sinetis
1808 2787 1896 2828 me
1945 2773 2024 2827 la-

436 2876 630 2929 borare
657 2873 768 2925 vias
795 2884 963 2935 meas,
994 2877 1057 2923 ut
1085 2868 1130 2922 si
1159 2873 1420 2936 perpetuo
1448 2863 1616 2921 miser
1639 2879 1762 2920 esse
1786 2863 2017 2932 nollem,

435 2966 672 3022 redirem
703 2962 767 3017 ad
798 2963 914 3016 vias
945 2969 1085 3014 tuas.
1121 2958 1380 3023 Quoniam
1407 2972 1511 3010 non
1541 2965 1616 3010 est
1642 2956 1794 3010 dolus
1822 2956 1878 3010 in
1919 2954 2023 3010 lin-

435 3072 538 3126 gua
563 3070 696 3108 mea.
725 3052 1022 3116 Confiteor,
1051 3049 1264 3119 inquit,
1301 3045 1444 3117 quod
1475 3046 1606 3100 mihi
1648 3045 1952 3102 discedenti
1988 3061 2017 3100 a

2125 1864 2265 1933 quod
2295 1865 2559 1935 sequitur,
2593 1875 2647 1921 et
2674 1866 2805 1921 dicit
2832 1884 2845 1921 :

2199 1955 2383 2024 (Vers.
2415 1955 2530 2026 10.)
2564 1954 2768 2010 Etenim
2795 1957 2921 2012 illuc
2950 1973 3132 2012 manus
3163 1966 3252 2012 tua
3289 1959 3503 2015 deducet
3525 1978 3636 2027 me;
3671 1974 3726 2018 et

2123 2045 2344 2100 adducet
2371 2063 2446 2101 me
2467 2048 2671 2101 dextera
2693 2048 3178 2104 tua.Considerans
3202 2060 3383 2105 autem
3411 2053 3725 2124 longinqui—

2124 2143 2290 2192 tatem
2318 2136 2449 2201 vite,
2481 2147 2536 2192 et
2561 2138 2630 2192 de
2661 2138 2864 2194 laboris
2891 2141 3038 2194 exitu
3071 2141 3297 2210 timens,
3326 2141 3476 2196 addit
3503 2161 3517 2196 :

2198 2226 2377 2297 (Vers.
2409 2226 2497 2294 11,
2531 2226 2644 2296 12.)
2689 2227 2757 2284 Et
2802 2230 2946 2296 dixi,
2981 2228 3229 2285 Fortasse
3258 2233 3474 2286 tenebrae
3500 2243 3714 2293 concul-

2122 2316 2307 2370 cabunt
2337 2333 2416 2370 me
2438 2331 2458 2371 :
2486 2317 2587 2372 hoc
2617 2326 2730 2385 est,
2762 2317 2989 2374 forsitan
3021 2319 3324 2389 superabor
3350 2321 3624 2387 adversis,
3657 2338 3718 2378 et

2122 2407 2294 2478 magis
2337 2408 2615 2479 magisque
2643 2409 2990 2475 tenebrabor,
3021 2410 3067 2464 si
3097 2413 3518 2479 perseverantiae
3549 2413 3718 2468 finem

2123 2514 2229 2553 non
2257 2499 2690 2569 apprehendero.
2715 2499 2783 2554 Et
2807 2517 2910 2554 nox
2935 2501 3249 2557 iltuminatio
3273 2503 3326 2557 in
3345 2503 3546 2557 deliciis
3567 2506 3722 2561 meis.

2126 2589 2380 2656 Quoniam
2410 2590 2627 2645 tenebra:
2650 2607 2753 2646 non
2780 2590 3188 2646 obscurabuntur
3214 2608 3248 2646 α
3274 2602 3350 2660 te,
3382 2601 3428 2647 et
3455 2610 3556 2648 nos;
3581 2596 3723 2648 sicut

2122 2680 2231 2734 dies
2270 2679 2645 2736 illuminabitur
2673 2696 2694 2737 :
2722 2682 2852 2736 sicut
2891 2681 3112 2736 tenebris
3152 2685 3302 2753 ejus,
3341 2685 3417 2739 ita
3453 2694 3500 2739 et
3540 2685 3720 2740 tamen

2121 2774 2254 2843 ejus.
2278 2771 2544 2842 Tempus,
2575 2772 2782 2843 inquit,
2810 2773 3011 2828 laboris
3037 2775 3143 2829 mei
3172 2783 3383 2846 tempus
3405 2786 3488 2832 est
3509 2779 3718 2846 noctis,

2122 2879 2283 2935 quam
2311 2875 2491 2921 tamen
2512 2866 2703 2935 gratia:
2739 2873 2846 2919 tuae
2869 2864 3128 2935 splendor
3149 2867 3440 2922 illuminat.
3476 2867 3719 2924 Verbum

2122 2957 2266 3010 enim
2295 2965 2444 3010 tuum
2476 2957 2698 3012 lucerna
2725 2955 2924 3011 factum
2954 2966 3038 3012 est
3062 2958 3342 3028 gressibus
3370 2960 3504 3014 meis
3533 2958 3718 3030 (Psat.

2123 3061 2330 3112 cxvut,
2362 3046 2488 3116 105)
2509 3088 2523 3114 ,
2557 3055 2617 3100 ιιι
2641 3061 2761 3114 quae
2791 3047 2921 3102 mihi
2950 3056 3108 3102 erant
3138 3047 3374 3103 tenebrat
3403 3049 3717 3118 inciperent

437 3161 491 3205 te
517 3146 726 3204 conteri
756 3143 989 3200 miseriis
1015 3141 1150 3195 utile
1180 3139 1317 3194 fuit:
1347 3152 1472 3192 nam
1505 3139 1550 3193 si
1580 3139 1720 3218 bene
1762 3138 1894 3193 mihi
1931 3152 2013 3194 es-
2046 3131 2093 3197 C
2123 3155 2243 3195 esse
2273 3139 2481 3195 deliciae
2509 3157 2522 3192 :
2553 3139 2677 3210 quia
2706 3139 2941 3195 tenebrae
2965 3154 3086 3209 quae
3110 3153 3141 3193 a
3170 3141 3482 3211 semetipsis
3514 3141 3719 3197 obscu-

436 3250 521 3297 set
548 3240 664 3294 sine
693 3246 769 3303 te,
802 3235 1001 3290 nollem
1036 3231 1260 3288 forsitan
1292 3229 1472 3286 redire
1501 3230 1570 3284 ad
1603 3239 1677 3285 te.

507 3333 688 3403 (Vers.
720 3331 800 3398 5.)
835 3328 988 3392 Ecce,
1019 3324 1257 3391 Domine,
1290 3333 1344 3378 tu
1375 3324 1659 3393 cognovisti
1680 3323 1853 3377 omnia
1873 3363 1890 3390 ,
1921 3337 2022 3376 no-

435 3424 641 3477 vissima
670 3428 719 3473 et
745 3419 977 3488 antiqua.
1011 3416 1306 3484 Antiquum
1340 3423 1616 3483 peccatum
1642 3453 1659 3481 ,
1691 3427 1800 3483 quo
1831 3413 1886 3466 in
1917 3414 2025 3481 pri-

437 3516 540 3568 mis
566 3510 875 3581 parentibus
903 3508 1140 3569 ruimus,
1182 3504 1536 3560 novissimam
1572 3518 1823 3574 prunam,
1860 3517 2022 3572 quam

435 3620 624 3660 omnes
654 3618 749 3672 per
777 3601 980 3656 multos
1021 3599 1270 3664 labores,
1312 3599 1588 3652 communi
1618 3606 1645 3636 α
1677 3597 2022 3653 mortalitatis

433 3695 772 3759 conditione,
800 3690 1176 3761 dependimus.
1210 3687 1253 3742 Τ
1256 3706 1290 3742 u
1319 3689 1514 3758 ﬁnxisti
1556 3705 1668 3756 me,
1715 3698 1764 3743 et
1806 3688 2023 3758 posuisti

433 3804 587 3860 super
614 3802 692 3840 me
720 3800 928 3838 manum
957 3792 1114 3836 tuam.
1137 3780 1338 3836 Omnes
1365 3780 1417 3833 in
1444 3780 1614 3834 uteris
1643 3788 1876 3835 matrum
1909 3781 2023 3836 Deo

432 3883 735 3950 plasmanle
775 3877 1066 3948 finguntur,
1119 3873 1221 3928 sub
1267 3889 1331 3928 ea
1379 3874 1499 3944 lege
1542 3888 1702 3943 quam
1751 3875 2021 3943 superbire

431 3972 624 4026 merito
649 3969 942 4023 humanum
959 3981 1128 4036 genus
1158 3967 1431 4020 sustinet:
1459 3967 1800 4035 superposita
1824 3966 2020 4021 divinae

432 4059 684 4131 potentia:
708 4073 892 4122 manu,
916 4073 1036 4125 qua:
1055 4067 1114 4110 ut
1135 4057 1365 4112 humiles
1387 4057 1578 4124 erigat,
1602 4057 1777 4111 elatos
1800 4060 2018 4125 premit.

499 4150 685 4222 (Vers.
709 4146 788 4217 6.)
813 4147 1095 4216 Miriﬁcata
1116 4156 1189 4200 est
1213 4147 1425 4200 scientia
1451 4158 1539 4200 tua
1557 4163 1623 4201 ea:
1644 4164 1723 4202 me
1741 4163 1760 4211 ;
1781 4148 2016 4216 invaluit,

429 4257 534 4294 non
576 4247 751 4308 potero
788 4236 857 4290 ad
898 4253 1031 4290 eam.
1073 4237 1235 4308 500
1273 4236 1418 4300 Mea,
1447 4237 1649 4305 inquit,
1681 4239 1931 4307 superbia
1961 4247 2017 4294 et

428 4330 763 4387 discessione
801 4328 1000 4383 factum
1040 4337 1124 4382 est
1163 4334 1220 4380 ut
1256 4327 1636 4382 obscuraretur
1674 4344 1770 4383 cor
1810 4344 2014 4395 meum,

429 4436 530 4478 nec
559 4429 780 4491 possent
808 4417 940 4474 mihi
973 4427 1061 4472 tua
1089 4426 1276 4486 patere
1301 4416 1526 4485 judicia.
1551 4417 1684 4472 Dum
1707 4419 1850 4474 enim
1878 4435 2011 4475 mea:

2125 3240 2335 3296 rantur,
2358 3246 2390 3286 a
2414 3241 2466 3286 te
2495 3233 2678 3287 lumen
2702 3233 2994 3300 accipiunt.
3021 3232 3123 3298 Qui
3151 3233 3274 3288 ideo
3299 3242 3519 3304 agentes
3538 3249 3714 3306 opera

2123 3323 2470 3379 tenebrarum
2520 3322 2797 3393 flagellas,
2848 3338 2916 3380 ne
2963 3325 3341 3394 temporalium
3387 3324 3711 3382 deliciarum

2121 3415 2486 3470 oblectatione
2514 3415 2737 3482 caecati,
2765 3415 2910 3470 bona
2937 3431 3046 3470 non
3074 3415 3452 3473 desideremus
3479 3429 3711 3475 aeterna.

2121 3505 2290 3560 Nocte
2318 3517 2494 3562 autem
2526 3505 2685 3561 nobis
2715 3506 2898 3562 lucere
2926 3507 3108 3573 soles,
3148 3517 3204 3562 et
3248 3517 3517 3579 tamquam
3563 3511 3712 3566 diem

2123 3596 2285 3665 facis,
2316 3613 2439 3653 eum
2467 3612 2566 3668 per
2592 3607 2805 3654 austera
2836 3599 3078 3654 remedia
3103 3599 3170 3654 ad
3198 3598 3362 3655 vitam
3391 3615 3490 3656 nos
3518 3617 3708 3669 vocas,

2124 3698 2182 3745 ut
2209 3689 2384 3744 dulcia
2413 3691 2522 3744 sint
2549 3690 2760 3761 ﬂagella
2792 3690 2991 3760 patris,
3020 3705 3088 3745 ne
3117 3691 3186 3745 sit
3213 3705 3398 3745 amara
3424 3690 3452 3731 δ
3483 3704 3711 3747 senten-

2121 3781 2193 3836 tia
2224 3782 2411 3850 patris.
2440 3782 2574 3847 Quia
2603 3797 2732 3851 ergo
2771 3791 2825 3836 et
2855 3782 3083 3837 adversa
3123 3782 3250 3837 vitae
3291 3781 3477 3851 istius,
3522 3794 3576 3839 et
3614 3800 3712 3840 se-

2119 3873 2294 3927 cunda
2317 3872 2474 3944 501
2504 3888 2610 3927 non
2633 3881 2817 3927 carent
2840 3872 3157 3938 testatione,
3186 3888 3292 3942 qua
3311 3884 3402 3928 aut
3424 3875 3709 3930 elevamur

2120 3975 2212 4018 aut
2235 3965 2560 4034 premimur;
2591 3971 2880 4034 utrumque
2903 3965 2962 4018 fit
2982 3978 3109 4029 nox,
3134 3965 3178 4019 si
3201 3964 3340 4020 desit
3361 3964 3454 4020 illa
3476 3967 3564 4020 lux
3580 3981 3708 4036 qua

2121 4069 2223 4110 nee
2245 4055 2527 4123 superbire
2555 4070 2651 4109 nos
2675 4057 2844 4118 sinat,
2876 4070 2977 4111 nec
3000 4055 3292 4125 desperare
3323 4058 3618 4126 permittat.

2193 4147 2368 4220 (Vers.
2401 4147 2515 4218 15.)
2547 4147 2804 4214 Quoniam
2831 4157 2886 4201 tu
2912 4148 3194 4221 possedisti
3217 4163 3364 4202 renes
3389 4165 3548 4217 meos,
3583 4151 3698 4205 Do-

2119 4238 2276 4293 mine.
2301 4238 2404 4304 Tu.
2429 4238 2622 4308 inquit,
2646 4237 2894 4300 Domine,
2924 4251 3030 4292 non
3057 4237 3232 4292 solum
3259 4253 3355 4294 cur
3379 4255 3581 4309 meum,
3600 4242 3702 4297 sed

2125 4339 2181 4385 et
2222 4343 2381 4385 renes
2418 4342 2570 4384 meos
2608 4326 2886 4396 possides;
2917 4335 2972 4382 et
3023 4337 3072 4381 te
3119 4328 3393 4383 habitante
3442 4329 3699 4385 interiora

2120 4434 2263 4489 mea,
2287 4418 2487 4475 factum
2507 4426 2589 4474 est
2610 4426 2669 4473 ut
2690 4433 2779 4473 me
2807 4417 3006 4486 aliquid
3046 4417 3182 4472 lucis
3209 4417 3503 4473 delectaret
3523 4419 3576 4472 in
3600 4435 3703 4476 no-

432 4511 714 4582 potestatis
741 4511 992 4566 libertate
1016 4508 1277 4575 delector,
1307 4508 1482 4563 factus
1503 4522 1622 4563 sum
1651 4512 1899 4580 egentior
1927 4521 2008 4568 at-
2034 4492 2088 4552 D
2111 4522 2221 4569 ete.
2247 4511 2530 4583 Suscepisti
2559 4525 2638 4564 me
2679 4525 2743 4563 ea
2772 4516 2916 4563 utero
2955 4510 3133 4562 matris
3159 4525 3304 4562 mere.
3333 4509 3434 4573 Qui
3470 4509 3695 4564 Paulum

429 4619 534 4674 que
561 4602 817 4658 tenerior.
854 4600 940 4656 Ea:
964 4617 1042 4656 me
1071 4601 1204 4656 mihi
1235 4603 1336 4656 ista
1373 4600 1665 4658 difficultas
1692 4604 2008 4671 convaluit;

426 4711 490 4748 ea:
513 4711 593 4748 me
617 4701 767 4749 extra
794 4693 976 4748 lumen
1001 4693 1370 4749 scientiatum
1397 4692 1568 4750 factus
1594 4707 1714 4749 sum
1731 4735 1748 4762 ,
1774 4694 1843 4751 ad
1867 4696 2010 4767 quod

431 4785 536 4840 nisi
565 4800 632 4840 ex
661 4793 715 4839 te
744 4783 922 4838 redire
951 4799 1059 4837 non
1087 4794 1295 4854 potero.

497 4879 683 4950 (Vers.
705 4876 785 4948 7.)
817 4878 930 4943 Quo
951 4876 1033 4930 ibe
1058 4893 1091 4931 a
1112 4875 1312 4947 Spiritu
1340 4886 1451 4942 tuo,
1473 4885 1564 4930 aut
1586 4893 1689 4947 quo
1713 4893 1744 4931 a
1765 4879 1894 4948 facie
1921 4889 2010 4933 tua

426 4969 668 5041 fugiam?
715 4965 1023 5022 Discedenti
1069 4981 1100 5021 a
1151 4966 1356 5035 Spiritu
1395 4967 1492 5021 Dei
1531 4968 1708 5022 nullus
1739 4969 2009 5024 invenitur

423 5063 615 5126 locus,
657 5061 746 5130 qui
797 5059 914 5129 ejus
953 5059 1241 5128 praesentia
1278 5068 1332 5114 et
1367 5067 1636 5126 potestate
1678 5060 1748 5113 sit
1787 5076 2005 5115 vacuus.

423 5151 592 5206 Nemo
632 5152 764 5206 iram
804 5150 924 5220 ejus
958 5149 1118 5220 fugit,
1161 5149 1265 5204 nisi
1300 5148 1394 5220 qui
1428 5150 1495 5204 ad
1534 5150 1729 5205 iratum
1770 5151 2012 5222 confugit

424 5241 598 5312 (Sent.
623 5242 775 5312 255).

493 5433 520 5461 ⁸
551 5425 824 5479 Editiones
848 5423 1087 5492 Lugdun.
1118 5432 1172 5479 et
1201 5422 1424 5485 Lovan.,
1450 5422 1866 5480 immortalitatis.
1891 5426 1998 5480 Me-

421 5495 524 5550 lius
557 5495 719 5549 Duac.
751 5505 806 5548 et
828 5491 1039 5558 Colum,
1068 5493 1416 5546 mortalitatis.
1447 5495 1749 5560 Augustino
1778 5496 1995 5552 dicente

423 5564 540 5636 hic,
572 5565 776 5635 quando
806 5566 858 5616 in
885 5567 1034 5618 istam
1061 5564 1424 5618 mortalitatem
1455 5564 1764 5618 laboriosam
1795 5570 1996 5636 pericu-

417 5635 681 5702 losamque
708 5636 1044 5702 pervenimus.

491 5707 517 5742 δ
565 5705 890 5775 Augustinus
933 5703 1257 5774 scripserat,
1290 5707 1537 5760 sententia
1571 5705 1788 5776 judicia.
1842 5706 1993 5762 Unde

2112 4604 2418 4673 apostolum
2441 4600 2824 4672 segregavitab
2838 4612 2991 4655 utero
3011 4599 3199 4655 matris
3218 4615 3331 4654 suae
3351 4599 3498 4670 (Gal.
3521 4601 3691 4672 1,15),

2112 4694 2230 4762 ipse
2255 4702 2309 4748 et
2341 4707 2440 4747 nos
2467 4696 2769 4762 segregavit
2798 4691 2866 4745 ab
2891 4701 3046 4746 utero
3068 4691 3256 4745 matris
3280 4700 3303 4728 ι
3324 4701 3525 4745 nostra
3549 4690 3694 4745 illius

2113 4783 2442 4855 Babyloniae,
2477 4783 2618 4838 unde
2657 4784 2712 4838 itt
2758 4796 2951 4838 novam
2992 4782 3160 4838 vitam
3200 4783 3526 4851 regenerati,
3551 4798 3692 4837 nova

2111 4889 2227 4944 spe,
2256 4875 2408 4930 novis
2455 4873 2681 4941 deliciis,
2720 4888 2860 4929 nova
2911 4873 3029 4928 luce
3073 4872 3392 4943 gaudemus.
3423 4873 3690 4940 Quoniam

2112 4981 2212 5021 nec
2241 4965 2467 5020 felicitas
2489 4966 2669 5020 saeculi
2693 4964 2849 5034 hujus
2870 4978 2969 5019 nos
2997 4964 3184 5019 beatos
3208 4963 3359 5027 facit,
3378 4979 3476 5017 nee
3498 4964 3695 5019 adver-

2110 5060 2241 5114 sitas
2269 5060 2517 5118 miseros.
2545 5062 2588 5112 si
2619 5073 2745 5113 vera
2771 5059 2909 5113 bona
2939 5064 2996 5112 et
3016 5071 3267 5111 mansura
3299 5055 3610 5122 diligamus.

2182 5153 2360 5222 (Vers.
2390 5151 2504 5220 14.)
2535 5149 2821 5220 Conﬁtebor
2847 5149 2959 5215 tibi,
2988 5149 3231 5218 quoniam
3273 5147 3563 5202 terribiliter
3594 5149 3692 5201 mi-

2107 5247 2338 5314 riﬁcatus
2364 5261 2446 5311 es;
2466 5243 2722 5298 mirabilia
2752 5259 2904 5314 opera
2933 5253 3043 5310 tua,
3069 5251 3118 5297 et
3137 5241 3320 5295 animo
3357 5256 3472 5293 mea
3500 5257 3691 5312 cogno-

2102 5429 2418 5498 conjicimns
2447 5439 2690 5483 erratum
2720 5427 2858 5483 forte
2884 5429 3168 5497 irrepsisse
3208 5429 3260 5480 in
3286 5424 3505 5480 codices
3552 5424 3687 5480 Pro-

2103 5500 2384 5571 sperianos
2401 5499 2492 5553 ubi
2524 5499 3009 5571 lcgitur,sententia
3037 5498 3219 5566 patris.

2178 5581 2199 5608 ε
2237 5569 2375 5623 Editi
2400 5565 2607 5632 osunes',
2624 5570 2803 5622 matris
2830 5585 2957 5623 suae.
2980 5565 3174 5622 Errore
3193 5565 3498 5627 manifesto,
3523 5579 3684 5634 quem

2103 5642 2214 5693 sola
2249 5639 2530 5706 Augustini
2573 5640 2808 5695 lectione
2855 5639 3181 5708 suffragante
3237 5636 3530 5692 emendare
3581 5648 3692 5684 non

2101 5713 2424 5766 dubitamus.
