4028 6176
319 316 416 370 397

1023 309 1438 366 PSALMORUM
1481 312 1523 365 Α
1564 308 1604 366 C
1645 311 1735 366 AD
1771 310 1859 365 CL
1902 309 2284 367 EXPOSITIO.
2329 312 2522 368 PSAL.
2559 314 2848 370 CXXXIX.

3465 323 3566 378 298

311 438 412 483 seet
435 424 596 482 valde.
619 424 932 491 Terrorem,
958 424 1149 491 inquit,
1178 424 1306 478 mihi
1335 424 1597 477 incutiunt
1623 423 1879 477 miracula
1911 426 1960 484 Α
1989 432 2074 476 tur
2105 425 2156 477 in
2199 438 2261 478 ea
2309 425 2589 492 majestate
2619 427 2672 480 in
2705 442 2804 495 qua
2848 428 3186 496 juclicatnrus
3229 439 3310 483 est
3341 431 3491 486 vivus
3517 445 3571 487 et

312 519 486 589 gratiae
507 526 641 581 tua;
669 525 724 569 et
755 514 896 568 unde
925 523 1010 568 est
1051 515 1186 569 ratio
1213 514 1415 584 gaudii,
1447 514 1573 569 inde
1600 523 1684 569 est
1716 528 1879 568 causa

312 608 620 667 formidinis.
647 607 938 675 Cognoscit
961 607 1104 661 enim
1151 607 1330 660 anima
1367 622 1483 660 mea
1527 617 1723 674 quanta
1752 621 1881 675 ope-

306 701 437 756 raris
470 708 524 753 ut
556 699 758 766 salves,
789 707 846 753 et
886 712 1009 768 quae
1042 697 1175 752 mihi
1215 699 1326 752 sint
1364 697 1596 768 pericula
1637 696 1878 752 cavenda

308 806 372 847 ne
398 805 630 861 peream.

373 885 391 950 (
402 884 548 936 Vers.
575 880 692 952 i5.)
713 880 833 934 Non
852 891 926 934 est
953 880 1306 935 absconditum
1324 895 1380 934 os
1405 895 1572 934 meum
1591 897 1623 933 a
1653 888 1720 943 te,
1739 880 1878 949 quod

304 974 466 1048 fecisti
492 974 545 1026 in
575 972 894 1026 abscondito.
925 972 1020 1026 Est
1049 971 1294 1042 quaedam
1335 971 1388 1026 in
1417 974 1617 1027 sanctis
1648 972 1878 1028 homini-

304 1069 399 1122 bus
431 1065 522 1120 Dei
562 1063 944 1134 insuperabilis
974 1064 1253 1130 fortitudo,
1281 1073 1335 1119 et
1366 1065 1560 1119 invicta
1596 1064 1872 1135 patientia,

301 1173 452 1226 quam
486 1156 538 1209 in
563 1157 643 1210 eis
664 1157 872 1210 occulte
895 1155 1047 1210 finxit
1071 1156 1231 1221 Deus,
1255 1165 1310 1211 et
1336 1157 1705 1212 absconditam
1729 1157 1874 1223 fecit,

301 1249 578 1302 habentem
619 1261 829 1302 osseam
891 1248 1219 1314 firmitatem,
1250 1264 1373 1318 quae
1417 1263 1517 1304 nec
1560 1264 1877 1320 corrumpa-

297 1349 380 1394 tur
405 1339 683 1402 secundis,
713 1353 811 1392 nec
840 1338 1114 1409 frangatur
1133 1339 1399 1396 adversis.
1425 1341 1502 1395 De
1541 1356 1645 1412 qua
1676 1343 1875 1396 virtute

300 1432 347 1483 in
392 1431 496 1484 alio
545 1430 756 1498 psalmo
807 1430 1023 1496 dicitur,
1065 1430 1424 1486 Verumtamen
1466 1433 1573 1488 Deo
1603 1434 1875 1506 subjicitur

297 1522 458 1574 anima
484 1537 620 1583 mea,
645 1521 887 1590 quoniam
924 1521 988 1575 ab
1014 1523 1126 1591 ipso
1151 1533 1226 1578 est
1271 1525 1517 1593 patientia
1552 1542 1662 1579 mea
1693 1525 1870 1596 (Psal.

295 1627 400 1671 ut.
421 1609 497 1679 6).
526 1610 597 1664 Et
617 1611 902 1666 substantia
921 1629 1030 1666 mea
1054 1614 1108 1666 in
1131 1614 1462 1683 inferioribus
1483 1626 1653 1671 terrae.
1669 1616 1725 1671 In
1751 1618 1868 1685 hac,

295 1703 479 1770 inquit,
511 1703 816 1756 substantia
866 1703 1066 1772 fragilis
1095 1715 1149 1759 et
1199 1705 1398 1760 infirmi
1430 1709 1698 1775 corporis,
1724 1709 1868 1779 quod

1990 525 2252 568 mortuos.
2287 513 2434 569 Unde
2474 518 2718 584 sequitur
2764 528 2818 570 et
2872 519 3023 583 dicit,
3064 520 3189 589 qu:d
3238 519 3441 575 interea
3475 538 3571 591 per

1986 614 2154 661 totum
2188 607 2289 661 hoc
2321 617 2530 676 tempus
2573 609 2622 661 in
2657 607 2900 664 Ecclesia
2947 621 3134 678 agatur
3162 627 3172 663 :
3197 611 3264 663 de
3304 612 3565 666 bonorum
3622 651 3628 658 .

1982 699 2330 754 etmalorum
2380 700 2757 768 permixtione,
2789 713 2843 756 et
2887 704 3134 757 erunibus
3181 701 3566 759 afﬂictionibus

1982 791 2106 846 vitze
2135 793 2447 862 temporalis
2491 792 2787 848 obnoxium
2831 791 3074 849 formasti
3112 795 3405 866 occultum,
3439 798 3562 851 dum

1980 880 2058 936 eis
2087 881 2334 937 diﬂ‘ertur
2370 882 2654 938 adventus.

2051 975 2234 1046 (Vers.
2261 975 2352 1039 i9,
2398 976 2518 1044 20.)
2548 977 2612 1031 Si
2656 976 2920 1043 occideris,
2966 978 3204 1043 Domine,
3251 991 3563 1052 peccatores,

1977 1065 2074 1118 viri
2094 1067 2427 1136 sanguinum,
2461 1067 2714 1121 declinate
2740 1085 2774 1121 a
2803 1085 2897 1123 me.
2920 1070 3070 1134 Quod
3093 1071 3263 1125 dicitis
3291 1075 3342 1125 in
3372 1077 3566 1145 cogita-

1977 1155 2133 1223 tione,
2175 1157 2424 1228 accipient
2457 1158 2510 1211 in
2547 1160 2768 1212 vanitate
2802 1160 3026 1214 civitates
3064 1178 3201 1215 suas.
3227 1162 3558 1220 Occiduntur

1977 1247 2218 1318 superbi,
2261 1263 2381 1302 cum
2423 1248 2744 1303 deseruntur
2773 1252 2945 1318 gratia
2979 1252 3071 1306 Dei
3105 1269 3117 1304 :
3153 1255 3345 1324 quibus
3377 1255 3429 1308 in
3469 1271 3564 1309 co-

1975 1340 2236 1408 gitatione
2262 1339 2546 1395 humilium
2570 1349 2595 1376 ι
2613 1349 2667 1394 ει
2695 1341 2898 1395 unitate
2929 1343 3343 1398 cu:todieutinm
3375 1346 3559 1400 Domi-

1976 1445 2077 1485 nus
2116 1430 2249 1486 dicit
2291 1431 2522 1496 occulte,
2562 1430 2676 1485 Viri
2717 1433 3057 1502 sanguinum,
3092 1434 3345 1491 declinate
3385 1455 3416 1492 a
3448 1456 3561 1505 me;

1975 1523 2115 1591 quod
2144 1524 2313 1591 palam
2337 1524 2591 1593 injudicii
2618 1524 2698 1578 sui
2721 1525 3157 1581 manifestatione
3186 1529 3428 1584 dicturus
3451 1542 3557 1599 est,

1976 1612 2273 1681 Numquam
2301 1615 2418 1669 novi
2441 1631 2527 1669 vos
2548 1631 2567 1681 ;
2590 1615 2833 1670 discedite
2861 1634 2893 1670 a
2921 1619 3117 1694 ηδε,ᾳηὶ
3144 1623 3429 1690 operamini
3461 1625 3560 1677 ini-

1975 1707 2219 1772 quitatem
2249 1704 2478 1776 (Matth.
2514 1721 2608 1771 vn,
2644 1707 2716 1762 2‘5
2740 1708 2785 1775 ).
2845 1708 2958 1762 Viri
3017 1720 3195 1765 autem
3251 1717 3559 1784 sanguinum

295 1803 370 1848 est
408 1793 462 1847 in
501 1792 709 1846 inﬁmis
742 1802 923 1860 terrae,
953 1793 1320 1851 fortitudinem
1345 1797 1557 1866 quaerit,
1583 1814 1702 1868 qua:
1729 1800 1870 1854 inter
1899 1781 1948 1840 Β
1975 1795 2067 1866 qui
2107 1806 2261 1861 sunt,
2295 1797 2397 1851 nisi
2443 1798 2531 1867 qui
2573 1797 2801 1852 oderunt
2832 1800 3066 1856 fratres?
3117 1803 3265 1858 Sicut
3320 1806 3558 1864 Joannes

292 1899 449 1939 savas
507 1884 922 1952 tribulationes,
986 1887 1147 1944 etiam
1199 1887 1349 1944 carni
1410 1890 1864 1958 perseverantiam

293 1977 451 2032 daret.

356 2067 534 2136 (Vers.
571 2065 683 2136 l6.)
708 2065 1075 2139 Imperfectum
1111 2087 1279 2125 meum
1316 2071 1552 2128 viderunt
1591 2073 1729 2129 oeuli
1766 2077 1862 2144 tui,

293 2167 335 2211 et
359 2160 406 2211 in
434 2158 567 2211 libro
597 2167 684 2212 tuo
711 2174 886 2214 omnes
909 2160 1210 2217 scribentur.
1235 2162 1290 2216 ln
1323 2162 1407 2219 his
1435 2163 1614 2220 verbis
1639 2181 1867 2235 persona

303 2260 374 2302 cst
395 2247 568 2316 ipsius
599 2249 812 2317 capitis,
838 2250 978 2320 quod
1011 2266 1154 2307 nunc
1183 2253 1237 2307 in
1265 2268 1346 2320 se,
1373 2269 1515 2310 nunc
1555 2256 1607 2311 in
1637 2271 1867 2327 corpore

295 2352 382 2390 suo
403 2338 643 2407 loquitur
667 2355 680 2391 :
707 2339 831 2405 quia
861 2339 969 2394 duo
999 2351 1123 2395 sunt
1153 2341 1209 2396 in
1236 2357 1398 2399 carne
1431 2360 1534 2400 una
1565 2345 1783 2417 (Ephes.
1810 2363 1864 2415 v,

295 2428 392 2498 3|).
429 2431 498 2483 De
525 2430 640 2484 illis
661 2445 810 2500 ergo,
846 2431 900 2485 in
927 2432 1121 2501 quibus
1153 2444 1270 2488 erat
1299 2436 1566 2504 patientia:
1605 2438 1868 2495 roboran-

295 2522 352 2575 da
380 2524 701 2586 constantia,
729 2533 785 2576 ut
827 2522 929 2590 ipsi
961 2539 1058 2593 pro
1102 2524 1329 2583 Domino
1361 2527 1466 2596 pati
1511 2540 1752 2596 possent,
1773 2530 1869 2601 qui

297 2613 343 2666 iu
366 2612 473 2682 ejus
505 2614 762 2680 passione
788 2613 1315 2679 titubaverant,dicit
1344 2616 1867 2691 ipse,lmperfectum

298 2719 448 2755 meum
475 2704 717 2757 viderunt
741 2705 896 2757 oculi.
931 2705 998 2760 Et
1045 2705 1166 2772 quia
1199 2709 1286 2776 qui
1315 2723 1484 2778 usque
1508 2709 1573 2764 ad
1613 2712 1869 2781 deSpera-

300 2793 480 2847 tionem
521 2805 876 2862 eXpaverant,
921 2810 1093 2864 usque
1126 2797 1193 2851 ad
1237 2799 1477 2854 victoriae
1521 2815 1782 2868 coronas,
1813 2813 1868 2858 te

297 2884 607 2952 aspiciente,
633 2888 876 2941 coronati
923 2897 1071 2952 sunt,
1119 2889 1348 2957 addidit,
1395 2889 1464 2946 Et
1497 2894 1552 2947 in
1600 2894 1728 2950 libro
1781 2905 1868 2951 tuo

299 2991 454 3030 omnes
480 2977 789 3031 scribentur.
819 2978 988 3048 Igitur
1033 2980 1284 3035 omnibus
1318 2983 1538 3052 timidis,
1564 2995 1618 3040 et
1645 2986 1710 3042 de
1743 3003 1869 3057 pro-

299 3069 400 3136 pria
425 3067 751 3124 inﬁrmitate
778 3070 1174 3139 trepidantibus
1203 3076 1530 3141 sperandum
1560 3087 1642 3131 est
1680 3091 1868 3147 super-

1970 1888 2121 1955 dicit,
2155 1889 2255 1955 Qui
2298 1890 2404 1944 odit
2447 1890 2662 1959 fratrem
2706 1908 2874 1957 suum,
2928 1895 3184 1950 homicida
3226 1910 3300 1952 est
3328 1900 3555 1970 (lJoan.

1973 1993 2057 2044 Ill,
2090 1978 2200 2048 i5).
2227 1979 2318 2034 isti
2347 1996 2477 2051 ergo
2499 1982 2567 2035 ab
2598 1983 2804 2037 unitate
2831 1984 3088 2039 Ecclesiae
3116 2003 3213 2056 per
3241 1992 3551 2057 superbiam

1970 2070 2312 2136 recedentes,
2335 2073 2427 2142 qui
2458 2073 2611 2142 quasi
2641 2073 2831 2153 offensi
2862 2077 3222 2145 permixtione
3252 2083 3547 2153 palearum,

1971 2169 2098 2215 ante
2145 2160 2488 2217 discretionis
2555 2144 2914 2219 veniilabrum
2983 2167 3218 2224 triticum
3252 2144 3549 2241 'deserunt,

1970 2254 2221 2322 accipient
2255 2254 2310 2306 in
2353 2255 2578 2309 vanitate
2603 2256 2830 2310 civitates
2861 2273 3022 2323 suas;
3052 2259 3103 2312 id
3131 2270 3235 2328 est,
3269 2262 3320 2317 in
3364 2280 3552 2334 repro-

1972 2343 2092 2398 ham
2121 2345 2432 2407 societatem
2457 2355 2512 2402 et
2539 2346 2594 2402 in
2624 2362 2759 2402 vana
2793 2361 2854 2403 se
2875 2351 3097 2405 concilia
3128 2357 3552 2426 congregabant,

1971 2437 2094 2506 quia
2141 2437 2233 2505 qui
2283 2436 2548 2494 charitate
2591 2438 2858 2496 catholica
2887 2456 2995 2496 nou
3024 2440 3050 2482 δ
3079 2443 3267 2513 utitur,
3297 2446 3553 2505 haeretica

1973 2527 2215 2583 vanitate
2242 2529 2590 2598 dispergitur.

2044 2617 2222 2687 (γει-ε.
2251 2617 2342 2684 2i,
2371 2618 2491 2692 22.)
2520 2619 2706 2675 Nonne
2730 2623 2817 2691 qui
2842 2623 3061 2679 oderunt
3081 2635 3145 2692 te,
3179 2626 3417 2692 Domine,
3436 2632 3553 2685 odio

1973 2708 2149 2772 habui,
2180 2717 2231 2763 et
2275 2725 2428 2779 super
2452 2709 2688 2765 inimicos
2722 2722 2836 2767 tuos
2864 2714 3216 2771 tabescebam?
3237 2719 3397 2790 503
3425 2720 3555 2776 Per-

1973 2801 2104 2870 fecto
2133 2803 2253 2856 odio
2296 2803 2505 2858 oderam
2543 2802 2684 2871 illos,
2718 2805 2912 2860 inimici
2933 2809 3059 2878 facti
3097 2821 3213 2863 sunt
3244 2816 3390 2866 mihi.
3425 2813 3551 2870 Per-

1973 2894 2111 2948 fecta
2142 2893 2194 2948 in
2234 2894 2520 2951 Dominum
2549 2894 2766 2951 dilectio
2795 2907 2900 2965 est,
2931 2915 3035 2953 non
3059 2915 3241 2958 amare
3269 2905 3412 2973 quod
3444 2922 3550 2962 non

1973 2992 2138 3053 amat,
2169 2995 2224 3042 et
2251 2986 2397 3056 ipsos
2435 2988 2686 3044 inimicos
2715 2989 2810 3044 Dei
2838 2991 2915 3046 sic
2937 2992 3058 3046 odio
3088 2992 3309 3060 habere,
3336 3007 3392 3051 ut
3423 3014 3549 3066 prs:-

1975 3078 2113 3134 vitas
2159 3095 2342 3137 eorum
2393 3080 2578 3134 odiosa
2622 3081 2692 3136 sit
2737 3082 2912 3150 potius
2959 3099 3118 3152 quam
3171 3097 3382 3142 natura.
3415 3091 3550 3156 Quia

299 3173 372 3211 me
393 3158 610 3213 virtutis
638 3159 893 3214 auxilimn
927 3177 940 3213 :
978 3169 1034 3216 ut
1065 3162 1188 3216 inde
1226 3177 1333 3215 non
1365 3166 1579 3220 excidat
1607 3166 1864 3238 Charitas,
1896 3153 1943 3216 C
1973 3170 2115 3224 aliud
2147 3179 2230 3225 est
2257 3171 2306 3224 in
2338 3171 2445 3225 illis
2472 3170 2614 3240 quod
2643 3171 2746 3240 ipsi
2791 3174 3013 3238 faciunt,
3043 3176 3184 3231 aliud
3218 3180 3358 3248 quod
3387 3153 3556 3237 Grea-

297 3249 425 3304 unde
455 3259 749 3318 praestatur
778 3249 1024 3306 facultas.
1059 3250 1164 3306 Per
1191 3252 1325 3306 diem
1358 3255 1622 3322 errabant,
1647 3266 1692 3311 ct
1723 3274 1869 3312 nemo

298 3341 345 3394 in
372 3343 457 3395 eis.
485 3342 654 3414 502
681 3341 826 3406 Sive,
861 3353 917 3396 ut
957 3343 1007 3396 in
1037 3345 1356 3412 quibusdam
1394 3347 1671 3403 codicibus
1719 3349 1865 3406 iuve-

297 3435 444 3501 nitur,
477 3434 574 3488 Die
611 3436 985 3504 formabuntur,
1030 3448 1078 3492 et
1125 3455 1271 3494 nemo
1313 3439 1366 3494 in
1413 3443 1508 3497 eis.
1541 3441 1866 3513 lmperfecti,

299 3522 475 3593 inquit,
509 3527 647 3591 mei,
677 3528 766 3595 qui
811 3541 999 3583 omnes
1036 3539 1197 3583 erunt
1236 3531 1288 3584 in
1339 3531 1447 3586 vita
1499 3542 1723 3604 eterna,
1779 3554 1869 3605 per

299 3615 416 3668 diem
438 3617 707 3683 errabant,
735 3617 833 3673 hoc
859 3627 942 3674 est
978 3621 1034 3673 in
1076 3636 1164 3677 me
1195 3623 1582 3693 turbabuntur;
1619 3637 1674 3684 et
1717 3645 1868 3684 nemo

300 3709 388 3762 erit
409 3709 458 3762 in
482 3712 578 3774 eis,
617 3725 774 3778 quem
804 3725 911 3765 non
942 3712 1149 3770 timoris
1179 3716 1418 3772 tenebrae
1441 3719 1506 3773 ad
1533 3719 1868 3791 desperatio-

299 3813 410 3853 nem
433 3815 606 3864 usque
627 3803 942 3871 perducant.
971 3805 1028 3860 Si
1059 3817 1236 3862 autem
1262 3809 1522 3880 legamus,
1555 3810 1650 3867 Die
1672 3818 1868 3884 [orma-

301 3889 486 3957 buatur,
519 3892 934 3962 intelligendum
959 3897 1104 3965 quod
1136 3898 1190 3954 bi
1217 3917 1444 3969 quorum
1468 3918 1626 3958 nemo
1648 3916 1870 3961 contur-

298 3979 519 4048 habitur,
564 3983 655 4037 die
706 3986 1085 4058 formabuntur,
1149 3990 1252 4046 hoc
1301 4003 1422 4060 est,
1473 3995 1868 4052 illuminatione

297 4072 430 4129 illius
455 4075 680 4130 visionis
710 4091 813 4145 qua
860 4077 1080 4134 beatum
1132 4082 1348 4138 Petrum
1397 4086 1554 4142 nimis
1601 4090 1865 4159 trepidum

298 4164 355 4216 ad
380 4168 679 4221 remedium
708 4167 981 4235 patientiae
1009 4184 1108 4225 suo
1138 4173 1452 4231 reformavit
1477 4188 1722 4244 aspectu.

359 4256 530 4324 (Vers.
560 4259 652 4322 17,
687 4257 804 4329 18.)
844 4259 977 4313 Mihi
1007 4272 1178 4316 autem
1220 4268 1364 4320 valde
1400 4268 1724 4340 honoriﬁcati
1749 4283 1869 4327 sunt

299 4349 437 4400 amici
465 4349 562 4415 tui,
593 4347 756 4415 Deus,
779 4350 927 4405 valde
964 4343 1246 4424 confortati
1275 4369 1390 4412 sunt
1429 4361 1748 4434 principatus
1776 4381 1866 4418 eo-

298 4453 418 4490 rum.
447 4438 799 4496 Dinumerabo
837 4460 943 4511 eos,
973 4455 1019 4499 et
1041 4463 1194 4518 super
1217 4466 1420 4505 arenam
1449 4453 1870 4526 multiplicabun-

302 4537 389 4581 tur.
417 4530 542 4600 lpsi,
576 4533 769 4602 inquit,
803 4538 894 4603 qui
942 4536 992 4590 in
1031 4516 1118 4593 die
1167 4555 1504 4613 erraverunt,
1529 4516 1610 4604 et.
1632 4567 1860 4621 quorum
1895 4516 1948 4578 Β

303 4621 469 4675 nullus
522 4623 621 4676 fuit
673 4625 761 4692 qui
800 4626 1232 4697 conturbaretur,
1258 4634 1416 4688 amici
1457 4640 1561 4692 mei
1613 4652 1667 4695 et
1706 4643 1864 4698 valde

305 4710 634 4767 honorabiles
665 4713 790 4768 facti
820 4727 964 4782 sunt,
990 4729 1045 4772 et
1074 4720 1236 4775 totius
1267 4723 1523 4782 Ecclesiae
1560 4731 1867 4791 habuerunt

301 4805 668 4873 principatum.
702 4804 770 4858 Et
809 4809 1056 4875 quamvis
1081 4826 1109 4864 a
1139 4829 1226 4868 me
1249 4816 1359 4871 sint
1401 4819 1740 4892 dinumerati,
1774 4843 1867 4882 su-

301 4910 386 4964 per
405 4913 624 4952 arenam
639 4908 817 4953 tamen
842 4902 1355 4973 multiplicabuntur,
1372 4913 1496 4980 quia
1521 4916 1572 4968 in
1597 4918 1864 4979 infinitum

299 4997 347 5039 et
385 4989 669 5044 multitudo
717 5005 900 5045 eorum
942 4996 1136 5049 crescit
1176 5008 1228 5050 et
1256 5000 1447 5068 gloria.
1481 5003 1786 5078 Exsurrezi,
1816 5025 1866 5068 et

301 5078 458 5132 adliuc
494 5098 607 5135 sum
637 5091 821 5137 tecum.
855 5084 964 5140 Hoc
996 5093 1207 5158 tempus
1236 5092 1521 5164 significat,
1555 5117 1663 5169 quo
1687 5105 1864 5161 adhuc

303 5169 350 5222 in
377 5174 585 5227 occulto
615 5185 697 5228 est
721 5175 787 5230 ad
814 5176 1089 5235 dexteram
1116 5182 1315 5251 Patris,
1345 5198 1633 5260 antequam
1659 5202 1865 5254 revele-

369 5307 578 5388 _'7.Forte
609 5309 912 5388 legendum,
943 5322 989 5388 et
1027 5317 1272 5372 unitatem
1303 5326 1715 5384 custodientium.
1745 5334 1856 5388 Etsi

307 5375 640 5466 ‘editimmnnes
666 5375 856 5466 unitate
881 5375 1109 5466 habeant
1143 5406 1155 5439 :
1189 5405 1309 5466 nam
1345 5375 1864 5466 S.

309 5444 482 5544 lacinia
516 5449 818 5532 Donatistas
871 5458 1189 5544 sententiam
1240 5444 1866 5544 direxier'atf‘qu'iuirifial-Ii

313 5525 505 5605 iustiti-a3
551 5525 783 5605 nomine,
836 5527 1452 5605 persuadebuntpopulis
1497 5525 1550 5590 ut
1578 5525 1598 5600 ,’
1634 5525 1867 5605 άίειέέίριε

317 5593 510 5684 unitatis
541 5593 759 5684 vinculo,
792 5610 877 5647 eos
926 5603 1188 5677 tamquam
1214 5593 1451 5664 iustiores
1480 5593 1600 5662 ειεθῖ
1632 5593 1865 5684 exitii;-

314 5654 769 5751 riji-sequerentur.
791 5701 803 5715 .
901 5704 914 5717 .
950 5654 1234 5751 interﬂuos
1271 5654 1873 5751 triticum

319 5732 424 5776 voto
448 5732 662 5781 unitatis
689 5735 906 5799 vinculo,
936 5732 1180 5806 gemebat.

1976 3270 2058 3315 tor
2101 3260 2354 3315 instituit.
2389 3260 2503 3317 Hoc
2531 3271 2614 3316 est
2650 3262 2795 3317 enim
2839 3266 3090 3332 perfecte,
3128 3269 3179 3322 id
3210 3280 3292 3323 est
3322 3273 3555 3333 scienter

1973 3353 2173 3418 odisse,
2211 3359 2270 3406 ut
2296 3366 2396 3408 nec
2426 3365 2647 3423 propter
2675 3355 2800 3410 vitia
2829 3356 3074 3413 homines
3104 3361 3307 3430 oderis,
3343 3380 3444 3421 nec
3471 3367 3555 3422 vi-

1972 3442 2042 3498 tia
2075 3452 2294 3511 propter
2326 3444 2572 3498 homines
2593 3445 2788 3514 diligas
2815 3446 2983 3516 (Sent.
3010 3449 3125 3520 65).

2043 3534 2221 3603 (Vers.
2259 3533 2351 3601 23,
2383 3535 2517 3605 24.)
2567 3534 2741 3590 Proba
2790 3554 2891 3604 me,
2932 3537 3173 3608 Domine,
3198 3552 3246 3596 et
3290 3547 3417 3600 scito
3465 3565 3557 3604 eor

1969 3642 2169 3692 meum;
2189 3627 2448 3698 interroga
2478 3644 2575 3694 me,
2595 3637 2642 3682 et
2663 3645 2911 3700 cognosce
2935 3633 3140 3688 semitas
3167 3652 3327 3700 meas,
3351 3638 3418 3692 Et
3440 3641 3556 3695 vide

1968 3721 2014 3774 si
2041 3721 2122 3774 via
2149 3720 2440 3788 iniquitatis
2468 3721 2521 3774 in
2553 3737 2633 3775 me
2655 3731 2750 3788 est,
2779 3733 2826 3775 et
2854 3723 3019 3778 deduc
3047 3742 3127 3780 me
3153 3728 3207 3781 in
3233 3730 3314 3782 via
3339 3742 3552 3788 aeterna.

1970 3811 2247 3875 Scrutare,
2275 3811 2468 3879 inquit,
2491 3812 2698 3865 semitas
2725 3828 2893 3882 meas,
2923 3814 2975 3868 id
3003 3824 3104 3882 est,
3137 3821 3362 3880 consilia
3383 3831 3434 3876 et
3461 3837 3553 3878 co-

1968 3904 2256 3971 gitationes
2297 3917 2446 3957 meas
2476 3903 2711 3971 probans
2748 3912 2805 3960 et
2843 3907 3177 3976 examinns,
3206 3925 3314 3981 quo
3355 3913 3553 3971 aﬂ’eetu

1969 3993 2184 4062 diligam
2209 3993 2398 4059 bonos,
2415 4002 2468 4047 et
2492 4008 2600 4063 quo
2620 3994 2801 4050 animo
2828 3997 3049 4054 tolerem
3075 4002 3266 4057 malos.
3290 4002 3357 4056 Et
3385 4006 3553 4061 deduc

1968 4101 2050 4138 me
2077 4085 2131 4138 ist
2155 4084 2238 4138 via
2262 4093 2474 4139 ceterna.
2505 4095 2527 4124 ε
2562 4084 2674 4141 Nisi
2719 4087 2812 4142 ille
2839 4089 2929 4159 qui
2968 4089 3121 4159 dixit,
3155 4091 3271 4164 Ego
3299 4113 3412 4149 sum
3447 4099 3550 4160 uia,

1969 4176 2174 4242 veritas,
2202 4185 2252 4230 et
2274 4179 2375 4231 vita
2409 4175 2590 4247 (loan.
2625 4195 2735 4240 xtv,
2768 4180 2845 4248 6);
2877 4193 2930 4236 et
2956 4185 3149 4254 quiest
3173 4188 3428 4242 mediator
3450 4190 3551 4245 Dei

1969 4280 2015 4324 et
2037 4270 2304 4324 hominum
2347 4269 2500 4325 homo
2547 4271 2780 4326 Christus
2820 4273 2974 4328 Iesus
3001 4276 3051 4346 (I
3093 4278 3226 4333 Tim.
3253 4295 3311 4345 ll,
3337 4281 3423 4348 5);
3463 4300 3554 4353 per

1968 4376 2118 4429 quem
2143 4361 2385 4415 habemus
2429 4377 2686 4417 accessum
2716 4365 2786 4418 ad
2815 4363 3045 4431 Patrem,
3073 4378 3128 4423 et
3163 4372 3254 4440 qui
3277 4382 3352 4426 est
3374 4389 3553 4426 ea'ora-

1971 4453 2042 4507 tio
2067 4469 2160 4523 pro
2189 4455 2410 4524 peccatis
2433 4456 2618 4509 nostris
2650 4455 2691 4525 (l
2713 4455 2876 4510 Joan.
2902 4473 2961 4521 tt,
2987 4461 3041 4524 1,
3067 4461 3146 4528 2).

2439 4607 2752 4665 PSALMUS
2790 4608 3074 4668 CXXXIX.

2046 4737 2225 4810 (Vers.
2255 4737 2332 4807 Ι.)
2363 4737 2426 4791 In
2457 4739 2611 4806 ﬁnem
2641 4739 2888 4796 Psafmus
2927 4744 3024 4815 ipsi
3051 4745 3236 4799 Dauid.
3266 4747 3413 4802 Finis
3440 4765 3546 4802 non

1972 4828 2112 4884 alius
2139 4829 2519 4898 intelligendus
2546 4841 2630 4885 est
2653 4846 2816 4900 quam
2842 4835 2932 4904 qui
2963 4845 3047 4890 est
3073 4837 3141 4889 ab
3169 4841 3426 4908 Apostolo
3451 4839 3548 4895 de-

1971 4920 2222 4987 claratus,
2248 4919 2458 4976 dicente
2488 4937 2502 4974 :
2527 4919 2681 4976 Finis
2710 4924 2844 4976 enim
2867 4925 2989 4996 legis
3013 4925 3265 4993 Christus,
3299 4930 3366 4981 ad
3383 4932 3548 4999 justi-

1971 5015 2097 5066 tiam
2137 5013 2274 5066 eauti
2304 5014 2528 5067 credenti
2556 5013 2732 5084 (Rom.
2759 5031 2813 5083 x,
2842 5017 2922 5086 4).
2956 5017 3134 5072 Ἕὶιυῐο
3172 5034 3300 5087 ergo
3340 5034 3439 5072 suo
3467 5021 3548 5074 in-

1970 5105 2112 5159 dica-t
2141 5105 2374 5173 psalmus
2417 5105 2560 5160 unde
2599 5106 2877 5162 locuturus
2913 5109 3011 5174 sit;
3051 5124 3172 5162 nam
3214 5119 3267 5164 et
3294 5111 3544 5176 dicendo,

1971 5198 2085 5269 Ipsi
2114 5197 2304 5265 David,
2327 5213 2448 5254 eum
2475 5200 2763 5270 signiﬁcat,
2792 5202 2883 5273 qui
2907 5211 2992 5259 est
3012 5203 3306 5260 secundum
3327 5219 3545 5260 carnem

2040 5333 2068 5373 1³
2103 5334 2349 5414 Editores
2387 5336 2548 5392 Duae.
2581 5347 2638 5394 et
2675 5337 2865 5394 Colon.
2894 5341 3121 5410 margini
3162 5356 3544 5414 apposuerant,

1968 5423 2070 5460 non
2099 5418 2298 5459 umtur.

2049 5489 2070 5514 ε
2105 5477 2202 5529 llic
2223 5475 2398 5543 aliqua
2425 5476 2492 5530 ad
2523 5492 2712 5532 sensus
2742 5480 3119 5546 perfectionem
3148 5482 3337 5540 deesse
3357 5487 3545 5541 viden-

1974 5546 2272 5619 tur._Forte
2302 5547 2494 5619 quatit:
2519 5547 2824 5619 Augustino
2853 5550 2970 5619 ipso
3001 5552 3285 5616 habentur,
3316 5569 3405 5608 aut
3443 5560 3542 5612 ali-

1976 5617 2101 5690 quid
2147 5631 2354 5690 eorum,
2391 5617 2528 5682 Quid
2567 5617 2710 5671 aliud
2757 5617 2900 5686 dicit,
2943 5639 3114 5690 quam,
3149 5623 3325 5678 Deduc
3367 5643 3448 5680 me
3485 5632 3537 5682 in

1981 5687 2220 5763 Christo}
2248 5686 2371 5763 Quis
2417 5695 2489 5739 est
2529 5689 2661 5763 enim
2701 5691 2783 5743 via
2810 5686 3022 5755 mterna,
3057 5686 3153 5747 nisi
3194 5698 3279 5763 qui
3320 5708 3390 5749 est
3434 5702 3538 5752 vita

1980 5758 2198 5811 eterna?
2219 5755 2470 5813 .Eternus
2497 5761 2632 5815 enim
2657 5769 2730 5815 est
2759 5764 2844 5833 qui
2873 5764 3023 5832 dixit,
3042 5764 3152 5835 Ego
3170 5755 3279 5821 sum
3308 5770 3410 5836 via,
3427 5782 3531 5824 etc.
