  <div class='ocr_page' id='page_1' title='image "/cluster/home/n/w/nwhite01/storage/ocr_20150623/51/hvd.32044054758610/205.png"; bbox 0 0 3978 6178; ppageno 0'>
   <div class='ocr_carea' id='block_1_1' title="bbox 440 301 544 359">
    <p class='ocr_par' dir='ltr' id='par_1_1' title="bbox 440 301 544 359">
     <span class='ocr_line' id='line_1_1' title="bbox 440 301 544 359; baseline -0.058 1"><span class='ocrx_word' id='word_1_1' title='bbox 440 301 544 359; x_wconf 74' lang='lat'><strong>599</strong></span> 
     </span>
    </p>
   </div>
   <div class='ocr_carea' id='block_1_2' title="bbox 1683 295 2494 366">
    <p class='ocr_par' dir='ltr' id='par_1_2' title="bbox 1683 295 2494 366">
     <span class='ocr_line' id='line_1_2' title="bbox 1683 295 2494 366; baseline 0.006 -13"><span class='ocrx_word' id='word_1_2' title='bbox 1683 299 1741 353; x_wconf 91' lang='lat' dir='ltr'><strong>S.</strong></span> <span class='ocrx_word' id='word_1_3' title='bbox 1785 295 2127 353; x_wconf 80' lang='lat' dir='ltr'><strong>PROSPERI</strong></span> <span class='ocrx_word' id='word_1_4' title='bbox 2169 299 2494 366; x_wconf 80' lang='lat' dir='ltr'><strong>AQUITANI</strong></span> 
     </span>
    </p>
   </div>
   <div class='ocr_carea' id='block_1_3' title="bbox 3620 314 3726 372">
    <p class='ocr_par' dir='ltr' id='par_1_3' title="bbox 3620 314 3726 372">
     <span class='ocr_line' id='line_1_3' title="bbox 3620 314 3726 372; baseline 0.028 -3"><span class='ocrx_word' id='word_1_5' title='bbox 3620 314 3726 372; x_wconf 78' lang='grc' dir='ltr'><strong>ιοο</strong></span> 
     </span>
    </p>
   </div>
   <div class='ocr_carea' id='block_1_4' title="bbox 441 411 3726 501">
    <p class='ocr_par' dir='ltr' id='par_1_4' title="bbox 441 411 3726 501">
     <span class='ocr_line' id='line_1_4' title="bbox 441 411 3726 501; baseline 0.005 -26"><span class='ocrx_word' id='word_1_6' title='bbox 441 436 508 475; x_wconf 77' lang='lat' dir='ltr'><strong>cx</strong></span> <span class='ocrx_word' id='word_1_7' title='bbox 545 416 751 474; x_wconf 97' lang='lat' dir='ltr'><strong>semine</strong></span> <span class='ocrx_word' id='word_1_8' title='bbox 774 413 940 469; x_wconf 84' lang='lat' dir='ltr'><strong>David</strong></span> <span class='ocrx_word' id='word_1_9' title='bbox 974 412 1152 485; x_wconf 85' lang='lat' dir='ltr'><strong>(Rom.</strong></span> <span class='ocrx_word' id='word_1_10' title='bbox 1191 428 1232 478; x_wconf 86' lang='grc' dir='ltr'>ι,</span> <span class='ocrx_word' id='word_1_11' title='bbox 1262 411 1340 482; x_wconf 82' lang='lat'><strong>&#39;5).</strong></span> <span class='ocrx_word' id='word_1_12' title='bbox 1370 411 1512 481; x_wconf 82' lang='lat' dir='ltr'><strong>Ergo</strong></span> <span class='ocrx_word' id='word_1_13' title='bbox 1554 427 1659 466; x_wconf 90' lang='lat' dir='ltr'><strong>non</strong></span> <span class='ocrx_word' id='word_1_14' title='bbox 1717 413 2019 469; x_wconf 89' lang='lat' dir='ltr'><strong>secundum</strong></span> <span class='ocrx_word' id='word_1_15' title='bbox 2050 417 2100 474; x_wconf 89' lang='lat' dir='ltr'><strong>A</strong></span> <span class='ocrx_word' id='word_1_16' title='bbox 2126 431 2277 472; x_wconf 91' lang='lat' dir='ltr'><strong>suam</strong></span> <span class='ocrx_word' id='word_1_17' title='bbox 2309 420 2489 490; x_wconf 89' lang='lat' dir='ltr'><strong>delegi</strong></span> <span class='ocrx_word' id='word_1_18' title='bbox 2535 422 2956 482; x_wconf 74' lang='lat' dir='ltr'><strong>simulationem.</strong></span> <span class='ocrx_word' id='word_1_19' title='bbox 2985 430 3166 499; x_wconf 81' lang='lat' dir='ltr'><strong>Agunt</strong></span> <span class='ocrx_word' id='word_1_20' title='bbox 3209 445 3340 501; x_wconf 90' lang='lat' dir='ltr'><strong>ergo</strong></span> <span class='ocrx_word' id='word_1_21' title='bbox 3379 432 3564 489; x_wconf 81' lang='lat' dir='ltr'><strong>omnia</strong></span> <span class='ocrx_word' id='word_1_22' title='bbox 3608 449 3726 493; x_wconf 82' lang='lat' dir='ltr'><strong>arte</strong></span> 
     </span>
    </p>
   </div>
   <div class='ocr_carea' id='block_1_5' title="bbox 441 505 2026 576">
    <p class='ocr_par' dir='ltr' id='par_1_5' title="bbox 441 505 2026 576">
     <span class='ocr_line' id='line_1_5' title="bbox 441 505 2026 576; baseline -0.004 -10"><span class='ocrx_word' id='word_1_23' title='bbox 441 511 797 575; x_wconf 66' lang='lat' dir='ltr'><strong>divinitatem,</strong></span> <span class='ocrx_word' id='word_1_24' title='bbox 821 521 924 576; x_wconf 88' lang='lat' dir='ltr'><strong>qua</strong></span> <span class='ocrx_word' id='word_1_25' title='bbox 969 506 1194 560; x_wconf 85' lang='lat' dir='ltr'><strong>Creator</strong></span> <span class='ocrx_word' id='word_1_26' title='bbox 1233 513 1318 560; x_wconf 92' lang='lat' dir='ltr'><strong>est</strong></span> <span class='ocrx_word' id='word_1_27' title='bbox 1357 519 1462 560; x_wconf 88' lang='lat' dir='ltr'><strong>non</strong></span> <span class='ocrx_word' id='word_1_28' title='bbox 1494 505 1668 559; x_wconf 87' lang='lat' dir='ltr'><strong>solum</strong></span> <span class='ocrx_word' id='word_1_29' title='bbox 1717 505 1907 570; x_wconf 83' lang='lat' dir='ltr'><strong>David,</strong></span> <span class='ocrx_word' id='word_1_30' title='bbox 1933 519 2026 560; x_wconf 86' lang='lat' dir='ltr'><strong>ve-</strong></span> 
     </span>
    </p>
   </div>
   <div class='ocr_carea' id='block_1_6' title="bbox 442 597 2022 667">
    <p class='ocr_par' dir='ltr' id='par_1_6' title="bbox 442 597 2022 667">
     <span class='ocr_line' id='line_1_6' title="bbox 442 597 2022 667; baseline -0.004 -8"><span class='ocrx_word' id='word_1_31' title='bbox 442 620 558 659; x_wconf 90' lang='lat' dir='ltr'><strong>rum</strong></span> <span class='ocrx_word' id='word_1_32' title='bbox 583 603 745 658; x_wconf 84' lang='lat' dir='ltr'><strong>etiam</strong></span> <span class='ocrx_word' id='word_1_33' title='bbox 775 599 1061 654; x_wconf 89' lang='lat' dir='ltr'><strong>visibilium</strong></span> <span class='ocrx_word' id='word_1_34' title='bbox 1099 607 1260 667; x_wconf 91' lang='lat' dir='ltr'><strong>atque</strong></span> <span class='ocrx_word' id='word_1_35' title='bbox 1288 597 1642 652; x_wconf 89' lang='lat' dir='ltr'><strong>invisibilium</strong></span> <span class='ocrx_word' id='word_1_36' title='bbox 1679 608 2022 664; x_wconf 78' lang='lat' dir='ltr'><strong>naturarum;</strong></span> 
     </span>
    </p>
   </div>
   <div class='ocr_carea' id='block_1_7' title="bbox 440 690 2022 761">
    <p class='ocr_par' dir='ltr' id='par_1_7' title="bbox 440 690 2022 761">
     <span class='ocr_line' id='line_1_7' title="bbox 440 690 2022 761; baseline -0.006 -10"><span class='ocrx_word' id='word_1_37' title='bbox 440 697 537 751; x_wconf 88' lang='lat' dir='ltr'><strong>sed</strong></span> <span class='ocrx_word' id='word_1_38' title='bbox 564 692 856 749; x_wconf 89' lang='lat' dir='ltr'><strong>secundum</strong></span> <span class='ocrx_word' id='word_1_39' title='bbox 884 706 1101 746; x_wconf 88' lang='lat' dir='ltr'><strong>carnem</strong></span> <span class='ocrx_word' id='word_1_40' title='bbox 1131 690 1270 744; x_wconf 86' lang='lat' dir='ltr'><strong>filius</strong></span> <span class='ocrx_word' id='word_1_41' title='bbox 1297 690 1463 745; x_wconf 80' lang='lat' dir='ltr'><strong>David</strong></span> <span class='ocrx_word' id='word_1_42' title='bbox 1489 705 1612 745; x_wconf 90' lang='lat' dir='ltr'><strong>esse</strong></span> <span class='ocrx_word' id='word_1_43' title='bbox 1641 690 1893 761; x_wconf 87' lang='lat' dir='ltr'><strong>dignatus</strong></span> <span class='ocrx_word' id='word_1_44' title='bbox 1917 700 2022 756; x_wconf 88' lang='lat' dir='ltr'><strong>est,</strong></span> 
     </span>
    </p>
   </div>
   <div class='ocr_carea' id='block_1_8' title="bbox 443 781 2024 852">
    <p class='ocr_par' dir='ltr' id='par_1_8' title="bbox 443 781 2024 852">
     <span class='ocr_line' id='line_1_8' title="bbox 443 781 2024 852; baseline -0.005 -10"><span class='ocrx_word' id='word_1_45' title='bbox 443 798 502 842; x_wconf 93' lang='lat' dir='ltr'><strong>ut</strong></span> <span class='ocrx_word' id='word_1_46' title='bbox 543 795 710 841; x_wconf 91' lang='lat' dir='ltr'><strong>totum</strong></span> <span class='ocrx_word' id='word_1_47' title='bbox 756 797 951 852; x_wconf 90' lang='lat' dir='ltr'><strong>corpus</strong></span> <span class='ocrx_word' id='word_1_48' title='bbox 994 782 1132 852; x_wconf 86' lang='lat' dir='ltr'><strong>ejus,</strong></span> <span class='ocrx_word' id='word_1_49' title='bbox 1167 782 1218 836; x_wconf 92' lang='lat' dir='ltr'><strong>id</strong></span> <span class='ocrx_word' id='word_1_50' title='bbox 1268 791 1373 846; x_wconf 86' lang='lat' dir='ltr'><strong>est,</strong></span> <span class='ocrx_word' id='word_1_51' title='bbox 1399 781 1668 848; x_wconf 85' lang='lat' dir='ltr'><strong>Ecclesia,</strong></span> <span class='ocrx_word' id='word_1_52' title='bbox 1700 781 1896 852; x_wconf 90' lang='lat' dir='ltr'><strong>capitis</strong></span> <span class='ocrx_word' id='word_1_53' title='bbox 1941 781 2024 836; x_wconf 90' lang='lat' dir='ltr'><strong>sui</strong></span> 
     </span>
    </p>
   </div>
   <div class='ocr_carea' id='block_1_9' title="bbox 443 871 2025 942">
    <p class='ocr_par' dir='ltr' id='par_1_9' title="bbox 443 871 2025 942">
     <span class='ocr_line' id='line_1_9' title="bbox 443 871 2025 942; baseline -0.003 -11"><span class='ocrx_word' id='word_1_54' title='bbox 443 886 620 931; x_wconf 91' lang='lat' dir='ltr'><strong>utatur</strong></span> <span class='ocrx_word' id='word_1_55' title='bbox 657 875 881 942; x_wconf 80' lang='lat' dir='ltr'><strong>auxilio,</strong></span> <span class='ocrx_word' id='word_1_56' title='bbox 904 882 960 930; x_wconf 90' lang='lat' dir='ltr'><strong>et</strong></span> <span class='ocrx_word' id='word_1_57' title='bbox 1006 888 1166 928; x_wconf 90' lang='lat' dir='ltr'><strong>omne</strong></span> <span class='ocrx_word' id='word_1_58' title='bbox 1195 873 1496 927; x_wconf 87' lang='lat' dir='ltr'><strong>membrum</strong></span> <span class='ocrx_word' id='word_1_59' title='bbox 1525 871 1644 942; x_wconf 87' lang='lat' dir='ltr'><strong>ejus</strong></span> <span class='ocrx_word' id='word_1_60' title='bbox 1686 886 1820 928; x_wconf 88' lang='lat' dir='ltr'><strong>voce</strong></span> <span class='ocrx_word' id='word_1_61' title='bbox 1858 872 2025 942; x_wconf 92' lang='lat' dir='ltr'><strong>ipsius</strong></span> 
     </span>
    </p>
   </div>
   <div class='ocr_carea' id='block_1_10' title="bbox 441 970 626 1024">
    <p class='ocr_par' dir='ltr' id='par_1_10' title="bbox 441 970 626 1024">
     <span class='ocr_line' id='line_1_10' title="bbox 441 970 626 1024; baseline -0.016 0"><span class='ocrx_word' id='word_1_62' title='bbox 441 970 583 1024; x_wconf 88' lang='lat' dir='ltr'><strong>dicat</strong></span> <span class='ocrx_word' id='word_1_63' title='bbox 612 985 626 1021; x_wconf 89' lang='lat'><strong>:</strong></span> 
     </span>
    </p>
   </div>
   <div class='ocr_carea' id='block_1_11' title="bbox 513 1053 2026 1132">
    <p class='ocr_par' dir='ltr' id='par_1_11' title="bbox 513 1053 2026 1132">
     <span class='ocr_line' id='line_1_11' title="bbox 513 1053 2026 1132; baseline -0.005 -17"><span class='ocrx_word' id='word_1_64' title='bbox 513 1061 692 1132; x_wconf 85' lang='lat' dir='ltr'><strong>(Vers.</strong></span> <span class='ocrx_word' id='word_1_65' title='bbox 715 1057 800 1130; x_wconf 69' lang='grc'><strong>2,)</strong></span> <span class='ocrx_word' id='word_1_66' title='bbox 829 1057 990 1126; x_wconf 80' lang='lat' dir='ltr'><strong>Eripe</strong></span> <span class='ocrx_word' id='word_1_67' title='bbox 1028 1072 1129 1122; x_wconf 89' lang='lat' dir='ltr'><strong>me,</strong></span> <span class='ocrx_word' id='word_1_68' title='bbox 1166 1055 1403 1125; x_wconf 89' lang='lat' dir='ltr'><strong>Domine,</strong></span> <span class='ocrx_word' id='word_1_69' title='bbox 1434 1055 1496 1109; x_wconf 82' lang='lat' dir='ltr'><strong>ab</strong></span> <span class='ocrx_word' id='word_1_70' title='bbox 1536 1053 1744 1110; x_wconf 79' lang='lat' dir='ltr'><strong>homine</strong></span> <span class='ocrx_word' id='word_1_71' title='bbox 1790 1054 1967 1122; x_wconf 87' lang='lat' dir='ltr'><strong>malo;</strong></span> <span class='ocrx_word' id='word_1_72' title='bbox 1991 1071 2026 1109; x_wconf 90' lang='lat' dir='ltr'><strong>a</strong></span> 
     </span>
    </p>
   </div>
   <div class='ocr_carea' id='block_1_12' title="bbox 441 1147 2025 1224">
    <p class='ocr_par' dir='ltr' id='par_1_12' title="bbox 441 1147 2025 1224">
     <span class='ocr_line' id='line_1_12' title="bbox 441 1147 2025 1224; baseline -0.005 -15"><span class='ocrx_word' id='word_1_73' title='bbox 441 1157 550 1208; x_wconf 80' lang='lat' dir='ltr'><strong>viro</strong></span> <span class='ocrx_word' id='word_1_74' title='bbox 579 1154 752 1224; x_wconf 84' lang='lat' dir='ltr'><strong>iniquo</strong></span> <span class='ocrx_word' id='word_1_75' title='bbox 782 1151 943 1205; x_wconf 84' lang='lat' dir='ltr'><strong>libera</strong></span> <span class='ocrx_word' id='word_1_76' title='bbox 987 1166 1086 1205; x_wconf 90' lang='lat' dir='ltr'><strong>me.</strong></span> <span class='ocrx_word' id='word_1_77' title='bbox 1116 1149 1231 1203; x_wconf 89' lang='lat' dir='ltr'><strong>Non</strong></span> <span class='ocrx_word' id='word_1_78' title='bbox 1263 1148 1330 1203; x_wconf 91' lang='lat' dir='ltr'><strong>ab</strong></span> <span class='ocrx_word' id='word_1_79' title='bbox 1375 1162 1483 1204; x_wconf 90' lang='lat' dir='ltr'><strong>uno</strong></span> <span class='ocrx_word' id='word_1_80' title='bbox 1531 1149 1790 1218; x_wconf 88' lang='lat' dir='ltr'><strong>maligno,</strong></span> <span class='ocrx_word' id='word_1_81' title='bbox 1819 1147 1916 1203; x_wconf 89' lang='lat' dir='ltr'><strong>sed</strong></span> <span class='ocrx_word' id='word_1_82' title='bbox 1957 1147 2025 1201; x_wconf 89' lang='lat' dir='ltr'><strong>ab</strong></span> 
     </span>
    </p>
   </div>
   <div class='ocr_carea' id='block_1_13' title="bbox 371 1240 2026 1315">
    <p class='ocr_par' dir='ltr' id='par_1_13' title="bbox 371 1240 2026 1315">
     <span class='ocr_line' id='line_1_13' title="bbox 371 1240 2026 1315; baseline -0.003 -14"><span class='ocrx_word' id='word_1_83' title='bbox 371 1240 378 1247; x_wconf 84' lang='grc'><em>’</em></span> <span class='ocrx_word' id='word_1_84' title='bbox 441 1262 550 1301; x_wconf 85' lang='lat' dir='ltr'><strong>uno</strong></span> <span class='ocrx_word' id='word_1_85' title='bbox 588 1260 786 1315; x_wconf 79' lang='lat' dir='ltr'><strong>genere</strong></span> <span class='ocrx_word' id='word_1_86' title='bbox 817 1243 1200 1313; x_wconf 80' lang='lat' dir='ltr'><strong>malignorum;</strong></span> <span class='ocrx_word' id='word_1_87' title='bbox 1233 1256 1333 1297; x_wconf 91' lang='lat' dir='ltr'><strong>nec</strong></span> <span class='ocrx_word' id='word_1_88' title='bbox 1353 1241 1542 1296; x_wconf 90' lang='lat' dir='ltr'><strong>avasis</strong></span> <span class='ocrx_word' id='word_1_89' title='bbox 1572 1248 1803 1306; x_wconf 80' lang='lat' dir='ltr'><strong>tantum,</strong></span> <span class='ocrx_word' id='word_1_90' title='bbox 1831 1241 1928 1296; x_wconf 92' lang='lat' dir='ltr'><strong>sed</strong></span> <span class='ocrx_word' id='word_1_91' title='bbox 1955 1241 2026 1296; x_wconf 86' lang='lat' dir='ltr'><strong>ab</strong></span> 
     </span>
    </p>
   </div>
   <div class='ocr_carea' id='block_1_14' title="bbox 442 1330 2022 1406">
    <p class='ocr_par' dir='ltr' id='par_1_14' title="bbox 442 1330 2022 1406">
     <span class='ocr_line' id='line_1_14' title="bbox 442 1330 2022 1406; baseline -0.001 -17"><span class='ocrx_word' id='word_1_92' title='bbox 442 1338 558 1406; x_wconf 88' lang='lat' dir='ltr'><strong>ipso</strong></span> <span class='ocrx_word' id='word_1_93' title='bbox 591 1335 850 1404; x_wconf 88' lang='lat' dir='ltr'><strong>principe,</strong></span> <span class='ocrx_word' id='word_1_94' title='bbox 887 1334 938 1387; x_wconf 92' lang='lat' dir='ltr'><strong>id</strong></span> <span class='ocrx_word' id='word_1_95' title='bbox 973 1344 1076 1400; x_wconf 90' lang='lat' dir='ltr'><strong>est,</strong></span> <span class='ocrx_word' id='word_1_96' title='bbox 1117 1333 1184 1386; x_wconf 91' lang='lat' dir='ltr'><strong>ab</strong></span> <span class='ocrx_word' id='word_1_97' title='bbox 1214 1333 1332 1401; x_wconf 92' lang='lat' dir='ltr'><strong>ipso</strong></span> <span class='ocrx_word' id='word_1_98' title='bbox 1363 1331 1581 1387; x_wconf 89' lang='lat' dir='ltr'><strong>diabolo</strong></span> <span class='ocrx_word' id='word_1_99' title='bbox 1608 1346 1669 1387; x_wconf 91' lang='lat' dir='ltr'><strong>se</strong></span> <span class='ocrx_word' id='word_1_100' title='bbox 1704 1334 1819 1386; x_wconf 90' lang='lat' dir='ltr'><strong>erui</strong></span> <span class='ocrx_word' id='word_1_101' title='bbox 1851 1330 2022 1402; x_wconf 89' lang='lat' dir='ltr'><strong>cupit,</strong></span> 
     </span>
    </p>
   </div>
   <div class='ocr_carea' id='block_1_15' title="bbox 442 1423 2025 1498">
    <p class='ocr_par' dir='ltr' id='par_1_15' title="bbox 442 1423 2025 1498">
     <span class='ocr_line' id='line_1_15' title="bbox 442 1423 2025 1498; baseline -0.001 -18"><span class='ocrx_word' id='word_1_102' title='bbox 442 1429 677 1498; x_wconf 89' lang='lat' dir='ltr'><strong>quivult</strong></span> <span class='ocrx_word' id='word_1_103' title='bbox 712 1427 781 1481; x_wconf 92' lang='lat' dir='ltr'><strong>ab</strong></span> <span class='ocrx_word' id='word_1_104' title='bbox 823 1426 1086 1495; x_wconf 88' lang='lat' dir='ltr'><strong>injustitia</strong></span> <span class='ocrx_word' id='word_1_105' title='bbox 1135 1425 1372 1480; x_wconf 91' lang='lat' dir='ltr'><strong>liberari.</strong></span> <span class='ocrx_word' id='word_1_106' title='bbox 1424 1424 1565 1479; x_wconf 86' lang='lat' dir='ltr'><strong>Dicit</strong></span> <span class='ocrx_word' id='word_1_107' title='bbox 1603 1425 1750 1480; x_wconf 89' lang='lat' dir='ltr'><strong>enim</strong></span> <span class='ocrx_word' id='word_1_108' title='bbox 1792 1423 2025 1495; x_wconf 66' lang='lat' dir='ltr'><strong>Apostoo</strong></span> 
     </span>
    </p>
   </div>
   <div class='ocr_carea' id='block_1_16' title="bbox 445 1516 2023 1583">
    <p class='ocr_par' dir='ltr' id='par_1_16' title="bbox 445 1516 2023 1583">
     <span class='ocr_line' id='line_1_16' title="bbox 445 1516 2023 1583; baseline -0.003 -9"><span class='ocrx_word' id='word_1_109' title='bbox 445 1522 546 1583; x_wconf 90' lang='lat' dir='ltr'><strong>lus,</strong></span> <span class='ocrx_word' id='word_1_110' title='bbox 580 1517 700 1573; x_wconf 83' lang='lat' dir='ltr'><strong>Non</strong></span> <span class='ocrx_word' id='word_1_111' title='bbox 727 1528 800 1572; x_wconf 88' lang='lat' dir='ltr'><strong>est</strong></span> <span class='ocrx_word' id='word_1_112' title='bbox 822 1518 966 1571; x_wconf 86' lang='lat' dir='ltr'><strong>nobis</strong></span> <span class='ocrx_word' id='word_1_113' title='bbox 996 1517 1293 1570; x_wconf 80' lang='lat' dir='ltr'><strong>colluctatio</strong></span> <span class='ocrx_word' id='word_1_114' title='bbox 1313 1516 1562 1570; x_wconf 81' lang='lat' dir='ltr'><strong>adversus</strong></span> <span class='ocrx_word' id='word_1_115' title='bbox 1591 1531 1796 1570; x_wconf 88' lang='lat' dir='ltr'><strong>carnem</strong></span> <span class='ocrx_word' id='word_1_116' title='bbox 1825 1525 1872 1570; x_wconf 92' lang='lat' dir='ltr'><strong>et</strong></span> <span class='ocrx_word' id='word_1_117' title='bbox 1901 1533 2023 1570; x_wconf 80' lang='lat' dir='ltr'><strong>san-</strong></span> 
     </span>
    </p>
   </div>
   <div class='ocr_carea' id='block_1_17' title="bbox 440 1611 2025 1682">
    <p class='ocr_par' dir='ltr' id='par_1_17' title="bbox 440 1611 2025 1682">
     <span class='ocr_line' id='line_1_17' title="bbox 440 1611 2025 1682; baseline -0.002 -16"><span class='ocrx_word' id='word_1_118' title='bbox 440 1615 667 1682; x_wconf 84' lang='lat' dir='ltr'><strong>guinem,</strong></span> <span class='ocrx_word' id='word_1_119' title='bbox 697 1611 788 1665; x_wconf 88' lang='lat' dir='ltr'><strong>sed</strong></span> <span class='ocrx_word' id='word_1_120' title='bbox 821 1611 1066 1665; x_wconf 81' lang='lat' dir='ltr'><strong>adversus</strong></span> <span class='ocrx_word' id='word_1_121' title='bbox 1118 1611 1370 1682; x_wconf 75' lang='lat' dir='ltr'><strong>principes</strong></span> <span class='ocrx_word' id='word_1_122' title='bbox 1401 1620 1449 1664; x_wconf 89' lang='lat' dir='ltr'><strong>et</strong></span> <span class='ocrx_word' id='word_1_123' title='bbox 1491 1619 1797 1678; x_wconf 73' lang='lat' dir='ltr'><strong>potestates,</strong></span> <span class='ocrx_word' id='word_1_124' title='bbox 1853 1621 1899 1664; x_wconf 88' lang='lat' dir='ltr'><strong>et</strong></span> <span class='ocrx_word' id='word_1_125' title='bbox 1948 1627 2025 1664; x_wconf 84' lang='lat' dir='ltr'><strong>re-</strong></span> 
     </span>
    </p>
   </div>
   <div class='ocr_carea' id='block_1_18' title="bbox 440 1699 2021 1772">
    <p class='ocr_par' dir='ltr' id='par_1_18' title="bbox 440 1699 2021 1772">
     <span class='ocr_line' id='line_1_18' title="bbox 440 1699 2021 1772; baseline 0.001 -18"><span class='ocrx_word' id='word_1_126' title='bbox 440 1712 604 1757; x_wconf 86' lang='lat' dir='ltr'><strong>ctores</strong></span> <span class='ocrx_word' id='word_1_127' title='bbox 646 1701 823 1755; x_wconf 87' lang='lat' dir='ltr'><strong>mundi</strong></span> <span class='ocrx_word' id='word_1_128' title='bbox 869 1700 1191 1756; x_wconf 84' lang='lat' dir='ltr'><strong>tenebrarum</strong></span> <span class='ocrx_word' id='word_1_129' title='bbox 1237 1701 1422 1754; x_wconf 82' lang='lat' dir='ltr'><strong>harum</strong></span> <span class='ocrx_word' id='word_1_130' title='bbox 1463 1699 1680 1772; x_wconf 82' lang='lat' dir='ltr'><strong>(Ep/tes.</strong></span> <span class='ocrx_word' id='word_1_131' title='bbox 1721 1716 1792 1766; x_wconf 80' lang='lat' dir='ltr'><strong>vr,</strong></span> <span class='ocrx_word' id='word_1_132' title='bbox 1829 1700 1940 1769; x_wconf 74' lang='lat'><strong>12),</strong></span> <span class='ocrx_word' id='word_1_133' title='bbox 1967 1701 2021 1756; x_wconf 89' lang='lat' dir='ltr'><strong>id</strong></span> 
     </span>
    </p>
   </div>
   <div class='ocr_carea' id='block_1_19' title="bbox 442 1794 2024 1863">
    <p class='ocr_par' dir='ltr' id='par_1_19' title="bbox 442 1794 2024 1863">
     <span class='ocr_line' id='line_1_19' title="bbox 442 1794 2024 1863; baseline -0.001 -13"><span class='ocrx_word' id='word_1_134' title='bbox 442 1804 551 1863; x_wconf 87' lang='lat' dir='ltr'><strong>est,</strong></span> <span class='ocrx_word' id='word_1_135' title='bbox 575 1803 812 1849; x_wconf 84' lang='lat' dir='ltr'><strong>rectores</strong></span> <span class='ocrx_word' id='word_1_136' title='bbox 844 1803 1209 1862; x_wconf 88' lang='lat' dir='ltr'><strong>peccatorum,</strong></span> <span class='ocrx_word' id='word_1_137' title='bbox 1239 1794 1431 1862; x_wconf 90' lang='lat' dir='ltr'><strong>quibus</strong></span> <span class='ocrx_word' id='word_1_138' title='bbox 1462 1794 1717 1863; x_wconf 68' lang='lat' dir='ltr'><strong>praesidet</strong></span> <span class='ocrx_word' id='word_1_139' title='bbox 1753 1805 1809 1850; x_wconf 92' lang='lat' dir='ltr'><strong>et</strong></span> <span class='ocrx_word' id='word_1_140' title='bbox 1849 1796 2024 1850; x_wconf 92' lang='lat' dir='ltr'><strong>domi-</strong></span> 
     </span>
    </p>
   </div>
   <div class='ocr_carea' id='block_1_20' title="bbox 443 1885 2026 1955">
    <p class='ocr_par' dir='ltr' id='par_1_20' title="bbox 443 1885 2026 1955">
     <span class='ocr_line' id='line_1_20' title="bbox 443 1885 2026 1955; baseline 0.003 -18"><span class='ocrx_word' id='word_1_141' title='bbox 443 1894 600 1940; x_wconf 87' lang='lat' dir='ltr'><strong>natur</strong></span> <span class='ocrx_word' id='word_1_142' title='bbox 645 1887 808 1941; x_wconf 88' lang='lat' dir='ltr'><strong>totius</strong></span> <span class='ocrx_word' id='word_1_143' title='bbox 862 1885 1210 1955; x_wconf 76' lang='lat' dir='ltr'><strong>malignitatis</strong></span> <span class='ocrx_word' id='word_1_144' title='bbox 1259 1885 1525 1940; x_wconf 89' lang='lat' dir='ltr'><strong>incentor.</strong></span> <span class='ocrx_word' id='word_1_145' title='bbox 1564 1885 1666 1950; x_wconf 84' lang='lat' dir='ltr'><strong>Qui</strong></span> <span class='ocrx_word' id='word_1_146' title='bbox 1709 1894 1892 1940; x_wconf 89' lang='lat' dir='ltr'><strong>autem</strong></span> <span class='ocrx_word' id='word_1_147' title='bbox 1943 1898 2026 1941; x_wconf 87' lang='lat' dir='ltr'><strong>est</strong></span> 
     </span>
    </p>
   </div>
   <div class='ocr_carea' id='block_1_21' title="bbox 439 1977 2024 2048">
    <p class='ocr_par' dir='ltr' id='par_1_21' title="bbox 439 1977 2024 2048">
     <span class='ocr_line' id='line_1_21' title="bbox 439 1977 2024 2048; baseline 0.001 -17"><span class='ocrx_word' id='word_1_148' title='bbox 439 1977 604 2034; x_wconf 88' lang='lat' dir='ltr'><strong>homo</strong></span> <span class='ocrx_word' id='word_1_149' title='bbox 642 1979 835 2041; x_wconf 84' lang='lat' dir='ltr'><strong>malus.</strong></span> <span class='ocrx_word' id='word_1_150' title='bbox 864 1978 1002 2033; x_wconf 88' lang='lat' dir='ltr'><strong>idem</strong></span> <span class='ocrx_word' id='word_1_151' title='bbox 1035 1987 1118 2034; x_wconf 89' lang='lat' dir='ltr'><strong>est</strong></span> <span class='ocrx_word' id='word_1_152' title='bbox 1159 1986 1213 2034; x_wconf 90' lang='lat' dir='ltr'><strong>et</strong></span> <span class='ocrx_word' id='word_1_153' title='bbox 1255 1979 1342 2033; x_wconf 86' lang='lat' dir='ltr'><strong>vir</strong></span> <span class='ocrx_word' id='word_1_154' title='bbox 1379 1978 1616 2048; x_wconf 89' lang='lat' dir='ltr'><strong>iniquus.</strong></span> <span class='ocrx_word' id='word_1_155' title='bbox 1653 1978 1840 2032; x_wconf 85' lang='lat' dir='ltr'><strong>Nullus</strong></span> <span class='ocrx_word' id='word_1_156' title='bbox 1881 1978 2024 2034; x_wconf 91' lang='lat' dir='ltr'><strong>enim</strong></span> 
     </span>
    </p>
   </div>
   <div class='ocr_carea' id='block_1_22' title="bbox 441 2069 2024 2140">
    <p class='ocr_par' dir='ltr' id='par_1_22' title="bbox 441 2069 2024 2140">
     <span class='ocr_line' id='line_1_22' title="bbox 441 2069 2024 2140; baseline 0.001 -17"><span class='ocrx_word' id='word_1_157' title='bbox 441 2071 672 2140; x_wconf 83' lang='lat' dir='ltr'><strong>injustas</strong></span> <span class='ocrx_word' id='word_1_158' title='bbox 713 2071 916 2125; x_wconf 88' lang='lat' dir='ltr'><strong>malitia</strong></span> <span class='ocrx_word' id='word_1_159' title='bbox 968 2079 1142 2134; x_wconf 88' lang='lat' dir='ltr'><strong>caret,</strong></span> <span class='ocrx_word' id='word_1_160' title='bbox 1172 2078 1227 2124; x_wconf 92' lang='lat' dir='ltr'><strong>et</strong></span> <span class='ocrx_word' id='word_1_161' title='bbox 1280 2070 1334 2124; x_wconf 91' lang='lat' dir='ltr'><strong>in</strong></span> <span class='ocrx_word' id='word_1_162' title='bbox 1391 2069 1744 2124; x_wconf 83' lang='lat' dir='ltr'><strong>dissimilibus</strong></span> <span class='ocrx_word' id='word_1_163' title='bbox 1790 2071 2024 2139; x_wconf 86' lang='lat' dir='ltr'><strong>peccatis</strong></span> 
     </span>
    </p>
   </div>
   <div class='ocr_carea' id='block_1_23' title="bbox 441 2159 2019 2230">
    <p class='ocr_par' dir='ltr' id='par_1_23' title="bbox 441 2159 2019 2230">
     <span class='ocr_line' id='line_1_23' title="bbox 441 2159 2019 2230; baseline 0.001 -16"><span class='ocrx_word' id='word_1_164' title='bbox 441 2162 596 2215; x_wconf 89' lang='lat' dir='ltr'><strong>unius</strong></span> <span class='ocrx_word' id='word_1_165' title='bbox 627 2175 823 2215; x_wconf 88' lang='lat' dir='ltr'><strong>nomen</strong></span> <span class='ocrx_word' id='word_1_166' title='bbox 854 2169 937 2215; x_wconf 85' lang='lat' dir='ltr'><strong>est</strong></span> <span class='ocrx_word' id='word_1_167' title='bbox 965 2159 1296 2228; x_wconf 87' lang='lat' dir='ltr'><strong>peccatoris;</strong></span> <span class='ocrx_word' id='word_1_168' title='bbox 1329 2160 1608 2228; x_wconf 88' lang='lat' dir='ltr'><strong>quietiam</strong></span> <span class='ocrx_word' id='word_1_169' title='bbox 1637 2159 1683 2213; x_wconf 90' lang='lat' dir='ltr'><strong>si</strong></span> <span class='ocrx_word' id='word_1_170' title='bbox 1706 2160 1785 2214; x_wconf 90' lang='lat' dir='ltr'><strong>sic</strong></span> <span class='ocrx_word' id='word_1_171' title='bbox 1815 2167 2019 2230; x_wconf 90' lang='lat' dir='ltr'><strong>peccet,</strong></span> 
     </span>
    </p>
   </div>
   <div class='ocr_carea' id='block_1_24' title="bbox 440 2249 2020 2320">
    <p class='ocr_par' dir='ltr' id='par_1_24' title="bbox 440 2249 2020 2320">
     <span class='ocr_line' id='line_1_24' title="bbox 440 2249 2020 2320; baseline 0.001 -15"><span class='ocrx_word' id='word_1_172' title='bbox 440 2261 497 2305; x_wconf 89' lang='lat' dir='ltr'><strong>ut</strong></span> <span class='ocrx_word' id='word_1_173' title='bbox 522 2252 590 2305; x_wconf 87' lang='lat' dir='ltr'><strong>ab</strong></span> <span class='ocrx_word' id='word_1_174' title='bbox 618 2251 849 2304; x_wconf 90' lang='lat' dir='ltr'><strong>aliorum</strong></span> <span class='ocrx_word' id='word_1_175' title='bbox 878 2264 938 2306; x_wconf 91' lang='lat' dir='ltr'><strong>se</strong></span> <span class='ocrx_word' id='word_1_176' title='bbox 967 2249 1186 2306; x_wconf 61' lang='lat' dir='ltr'><strong>lesione</strong></span> <span class='ocrx_word' id='word_1_177' title='bbox 1227 2250 1527 2315; x_wconf 83' lang='lat' dir='ltr'><strong>contineat,</strong></span> <span class='ocrx_word' id='word_1_178' title='bbox 1557 2251 1804 2320; x_wconf 89' lang='lat' dir='ltr'><strong>quolibet</strong></span> <span class='ocrx_word' id='word_1_179' title='bbox 1839 2259 2020 2308; x_wconf 89' lang='lat' dir='ltr'><strong>tamen</strong></span> 
     </span>
    </p>
   </div>
   <div class='ocr_carea' id='block_1_25' title="bbox 437 2344 1534 2407">
    <p class='ocr_par' dir='ltr' id='par_1_25' title="bbox 437 2344 1534 2407">
     <span class='ocr_line' id='line_1_25' title="bbox 437 2344 1534 2407; baseline -0.004 -8"><span class='ocrx_word' id='word_1_180' title='bbox 437 2344 602 2399; x_wconf 87' lang='lat' dir='ltr'><strong>modo</strong></span> <span class='ocrx_word' id='word_1_181' title='bbox 629 2344 729 2398; x_wconf 89' lang='lat' dir='ltr'><strong>sibi</strong></span> <span class='ocrx_word' id='word_1_182' title='bbox 762 2357 988 2407; x_wconf 87' lang='lat' dir='ltr'><strong>nocens,</strong></span> <span class='ocrx_word' id='word_1_183' title='bbox 1015 2344 1273 2396; x_wconf 90' lang='lat' dir='ltr'><strong>innocens</strong></span> <span class='ocrx_word' id='word_1_184' title='bbox 1301 2357 1408 2396; x_wconf 91' lang='lat' dir='ltr'><strong>non</strong></span> <span class='ocrx_word' id='word_1_185' title='bbox 1433 2351 1534 2397; x_wconf 89' lang='lat' dir='ltr'><strong>est.</strong></span> 
     </span>
    </p>
   </div>
   <div class='ocr_carea' id='block_1_26' title="bbox 508 2433 2019 2510">
    <p class='ocr_par' dir='ltr' id='par_1_26' title="bbox 508 2433 2019 2510">
     <span class='ocr_line' id='line_1_26' title="bbox 508 2433 2019 2510; baseline -0.001 -22"><span class='ocrx_word' id='word_1_186' title='bbox 508 2433 688 2510; x_wconf 64' lang='lat' dir='ltr'><strong>5W</strong></span> <span class='ocrx_word' id='word_1_187' title='bbox 700 2435 851 2490; x_wconf 88' lang='lat' dir='ltr'><strong>Vers.</strong></span> <span class='ocrx_word' id='word_1_188' title='bbox 867 2434 950 2505; x_wconf 78' lang='lat'><strong>3.)</strong></span> <span class='ocrx_word' id='word_1_189' title='bbox 968 2433 1072 2498; x_wconf 85' lang='lat' dir='ltr'><strong>Qui</strong></span> <span class='ocrx_word' id='word_1_190' title='bbox 1098 2433 1454 2506; x_wconf 86' lang='lat' dir='ltr'><strong>cogitaverunt</strong></span> <span class='ocrx_word' id='word_1_191' title='bbox 1476 2433 1758 2505; x_wconf 87' lang='lat' dir='ltr'><strong>injustitias</strong></span> <span class='ocrx_word' id='word_1_192' title='bbox 1779 2433 1831 2486; x_wconf 89' lang='lat' dir='ltr'><strong>in</strong></span> <span class='ocrx_word' id='word_1_193' title='bbox 1845 2433 2019 2499; x_wconf 87' lang='lat' dir='ltr'><strong>corde,</strong></span> 
     </span>
    </p>
   </div>
   <div class='ocr_carea' id='block_1_27' title="bbox 441 2523 2022 2594">
    <p class='ocr_par' dir='ltr' id='par_1_27' title="bbox 441 2523 2022 2594">
     <span class='ocr_line' id='line_1_27' title="bbox 441 2523 2022 2594; baseline -0.001 -14"><span class='ocrx_word' id='word_1_194' title='bbox 441 2537 551 2581; x_wconf 89' lang='lat' dir='ltr'><strong>tota</strong></span> <span class='ocrx_word' id='word_1_195' title='bbox 580 2527 664 2580; x_wconf 90' lang='lat' dir='ltr'><strong>die</strong></span> <span class='ocrx_word' id='word_1_196' title='bbox 681 2526 1051 2580; x_wconf 90' lang='lat' dir='ltr'><strong>constituerunt</strong></span> <span class='ocrx_word' id='word_1_197' title='bbox 1077 2524 1230 2579; x_wconf 86' lang='lat' dir='ltr'><strong>bella.</strong></span> <span class='ocrx_word' id='word_1_198' title='bbox 1277 2523 1452 2579; x_wconf 81' lang='lat' dir='ltr'><strong>Minus</strong></span> <span class='ocrx_word' id='word_1_199' title='bbox 1478 2526 1636 2579; x_wconf 81' lang='lat' dir='ltr'><strong>noxia</strong></span> <span class='ocrx_word' id='word_1_200' title='bbox 1664 2532 1747 2579; x_wconf 89' lang='lat' dir='ltr'><strong>est</strong></span> <span class='ocrx_word' id='word_1_201' title='bbox 1771 2524 2022 2594; x_wconf 89' lang='lat' dir='ltr'><strong>iniquitas</strong></span> 
     </span>
    </p>
   </div>
   <div class='ocr_carea' id='block_1_28' title="bbox 435 2615 2018 2688">
    <p class='ocr_par' dir='ltr' id='par_1_28' title="bbox 435 2615 2018 2688">
     <span class='ocr_line' id='line_1_28' title="bbox 435 2615 2018 2688; baseline -0.003 -15"><span class='ocrx_word' id='word_1_202' title='bbox 435 2629 623 2688; x_wconf 87' lang='lat' dir='ltr'><strong>aperta</strong></span> <span class='ocrx_word' id='word_1_203' title='bbox 647 2633 805 2687; x_wconf 88' lang='lat' dir='ltr'><strong>quam</strong></span> <span class='ocrx_word' id='word_1_204' title='bbox 841 2625 1013 2682; x_wconf 89' lang='lat' dir='ltr'><strong>tecta;</strong></span> <span class='ocrx_word' id='word_1_205' title='bbox 1041 2624 1094 2670; x_wconf 91' lang='lat' dir='ltr'><strong>et</strong></span> <span class='ocrx_word' id='word_1_206' title='bbox 1133 2615 1226 2670; x_wconf 89' lang='lat' dir='ltr'><strong>ille</strong></span> <span class='ocrx_word' id='word_1_207' title='bbox 1265 2622 1352 2670; x_wconf 89' lang='lat' dir='ltr'><strong>est</strong></span> <span class='ocrx_word' id='word_1_208' title='bbox 1393 2615 1704 2670; x_wconf 90' lang='lat' dir='ltr'><strong>insidiosior</strong></span> <span class='ocrx_word' id='word_1_209' title='bbox 1745 2615 2018 2680; x_wconf 89' lang='lat' dir='ltr'><strong>inimicus,</strong></span> 
     </span>
    </p>
   </div>
   <div class='ocr_carea' id='block_1_29' title="bbox 436 2705 2021 2782">
    <p class='ocr_par' dir='ltr' id='par_1_29' title="bbox 436 2705 2021 2782">
     <span class='ocr_line' id='line_1_29' title="bbox 436 2705 2021 2782; baseline -0.003 -17"><span class='ocrx_word' id='word_1_210' title='bbox 436 2712 526 2782; x_wconf 87' lang='lat' dir='ltr'><strong>qui</strong></span> <span class='ocrx_word' id='word_1_211' title='bbox 557 2713 608 2764; x_wconf 91' lang='lat' dir='ltr'><strong>in</strong></span> <span class='ocrx_word' id='word_1_212' title='bbox 638 2711 794 2764; x_wconf 79' lang='lat' dir='ltr'><strong>labiis</strong></span> <span class='ocrx_word' id='word_1_213' title='bbox 838 2716 1020 2779; x_wconf 90' lang='lat' dir='ltr'><strong>portat</strong></span> <span class='ocrx_word' id='word_1_214' title='bbox 1056 2708 1217 2774; x_wconf 88' lang='lat' dir='ltr'><strong>bona,</strong></span> <span class='ocrx_word' id='word_1_215' title='bbox 1243 2716 1298 2762; x_wconf 90' lang='lat' dir='ltr'><strong>et</strong></span> <span class='ocrx_word' id='word_1_216' title='bbox 1344 2707 1397 2761; x_wconf 92' lang='lat' dir='ltr'><strong>in</strong></span> <span class='ocrx_word' id='word_1_217' title='bbox 1445 2705 1809 2776; x_wconf 82' lang='lat' dir='ltr'><strong>penetralibus</strong></span> <span class='ocrx_word' id='word_1_218' title='bbox 1855 2706 2021 2761; x_wconf 89' lang='lat' dir='ltr'><strong>animi</strong></span> 
     </span>
    </p>
   </div>
   <div class='ocr_carea' id='block_1_30' title="bbox 435 2797 2018 2856">
    <p class='ocr_par' dir='ltr' id='par_1_30' title="bbox 435 2797 2018 2856">
     <span class='ocr_line' id='line_1_30' title="bbox 435 2797 2018 2856; baseline -0.003 0"><span class='ocrx_word' id='word_1_219' title='bbox 435 2802 632 2856; x_wconf 89' lang='lat' dir='ltr'><strong>occulit</strong></span> <span class='ocrx_word' id='word_1_220' title='bbox 655 2803 814 2855; x_wconf 89' lang='lat' dir='ltr'><strong>mala.</strong></span> <span class='ocrx_word' id='word_1_221' title='bbox 837 2799 894 2854; x_wconf 83' lang='lat' dir='ltr'><strong>In</strong></span> <span class='ocrx_word' id='word_1_222' title='bbox 921 2799 1116 2854; x_wconf 81' lang='lat' dir='ltr'><strong>talibus</strong></span> <span class='ocrx_word' id='word_1_223' title='bbox 1138 2809 1318 2854; x_wconf 90' lang='lat' dir='ltr'><strong>autem</strong></span> <span class='ocrx_word' id='word_1_224' title='bbox 1348 2801 1578 2853; x_wconf 85' lang='lat' dir='ltr'><strong>secretis</strong></span> <span class='ocrx_word' id='word_1_225' title='bbox 1604 2813 1713 2853; x_wconf 94' lang='lat' dir='ltr'><strong>non</strong></span> <span class='ocrx_word' id='word_1_226' title='bbox 1745 2797 1848 2852; x_wconf 88' lang='lat' dir='ltr'><strong>nisi</strong></span> <span class='ocrx_word' id='word_1_227' title='bbox 1879 2797 2018 2853; x_wconf 91' lang='lat' dir='ltr'><strong>bella</strong></span> 
     </span>
    </p>
   </div>
   <div class='ocr_carea' id='block_1_31' title="bbox 435 2888 2020 2959">
    <p class='ocr_par' dir='ltr' id='par_1_31' title="bbox 435 2888 2020 2959">
     <span class='ocr_line' id='line_1_31' title="bbox 435 2888 2020 2959; baseline -0.003 -11"><span class='ocrx_word' id='word_1_228' title='bbox 435 2893 862 2956; x_wconf 89' lang='lat' dir='ltr'><strong>constituuntur,</strong></span> <span class='ocrx_word' id='word_1_229' title='bbox 895 2890 998 2945; x_wconf 88' lang='lat' dir='ltr'><strong>hoc</strong></span> <span class='ocrx_word' id='word_1_230' title='bbox 1027 2899 1132 2957; x_wconf 89' lang='lat' dir='ltr'><strong>est,</strong></span> <span class='ocrx_word' id='word_1_231' title='bbox 1163 2905 1226 2945; x_wconf 89' lang='lat' dir='ltr'><strong>ea</strong></span> <span class='ocrx_word' id='word_1_232' title='bbox 1248 2889 1568 2944; x_wconf 89' lang='lat' dir='ltr'><strong>ordinantur</strong></span> <span class='ocrx_word' id='word_1_233' title='bbox 1590 2905 1710 2959; x_wconf 78' lang='lat' dir='ltr'><strong>qua:</strong></span> <span class='ocrx_word' id='word_1_234' title='bbox 1733 2888 1890 2944; x_wconf 90' lang='lat' dir='ltr'><strong>bonis</strong></span> <span class='ocrx_word' id='word_1_235' title='bbox 1910 2890 2020 2945; x_wconf 90' lang='lat' dir='ltr'><strong>sint</strong></span> 
     </span>
    </p>
   </div>
   <div class='ocr_carea' id='block_1_32' title="bbox 435 2980 2017 3052">
    <p class='ocr_par' dir='ltr' id='par_1_32' title="bbox 435 2980 2017 3052">
     <span class='ocr_line' id='line_1_32' title="bbox 435 2980 2017 3052; baseline -0.003 -13"><span class='ocrx_word' id='word_1_236' title='bbox 435 2985 666 3040; x_wconf 87' lang='lat' dir='ltr'><strong>adversa</strong></span> <span class='ocrx_word' id='word_1_237' title='bbox 710 2992 763 3039; x_wconf 93' lang='lat' dir='ltr'><strong>et</strong></span> <span class='ocrx_word' id='word_1_238' title='bbox 804 2981 1188 3052; x_wconf 84' lang='lat' dir='ltr'><strong>repugnantia;</strong></span> <span class='ocrx_word' id='word_1_239' title='bbox 1237 2981 1361 3051; x_wconf 90' lang='lat' dir='ltr'><strong>quia</strong></span> <span class='ocrx_word' id='word_1_240' title='bbox 1413 2987 1603 3036; x_wconf 90' lang='lat' dir='ltr'><strong>contra</strong></span> <span class='ocrx_word' id='word_1_241' title='bbox 1659 2980 1841 3035; x_wconf 89' lang='lat' dir='ltr'><strong>omnia</strong></span> <span class='ocrx_word' id='word_1_242' title='bbox 1890 2981 2017 3035; x_wconf 89' lang='lat' dir='ltr'><strong>vitia</strong></span> 
     </span>
    </p>
   </div>
   <div class='ocr_carea' id='block_1_33' title="bbox 433 3072 1355 3130">
    <p class='ocr_par' dir='ltr' id='par_1_33' title="bbox 433 3072 1355 3130">
     <span class='ocr_line' id='line_1_33' title="bbox 433 3072 1355 3130; baseline -0.004 0"><span class='ocrx_word' id='word_1_243' title='bbox 433 3075 690 3130; x_wconf 90' lang='lat' dir='ltr'><strong>continua</strong></span> <span class='ocrx_word' id='word_1_244' title='bbox 720 3082 848 3128; x_wconf 89' lang='lat' dir='ltr'><strong>sunt</strong></span> <span class='ocrx_word' id='word_1_245' title='bbox 875 3072 1017 3127; x_wconf 90' lang='lat' dir='ltr'><strong>bella</strong></span> <span class='ocrx_word' id='word_1_246' title='bbox 1048 3072 1355 3127; x_wconf 90' lang='lat' dir='ltr'><strong>virtutibus.</strong></span> 
     </span>
    </p>
   </div>
   <div class='ocr_carea' id='block_1_34' title="bbox 2128 509 3726 587">
    <p class='ocr_par' dir='ltr' id='par_1_34' title="bbox 2128 509 3726 587">
     <span class='ocr_line' id='line_1_34' title="bbox 2128 509 3726 587; baseline 0.013 -25"><span class='ocrx_word' id='word_1_247' title='bbox 2128 509 2379 575; x_wconf 81' lang='lat' dir='ltr'><strong>fallaciae,</strong></span> <span class='ocrx_word' id='word_1_248' title='bbox 2409 524 2467 567; x_wconf 93' lang='lat' dir='ltr'><strong>ut</strong></span> <span class='ocrx_word' id='word_1_249' title='bbox 2502 515 2766 571; x_wconf 77' lang='lat' dir='ltr'><strong>subruunt</strong></span> <span class='ocrx_word' id='word_1_250' title='bbox 2804 533 3022 586; x_wconf 86' lang='lat' dir='ltr'><strong>gressus</strong></span> <span class='ocrx_word' id='word_1_251' title='bbox 3062 521 3350 587; x_wconf 87' lang='lat' dir='ltr'><strong>bonorum,</strong></span> <span class='ocrx_word' id='word_1_252' title='bbox 3380 533 3437 580; x_wconf 87' lang='lat' dir='ltr'><strong>et</strong></span> <span class='ocrx_word' id='word_1_253' title='bbox 3484 527 3726 583; x_wconf 84' lang='lat' dir='ltr'><strong>imitato-</strong></span> 
     </span>
    </p>
   </div>
   <div class='ocr_carea' id='block_1_35' title="bbox 2129 604 3730 676">
    <p class='ocr_par' dir='ltr' id='par_1_35' title="bbox 2129 604 3730 676">
     <span class='ocr_line' id='line_1_35' title="bbox 2129 604 3730 676; baseline 0.012 -20"><span class='ocrx_word' id='word_1_254' title='bbox 2129 616 2217 656; x_wconf 88' lang='lat' dir='ltr'><strong>res</strong></span> <span class='ocrx_word' id='word_1_255' title='bbox 2242 605 2323 658; x_wconf 88' lang='lat' dir='ltr'><strong>sui</strong></span> <span class='ocrx_word' id='word_1_256' title='bbox 2355 604 2574 675; x_wconf 79' lang='lat' dir='ltr'><strong>faciant,</strong></span> <span class='ocrx_word' id='word_1_257' title='bbox 2607 622 2743 676; x_wconf 89' lang='lat' dir='ltr'><strong>quos</strong></span> <span class='ocrx_word' id='word_1_258' title='bbox 2787 609 2852 663; x_wconf 91' lang='lat' dir='ltr'><strong>ad</strong></span> <span class='ocrx_word' id='word_1_259' title='bbox 2894 611 3405 670; x_wconf 87' lang='lat' dir='ltr'><strong>condemnationem</strong></span> <span class='ocrx_word' id='word_1_260' title='bbox 3439 633 3599 672; x_wconf 89' lang='lat' dir='ltr'><strong>suam</strong></span> <span class='ocrx_word' id='word_1_261' title='bbox 3629 620 3730 675; x_wconf 80' lang='lat' dir='ltr'><strong>do-</strong></span> 
     </span>
    </p>
   </div>
   <div class='ocr_carea' id='block_1_36' title="bbox 2127 695 3728 775">
    <p class='ocr_par' dir='ltr' id='par_1_36' title="bbox 2127 695 3728 775">
     <span class='ocr_line' id='line_1_36' title="bbox 2127 695 3728 775; baseline 0.01 -26"><span class='ocrx_word' id='word_1_262' title='bbox 2127 695 2238 750; x_wconf 88' lang='lat' dir='ltr'><strong>lent</strong></span> <span class='ocrx_word' id='word_1_263' title='bbox 2273 712 2394 752; x_wconf 87' lang='lat' dir='ltr'><strong>esse</strong></span> <span class='ocrx_word' id='word_1_264' title='bbox 2418 699 2689 754; x_wconf 88' lang='lat' dir='ltr'><strong>meliores.</strong></span> <span class='ocrx_word' id='word_1_265' title='bbox 2722 701 2840 755; x_wconf 93' lang='lat' dir='ltr'><strong>Doli</strong></span> <span class='ocrx_word' id='word_1_266' title='bbox 2861 713 3041 758; x_wconf 89' lang='lat' dir='ltr'><strong>autem</strong></span> <span class='ocrx_word' id='word_1_267' title='bbox 3072 705 3381 775; x_wconf 88' lang='lat' dir='ltr'><strong>iniquorum</strong></span> <span class='ocrx_word' id='word_1_268' title='bbox 3411 709 3536 765; x_wconf 87' lang='lat' dir='ltr'><strong>ideo</strong></span> <span class='ocrx_word' id='word_1_269' title='bbox 3561 721 3728 766; x_wconf 87' lang='lat' dir='ltr'><strong>restes</strong></span> 
     </span>
    </p>
   </div>
   <div class='ocr_carea' id='block_1_37' title="bbox 2127 785 3728 871">
    <p class='ocr_par' dir='ltr' id='par_1_37' title="bbox 2127 785 3728 871">
     <span class='ocr_line' id='line_1_37' title="bbox 2127 785 3728 871; baseline 0.011 -32"><span class='ocrx_word' id='word_1_270' title='bbox 2127 785 2402 854; x_wconf 90' lang='lat' dir='ltr'><strong>dicuntur,</strong></span> <span class='ocrx_word' id='word_1_271' title='bbox 2433 788 2555 858; x_wconf 89' lang='lat' dir='ltr'><strong>quia</strong></span> <span class='ocrx_word' id='word_1_272' title='bbox 2591 789 2910 847; x_wconf 88' lang='lat' dir='ltr'><strong>insidiantes</strong></span> <span class='ocrx_word' id='word_1_273' title='bbox 2950 803 3222 850; x_wconf 91' lang='lat' dir='ltr'><strong>rectorum</strong></span> <span class='ocrx_word' id='word_1_274' title='bbox 3255 799 3556 867; x_wconf 83' lang='lat' dir='ltr'><strong>gressibus,</strong></span> <span class='ocrx_word' id='word_1_275' title='bbox 3589 802 3728 871; x_wconf 83' lang='lat' dir='ltr'><strong>adji-</strong></span> 
     </span>
    </p>
   </div>
   <div class='ocr_carea' id='block_1_38' title="bbox 2127 875 3728 961">
    <p class='ocr_par' dir='ltr' id='par_1_38' title="bbox 2127 875 3728 961">
     <span class='ocr_line' id='line_1_38' title="bbox 2127 875 3728 961; baseline 0.012 -30"><span class='ocrx_word' id='word_1_276' title='bbox 2127 875 2276 932; x_wconf 91' lang='lat' dir='ltr'><strong>ciunt</strong></span> <span class='ocrx_word' id='word_1_277' title='bbox 2321 880 2586 937; x_wconf 84' lang='lat' dir='ltr'><strong>malitiam</strong></span> <span class='ocrx_word' id='word_1_278' title='bbox 2611 897 2779 953; x_wconf 89' lang='lat' dir='ltr'><strong>super</strong></span> <span class='ocrx_word' id='word_1_279' title='bbox 2809 884 3096 954; x_wconf 88' lang='lat' dir='ltr'><strong>malitiam,</strong></span> <span class='ocrx_word' id='word_1_280' title='bbox 3129 896 3186 942; x_wconf 90' lang='lat' dir='ltr'><strong>et</strong></span> <span class='ocrx_word' id='word_1_281' title='bbox 3223 890 3460 958; x_wconf 83' lang='lat' dir='ltr'><strong>peccatis</strong></span> <span class='ocrx_word' id='word_1_282' title='bbox 3496 904 3728 961; x_wconf 87' lang='lat' dir='ltr'><strong>peccata</strong></span> 
     </span>
    </p>
   </div>
   <div class='ocr_carea' id='block_1_39' title="bbox 2125 979 2441 1027">
    <p class='ocr_par' dir='ltr' id='par_1_39' title="bbox 2125 979 2441 1027">
     <span class='ocr_line' id='line_1_39' title="bbox 2125 979 2441 1027; baseline 0.006 -2"><span class='ocrx_word' id='word_1_283' title='bbox 2125 979 2441 1027; x_wconf 82' lang='lat' dir='ltr'><strong>contexunt.</strong></span> 
     </span>
    </p>
   </div>
   <div class='ocr_carea' id='block_1_40' title="bbox 2199 1064 3730 1145">
    <p class='ocr_par' dir='ltr' id='par_1_40' title="bbox 2199 1064 3730 1145">
     <span class='ocr_line' id='line_1_40' title="bbox 2199 1064 3730 1145; baseline 0.009 -27"><span class='ocrx_word' id='word_1_284' title='bbox 2199 1064 2381 1134; x_wconf 89' lang='lat' dir='ltr'><strong>(Vers.</strong></span> <span class='ocrx_word' id='word_1_285' title='bbox 2410 1066 2464 1133; x_wconf 89' lang='lat'><strong>6,</strong></span> <span class='ocrx_word' id='word_1_286' title='bbox 2490 1066 2588 1139; x_wconf 87' lang='lat'><strong>7.)</strong></span> <span class='ocrx_word' id='word_1_287' title='bbox 2614 1067 2780 1124; x_wconf 71' lang='lat' dir='ltr'><strong>Juxta</strong></span> <span class='ocrx_word' id='word_1_288' title='bbox 2821 1071 3029 1126; x_wconf 85' lang='lat' dir='ltr'><strong>semitas</strong></span> <span class='ocrx_word' id='word_1_289' title='bbox 3081 1073 3388 1128; x_wconf 86' lang='lat' dir='ltr'><strong>scandalum</strong></span> <span class='ocrx_word' id='word_1_290' title='bbox 3433 1088 3730 1145; x_wconf 83' lang='lat' dir='ltr'><strong>posuerunt</strong></span> 
     </span>
    </p>
   </div>
   <div class='ocr_carea' id='block_1_41' title="bbox 2126 1153 3724 1235">
    <p class='ocr_par' dir='ltr' id='par_1_41' title="bbox 2126 1153 3724 1235">
     <span class='ocr_line' id='line_1_41' title="bbox 2126 1153 3724 1235; baseline 0.012 -30"><span class='ocrx_word' id='word_1_291' title='bbox 2126 1153 2274 1207; x_wconf 84' lang='lat' dir='ltr'><strong>mihi.</strong></span> <span class='ocrx_word' id='word_1_292' title='bbox 2289 1155 2412 1209; x_wconf 79' lang='lat' dir='ltr'><strong>Dixi</strong></span> <span class='ocrx_word' id='word_1_293' title='bbox 2431 1156 2673 1224; x_wconf 89' lang='lat' dir='ltr'><strong>Domino,</strong></span> <span class='ocrx_word' id='word_1_294' title='bbox 2697 1161 2838 1214; x_wconf 87' lang='lat' dir='ltr'><strong>Deus</strong></span> <span class='ocrx_word' id='word_1_295' title='bbox 2863 1179 3002 1218; x_wconf 88' lang='lat' dir='ltr'><strong>meus</strong></span> <span class='ocrx_word' id='word_1_296' title='bbox 3029 1179 3081 1217; x_wconf 90' lang='lat' dir='ltr'><strong>es</strong></span> <span class='ocrx_word' id='word_1_297' title='bbox 3099 1173 3174 1218; x_wconf 91' lang='lat' dir='ltr'><strong>tu.</strong></span> <span class='ocrx_word' id='word_1_298' title='bbox 3197 1164 3416 1221; x_wconf 56' lang='lat' dir='ltr'><strong>Semita</strong></span> <span class='ocrx_word' id='word_1_299' title='bbox 3443 1166 3724 1235; x_wconf 90' lang='lat' dir='ltr'><strong>justorum</strong></span> 
     </span>
    </p>
   </div>
   <div class='ocr_carea' id='block_1_42' title="bbox 2128 1246 3726 1323">
    <p class='ocr_par' dir='ltr' id='par_1_42' title="bbox 2128 1246 3726 1323">
     <span class='ocr_line' id='line_1_42' title="bbox 2128 1246 3726 1323; baseline 0.01 -25"><span class='ocrx_word' id='word_1_300' title='bbox 2128 1246 2381 1302; x_wconf 87' lang='lat' dir='ltr'><strong>mandata</strong></span> <span class='ocrx_word' id='word_1_301' title='bbox 2420 1259 2546 1305; x_wconf 89' lang='lat' dir='ltr'><strong>sunt</strong></span> <span class='ocrx_word' id='word_1_302' title='bbox 2592 1251 2683 1306; x_wconf 90' lang='lat' dir='ltr'><strong>Dei</strong></span> <span class='ocrx_word' id='word_1_303' title='bbox 2715 1271 2728 1305; x_wconf 91' lang='lat'><strong>:</strong></span> <span class='ocrx_word' id='word_1_304' title='bbox 2757 1252 2810 1307; x_wconf 90' lang='lat' dir='ltr'><strong>in</strong></span> <span class='ocrx_word' id='word_1_305' title='bbox 2858 1253 3052 1323; x_wconf 89' lang='lat' dir='ltr'><strong>quibus</strong></span> <span class='ocrx_word' id='word_1_306' title='bbox 3092 1257 3342 1311; x_wconf 89' lang='lat' dir='ltr'><strong>scandala</strong></span> <span class='ocrx_word' id='word_1_307' title='bbox 3387 1260 3726 1316; x_wconf 87' lang='lat' dir='ltr'><strong>constituere</strong></span> 
     </span>
    </p>
   </div>
   <div class='ocr_carea' id='block_1_43' title="bbox 2127 1338 3726 1416">
    <p class='ocr_par' dir='ltr' id='par_1_43' title="bbox 2127 1338 3726 1416">
     <span class='ocr_line' id='line_1_43' title="bbox 2127 1338 3726 1416; baseline 0.011 -25"><span class='ocrx_word' id='word_1_308' title='bbox 2127 1338 2254 1392; x_wconf 89' lang='lat' dir='ltr'><strong>mali</strong></span> <span class='ocrx_word' id='word_1_309' title='bbox 2285 1350 2578 1409; x_wconf 91' lang='lat' dir='ltr'><strong>nequeunt,</strong></span> <span class='ocrx_word' id='word_1_310' title='bbox 2609 1343 2703 1398; x_wconf 91' lang='lat' dir='ltr'><strong>sed</strong></span> <span class='ocrx_word' id='word_1_311' title='bbox 2741 1347 2903 1416; x_wconf 73' lang='lat' dir='ltr'><strong>juxta</strong></span> <span class='ocrx_word' id='word_1_312' title='bbox 2938 1347 3164 1402; x_wconf 87' lang='lat' dir='ltr'><strong>insidias</strong></span> <span class='ocrx_word' id='word_1_313' title='bbox 3203 1349 3452 1415; x_wconf 90' lang='lat' dir='ltr'><strong>tendunt,</strong></span> <span class='ocrx_word' id='word_1_314' title='bbox 3487 1361 3545 1407; x_wconf 92' lang='lat' dir='ltr'><strong>et</strong></span> <span class='ocrx_word' id='word_1_315' title='bbox 3574 1357 3726 1409; x_wconf 86' lang='lat' dir='ltr'><strong>veris</strong></span> 
     </span>
    </p>
   </div>
   <div class='ocr_carea' id='block_1_44' title="bbox 2130 1431 3725 1510">
    <p class='ocr_par' dir='ltr' id='par_1_44' title="bbox 2130 1431 3725 1510">
     <span class='ocr_line' id='line_1_44' title="bbox 2130 1431 3725 1510; baseline 0.013 -28"><span class='ocrx_word' id='word_1_316' title='bbox 2130 1431 2439 1486; x_wconf 83' lang='lat' dir='ltr'><strong>verisimilia</strong></span> <span class='ocrx_word' id='word_1_317' title='bbox 2471 1434 2789 1505; x_wconf 88' lang='lat' dir='ltr'><strong>adjungunt,</strong></span> <span class='ocrx_word' id='word_1_318' title='bbox 2819 1452 2889 1493; x_wconf 92' lang='lat' dir='ltr'><strong>ne</strong></span> <span class='ocrx_word' id='word_1_319' title='bbox 2927 1453 2958 1492; x_wconf 93' lang='lat' dir='ltr'><strong>a</strong></span> <span class='ocrx_word' id='word_1_320' title='bbox 3000 1439 3121 1509; x_wconf 86' lang='lat' dir='ltr'><strong>lege</strong></span> <span class='ocrx_word' id='word_1_321' title='bbox 3146 1440 3373 1510; x_wconf 75' lang='lat' dir='ltr'><strong>justitize</strong></span> <span class='ocrx_word' id='word_1_322' title='bbox 3402 1444 3725 1504; x_wconf 85' lang='lat' dir='ltr'><strong>discordare</strong></span> 
     </span>
    </p>
   </div>
   <div class='ocr_carea' id='block_1_45' title="bbox 2126 1520 3722 1601">
    <p class='ocr_par' dir='ltr' id='par_1_45' title="bbox 2126 1520 3722 1601">
     <span class='ocr_line' id='line_1_45' title="bbox 2126 1520 3722 1601; baseline 0.014 -29"><span class='ocrx_word' id='word_1_323' title='bbox 2126 1520 2427 1578; x_wconf 89' lang='lat' dir='ltr'><strong>videantur.</strong></span> <span class='ocrx_word' id='word_1_324' title='bbox 2451 1523 2568 1579; x_wconf 87' lang='lat' dir='ltr'><strong>Non</strong></span> <span class='ocrx_word' id='word_1_325' title='bbox 2600 1541 2732 1597; x_wconf 90' lang='lat' dir='ltr'><strong>ergo</strong></span> <span class='ocrx_word' id='word_1_326' title='bbox 2769 1528 3085 1585; x_wconf 84' lang='lat' dir='ltr'><strong>discedatur</strong></span> <span class='ocrx_word' id='word_1_327' title='bbox 3111 1547 3144 1585; x_wconf 89' lang='lat' dir='ltr'><strong>a</strong></span> <span class='ocrx_word' id='word_1_328' title='bbox 3176 1535 3411 1601; x_wconf 88' lang='lat' dir='ltr'><strong>semitis,</strong></span> <span class='ocrx_word' id='word_1_329' title='bbox 3437 1545 3493 1590; x_wconf 91' lang='lat' dir='ltr'><strong>et</strong></span> <span class='ocrx_word' id='word_1_330' title='bbox 3537 1539 3722 1594; x_wconf 87' lang='lat' dir='ltr'><strong>tendi-</strong></span> 
     </span>
    </p>
   </div>
   <div class='ocr_carea' id='block_1_46' title="bbox 2125 1614 3725 1696">
    <p class='ocr_par' dir='ltr' id='par_1_46' title="bbox 2125 1614 3725 1696">
     <span class='ocr_line' id='line_1_46' title="bbox 2125 1614 3725 1696; baseline 0.013 -29"><span class='ocrx_word' id='word_1_331' title='bbox 2125 1614 2262 1669; x_wconf 84' lang='lat' dir='ltr'><strong>culae</strong></span> <span class='ocrx_word' id='word_1_332' title='bbox 2291 1631 2398 1671; x_wconf 89' lang='lat' dir='ltr'><strong>non</strong></span> <span class='ocrx_word' id='word_1_333' title='bbox 2422 1618 2716 1675; x_wconf 87' lang='lat' dir='ltr'><strong>nocebunt.</strong></span> <span class='ocrx_word' id='word_1_334' title='bbox 2747 1621 3045 1679; x_wconf 86' lang='lat' dir='ltr'><strong>Ambulans</strong></span> <span class='ocrx_word' id='word_1_335' title='bbox 3071 1632 3251 1681; x_wconf 90' lang='lat' dir='ltr'><strong>autem</strong></span> <span class='ocrx_word' id='word_1_336' title='bbox 3279 1641 3380 1696; x_wconf 88' lang='lat' dir='ltr'><strong>per</strong></span> <span class='ocrx_word' id='word_1_337' title='bbox 3403 1628 3542 1683; x_wconf 91' lang='lat' dir='ltr'><strong>viam</strong></span> <span class='ocrx_word' id='word_1_338' title='bbox 3567 1646 3725 1687; x_wconf 89' lang='lat' dir='ltr'><strong>man-</strong></span> 
     </span>
    </p>
   </div>
   <div class='ocr_carea' id='block_1_47' title="bbox 2125 1706 3722 1792">
    <p class='ocr_par' dir='ltr' id='par_1_47' title="bbox 2125 1706 3722 1792">
     <span class='ocr_line' id='line_1_47' title="bbox 2125 1706 3722 1792; baseline 0.011 -32"><span class='ocrx_word' id='word_1_339' title='bbox 2125 1706 2373 1765; x_wconf 86' lang='lat' dir='ltr'><strong>datorum</strong></span> <span class='ocrx_word' id='word_1_340' title='bbox 2423 1711 2516 1766; x_wconf 88' lang='lat' dir='ltr'><strong>Dei</strong></span> <span class='ocrx_word' id='word_1_341' title='bbox 2563 1712 2708 1768; x_wconf 89' lang='lat' dir='ltr'><strong>dicat</strong></span> <span class='ocrx_word' id='word_1_342' title='bbox 2754 1713 3010 1780; x_wconf 88' lang='lat' dir='ltr'><strong>Domino,</strong></span> <span class='ocrx_word' id='word_1_343' title='bbox 3031 1714 3184 1775; x_wconf 84' lang='lat' dir='ltr'><strong>Deus</strong></span> <span class='ocrx_word' id='word_1_344' title='bbox 3213 1734 3356 1773; x_wconf 81' lang='lat' dir='ltr'><strong>meus</strong></span> <span class='ocrx_word' id='word_1_345' title='bbox 3405 1736 3457 1775; x_wconf 89' lang='lat' dir='ltr'><strong>es</strong></span> <span class='ocrx_word' id='word_1_346' title='bbox 3495 1730 3573 1788; x_wconf 86' lang='lat' dir='ltr'><strong>tu,</strong></span> <span class='ocrx_word' id='word_1_347' title='bbox 3599 1735 3722 1792; x_wconf 72' lang='lat' dir='ltr'><strong>qua:</strong></span> 
     </span>
    </p>
   </div>
   <div class='ocr_carea' id='block_1_48' title="bbox 2051 1789 3719 1871">
    <p class='ocr_par' dir='ltr' id='par_1_48' title="bbox 2051 1789 3719 1871">
     <span class='ocr_line' id='line_1_48' title="bbox 2051 1789 3719 1871; baseline 0.009 -20"><span class='ocrx_word' id='word_1_348' title='bbox 2051 1789 2102 1850; x_wconf 85' lang='grc' dir='ltr'><strong>Β</strong></span> <span class='ocrx_word' id='word_1_349' title='bbox 2131 1814 2234 1853; x_wconf 85' lang='lat' dir='ltr'><strong>vox</strong></span> <span class='ocrx_word' id='word_1_350' title='bbox 2264 1802 2483 1870; x_wconf 88' lang='lat' dir='ltr'><strong>proprie</strong></span> <span class='ocrx_word' id='word_1_351' title='bbox 2503 1803 2772 1871; x_wconf 87' lang='lat' dir='ltr'><strong>justorum</strong></span> <span class='ocrx_word' id='word_1_352' title='bbox 2806 1814 2909 1870; x_wconf 88' lang='lat' dir='ltr'><strong>est,</strong></span> <span class='ocrx_word' id='word_1_353' title='bbox 2933 1820 3057 1861; x_wconf 91' lang='lat' dir='ltr'><strong>cum</strong></span> <span class='ocrx_word' id='word_1_354' title='bbox 3079 1807 3224 1862; x_wconf 89' lang='lat' dir='ltr'><strong>Deus</strong></span> <span class='ocrx_word' id='word_1_355' title='bbox 3249 1808 3410 1863; x_wconf 87' lang='lat' dir='ltr'><strong>etiam</strong></span> <span class='ocrx_word' id='word_1_356' title='bbox 3448 1789 3719 1866; x_wconf 66' lang='lat' dir='ltr'><strong>malorum</strong></span> 
     </span>
    </p>
   </div>
   <div class='ocr_carea' id='block_1_49' title="bbox 2128 1892 3724 1974">
    <p class='ocr_par' dir='ltr' id='par_1_49' title="bbox 2128 1892 3724 1974">
     <span class='ocr_line' id='line_1_49' title="bbox 2128 1892 3724 1974; baseline 0.009 -29"><span class='ocrx_word' id='word_1_357' title='bbox 2128 1892 2200 1946; x_wconf 88' lang='lat' dir='ltr'><strong>sit</strong></span> <span class='ocrx_word' id='word_1_358' title='bbox 2229 1892 2394 1949; x_wconf 85' lang='lat' dir='ltr'><strong>Deus.</strong></span> <span class='ocrx_word' id='word_1_359' title='bbox 2415 1893 2524 1950; x_wconf 90' lang='lat' dir='ltr'><strong>Sed</strong></span> <span class='ocrx_word' id='word_1_360' title='bbox 2547 1896 2647 1950; x_wconf 90' lang='lat' dir='ltr'><strong>hac</strong></span> <span class='ocrx_word' id='word_1_361' title='bbox 2669 1896 3012 1954; x_wconf 83' lang='lat' dir='ltr'><strong>confessione</strong></span> <span class='ocrx_word' id='word_1_362' title='bbox 3032 1914 3139 1954; x_wconf 91' lang='lat' dir='ltr'><strong>non</strong></span> <span class='ocrx_word' id='word_1_363' title='bbox 3166 1900 3509 1969; x_wconf 89' lang='lat' dir='ltr'><strong>adjuvantur,</strong></span> <span class='ocrx_word' id='word_1_364' title='bbox 3525 1919 3724 1974; x_wconf 84' lang='lat' dir='ltr'><strong>quam-</strong></span> 
     </span>
    </p>
   </div>
   <div class='ocr_carea' id='block_1_50' title="bbox 2128 1984 3720 2062">
    <p class='ocr_par' dir='ltr' id='par_1_50' title="bbox 2128 1984 3720 2062">
     <span class='ocr_line' id='line_1_50' title="bbox 2128 1984 3720 2062; baseline 0.009 -24"><span class='ocrx_word' id='word_1_365' title='bbox 2128 1984 2221 2038; x_wconf 91' lang='lat' dir='ltr'><strong>diu</strong></span> <span class='ocrx_word' id='word_1_366' title='bbox 2259 1985 2514 2054; x_wconf 88' lang='lat' dir='ltr'><strong>Domino,</strong></span> <span class='ocrx_word' id='word_1_367' title='bbox 2546 1988 2855 2045; x_wconf 81' lang='lat' dir='ltr'><strong>conditione</strong></span> <span class='ocrx_word' id='word_1_368' title='bbox 2886 1991 3061 2061; x_wconf 89' lang='lat' dir='ltr'><strong>potius</strong></span> <span class='ocrx_word' id='word_1_369' title='bbox 3086 2008 3247 2062; x_wconf 91' lang='lat' dir='ltr'><strong>quam</strong></span> <span class='ocrx_word' id='word_1_370' title='bbox 3269 1995 3552 2052; x_wconf 90' lang='lat' dir='ltr'><strong>voluntate</strong></span> <span class='ocrx_word' id='word_1_371' title='bbox 3590 1998 3720 2053; x_wconf 92' lang='lat' dir='ltr'><strong>sub-</strong></span> 
     </span>
    </p>
   </div>
   <div class='ocr_carea' id='block_1_51' title="bbox 2125 2072 2347 2132">
    <p class='ocr_par' dir='ltr' id='par_1_51' title="bbox 2125 2072 2347 2132">
     <span class='ocr_line' id='line_1_51' title="bbox 2125 2072 2347 2132; baseline 0.005 -1"><span class='ocrx_word' id='word_1_372' title='bbox 2125 2072 2347 2132; x_wconf 80' lang='lat' dir='ltr'><strong>duntur.</strong></span> 
     </span>
    </p>
   </div>
   <div class='ocr_carea' id='block_1_52' title="bbox 2195 2170 3721 2250">
    <p class='ocr_par' dir='ltr' id='par_1_52' title="bbox 2195 2170 3721 2250">
     <span class='ocr_line' id='line_1_52' title="bbox 2195 2170 3721 2250; baseline 0.009 -25"><span class='ocrx_word' id='word_1_373' title='bbox 2195 2170 2380 2238; x_wconf 75' lang='lat' dir='ltr'><strong>(Vers.</strong></span> <span class='ocrx_word' id='word_1_374' title='bbox 2413 2171 2467 2236; x_wconf 90' lang='lat'><strong>7,</strong></span> <span class='ocrx_word' id='word_1_375' title='bbox 2502 2171 2583 2242; x_wconf 89' lang='lat'><strong>8.)</strong></span> <span class='ocrx_word' id='word_1_376' title='bbox 2617 2173 2834 2245; x_wconf 84' lang='lat' dir='ltr'><strong>Percipe</strong></span> <span class='ocrx_word' id='word_1_377' title='bbox 2875 2176 3089 2232; x_wconf 84' lang='lat' dir='ltr'><strong>auribus</strong></span> <span class='ocrx_word' id='word_1_378' title='bbox 3122 2195 3295 2235; x_wconf 76' lang='lat' dir='ltr'><strong>vocem</strong></span> <span class='ocrx_word' id='word_1_379' title='bbox 3339 2181 3721 2250; x_wconf 80' lang='lat' dir='ltr'><strong>deprecationis</strong></span> 
     </span>
    </p>
   </div>
   <div class='ocr_carea' id='block_1_53' title="bbox 2123 2261 3718 2345">
    <p class='ocr_par' dir='ltr' id='par_1_53' title="bbox 2123 2261 3718 2345">
     <span class='ocr_line' id='line_1_53' title="bbox 2123 2261 3718 2345; baseline 0.009 -31"><span class='ocrx_word' id='word_1_380' title='bbox 2123 2276 2268 2326; x_wconf 68' lang='lat' dir='ltr'><strong>mea,</strong></span> <span class='ocrx_word' id='word_1_381' title='bbox 2297 2261 2532 2333; x_wconf 85' lang='lat' dir='ltr'><strong>Domine,</strong></span> <span class='ocrx_word' id='word_1_382' title='bbox 2553 2265 2795 2333; x_wconf 85' lang='lat' dir='ltr'><strong>Domine,</strong></span> <span class='ocrx_word' id='word_1_383' title='bbox 2825 2269 2988 2322; x_wconf 86' lang='lat' dir='ltr'><strong>virtus</strong></span> <span class='ocrx_word' id='word_1_384' title='bbox 3012 2270 3195 2326; x_wconf 89' lang='lat' dir='ltr'><strong>salutis</strong></span> <span class='ocrx_word' id='word_1_385' title='bbox 3222 2287 3365 2326; x_wconf 74' lang='lat' dir='ltr'><strong>meae.</strong></span> <span class='ocrx_word' id='word_1_386' title='bbox 3391 2273 3552 2345; x_wconf 82' lang='lat'><strong>505</strong></span> <span class='ocrx_word' id='word_1_387' title='bbox 3579 2274 3718 2330; x_wconf 86' lang='lat' dir='ltr'><strong>Cum</strong></span> 
     </span>
    </p>
   </div>
   <div class='ocr_carea' id='block_1_54' title="bbox 2123 2351 3718 2432">
    <p class='ocr_par' dir='ltr' id='par_1_54' title="bbox 2123 2351 3718 2432">
     <span class='ocr_line' id='line_1_54' title="bbox 2123 2351 3718 2432; baseline 0.011 -28"><span class='ocrx_word' id='word_1_388' title='bbox 2123 2351 2369 2406; x_wconf 86' lang='lat' dir='ltr'><strong>videatur</strong></span> <span class='ocrx_word' id='word_1_389' title='bbox 2391 2365 2536 2410; x_wconf 90' lang='lat' dir='ltr'><strong>recte</strong></span> <span class='ocrx_word' id='word_1_390' title='bbox 2565 2363 2591 2392; x_wconf 82' lang='grc' dir='ltr'><strong>ι</strong></span> <span class='ocrx_word' id='word_1_391' title='bbox 2613 2358 2856 2425; x_wconf 90' lang='lat' dir='ltr'><strong>potuisse</strong></span> <span class='ocrx_word' id='word_1_392' title='bbox 2881 2359 3089 2425; x_wconf 91' lang='lat' dir='ltr'><strong>dicere,</strong></span> <span class='ocrx_word' id='word_1_393' title='bbox 3123 2361 3351 2432; x_wconf 83' lang='lat' dir='ltr'><strong>Percipe</strong></span> <span class='ocrx_word' id='word_1_394' title='bbox 3371 2365 3592 2420; x_wconf 88' lang='lat' dir='ltr'><strong>auribus</strong></span> <span class='ocrx_word' id='word_1_395' title='bbox 3615 2366 3718 2421; x_wconf 90' lang='lat' dir='ltr'><strong>de-</strong></span> 
     </span>
    </p>
   </div>
   <div class='ocr_carea' id='block_1_55' title="bbox 2125 2443 3716 2524">
    <p class='ocr_par' dir='ltr' id='par_1_55' title="bbox 2125 2443 3716 2524">
     <span class='ocr_line' id='line_1_55' title="bbox 2125 2443 3716 2524; baseline 0.012 -29"><span class='ocrx_word' id='word_1_396' title='bbox 2125 2443 2494 2511; x_wconf 86' lang='lat' dir='ltr'><strong>precationem</strong></span> <span class='ocrx_word' id='word_1_397' title='bbox 2517 2459 2715 2511; x_wconf 88' lang='lat' dir='ltr'><strong>meam,</strong></span> <span class='ocrx_word' id='word_1_398' title='bbox 2734 2447 2784 2501; x_wconf 92' lang='lat' dir='ltr'><strong>id</strong></span> <span class='ocrx_word' id='word_1_399' title='bbox 2811 2458 2913 2514; x_wconf 89' lang='lat' dir='ltr'><strong>est,</strong></span> <span class='ocrx_word' id='word_1_400' title='bbox 2941 2465 3046 2504; x_wconf 90' lang='lat' dir='ltr'><strong>non</strong></span> <span class='ocrx_word' id='word_1_401' title='bbox 3079 2465 3296 2520; x_wconf 90' lang='lat' dir='ltr'><strong>sonum,</strong></span> <span class='ocrx_word' id='word_1_402' title='bbox 3321 2455 3410 2524; x_wconf 93' lang='lat' dir='ltr'><strong>qui</strong></span> <span class='ocrx_word' id='word_1_403' title='bbox 3439 2466 3522 2510; x_wconf 89' lang='lat' dir='ltr'><strong>est</strong></span> <span class='ocrx_word' id='word_1_404' title='bbox 3549 2457 3716 2513; x_wconf 90' lang='lat' dir='ltr'><strong>etiam</strong></span> 
     </span>
    </p>
   </div>
   <div class='ocr_carea' id='block_1_56' title="bbox 2121 2535 3717 2618">
    <p class='ocr_par' dir='ltr' id='par_1_56' title="bbox 2121 2535 3717 2618">
     <span class='ocr_line' id='line_1_56' title="bbox 2121 2535 3717 2618; baseline 0.012 -30"><span class='ocrx_word' id='word_1_405' title='bbox 2121 2535 2456 2603; x_wconf 75' lang='lat' dir='ltr'><strong>animalium,</strong></span> <span class='ocrx_word' id='word_1_406' title='bbox 2489 2538 2582 2593; x_wconf 90' lang='lat' dir='ltr'><strong>sed</strong></span> <span class='ocrx_word' id='word_1_407' title='bbox 2626 2553 2838 2606; x_wconf 89' lang='lat' dir='ltr'><strong>vocem,</strong></span> <span class='ocrx_word' id='word_1_408' title='bbox 2869 2557 2994 2611; x_wconf 63' lang='lat' dir='ltr'><strong>quae</strong></span> <span class='ocrx_word' id='word_1_409' title='bbox 3016 2551 3100 2598; x_wconf 86' lang='lat' dir='ltr'><strong>est</strong></span> <span class='ocrx_word' id='word_1_410' title='bbox 3126 2542 3155 2583; x_wconf 76' lang='grc' dir='ltr'><strong>ιι</strong></span> <span class='ocrx_word' id='word_1_411' title='bbox 3182 2548 3519 2614; x_wconf 87' lang='lat' dir='ltr'><strong>sperantium</strong></span> <span class='ocrx_word' id='word_1_412' title='bbox 3549 2560 3717 2618; x_wconf 87' lang='lat' dir='ltr'><strong>atque</strong></span> 
     </span>
    </p>
   </div>
   <div class='ocr_carea' id='block_1_57' title="bbox 2121 2624 3716 2703">
    <p class='ocr_par' dir='ltr' id='par_1_57' title="bbox 2121 2624 3716 2703">
     <span class='ocr_line' id='line_1_57' title="bbox 2121 2624 3716 2703; baseline 0.009 -23"><span class='ocrx_word' id='word_1_413' title='bbox 2121 2624 2418 2681; x_wconf 82' lang='lat' dir='ltr'><strong>viventium</strong></span> <span class='ocrx_word' id='word_1_414' title='bbox 2448 2643 2464 2681; x_wconf 87' lang='lat'>:</span> <span class='ocrx_word' id='word_1_415' title='bbox 2493 2643 2614 2682; x_wconf 90' lang='lat' dir='ltr'><strong>nam</strong></span> <span class='ocrx_word' id='word_1_416' title='bbox 2646 2628 2979 2687; x_wconf 89' lang='lat' dir='ltr'><strong>inl&#39;ernornm</strong></span> <span class='ocrx_word' id='word_1_417' title='bbox 3009 2637 3128 2689; x_wconf 81' lang='lat' dir='ltr'><strong>soni</strong></span> <span class='ocrx_word' id='word_1_418' title='bbox 3158 2643 3307 2703; x_wconf 90' lang='lat' dir='ltr'><strong>sunt,</strong></span> <span class='ocrx_word' id='word_1_419' title='bbox 3341 2652 3503 2693; x_wconf 87' lang='lat' dir='ltr'><strong>voces</strong></span> <span class='ocrx_word' id='word_1_420' title='bbox 3529 2650 3716 2696; x_wconf 88' lang='lat' dir='ltr'><strong>autem</strong></span> 
     </span>
    </p>
   </div>
   <div class='ocr_carea' id='block_1_58' title="bbox 2120 2717 3718 2797">
    <p class='ocr_par' dir='ltr' id='par_1_58' title="bbox 2120 2717 3718 2797">
     <span class='ocr_line' id='line_1_58' title="bbox 2120 2717 3718 2797; baseline 0.01 -26"><span class='ocrx_word' id='word_1_421' title='bbox 2120 2717 2226 2773; x_wconf 89' lang='lat' dir='ltr'><strong>nisi</strong></span> <span class='ocrx_word' id='word_1_422' title='bbox 2255 2734 2438 2772; x_wconf 91' lang='lat' dir='ltr'><strong>rerum</strong></span> <span class='ocrx_word' id='word_1_423' title='bbox 2468 2720 2762 2776; x_wconf 90' lang='lat' dir='ltr'><strong>viventium</strong></span> <span class='ocrx_word' id='word_1_424' title='bbox 2810 2738 2916 2777; x_wconf 90' lang='lat' dir='ltr'><strong>non</strong></span> <span class='ocrx_word' id='word_1_425' title='bbox 2960 2733 3120 2791; x_wconf 90' lang='lat' dir='ltr'><strong>sunt;</strong></span> <span class='ocrx_word' id='word_1_426' title='bbox 3152 2742 3378 2797; x_wconf 91' lang='lat' dir='ltr'><strong>magnus</strong></span> <span class='ocrx_word' id='word_1_427' title='bbox 3422 2740 3603 2786; x_wconf 89' lang='lat' dir='ltr'><strong>tamen</strong></span> <span class='ocrx_word' id='word_1_428' title='bbox 3635 2732 3718 2786; x_wconf 85' lang='lat' dir='ltr'><strong>af-</strong></span> 
     </span>
    </p>
   </div>
   <div class='ocr_carea' id='block_1_59' title="bbox 2121 2806 3714 2891">
    <p class='ocr_par' dir='ltr' id='par_1_59' title="bbox 2121 2806 3714 2891">
     <span class='ocr_line' id='line_1_59' title="bbox 2121 2806 3714 2891; baseline 0.011 -31"><span class='ocrx_word' id='word_1_429' title='bbox 2121 2806 2294 2861; x_wconf 90' lang='lat' dir='ltr'><strong>fectus</strong></span> <span class='ocrx_word' id='word_1_430' title='bbox 2315 2809 2590 2876; x_wconf 88' lang='lat' dir='ltr'><strong>precantis</strong></span> <span class='ocrx_word' id='word_1_431' title='bbox 2621 2812 2944 2882; x_wconf 87' lang='lat' dir='ltr'><strong>ostenditur,</strong></span> <span class='ocrx_word' id='word_1_432' title='bbox 2971 2829 3091 2868; x_wconf 91' lang='lat' dir='ltr'><strong>cum</strong></span> <span class='ocrx_word' id='word_1_433' title='bbox 3122 2824 3177 2871; x_wconf 92' lang='lat' dir='ltr'><strong>et</strong></span> <span class='ocrx_word' id='word_1_434' title='bbox 3205 2816 3421 2873; x_wconf 91' lang='lat' dir='ltr'><strong>Domini</strong></span> <span class='ocrx_word' id='word_1_435' title='bbox 3466 2821 3714 2891; x_wconf 86' lang='lat' dir='ltr'><strong>appella-</strong></span> 
     </span>
    </p>
   </div>
   <div class='ocr_carea' id='block_1_60' title="bbox 2122 2898 3714 2978">
    <p class='ocr_par' dir='ltr' id='par_1_60' title="bbox 2122 2898 3714 2978">
     <span class='ocr_line' id='line_1_60' title="bbox 2122 2898 3714 2978; baseline 0.01 -26"><span class='ocrx_word' id='word_1_436' title='bbox 2122 2898 2324 2953; x_wconf 90' lang='lat' dir='ltr'><strong>tionem</strong></span> <span class='ocrx_word' id='word_1_437' title='bbox 2349 2901 2563 2968; x_wconf 90' lang='lat' dir='ltr'><strong>repetit,</strong></span> <span class='ocrx_word' id='word_1_438' title='bbox 2591 2912 2643 2956; x_wconf 92' lang='lat' dir='ltr'><strong>et</strong></span> <span class='ocrx_word' id='word_1_439' title='bbox 2673 2903 2863 2958; x_wconf 88' lang='lat' dir='ltr'><strong>salutis</strong></span> <span class='ocrx_word' id='word_1_440' title='bbox 2887 2919 3000 2959; x_wconf 75' lang='lat' dir='ltr'><strong>sua:</strong></span> <span class='ocrx_word' id='word_1_441' title='bbox 3023 2921 3128 2961; x_wconf 92' lang='lat' dir='ltr'><strong>non</strong></span> <span class='ocrx_word' id='word_1_442' title='bbox 3161 2909 3213 2961; x_wconf 91' lang='lat' dir='ltr'><strong>in</strong></span> <span class='ocrx_word' id='word_1_443' title='bbox 3236 2923 3294 2962; x_wconf 91' lang='lat' dir='ltr'><strong>se</strong></span> <span class='ocrx_word' id='word_1_444' title='bbox 3316 2924 3441 2966; x_wconf 88' lang='lat' dir='ltr'><strong>esse</strong></span> <span class='ocrx_word' id='word_1_445' title='bbox 3467 2927 3714 2978; x_wconf 84' lang='lat' dir='ltr'><strong>causam,</strong></span> 
     </span>
    </p>
   </div>
   <div class='ocr_carea' id='block_1_61' title="bbox 2121 2990 3719 3074">
    <p class='ocr_par' dir='ltr' id='par_1_61' title="bbox 2121 2990 3719 3074">
     <span class='ocr_line' id='line_1_61' title="bbox 2121 2990 3719 3074; baseline 0.009 -30"><span class='ocrx_word' id='word_1_446' title='bbox 2121 2990 2216 3045; x_wconf 90' lang='lat' dir='ltr'><strong>sed</strong></span> <span class='ocrx_word' id='word_1_447' title='bbox 2265 2992 2315 3046; x_wconf 90' lang='lat' dir='ltr'><strong>in</strong></span> <span class='ocrx_word' id='word_1_448' title='bbox 2357 2991 2567 3047; x_wconf 90' lang='lat' dir='ltr'><strong>Domini</strong></span> <span class='ocrx_word' id='word_1_449' title='bbox 2607 2994 2806 3052; x_wconf 89' lang='lat' dir='ltr'><strong>virtute</strong></span> <span class='ocrx_word' id='word_1_450' title='bbox 2847 2997 3152 3066; x_wconf 85' lang='lat' dir='ltr'><strong>proﬁtetur.</strong></span> <span class='ocrx_word' id='word_1_451' title='bbox 3197 2998 3528 3058; x_wconf 80' lang='lat' dir='ltr'><strong>Obumbrasti</strong></span> <span class='ocrx_word' id='word_1_452' title='bbox 3561 3022 3719 3074; x_wconf 80' lang='lat' dir='ltr'><strong>super</strong></span> 
     </span>
    </p>
   </div>
   <div class='ocr_carea' id='block_1_62' title="bbox 2121 3085 3714 3162">
    <p class='ocr_par' dir='ltr' id='par_1_62' title="bbox 2121 3085 3714 3162">
     <span class='ocr_line' id='line_1_62' title="bbox 2121 3085 3714 3162; baseline 0.011 -27"><span class='ocrx_word' id='word_1_453' title='bbox 2121 3092 2272 3154; x_wconf 82' lang='lat' dir='ltr'><strong>caput</strong></span> <span class='ocrx_word' id='word_1_454' title='bbox 2293 3099 2460 3138; x_wconf 87' lang='lat' dir='ltr'><strong>meum</strong></span> <span class='ocrx_word' id='word_1_455' title='bbox 2495 3085 2548 3138; x_wconf 89' lang='lat' dir='ltr'><strong>in</strong></span> <span class='ocrx_word' id='word_1_456' title='bbox 2579 3086 2661 3139; x_wconf 88' lang='lat' dir='ltr'><strong>die</strong></span> <span class='ocrx_word' id='word_1_457' title='bbox 2685 3086 2821 3141; x_wconf 73' lang='lat' dir='ltr'><strong>belli.</strong></span> <span class='ocrx_word' id='word_1_458' title='bbox 2855 3088 3102 3145; x_wconf 63' lang='lat' dir='ltr'><strong>Praesens</strong></span> <span class='ocrx_word' id='word_1_459' title='bbox 3128 3091 3259 3157; x_wconf 89' lang='lat' dir='ltr'><strong>vita,</strong></span> <span class='ocrx_word' id='word_1_460' title='bbox 3293 3108 3414 3162; x_wconf 65' lang='lat' dir='ltr'><strong>qua:</strong></span> <span class='ocrx_word' id='word_1_461' title='bbox 3449 3104 3561 3151; x_wconf 89' lang='lat' dir='ltr'><strong>tota</strong></span> <span class='ocrx_word' id='word_1_462' title='bbox 3591 3107 3714 3153; x_wconf 82' lang='lat' dir='ltr'><strong>ten-</strong></span> 
     </span>
    </p>
   </div>
   <div class='ocr_carea' id='block_1_63' title="bbox 504 3157 3716 3254">
    <p class='ocr_par' dir='ltr' id='par_1_63' title="bbox 504 3157 3716 3254">
     <span class='ocr_line' id='line_1_63' title="bbox 504 3157 3716 3254; baseline 0.008 -36"><span class='ocrx_word' id='word_1_463' title='bbox 504 3165 683 3234; x_wconf 75' lang='lat' dir='ltr'><strong>(Vers.</strong></span> <span class='ocrx_word' id='word_1_464' title='bbox 715 3163 799 3233; x_wconf 76' lang='grc'><strong>4.)</strong></span> <span class='ocrx_word' id='word_1_465' title='bbox 832 3163 1097 3216; x_wconf 82' lang='lat' dir='ltr'><strong>Acuerunt</strong></span> <span class='ocrx_word' id='word_1_466' title='bbox 1127 3161 1361 3254; x_wconf 81' lang='lat' dir='ltr'><strong>linguam</strong></span> <span class='ocrx_word' id='word_1_467' title='bbox 1386 3161 1692 3254; x_wconf 18' lang='lat' dir='ltr'><strong>suamisicut</strong></span> <span class='ocrx_word' id='word_1_468' title='bbox 1721 3171 2017 3233; x_wconf 65' lang='lat' dir='ltr'><strong>serpentes;</strong></span> <span class='ocrx_word' id='word_1_469' title='bbox 2044 3157 2091 3222; x_wconf 88' lang='lat' dir='ltr'>C</span> <span class='ocrx_word' id='word_1_470' title='bbox 2123 3173 2276 3239; x_wconf 90' lang='lat' dir='ltr'><strong>tatio,</strong></span> <span class='ocrx_word' id='word_1_471' title='bbox 2305 3174 2421 3230; x_wconf 88' lang='lat' dir='ltr'><strong>dies</strong></span> <span class='ocrx_word' id='word_1_472' title='bbox 2460 3183 2545 3231; x_wconf 86' lang='lat' dir='ltr'><strong>est</strong></span> <span class='ocrx_word' id='word_1_473' title='bbox 2589 3176 2713 3232; x_wconf 87' lang='lat' dir='ltr'><strong>belli</strong></span> <span class='ocrx_word' id='word_1_474' title='bbox 2738 3176 2880 3249; x_wconf 82' lang='lat' dir='ltr'><strong>(Job.</strong></span> <span class='ocrx_word' id='word_1_475' title='bbox 2909 3195 3004 3249; x_wconf 86' lang='lat' dir='ltr'><strong>vtt,</strong></span> <span class='ocrx_word' id='word_1_476' title='bbox 3038 3180 3114 3252; x_wconf 79' lang='lat' dir='ltr'><strong>l);</strong></span> <span class='ocrx_word' id='word_1_477' title='bbox 3136 3183 3261 3253; x_wconf 88' lang='lat' dir='ltr'><strong>quia</strong></span> <span class='ocrx_word' id='word_1_478' title='bbox 3303 3157 3387 3240; x_wconf 80' lang='lat' dir='ltr'><strong>vel</strong></span> <span class='ocrx_word' id='word_1_479' title='bbox 3426 3185 3598 3254; x_wconf 88' lang='lat' dir='ltr'><strong>foras,</strong></span> <span class='ocrx_word' id='word_1_480' title='bbox 3629 3191 3716 3244; x_wconf 83' lang='lat' dir='ltr'><strong>vel</strong></span> 
     </span>
    </p>
   </div>
   <div class='ocr_carea' id='block_1_64' title="bbox 430 3251 2020 3324">
    <p class='ocr_par' dir='ltr' id='par_1_64' title="bbox 430 3251 2020 3324">
     <span class='ocr_line' id='line_1_64' title="bbox 430 3251 2020 3324; baseline -0.003 -13"><span class='ocrx_word' id='word_1_481' title='bbox 430 3272 676 3312; x_wconf 80' lang='lat' dir='ltr'><strong>uenenum</strong></span> <span class='ocrx_word' id='word_1_482' title='bbox 713 3257 953 3324; x_wconf 85' lang='lat' dir='ltr'><strong>aspidum</strong></span> <span class='ocrx_word' id='word_1_483' title='bbox 996 3253 1090 3308; x_wconf 85' lang='lat' dir='ltr'><strong>sub</strong></span> <span class='ocrx_word' id='word_1_484' title='bbox 1136 3253 1284 3308; x_wconf 83' lang='lat' dir='ltr'><strong>labiis</strong></span> <span class='ocrx_word' id='word_1_485' title='bbox 1311 3269 1506 3307; x_wconf 91' lang='lat' dir='ltr'><strong>eorum.</strong></span> <span class='ocrx_word' id='word_1_486' title='bbox 1531 3251 1648 3308; x_wconf 87' lang='lat' dir='ltr'><strong>Non</strong></span> <span class='ocrx_word' id='word_1_487' title='bbox 1685 3263 1770 3308; x_wconf 90' lang='lat' dir='ltr'><strong>est</strong></span> <span class='ocrx_word' id='word_1_488' title='bbox 1796 3254 2020 3308; x_wconf 89' lang='lat' dir='ltr'><strong>dubittm</strong></span> 
     </span>
    </p>
   </div>
   <div class='ocr_carea' id='block_1_65' title="bbox 432 3344 2023 3421">
    <p class='ocr_par' dir='ltr' id='par_1_65' title="bbox 432 3344 2023 3421">
     <span class='ocr_line' id='line_1_65' title="bbox 432 3344 2023 3421; baseline -0.003 -16"><span class='ocrx_word' id='word_1_489' title='bbox 432 3351 620 3421; x_wconf 89' lang='lat' dir='ltr'><strong>quales</strong></span> <span class='ocrx_word' id='word_1_490' title='bbox 663 3351 772 3405; x_wconf 90' lang='lat' dir='ltr'><strong>sint</strong></span> <span class='ocrx_word' id='word_1_491' title='bbox 816 3349 909 3418; x_wconf 87' lang='lat' dir='ltr'><strong>qui</strong></span> <span class='ocrx_word' id='word_1_492' title='bbox 937 3344 1280 3416; x_wconf 87' lang='lat' dir='ltr'><strong>serpentibus</strong></span> <span class='ocrx_word' id='word_1_493' title='bbox 1319 3355 1726 3415; x_wconf 90' lang='lat' dir='ltr'><strong>comparantur,</strong></span> <span class='ocrx_word' id='word_1_494' title='bbox 1759 3345 1851 3415; x_wconf 93' lang='lat' dir='ltr'><strong>qui</strong></span> <span class='ocrx_word' id='word_1_495' title='bbox 1904 3346 2023 3401; x_wconf 87' lang='lat' dir='ltr'><strong>sine</strong></span> 
     </span>
    </p>
   </div>
   <div class='ocr_carea' id='block_1_66' title="bbox 432 3437 2022 3510">
    <p class='ocr_par' dir='ltr' id='par_1_66' title="bbox 432 3437 2022 3510">
     <span class='ocr_line' id='line_1_66' title="bbox 432 3437 2022 3510; baseline -0.003 -13"><span class='ocrx_word' id='word_1_496' title='bbox 432 3443 662 3510; x_wconf 86' lang='lat' dir='ltr'><strong>strepitu</strong></span> <span class='ocrx_word' id='word_1_497' title='bbox 708 3454 772 3496; x_wconf 89' lang='lat' dir='ltr'><strong>ac</strong></span> <span class='ocrx_word' id='word_1_498' title='bbox 821 3454 958 3495; x_wconf 90' lang='lat' dir='ltr'><strong>sono</strong></span> <span class='ocrx_word' id='word_1_499' title='bbox 997 3439 1194 3494; x_wconf 88' lang='lat' dir='ltr'><strong>leniter</strong></span> <span class='ocrx_word' id='word_1_500' title='bbox 1236 3437 1603 3507; x_wconf 87' lang='lat' dir='ltr'><strong>serpunt,sed</strong></span> <span class='ocrx_word' id='word_1_501' title='bbox 1648 3446 1908 3493; x_wconf 88' lang='lat' dir='ltr'><strong>nocenter</strong></span> <span class='ocrx_word' id='word_1_502' title='bbox 1946 3437 2022 3493; x_wconf 88' lang='lat' dir='ltr'><strong>ir-</strong></span> 
     </span>
    </p>
   </div>
   <div class='ocr_carea' id='block_1_67' title="bbox 429 3545 644 3604">
    <p class='ocr_par' dir='ltr' id='par_1_67' title="bbox 429 3545 644 3604">
     <span class='ocr_line' id='line_1_67' title="bbox 429 3545 644 3604; baseline -0.019 -14"><span class='ocrx_word' id='word_1_503' title='bbox 429 3545 644 3604; x_wconf 84' lang='lat' dir='ltr'><strong>repunt.</strong></span> 
     </span>
    </p>
   </div>
   <div class='ocr_carea' id='block_1_68' title="bbox 500 3621 2023 3698">
    <p class='ocr_par' dir='ltr' id='par_1_68' title="bbox 500 3621 2023 3698">
     <span class='ocr_line' id='line_1_68' title="bbox 500 3621 2023 3698; baseline -0.004 -16"><span class='ocrx_word' id='word_1_504' title='bbox 500 3626 681 3698; x_wconf 86' lang='lat' dir='ltr'><strong>(Vers.</strong></span> <span class='ocrx_word' id='word_1_505' title='bbox 710 3622 792 3691; x_wconf 75' lang='grc' dir='ltr'><strong>Β.)</strong></span> <span class='ocrx_word' id='word_1_506' title='bbox 824 3621 1079 3678; x_wconf 83' lang='lat' dir='ltr'><strong>Conserva</strong></span> <span class='ocrx_word' id='word_1_507' title='bbox 1124 3638 1228 3688; x_wconf 89' lang='lat' dir='ltr'><strong>me,</strong></span> <span class='ocrx_word' id='word_1_508' title='bbox 1261 3621 1499 3691; x_wconf 85' lang='lat' dir='ltr'><strong>Domine,</strong></span> <span class='ocrx_word' id='word_1_509' title='bbox 1531 3621 1596 3677; x_wconf 85' lang='lat' dir='ltr'><strong>de</strong></span> <span class='ocrx_word' id='word_1_510' title='bbox 1643 3638 1803 3676; x_wconf 87' lang='lat' dir='ltr'><strong>manu</strong></span> <span class='ocrx_word' id='word_1_511' title='bbox 1842 3638 2023 3691; x_wconf 86' lang='lat' dir='ltr'><strong>pecca-</strong></span> 
     </span>
    </p>
   </div>
   <div class='ocr_carea' id='block_1_69' title="bbox 430 3715 2022 3787">
    <p class='ocr_par' dir='ltr' id='par_1_69' title="bbox 430 3715 2022 3787">
     <span class='ocr_line' id='line_1_69' title="bbox 430 3715 2022 3787; baseline -0.002 -13"><span class='ocrx_word' id='word_1_512' title='bbox 430 3721 574 3784; x_wconf 83' lang='lat' dir='ltr'><strong>toris,</strong></span> <span class='ocrx_word' id='word_1_513' title='bbox 604 3728 654 3772; x_wconf 89' lang='lat' dir='ltr'><strong>et</strong></span> <span class='ocrx_word' id='word_1_514' title='bbox 697 3717 760 3771; x_wconf 90' lang='lat' dir='ltr'><strong>ab</strong></span> <span class='ocrx_word' id='word_1_515' title='bbox 799 3715 1085 3770; x_wconf 83' lang='lat' dir='ltr'><strong>hominibus</strong></span> <span class='ocrx_word' id='word_1_516' title='bbox 1107 3716 1315 3785; x_wconf 85' lang='lat' dir='ltr'><strong>injustis</strong></span> <span class='ocrx_word' id='word_1_517' title='bbox 1344 3732 1469 3770; x_wconf 89' lang='lat' dir='ltr'><strong>erue</strong></span> <span class='ocrx_word' id='word_1_518' title='bbox 1511 3733 1611 3770; x_wconf 89' lang='lat' dir='ltr'><strong>me.</strong></span> <span class='ocrx_word' id='word_1_519' title='bbox 1646 3716 1748 3782; x_wconf 82' lang='lat' dir='ltr'><strong>Qui</strong></span> <span class='ocrx_word' id='word_1_520' title='bbox 1770 3718 2022 3787; x_wconf 79' lang='lat' dir='ltr'><strong>cogitave-</strong></span> 
     </span>
    </p>
   </div>
   <div class='ocr_carea' id='block_1_70' title="bbox 427 3808 2022 3882">
    <p class='ocr_par' dir='ltr' id='par_1_70' title="bbox 427 3808 2022 3882">
     <span class='ocr_line' id='line_1_70' title="bbox 427 3808 2022 3882; baseline -0.002 -15"><span class='ocrx_word' id='word_1_521' title='bbox 427 3822 546 3867; x_wconf 90' lang='lat' dir='ltr'><strong>runt</strong></span> <span class='ocrx_word' id='word_1_522' title='bbox 573 3811 914 3882; x_wconf 84' lang='lat' dir='ltr'><strong>supplantare</strong></span> <span class='ocrx_word' id='word_1_523' title='bbox 950 3824 1153 3880; x_wconf 85' lang='lat' dir='ltr'><strong>gressus</strong></span> <span class='ocrx_word' id='word_1_524' title='bbox 1192 3823 1349 3862; x_wconf 90' lang='lat' dir='ltr'><strong>meos.</strong></span> <span class='ocrx_word' id='word_1_525' title='bbox 1379 3811 1580 3863; x_wconf 87' lang='lat' dir='ltr'><strong>Omnes</strong></span> <span class='ocrx_word' id='word_1_526' title='bbox 1611 3808 1830 3879; x_wconf 92' lang='lat' dir='ltr'><strong>quidem</strong></span> <span class='ocrx_word' id='word_1_527' title='bbox 1865 3809 2022 3864; x_wconf 88' lang='lat' dir='ltr'><strong>mali-</strong></span> 
     </span>
    </p>
   </div>
   <div class='ocr_carea' id='block_1_71' title="bbox 428 3901 2021 3976">
    <p class='ocr_par' dir='ltr' id='par_1_71' title="bbox 428 3901 2021 3976">
     <span class='ocr_line' id='line_1_71' title="bbox 428 3901 2021 3976; baseline -0.001 -16"><span class='ocrx_word' id='word_1_528' title='bbox 428 3907 541 3976; x_wconf 91' lang='lat' dir='ltr'><strong>gni,</strong></span> <span class='ocrx_word' id='word_1_529' title='bbox 571 3905 690 3960; x_wconf 82' lang='lat' dir='ltr'><strong>sive</strong></span> <span class='ocrx_word' id='word_1_530' title='bbox 708 3903 928 3970; x_wconf 91' lang='lat' dir='ltr'><strong>occulti,</strong></span> <span class='ocrx_word' id='word_1_531' title='bbox 953 3902 1067 3957; x_wconf 90' lang='lat' dir='ltr'><strong>sive</strong></span> <span class='ocrx_word' id='word_1_532' title='bbox 1089 3901 1383 3968; x_wconf 88' lang='lat' dir='ltr'><strong>manifesti,</strong></span> <span class='ocrx_word' id='word_1_533' title='bbox 1412 3903 1645 3959; x_wconf 89' lang='lat' dir='ltr'><strong>sollicite</strong></span> <span class='ocrx_word' id='word_1_534' title='bbox 1675 3913 1800 3957; x_wconf 91' lang='lat' dir='ltr'><strong>sunt</strong></span> <span class='ocrx_word' id='word_1_535' title='bbox 1823 3919 2021 3959; x_wconf 91' lang='lat' dir='ltr'><strong>caven-</strong></span> 
     </span>
    </p>
   </div>
   <div class='ocr_carea' id='block_1_72' title="bbox 431 3993 2021 4066">
    <p class='ocr_par' dir='ltr' id='par_1_72' title="bbox 431 3993 2021 4066">
     <span class='ocr_line' id='line_1_72' title="bbox 431 3993 2021 4066; baseline -0.001 -15"><span class='ocrx_word' id='word_1_536' title='bbox 431 3998 510 4065; x_wconf 91' lang='lat' dir='ltr'><strong>di,</strong></span> <span class='ocrx_word' id='word_1_537' title='bbox 571 4011 640 4050; x_wconf 89' lang='lat' dir='ltr'><strong>ne</strong></span> <span class='ocrx_word' id='word_1_538' title='bbox 692 3995 819 4066; x_wconf 90' lang='lat' dir='ltr'><strong>quid</strong></span> <span class='ocrx_word' id='word_1_539' title='bbox 875 3996 1114 4050; x_wconf 82' lang='lat' dir='ltr'><strong>excitent</strong></span> <span class='ocrx_word' id='word_1_540' title='bbox 1165 3993 1425 4062; x_wconf 90' lang='lat' dir='ltr'><strong>periculi,</strong></span> <span class='ocrx_word' id='word_1_541' title='bbox 1473 4010 1544 4049; x_wconf 92' lang='lat' dir='ltr'><strong>ne</strong></span> <span class='ocrx_word' id='word_1_542' title='bbox 1601 3995 1731 4064; x_wconf 91' lang='lat' dir='ltr'><strong>quid</strong></span> <span class='ocrx_word' id='word_1_543' title='bbox 1785 3995 2021 4051; x_wconf 82' lang='lat' dir='ltr'><strong>inferant</strong></span> 
     </span>
    </p>
   </div>
   <div class='ocr_carea' id='block_1_73' title="bbox 426 4085 2016 4156">
    <p class='ocr_par' dir='ltr' id='par_1_73' title="bbox 426 4085 2016 4156">
     <span class='ocr_line' id='line_1_73' title="bbox 426 4085 2016 4156; baseline 0 -14"><span class='ocrx_word' id='word_1_544' title='bbox 426 4089 610 4142; x_wconf 89' lang='lat' dir='ltr'><strong>damni</strong></span> <span class='ocrx_word' id='word_1_545' title='bbox 628 4103 643 4153; x_wconf 93' lang='lat'><strong>;</strong></span> <span class='ocrx_word' id='word_1_546' title='bbox 661 4086 755 4141; x_wconf 90' lang='lat' dir='ltr'><strong>sed</strong></span> <span class='ocrx_word' id='word_1_547' title='bbox 784 4087 838 4140; x_wconf 94' lang='lat' dir='ltr'><strong>in</strong></span> <span class='ocrx_word' id='word_1_548' title='bbox 863 4085 1013 4140; x_wconf 90' lang='lat' dir='ltr'><strong>nullo</strong></span> <span class='ocrx_word' id='word_1_549' title='bbox 1040 4086 1208 4154; x_wconf 89' lang='lat' dir='ltr'><strong>magis</strong></span> <span class='ocrx_word' id='word_1_550' title='bbox 1228 4099 1417 4140; x_wconf 90' lang='lat' dir='ltr'><strong>eorum</strong></span> <span class='ocrx_word' id='word_1_551' title='bbox 1446 4087 1733 4142; x_wconf 89' lang='lat' dir='ltr'><strong>metuenda</strong></span> <span class='ocrx_word' id='word_1_552' title='bbox 1757 4090 2016 4156; x_wconf 89' lang='lat' dir='ltr'><strong>versutia,</strong></span> 
     </span>
    </p>
   </div>
   <div class='ocr_carea' id='block_1_74' title="bbox 427 4177 2018 4250">
    <p class='ocr_par' dir='ltr' id='par_1_74' title="bbox 427 4177 2018 4250">
     <span class='ocr_line' id='line_1_74' title="bbox 427 4177 2018 4250; baseline 0.002 -16"><span class='ocrx_word' id='word_1_553' title='bbox 427 4196 585 4250; x_wconf 88' lang='lat' dir='ltr'><strong>quam</strong></span> <span class='ocrx_word' id='word_1_554' title='bbox 613 4195 681 4234; x_wconf 91' lang='lat' dir='ltr'><strong>ne</strong></span> <span class='ocrx_word' id='word_1_555' title='bbox 707 4193 809 4233; x_wconf 88' lang='lat' dir='ltr'><strong>nos</strong></span> <span class='ocrx_word' id='word_1_556' title='bbox 832 4178 1009 4232; x_wconf 88' lang='lat' dir='ltr'><strong>socios</strong></span> <span class='ocrx_word' id='word_1_557' title='bbox 1057 4191 1185 4232; x_wconf 92' lang='lat' dir='ltr'><strong>suos</strong></span> <span class='ocrx_word' id='word_1_558' title='bbox 1224 4177 1443 4242; x_wconf 86' lang='lat' dir='ltr'><strong>faciant,</strong></span> <span class='ocrx_word' id='word_1_559' title='bbox 1474 4188 1530 4234; x_wconf 90' lang='lat' dir='ltr'><strong>et</strong></span> <span class='ocrx_word' id='word_1_560' title='bbox 1557 4194 1774 4249; x_wconf 87' lang='lat' dir='ltr'><strong>gressus</strong></span> <span class='ocrx_word' id='word_1_561' title='bbox 1803 4192 2018 4237; x_wconf 89' lang='lat' dir='ltr'><strong>nostros</strong></span> 
     </span>
    </p>
   </div>
   <div class='ocr_carea' id='block_1_75' title="bbox 430 4270 2016 4342">
    <p class='ocr_par' dir='ltr' id='par_1_75' title="bbox 430 4270 2016 4342">
     <span class='ocr_line' id='line_1_75' title="bbox 430 4270 2016 4342; baseline 0.001 -16"><span class='ocrx_word' id='word_1_562' title='bbox 430 4289 460 4326; x_wconf 84' lang='lat' dir='ltr'><strong>a</strong></span> <span class='ocrx_word' id='word_1_563' title='bbox 490 4273 574 4326; x_wconf 87' lang='lat' dir='ltr'><strong>via</strong></span> <span class='ocrx_word' id='word_1_564' title='bbox 599 4282 748 4326; x_wconf 88' lang='lat' dir='ltr'><strong>recta</strong></span> <span class='ocrx_word' id='word_1_565' title='bbox 784 4271 838 4325; x_wconf 89' lang='lat' dir='ltr'><strong>in</strong></span> <span class='ocrx_word' id='word_1_566' title='bbox 871 4284 966 4324; x_wconf 86' lang='lat' dir='ltr'><strong>sua</strong></span> <span class='ocrx_word' id='word_1_567' title='bbox 1006 4270 1199 4324; x_wconf 87' lang='lat' dir='ltr'><strong>itinera</strong></span> <span class='ocrx_word' id='word_1_568' title='bbox 1245 4285 1533 4339; x_wconf 91' lang='lat' dir='ltr'><strong>moresque</strong></span> <span class='ocrx_word' id='word_1_569' title='bbox 1568 4271 1865 4328; x_wconf 92' lang='lat' dir='ltr'><strong>traducant.</strong></span> <span class='ocrx_word' id='word_1_570' title='bbox 1898 4273 2016 4342; x_wconf 84' lang='lat' dir='ltr'><strong>Ipsa</strong></span> 
     </span>
    </p>
   </div>
   <div class='ocr_carea' id='block_1_76' title="bbox 428 4363 2018 4434">
    <p class='ocr_par' dir='ltr' id='par_1_76' title="bbox 428 4363 2018 4434">
     <span class='ocr_line' id='line_1_76' title="bbox 428 4363 2018 4434; baseline 0.001 -14"><span class='ocrx_word' id='word_1_571' title='bbox 428 4376 512 4421; x_wconf 87' lang='lat' dir='ltr'><strong>est</strong></span> <span class='ocrx_word' id='word_1_572' title='bbox 547 4363 844 4420; x_wconf 72' lang='lat' dir='ltr'><strong>smviSsima</strong></span> <span class='ocrx_word' id='word_1_573' title='bbox 884 4363 1272 4434; x_wconf 87' lang='lat' dir='ltr'><strong>supplantatio,</strong></span> <span class='ocrx_word' id='word_1_574' title='bbox 1317 4365 1535 4434; x_wconf 91' lang='lat' dir='ltr'><strong>quando</strong></span> <span class='ocrx_word' id='word_1_575' title='bbox 1577 4365 1763 4421; x_wconf 88' lang='lat' dir='ltr'><strong>fideles</strong></span> <span class='ocrx_word' id='word_1_576' title='bbox 1799 4375 1854 4421; x_wconf 91' lang='lat' dir='ltr'><strong>et</strong></span> <span class='ocrx_word' id='word_1_577' title='bbox 1889 4368 2018 4422; x_wconf 85' lang='lat' dir='ltr'><strong>reli-</strong></span> 
     </span>
    </p>
   </div>
   <div class='ocr_carea' id='block_1_77' title="bbox 428 4452 2017 4525">
    <p class='ocr_par' dir='ltr' id='par_1_77' title="bbox 428 4452 2017 4525">
     <span class='ocr_line' id='line_1_77' title="bbox 428 4452 2017 4525; baseline 0.002 -15"><span class='ocrx_word' id='word_1_578' title='bbox 428 4456 585 4525; x_wconf 85' lang='lat' dir='ltr'><strong>giosi,</strong></span> <span class='ocrx_word' id='word_1_579' title='bbox 618 4455 810 4511; x_wconf 89' lang='lat' dir='ltr'><strong>relicto</strong></span> <span class='ocrx_word' id='word_1_580' title='bbox 845 4453 1125 4525; x_wconf 88' lang='lat' dir='ltr'><strong>proposito</strong></span> <span class='ocrx_word' id='word_1_581' title='bbox 1153 4452 1317 4521; x_wconf 90' lang='lat' dir='ltr'><strong>bono,</strong></span> <span class='ocrx_word' id='word_1_582' title='bbox 1343 4454 1400 4509; x_wconf 90' lang='lat' dir='ltr'><strong>in</strong></span> <span class='ocrx_word' id='word_1_583' title='bbox 1441 4454 1798 4512; x_wconf 89' lang='lat' dir='ltr'><strong>imitationem</strong></span> <span class='ocrx_word' id='word_1_584' title='bbox 1842 4467 2017 4514; x_wconf 88' lang='lat' dir='ltr'><strong>trans-</strong></span> 
     </span>
    </p>
   </div>
   <div class='ocr_carea' id='block_1_78' title="bbox 424 4545 887 4615">
    <p class='ocr_par' dir='ltr' id='par_1_78' title="bbox 424 4545 887 4615">
     <span class='ocr_line' id='line_1_78' title="bbox 424 4545 887 4615; baseline -0.006 -12"><span class='ocrx_word' id='word_1_585' title='bbox 424 4557 553 4603; x_wconf 84' lang='lat' dir='ltr'><strong>eunt</strong></span> <span class='ocrx_word' id='word_1_586' title='bbox 575 4545 887 4615; x_wconf 90' lang='lat' dir='ltr'><strong>impiorum.</strong></span> 
     </span>
    </p>
   </div>
   <div class='ocr_carea' id='block_1_79' title="bbox 499 4635 2011 4711">
    <p class='ocr_par' dir='ltr' id='par_1_79' title="bbox 499 4635 2011 4711">
     <span class='ocr_line' id='line_1_79' title="bbox 499 4635 2011 4711; baseline 0.004 -21"><span class='ocrx_word' id='word_1_587' title='bbox 499 4636 678 4706; x_wconf 81' lang='lat' dir='ltr'><strong>(Vers.</strong></span> <span class='ocrx_word' id='word_1_588' title='bbox 713 4635 796 4706; x_wconf 89' lang='lat'><strong>6.)</strong></span> <span class='ocrx_word' id='word_1_589' title='bbox 824 4636 1214 4692; x_wconf 84' lang='lat' dir='ltr'><strong>Absconderunt</strong></span> <span class='ocrx_word' id='word_1_590' title='bbox 1241 4638 1443 4709; x_wconf 85' lang='lat' dir='ltr'><strong>superbi</strong></span> <span class='ocrx_word' id='word_1_591' title='bbox 1472 4640 1816 4709; x_wconf 87' lang='lat' dir='ltr'><strong>muscipulam</strong></span> <span class='ocrx_word' id='word_1_592' title='bbox 1846 4643 2011 4711; x_wconf 88' lang='lat' dir='ltr'><strong>mihi;</strong></span> 
     </span>
    </p>
   </div>
   <div class='ocr_carea' id='block_1_80' title="bbox 423 4729 2006 4803">
    <p class='ocr_par' dir='ltr' id='par_1_80' title="bbox 423 4729 2006 4803">
     <span class='ocr_line' id='line_1_80' title="bbox 423 4729 2006 4803; baseline 0.006 -20"><span class='ocrx_word' id='word_1_593' title='bbox 423 4739 470 4784; x_wconf 86' lang='lat' dir='ltr'><strong>et</strong></span> <span class='ocrx_word' id='word_1_594' title='bbox 503 4737 658 4783; x_wconf 85' lang='lat' dir='ltr'><strong>restes</strong></span> <span class='ocrx_word' id='word_1_595' title='bbox 676 4729 1007 4782; x_wconf 77' lang='lat' dir='ltr'><strong>extenderunt</strong></span> <span class='ocrx_word' id='word_1_596' title='bbox 1035 4731 1087 4784; x_wconf 90' lang='lat' dir='ltr'><strong>in</strong></span> <span class='ocrx_word' id='word_1_597' title='bbox 1117 4731 1357 4801; x_wconf 85' lang='lat' dir='ltr'><strong>laqueum</strong></span> <span class='ocrx_word' id='word_1_598' title='bbox 1389 4732 1600 4803; x_wconf 85' lang='lat' dir='ltr'><strong>pedibus</strong></span> <span class='ocrx_word' id='word_1_599' title='bbox 1633 4736 1780 4790; x_wconf 84' lang='lat' dir='ltr'><strong>meis.</strong></span> <span class='ocrx_word' id='word_1_600' title='bbox 1813 4737 2006 4793; x_wconf 86' lang='lat' dir='ltr'><strong>Totum</strong></span> 
     </span>
    </p>
   </div>
   <div class='ocr_carea' id='block_1_81' title="bbox 423 4819 2006 4902">
    <p class='ocr_par' dir='ltr' id='par_1_81' title="bbox 423 4819 2006 4902">
     <span class='ocr_line' id='line_1_81' title="bbox 423 4819 2006 4902; baseline 0.008 -28"><span class='ocrx_word' id='word_1_601' title='bbox 423 4834 624 4889; x_wconf 87' lang='lat' dir='ltr'><strong>corpus</strong></span> <span class='ocrx_word' id='word_1_602' title='bbox 667 4819 867 4875; x_wconf 83' lang='lat' dir='ltr'><strong>diaboli</strong></span> <span class='ocrx_word' id='word_1_603' title='bbox 912 4819 1147 4876; x_wconf 89' lang='lat' dir='ltr'><strong>breviter</strong></span> <span class='ocrx_word' id='word_1_604' title='bbox 1189 4824 1498 4893; x_wconf 81' lang='lat' dir='ltr'><strong>explicavit,</strong></span> <span class='ocrx_word' id='word_1_605' title='bbox 1532 4826 1740 4892; x_wconf 88' lang='lat' dir='ltr'><strong>dicens,</strong></span> <span class='ocrx_word' id='word_1_606' title='bbox 1781 4830 2006 4902; x_wconf 84' lang='lat' dir='ltr'><strong>superbi.</strong></span> 
     </span>
    </p>
   </div>
   <div class='ocr_carea' id='block_1_82' title="bbox 421 4911 2010 4981">
    <p class='ocr_par' dir='ltr' id='par_1_82' title="bbox 421 4911 2010 4981">
     <span class='ocr_line' id='line_1_82' title="bbox 421 4911 2010 4981; baseline 0.008 -15"><span class='ocrx_word' id='word_1_607' title='bbox 421 4911 550 4967; x_wconf 85' lang='lat' dir='ltr'><strong>Inde</strong></span> <span class='ocrx_word' id='word_1_608' title='bbox 569 4919 653 4967; x_wconf 87' lang='lat' dir='ltr'><strong>est</strong></span> <span class='ocrx_word' id='word_1_609' title='bbox 678 4911 820 4966; x_wconf 91' lang='lat' dir='ltr'><strong>enim</strong></span> <span class='ocrx_word' id='word_1_610' title='bbox 858 4911 1002 4981; x_wconf 88' lang='lat' dir='ltr'><strong>quod</strong></span> <span class='ocrx_word' id='word_1_611' title='bbox 1029 4912 1202 4980; x_wconf 87' lang='lat' dir='ltr'><strong>justo</strong></span> <span class='ocrx_word' id='word_1_612' title='bbox 1241 4928 1301 4969; x_wconf 90' lang='lat' dir='ltr'><strong>se</strong></span> <span class='ocrx_word' id='word_1_613' title='bbox 1329 4916 1499 4971; x_wconf 89' lang='lat' dir='ltr'><strong>videri</strong></span> <span class='ocrx_word' id='word_1_614' title='bbox 1520 4918 1707 4974; x_wconf 90' lang='lat' dir='ltr'><strong>volunt</strong></span> <span class='ocrx_word' id='word_1_615' title='bbox 1745 4935 1866 4976; x_wconf 91' lang='lat' dir='ltr'><strong>cum</strong></span> <span class='ocrx_word' id='word_1_616' title='bbox 1899 4923 2010 4979; x_wconf 88' lang='lat' dir='ltr'><strong>sint</strong></span> 
     </span>
    </p>
   </div>
   <div class='ocr_carea' id='block_1_83' title="bbox 419 5002 2002 5082">
    <p class='ocr_par' dir='ltr' id='par_1_83' title="bbox 419 5002 2002 5082">
     <span class='ocr_line' id='line_1_83' title="bbox 419 5002 2002 5082; baseline 0.009 -25"><span class='ocrx_word' id='word_1_617' title='bbox 419 5003 608 5073; x_wconf 90' lang='lat' dir='ltr'><strong>iniqui,</strong></span> <span class='ocrx_word' id='word_1_618' title='bbox 630 5011 685 5058; x_wconf 91' lang='lat' dir='ltr'><strong>et</strong></span> <span class='ocrx_word' id='word_1_619' title='bbox 730 5002 865 5058; x_wconf 84' lang='lat' dir='ltr'><strong>nihil</strong></span> <span class='ocrx_word' id='word_1_620' title='bbox 911 5004 1082 5073; x_wconf 87' lang='lat' dir='ltr'><strong>magis</strong></span> <span class='ocrx_word' id='word_1_621' title='bbox 1128 5005 1398 5076; x_wconf 82' lang='lat' dir='ltr'><strong>refugiunt</strong></span> <span class='ocrx_word' id='word_1_622' title='bbox 1449 5026 1609 5080; x_wconf 88' lang='lat' dir='ltr'><strong>quam</strong></span> <span class='ocrx_word' id='word_1_623' title='bbox 1659 5022 2002 5082; x_wconf 88' lang='lat' dir='ltr'><strong>peccatorum</strong></span> 
     </span>
    </p>
   </div>
   <div class='ocr_carea' id='block_1_84' title="bbox 417 5085 2004 5180">
    <p class='ocr_par' dir='ltr' id='par_1_84' title="bbox 417 5085 2004 5180">
     <span class='ocr_line' id='line_1_84' title="bbox 417 5085 2004 5180; baseline 0.01 -28"><span class='ocrx_word' id='word_1_624' title='bbox 417 5098 847 5164; x_wconf 84' lang='lat' dir='ltr'><strong>confessionem;</strong></span> <span class='ocrx_word' id='word_1_625' title='bbox 879 5113 1109 5168; x_wconf 86' lang='lat' dir='ltr'><strong>cumque</strong></span> <span class='ocrx_word' id='word_1_626' title='bbox 1157 5085 1291 5154; x_wconf 28' lang='lat' dir='ltr'><strong>sint.</strong></span> <span class='ocrx_word' id='word_1_627' title='bbox 1315 5103 1435 5158; x_wconf 87' lang='lat' dir='ltr'><strong>falsi</strong></span> <span class='ocrx_word' id='word_1_628' title='bbox 1469 5104 1625 5175; x_wconf 79' lang='lat' dir='ltr'><strong>juSti,</strong></span> <span class='ocrx_word' id='word_1_629' title='bbox 1654 5110 1798 5166; x_wconf 89' lang='lat' dir='ltr'><strong>veris</strong></span> <span class='ocrx_word' id='word_1_630' title='bbox 1842 5111 2004 5180; x_wconf 89' lang='lat' dir='ltr'><strong>justis</strong></span> 
     </span>
    </p>
   </div>
   <div class='ocr_carea' id='block_1_85' title="bbox 415 5191 2004 5263">
    <p class='ocr_par' dir='ltr' id='par_1_85' title="bbox 415 5191 2004 5263">
     <span class='ocr_line' id='line_1_85' title="bbox 415 5191 2004 5263; baseline 0.011 -17"><span class='ocrx_word' id='word_1_631' title='bbox 415 5191 684 5259; x_wconf 87' lang='lat' dir='ltr'><strong>invident,</strong></span> <span class='ocrx_word' id='word_1_632' title='bbox 734 5191 858 5258; x_wconf 86' lang='lat' dir='ltr'><strong>quia</strong></span> <span class='ocrx_word' id='word_1_633' title='bbox 901 5192 1127 5248; x_wconf 89' lang='lat' dir='ltr'><strong>moleste</strong></span> <span class='ocrx_word' id='word_1_634' title='bbox 1171 5191 1351 5248; x_wconf 90' lang='lat' dir='ltr'><strong>ferunt</strong></span> <span class='ocrx_word' id='word_1_635' title='bbox 1407 5195 1621 5252; x_wconf 88' lang='lat' dir='ltr'><strong>illorum</strong></span> <span class='ocrx_word' id='word_1_636' title='bbox 1689 5200 2004 5263; x_wconf 87' lang='lat' dir='ltr'><strong>sinceritate</strong></span> 
     </span>
    </p>
   </div>
   <div class='ocr_carea' id='block_1_86' title="bbox 489 5328 1993 5400">
    <p class='ocr_par' dir='ltr' id='par_1_86' title="bbox 489 5328 1993 5400">
     <span class='ocr_line' id='line_1_86' title="bbox 489 5328 1993 5400; baseline 0.009 -16"><span class='ocrx_word' id='word_1_637' title='bbox 489 5341 516 5368; x_wconf 75' lang='grc' dir='ltr'><strong>ι</strong></span> <span class='ocrx_word' id='word_1_638' title='bbox 550 5329 689 5385; x_wconf 87' lang='lat' dir='ltr'><strong>Editi</strong></span> <span class='ocrx_word' id='word_1_639' title='bbox 720 5342 908 5383; x_wconf 90' lang='lat' dir='ltr'><strong>omnes</strong></span> <span class='ocrx_word' id='word_1_640' title='bbox 942 5331 1110 5400; x_wconf 87' lang='lat' dir='ltr'><strong>potius</strong></span> <span class='ocrx_word' id='word_1_641' title='bbox 1152 5343 1205 5383; x_wconf 90' lang='lat' dir='ltr'><strong>se</strong></span> <span class='ocrx_word' id='word_1_642' title='bbox 1251 5328 1453 5400; x_wconf 83' lang='lat' dir='ltr'><strong>dicere;</strong></span> <span class='ocrx_word' id='word_1_643' title='bbox 1497 5332 1588 5386; x_wconf 90' lang='lat' dir='ltr'><strong>sed</strong></span> <span class='ocrx_word' id='word_1_644' title='bbox 1635 5333 1806 5390; x_wconf 87' lang='lat' dir='ltr'><strong>facilis</strong></span> <span class='ocrx_word' id='word_1_645' title='bbox 1837 5354 1993 5398; x_wconf 88' lang='lat' dir='ltr'><strong>error</strong></span> 
     </span>
    </p>
   </div>
   <div class='ocr_carea' id='block_1_87' title="bbox 417 5399 1992 5470">
    <p class='ocr_par' dir='ltr' id='par_1_87' title="bbox 417 5399 1992 5470">
     <span class='ocr_line' id='line_1_87' title="bbox 417 5399 1992 5470; baseline 0.007 -16"><span class='ocrx_word' id='word_1_646' title='bbox 417 5404 592 5470; x_wconf 90' lang='lat' dir='ltr'><strong>potuit</strong></span> <span class='ocrx_word' id='word_1_647' title='bbox 617 5401 877 5469; x_wconf 85' lang='lat' dir='ltr'><strong>irrepere,</strong></span> <span class='ocrx_word' id='word_1_648' title='bbox 907 5401 997 5453; x_wconf 91' lang='lat' dir='ltr'><strong>ubi</strong></span> <span class='ocrx_word' id='word_1_649' title='bbox 1027 5400 1250 5469; x_wconf 85' lang='lat' dir='ltr'><strong>potuisse</strong></span> <span class='ocrx_word' id='word_1_650' title='bbox 1281 5399 1384 5468; x_wconf 84' lang='lat' dir='ltr'><strong>legi</strong></span> <span class='ocrx_word' id='word_1_651' title='bbox 1410 5400 1703 5469; x_wconf 87' lang='lat' dir='ltr'><strong>debuisset,</strong></span> <span class='ocrx_word' id='word_1_652' title='bbox 1733 5409 1874 5463; x_wconf 92' lang='lat' dir='ltr'><strong>nulla</strong></span> <span class='ocrx_word' id='word_1_653' title='bbox 1902 5413 1992 5466; x_wconf 90' lang='lat' dir='ltr'><strong>ad-</strong></span> 
     </span>
    </p>
   </div>
   <div class='ocr_carea' id='block_1_88' title="bbox 417 5469 1990 5548">
    <p class='ocr_par' dir='ltr' id='par_1_88' title="bbox 417 5469 1990 5548">
     <span class='ocr_line' id='line_1_88' title="bbox 417 5469 1990 5548; baseline 0.007 -23"><span class='ocrx_word' id='word_1_654' title='bbox 417 5469 672 5541; x_wconf 81' lang='lat' dir='ltr'><strong>jectione,</strong></span> <span class='ocrx_word' id='word_1_655' title='bbox 719 5481 774 5548; x_wconf 89' lang='lat' dir='ltr'><strong>e_t</strong></span> <span class='ocrx_word' id='word_1_656' title='bbox 817 5470 1002 5548; x_wconf 66' lang='lat' dir='ltr'><strong>leviori</strong></span> <span class='ocrx_word' id='word_1_657' title='bbox 1050 5469 1348 5548; x_wconf 66' lang='lat' dir='ltr'><strong>litterarum</strong></span> <span class='ocrx_word' id='word_1_658' title='bbox 1390 5477 1802 5548; x_wconf 67' lang='lat' dir='ltr'><strong>permutatione.</strong></span> <span class='ocrx_word' id='word_1_659' title='bbox 1835 5480 1990 5548; x_wconf 89' lang='lat' dir='ltr'><strong>Quod</strong></span> 
     </span>
    </p>
   </div>
   <div class='ocr_carea' id='block_1_89' title="bbox 418 5538 1991 5613">
    <p class='ocr_par' dir='ltr' id='par_1_89' title="bbox 418 5538 1991 5613">
     <span class='ocr_line' id='line_1_89' title="bbox 418 5538 1991 5613; baseline 0.008 -18"><span class='ocrx_word' id='word_1_660' title='bbox 418 5538 703 5613; x_wconf 78' lang='lat' dir='ltr'><strong>senserant</strong></span> <span class='ocrx_word' id='word_1_661' title='bbox 742 5540 852 5608; x_wconf 90' lang='lat' dir='ltr'><strong>jam</strong></span> <span class='ocrx_word' id='word_1_662' title='bbox 895 5541 1060 5596; x_wconf 86' lang='lat' dir='ltr'><strong>Duae.</strong></span> <span class='ocrx_word' id='word_1_663' title='bbox 1089 5551 1143 5596; x_wconf 91' lang='lat' dir='ltr'><strong>et</strong></span> <span class='ocrx_word' id='word_1_664' title='bbox 1182 5538 1374 5596; x_wconf 89' lang='lat' dir='ltr'><strong>Colon.</strong></span> <span class='ocrx_word' id='word_1_665' title='bbox 1392 5538 1660 5613; x_wconf 75' lang='lat' dir='ltr'><strong>editores,</strong></span> <span class='ocrx_word' id='word_1_666' title='bbox 1706 5557 1760 5603; x_wconf 93' lang='lat' dir='ltr'><strong>et</strong></span> <span class='ocrx_word' id='word_1_667' title='bbox 1804 5538 1880 5605; x_wconf 77' lang='grc' dir='ltr'><strong><em>ἱιῖ</em></strong></span> <span class='ocrx_word' id='word_1_668' title='bbox 1898 5569 1991 5608; x_wconf 88' lang='lat' dir='ltr'><strong>ora</strong></span> 
     </span>
    </p>
   </div>
   <div class='ocr_carea' id='block_1_90' title="bbox 419 5611 941 5666">
    <p class='ocr_par' dir='ltr' id='par_1_90' title="bbox 419 5611 941 5666">
     <span class='ocr_line' id='line_1_90' title="bbox 419 5611 941 5666; baseline -0.002 -1"><span class='ocrx_word' id='word_1_669' title='bbox 419 5613 541 5665; x_wconf 86' lang='lat' dir='ltr'><strong>libri</strong></span> <span class='ocrx_word' id='word_1_670' title='bbox 571 5611 941 5666; x_wconf 81' lang='lat' dir='ltr'><strong>observaram.</strong></span> 
     </span>
    </p>
   </div>
   <div class='ocr_carea' id='block_1_91' title="bbox 488 5681 1992 5753">
    <p class='ocr_par' dir='ltr' id='par_1_91' title="bbox 488 5681 1992 5753">
     <span class='ocr_line' id='line_1_91' title="bbox 488 5681 1992 5753; baseline 0.009 -19"><span class='ocrx_word' id='word_1_671' title='bbox 488 5681 514 5718; x_wconf 74' lang='grc' dir='ltr'>δ</span> <span class='ocrx_word' id='word_1_672' title='bbox 546 5681 1035 5753; x_wconf 81' lang='lat' dir='ltr'><strong>Fortassismelins</strong></span> <span class='ocrx_word' id='word_1_673' title='bbox 1070 5683 1343 5746; x_wconf 78' lang='lat' dir='ltr'><strong>legeretur</strong></span> <span class='ocrx_word' id='word_1_674' title='bbox 1375 5683 1701 5753; x_wconf 88' lang='lat' dir='ltr'><strong>spirantium,</strong></span> <span class='ocrx_word' id='word_1_675' title='bbox 1731 5701 1851 5744; x_wconf 87' lang='lat' dir='ltr'><strong>cum</strong></span> <span class='ocrx_word' id='word_1_676' title='bbox 1895 5707 1992 5747; x_wconf 79' lang='lat' dir='ltr'><strong>ex-</strong></span> 
     </span>
    </p>
   </div>
   <div class='ocr_carea' id='block_1_92' title="bbox 418 5749 1991 5829">
    <p class='ocr_par' dir='ltr' id='par_1_92' title="bbox 418 5749 1991 5829">
     <span class='ocr_line' id='line_1_92' title="bbox 418 5749 1991 5829; baseline 0.008 -22"><span class='ocrx_word' id='word_1_677' title='bbox 418 5760 579 5812; x_wconf 81' lang='lat' dir='ltr'><strong>ponat</strong></span> <span class='ocrx_word' id='word_1_678' title='bbox 615 5749 965 5820; x_wconf 78' lang='lat' dir='ltr'><strong>Augustinus,</strong></span> <span class='ocrx_word' id='word_1_679' title='bbox 1011 5766 1181 5810; x_wconf 73' lang='lat' dir='ltr'><strong>vocem</strong></span> <span class='ocrx_word' id='word_1_680' title='bbox 1227 5749 1598 5822; x_wconf 80' lang='lat' dir='ltr'><strong>deprecationis</strong></span> <span class='ocrx_word' id='word_1_681' title='bbox 1639 5749 1785 5829; x_wconf 78' lang='lat' dir='ltr'><strong>mete,</strong></span> <span class='ocrx_word' id='word_1_682' title='bbox 1834 5764 1991 5819; x_wconf 75' lang='lat' dir='ltr'><strong>vitam</strong></span> 
     </span>
    </p>
   </div>
   <div class='ocr_carea' id='block_1_93' title="bbox 2124 3267 3718 3351">
    <p class='ocr_par' dir='ltr' id='par_1_93' title="bbox 2124 3267 3718 3351">
     <span class='ocr_line' id='line_1_93' title="bbox 2124 3267 3718 3351; baseline 0.011 -31"><span class='ocrx_word' id='word_1_683' title='bbox 2124 3267 2272 3320; x_wconf 90' lang='lat' dir='ltr'><strong>intus</strong></span> <span class='ocrx_word' id='word_1_684' title='bbox 2321 3282 2614 3337; x_wconf 90' lang='lat' dir='ltr'><strong>numquam</strong></span> <span class='ocrx_word' id='word_1_685' title='bbox 2655 3270 2807 3325; x_wconf 91' lang='lat' dir='ltr'><strong>deest</strong></span> <span class='ocrx_word' id='word_1_686' title='bbox 2847 3271 3172 3340; x_wconf 86' lang='lat' dir='ltr'><strong>adversitas,</strong></span> <span class='ocrx_word' id='word_1_687' title='bbox 3206 3277 3293 3330; x_wconf 90' lang='lat' dir='ltr'><strong>cui</strong></span> <span class='ocrx_word' id='word_1_688' title='bbox 3323 3277 3524 3334; x_wconf 88' lang='lat' dir='ltr'><strong>debeat</strong></span> <span class='ocrx_word' id='word_1_689' title='bbox 3556 3294 3718 3351; x_wconf 89' lang='lat' dir='ltr'><strong>repn-</strong></span> 
     </span>
    </p>
   </div>
   <div class='ocr_carea' id='block_1_94' title="bbox 2123 3359 3719 3435">
    <p class='ocr_par' dir='ltr' id='par_1_94' title="bbox 2123 3359 3719 3435">
     <span class='ocr_line' id='line_1_94' title="bbox 2123 3359 3719 3435; baseline 0.01 -23"><span class='ocrx_word' id='word_1_690' title='bbox 2123 3359 2298 3428; x_wconf 86' lang='lat' dir='ltr'><strong>gnari.</strong></span> <span class='ocrx_word' id='word_1_691' title='bbox 2332 3359 2610 3416; x_wconf 87' lang='lat' dir='ltr'><strong>Laborans</strong></span> <span class='ocrx_word' id='word_1_692' title='bbox 2635 3361 2797 3432; x_wconf 83' lang='lat' dir='ltr'><strong>igitur</strong></span> <span class='ocrx_word' id='word_1_693' title='bbox 2821 3363 2873 3418; x_wconf 92' lang='lat' dir='ltr'><strong>in</strong></span> <span class='ocrx_word' id='word_1_694' title='bbox 2907 3366 3009 3420; x_wconf 89' lang='lat' dir='ltr'><strong>hoc</strong></span> <span class='ocrx_word' id='word_1_695' title='bbox 3031 3366 3194 3435; x_wconf 90' lang='lat' dir='ltr'><strong>bello,</strong></span> <span class='ocrx_word' id='word_1_696' title='bbox 3215 3375 3366 3424; x_wconf 89' lang='lat' dir='ltr'><strong>recte</strong></span> <span class='ocrx_word' id='word_1_697' title='bbox 3393 3371 3495 3426; x_wconf 88' lang='lat' dir='ltr'><strong>sibi</strong></span> <span class='ocrx_word' id='word_1_698' title='bbox 3524 3372 3719 3427; x_wconf 88' lang='lat' dir='ltr'><strong>obum-</strong></span> 
     </span>
    </p>
   </div>
   <div class='ocr_carea' id='block_1_95' title="bbox 2122 3448 3712 3532">
    <p class='ocr_par' dir='ltr' id='par_1_95' title="bbox 2122 3448 3712 3532">
     <span class='ocr_line' id='line_1_95' title="bbox 2122 3448 3712 3532; baseline 0.01 -30"><span class='ocrx_word' id='word_1_699' title='bbox 2122 3448 2421 3505; x_wconf 88' lang='lat' dir='ltr'><strong>brationem</strong></span> <span class='ocrx_word' id='word_1_700' title='bbox 2453 3453 2586 3521; x_wconf 92' lang='lat' dir='ltr'><strong>petit</strong></span> <span class='ocrx_word' id='word_1_701' title='bbox 2607 3452 2796 3522; x_wconf 69' lang='lat' dir='ltr'><strong>gratia:</strong></span> <span class='ocrx_word' id='word_1_702' title='bbox 2829 3453 2947 3524; x_wconf 87' lang='lat' dir='ltr'><strong>Dei,</strong></span> <span class='ocrx_word' id='word_1_703' title='bbox 2979 3470 3047 3511; x_wconf 92' lang='lat' dir='ltr'><strong>ne</strong></span> <span class='ocrx_word' id='word_1_704' title='bbox 3070 3467 3202 3513; x_wconf 81' lang='lat' dir='ltr'><strong>testu</strong></span> <span class='ocrx_word' id='word_1_705' title='bbox 3227 3459 3477 3515; x_wconf 88' lang='lat' dir='ltr'><strong>laborum</strong></span> <span class='ocrx_word' id='word_1_706' title='bbox 3507 3462 3712 3532; x_wconf 81' lang='lat' dir='ltr'><strong>fatiga-</strong></span> 
     </span>
    </p>
   </div>
   <div class='ocr_carea' id='block_1_96' title="bbox 2123 3547 2464 3594">
    <p class='ocr_par' dir='ltr' id='par_1_96' title="bbox 2123 3547 2464 3594">
     <span class='ocr_line' id='line_1_96' title="bbox 2123 3547 2464 3594; baseline 0.003 -1"><span class='ocrx_word' id='word_1_707' title='bbox 2123 3547 2208 3593; x_wconf 91' lang='lat' dir='ltr'><strong>tus</strong></span> <span class='ocrx_word' id='word_1_708' title='bbox 2234 3548 2464 3594; x_wconf 84' lang='lat' dir='ltr'><strong>arescat.</strong></span> 
     </span>
    </p>
   </div>
   <div class='ocr_carea' id='block_1_97' title="bbox 2196 3628 3803 3712">
    <p class='ocr_par' dir='ltr' id='par_1_97' title="bbox 2196 3628 3803 3712">
     <span class='ocr_line' id='line_1_97' title="bbox 2196 3628 3803 3712; baseline 0.009 -29"><span class='ocrx_word' id='word_1_709' title='bbox 2196 3628 2376 3701; x_wconf 77' lang='lat' dir='ltr'><strong>(Vers.</strong></span> <span class='ocrx_word' id='word_1_710' title='bbox 2409 3630 2489 3701; x_wconf 85' lang='lat'><strong>9.)</strong></span> <span class='ocrx_word' id='word_1_711' title='bbox 2522 3631 2606 3687; x_wconf 85' lang='lat' dir='ltr'><strong>Ne</strong></span> <span class='ocrx_word' id='word_1_712' title='bbox 2640 3633 2818 3688; x_wconf 87' lang='lat' dir='ltr'><strong>tradas</strong></span> <span class='ocrx_word' id='word_1_713' title='bbox 2843 3651 2924 3689; x_wconf 81' lang='lat' dir='ltr'><strong>me</strong></span> <span class='ocrx_word' id='word_1_714' title='bbox 2948 3652 2980 3689; x_wconf 91' lang='lat' dir='ltr'><strong>a</strong></span> <span class='ocrx_word' id='word_1_715' title='bbox 3004 3637 3262 3692; x_wconf 85' lang='lat' dir='ltr'><strong>desiderio</strong></span> <span class='ocrx_word' id='word_1_716' title='bbox 3285 3655 3390 3693; x_wconf 89' lang='lat' dir='ltr'><strong>meo</strong></span> <span class='ocrx_word' id='word_1_717' title='bbox 3427 3644 3715 3712; x_wconf 85' lang='lat' dir='ltr'><strong>peccatori.</strong></span> <span class='ocrx_word' id='word_1_718' title='bbox 3799 3632 3803 3636; x_wconf 51' lang='grc'><strong>”</strong></span> 
     </span>
    </p>
   </div>
   <div class='ocr_carea' id='block_1_98' title="bbox 2119 3719 3718 3792">
    <p class='ocr_par' dir='ltr' id='par_1_98' title="bbox 2119 3719 3718 3792">
     <span class='ocr_line' id='line_1_98' title="bbox 2119 3719 3718 3792; baseline 0.009 -17"><span class='ocrx_word' id='word_1_719' title='bbox 2119 3719 2248 3776; x_wconf 91' lang='lat' dir='ltr'><strong>ldeo</strong></span> <span class='ocrx_word' id='word_1_720' title='bbox 2274 3722 2348 3776; x_wconf 93' lang='lat' dir='ltr'><strong>ait</strong></span> <span class='ocrx_word' id='word_1_721' title='bbox 2372 3722 2749 3778; x_wconf 90' lang='lat' dir='ltr'><strong>obutnbratum</strong></span> <span class='ocrx_word' id='word_1_722' title='bbox 2781 3741 2841 3781; x_wconf 88' lang='lat' dir='ltr'><strong>se</strong></span> <span class='ocrx_word' id='word_1_723' title='bbox 2863 3727 2913 3779; x_wconf 90' lang='lat' dir='ltr'><strong>in</strong></span> <span class='ocrx_word' id='word_1_724' title='bbox 2946 3727 3033 3782; x_wconf 94' lang='lat' dir='ltr'><strong>die</strong></span> <span class='ocrx_word' id='word_1_725' title='bbox 3065 3728 3213 3792; x_wconf 89' lang='lat' dir='ltr'><strong>belli,</strong></span> <span class='ocrx_word' id='word_1_726' title='bbox 3246 3739 3301 3784; x_wconf 89' lang='lat' dir='ltr'><strong>ut</strong></span> <span class='ocrx_word' id='word_1_727' title='bbox 3329 3746 3440 3785; x_wconf 90' lang='lat' dir='ltr'><strong>non</strong></span> <span class='ocrx_word' id='word_1_728' title='bbox 3462 3744 3718 3790; x_wconf 89' lang='lat' dir='ltr'><strong>ureretur</strong></span> 
     </span>
    </p>
   </div>
   <div class='ocr_carea' id='block_1_99' title="bbox 2121 3813 3712 3891">
    <p class='ocr_par' dir='ltr' id='par_1_99' title="bbox 2121 3813 3712 3891">
     <span class='ocr_line' id='line_1_99' title="bbox 2121 3813 3712 3891; baseline 0.009 -25"><span class='ocrx_word' id='word_1_729' title='bbox 2121 3823 2255 3867; x_wconf 77' lang='lat' dir='ltr'><strong>testu</strong></span> <span class='ocrx_word' id='word_1_730' title='bbox 2286 3813 2540 3870; x_wconf 85' lang='lat' dir='ltr'><strong>desiderii</strong></span> <span class='ocrx_word' id='word_1_731' title='bbox 2570 3833 2584 3870; x_wconf 92' lang='lat'>:</span> <span class='ocrx_word' id='word_1_732' title='bbox 2612 3833 2719 3884; x_wconf 89' lang='lat' dir='ltr'><strong>quo</strong></span> <span class='ocrx_word' id='word_1_733' title='bbox 2745 3819 2834 3886; x_wconf 89' lang='lat' dir='ltr'><strong>qui</strong></span> <span class='ocrx_word' id='word_1_734' title='bbox 2863 3819 3116 3885; x_wconf 89' lang='lat' dir='ltr'><strong>vincitur,</strong></span> <span class='ocrx_word' id='word_1_735' title='bbox 3152 3821 3385 3876; x_wconf 85' lang='lat' dir='ltr'><strong>traditur</strong></span> <span class='ocrx_word' id='word_1_736' title='bbox 3416 3826 3712 3891; x_wconf 87' lang='lat' dir='ltr'><strong>peccatori,</strong></span> 
     </span>
    </p>
   </div>
   <div class='ocr_carea' id='block_1_100' title="bbox 2121 3905 3714 3978">
    <p class='ocr_par' dir='ltr' id='par_1_100' title="bbox 2121 3905 3714 3978">
     <span class='ocr_line' id='line_1_100' title="bbox 2121 3905 3714 3978; baseline 0.007 -18"><span class='ocrx_word' id='word_1_737' title='bbox 2121 3913 2176 3960; x_wconf 90' lang='lat' dir='ltr'><strong>et</strong></span> <span class='ocrx_word' id='word_1_738' title='bbox 2197 3905 2439 3961; x_wconf 73' lang='lat' dir='ltr'><strong>adversa:</strong></span> <span class='ocrx_word' id='word_1_739' title='bbox 2459 3907 2741 3976; x_wconf 89' lang='lat' dir='ltr'><strong>subjicitur</strong></span> <span class='ocrx_word' id='word_1_740' title='bbox 2764 3912 3035 3978; x_wconf 89' lang='lat' dir='ltr'><strong>potestati.</strong></span> <span class='ocrx_word' id='word_1_741' title='bbox 3059 3911 3362 3966; x_wconf 85' lang='lat' dir='ltr'><strong>Pertinacia</strong></span> <span class='ocrx_word' id='word_1_742' title='bbox 3387 3913 3535 3969; x_wconf 87' lang='lat' dir='ltr'><strong>enim</strong></span> <span class='ocrx_word' id='word_1_743' title='bbox 3561 3917 3714 3971; x_wconf 66' lang='lat' dir='ltr'><strong>malae</strong></span> 
     </span>
    </p>
   </div>
   <div class='ocr_carea' id='block_1_101' title="bbox 2120 3997 3714 4075">
    <p class='ocr_par' dir='ltr' id='par_1_101' title="bbox 2120 3997 3714 4075">
     <span class='ocr_line' id='line_1_101' title="bbox 2120 3997 3714 4075; baseline 0.006 -24"><span class='ocrx_word' id='word_1_744' title='bbox 2120 3997 2414 4054; x_wconf 85' lang='lat' dir='ltr'><strong>voluntatis</strong></span> <span class='ocrx_word' id='word_1_745' title='bbox 2441 3998 2590 4054; x_wconf 91' lang='lat' dir='ltr'><strong>ducit</strong></span> <span class='ocrx_word' id='word_1_746' title='bbox 2618 3999 2673 4054; x_wconf 89' lang='lat' dir='ltr'><strong>in</strong></span> <span class='ocrx_word' id='word_1_747' title='bbox 2724 3999 3003 4070; x_wconf 88' lang='lat' dir='ltr'><strong>laqueum,</strong></span> <span class='ocrx_word' id='word_1_748' title='bbox 3047 4016 3076 4054; x_wconf 90' lang='lat' dir='ltr'><strong>a</strong></span> <span class='ocrx_word' id='word_1_749' title='bbox 3115 4017 3225 4071; x_wconf 90' lang='lat' dir='ltr'><strong>quo</strong></span> <span class='ocrx_word' id='word_1_750' title='bbox 3270 4003 3530 4059; x_wconf 84' lang='lat' dir='ltr'><strong>eximitur</strong></span> <span class='ocrx_word' id='word_1_751' title='bbox 3563 4008 3714 4075; x_wconf 90' lang='lat' dir='ltr'><strong>cujus</strong></span> 
     </span>
    </p>
   </div>
   <div class='ocr_carea' id='block_1_102' title="bbox 2120 4091 3715 4169">
    <p class='ocr_par' dir='ltr' id='par_1_102' title="bbox 2120 4091 3715 4169">
     <span class='ocr_line' id='line_1_102' title="bbox 2120 4091 3715 4169; baseline 0.004 -24"><span class='ocrx_word' id='word_1_752' title='bbox 2120 4091 2559 4160; x_wconf 88' lang='lat' dir='ltr'><strong>concupiscentia</strong></span> <span class='ocrx_word' id='word_1_753' title='bbox 2588 4103 2822 4159; x_wconf 89' lang='lat' dir='ltr'><strong>superna</strong></span> <span class='ocrx_word' id='word_1_754' title='bbox 2844 4091 3261 4147; x_wconf 90' lang='lat' dir='ltr'><strong>obumbratione</strong></span> <span class='ocrx_word' id='word_1_755' title='bbox 3281 4095 3528 4151; x_wconf 91' lang='lat' dir='ltr'><strong>sedatur.</strong></span> <span class='ocrx_word' id='word_1_756' title='bbox 3563 4096 3715 4169; x_wconf 83' lang='lat' dir='ltr'><strong>Cogi-</strong></span> 
     </span>
    </p>
   </div>
   <div class='ocr_carea' id='block_1_103' title="bbox 2122 4190 3715 4266">
    <p class='ocr_par' dir='ltr' id='par_1_103' title="bbox 2122 4190 3715 4266">
     <span class='ocr_line' id='line_1_103' title="bbox 2122 4190 3715 4266; baseline 0.009 -27"><span class='ocrx_word' id='word_1_757' title='bbox 2122 4197 2356 4242; x_wconf 81' lang='lat' dir='ltr'><strong>taverunt</strong></span> <span class='ocrx_word' id='word_1_758' title='bbox 2375 4193 2621 4245; x_wconf 79' lang='lat' dir='ltr'><strong>adversus</strong></span> <span class='ocrx_word' id='word_1_759' title='bbox 2648 4206 2758 4257; x_wconf 80' lang='lat' dir='ltr'><strong>me;</strong></span> <span class='ocrx_word' id='word_1_760' title='bbox 2781 4206 2844 4244; x_wconf 85' lang='lat' dir='ltr'><strong>ne</strong></span> <span class='ocrx_word' id='word_1_761' title='bbox 2865 4190 3189 4261; x_wconf 84' lang='lat' dir='ltr'><strong>derelinquas</strong></span> <span class='ocrx_word' id='word_1_762' title='bbox 3208 4209 3306 4259; x_wconf 87' lang='lat' dir='ltr'><strong>me,</strong></span> <span class='ocrx_word' id='word_1_763' title='bbox 3332 4210 3396 4248; x_wconf 88' lang='lat' dir='ltr'><strong>ne</strong></span> <span class='ocrx_word' id='word_1_764' title='bbox 3417 4199 3558 4266; x_wconf 79' lang='lat' dir='ltr'><strong>forte</strong></span> <span class='ocrx_word' id='word_1_765' title='bbox 3573 4199 3715 4252; x_wconf 72' lang='lat' dir='ltr'><strong>exal-</strong></span> 
     </span>
    </p>
   </div>
   <div class='ocr_carea' id='block_1_104' title="bbox 2121 4288 3707 4361">
    <p class='ocr_par' dir='ltr' id='par_1_104' title="bbox 2121 4288 3707 4361">
     <span class='ocr_line' id='line_1_104' title="bbox 2121 4288 3707 4361; baseline 0.007 -19"><span class='ocrx_word' id='word_1_766' title='bbox 2121 4299 2313 4344; x_wconf 90' lang='lat' dir='ltr'><strong>tentur.</strong></span> <span class='ocrx_word' id='word_1_767' title='bbox 2339 4288 2603 4361; x_wconf 84' lang='lat' dir='ltr'><strong>Cogitatio</strong></span> <span class='ocrx_word' id='word_1_768' title='bbox 2629 4292 3028 4348; x_wconf 84' lang='lat' dir='ltr'><strong>adversantium</strong></span> <span class='ocrx_word' id='word_1_769' title='bbox 3061 4293 3399 4349; x_wconf 85' lang='lat' dir='ltr'><strong>fraudulenta</strong></span> <span class='ocrx_word' id='word_1_770' title='bbox 3441 4308 3529 4352; x_wconf 91' lang='lat' dir='ltr'><strong>est</strong></span> <span class='ocrx_word' id='word_1_771' title='bbox 3563 4317 3576 4352; x_wconf 91' lang='lat'>:</span> <span class='ocrx_word' id='word_1_772' title='bbox 3615 4299 3707 4355; x_wconf 90' lang='lat' dir='ltr'><strong>sed</strong></span> 
     </span>
    </p>
   </div>
   <div class='ocr_carea' id='block_1_105' title="bbox 2121 4395 3713 4470">
    <p class='ocr_par' dir='ltr' id='par_1_105' title="bbox 2121 4395 3713 4470">
     <span class='ocr_line' id='line_1_105' title="bbox 2121 4395 3713 4470; baseline 0.006 -22"><span class='ocrx_word' id='word_1_773' title='bbox 2121 4403 2180 4449; x_wconf 88' lang='lat' dir='ltr'><strong>ut</strong></span> <span class='ocrx_word' id='word_1_774' title='bbox 2208 4395 2361 4462; x_wconf 87' lang='lat' dir='ltr'><strong>mihi,</strong></span> <span class='ocrx_word' id='word_1_775' title='bbox 2410 4395 2605 4466; x_wconf 85' lang='lat' dir='ltr'><strong>inquit,</strong></span> <span class='ocrx_word' id='word_1_776' title='bbox 2644 4411 2753 4451; x_wconf 88' lang='lat' dir='ltr'><strong>non</strong></span> <span class='ocrx_word' id='word_1_777' title='bbox 2791 4405 3018 4465; x_wconf 86' lang='lat' dir='ltr'><strong>noceat,</strong></span> <span class='ocrx_word' id='word_1_778' title='bbox 3060 4414 3125 4452; x_wconf 88' lang='lat' dir='ltr'><strong>ne</strong></span> <span class='ocrx_word' id='word_1_779' title='bbox 3151 4398 3484 4470; x_wconf 79' lang='lat' dir='ltr'><strong>derelinquas</strong></span> <span class='ocrx_word' id='word_1_780' title='bbox 3515 4419 3620 4468; x_wconf 89' lang='lat' dir='ltr'><strong>me,</strong></span> <span class='ocrx_word' id='word_1_781' title='bbox 3650 4418 3713 4458; x_wconf 86' lang='lat' dir='ltr'><strong>ne</strong></span> 
     </span>
    </p>
   </div>
   <div class='ocr_carea' id='block_1_106' title="bbox 2038 4496 2949 4590">
    <p class='ocr_par' dir='ltr' id='par_1_106' title="bbox 2038 4496 2949 4590">
     <span class='ocr_line' id='line_1_106' title="bbox 2038 4496 2949 4590; baseline 0.005 -38"><span class='ocrx_word' id='word_1_782' title='bbox 2038 4527 2093 4590; x_wconf 60' lang='grc' dir='ltr'><strong>Ι)</strong></span> <span class='ocrx_word' id='word_1_783' title='bbox 2119 4496 2188 4553; x_wconf 89' lang='lat' dir='ltr'><strong>de</strong></span> <span class='ocrx_word' id='word_1_784' title='bbox 2210 4512 2329 4553; x_wconf 91' lang='lat' dir='ltr'><strong>mea</strong></span> <span class='ocrx_word' id='word_1_785' title='bbox 2352 4498 2656 4568; x_wconf 87' lang='lat' dir='ltr'><strong>abjectione</strong></span> <span class='ocrx_word' id='word_1_786' title='bbox 2682 4500 2949 4557; x_wconf 69' lang='lat' dir='ltr'><strong>laetentur.</strong></span> 
     </span>
    </p>
   </div>
   <div class='ocr_carea' id='block_1_107' title="bbox 2190 4598 3714 4672">
    <p class='ocr_par' dir='ltr' id='par_1_107' title="bbox 2190 4598 3714 4672">
     <span class='ocr_line' id='line_1_107' title="bbox 2190 4598 3714 4672; baseline 0.004 -18"><span class='ocrx_word' id='word_1_787' title='bbox 2190 4598 2371 4670; x_wconf 80' lang='lat' dir='ltr'><strong>(Vers.</strong></span> <span class='ocrx_word' id='word_1_788' title='bbox 2403 4598 2517 4670; x_wconf 82' lang='grc'><strong>10.)</strong></span> <span class='ocrx_word' id='word_1_789' title='bbox 2546 4600 2712 4672; x_wconf 82' lang='lat' dir='ltr'><strong>Caput</strong></span> <span class='ocrx_word' id='word_1_790' title='bbox 2739 4601 2980 4654; x_wconf 87' lang='lat' dir='ltr'><strong>circuitus</strong></span> <span class='ocrx_word' id='word_1_791' title='bbox 3009 4600 3237 4669; x_wconf 77' lang='lat' dir='ltr'><strong>illorum,</strong></span> <span class='ocrx_word' id='word_1_792' title='bbox 3271 4601 3421 4658; x_wconf 87' lang='lat' dir='ltr'><strong>labor</strong></span> <span class='ocrx_word' id='word_1_793' title='bbox 3452 4605 3714 4662; x_wconf 86' lang='lat' dir='ltr'><strong>labiorum</strong></span> 
     </span>
    </p>
   </div>
   <div class='ocr_carea' id='block_1_108' title="bbox 2115 4702 3711 4774">
    <p class='ocr_par' dir='ltr' id='par_1_108' title="bbox 2115 4702 3711 4774">
     <span class='ocr_line' id='line_1_108' title="bbox 2115 4702 3711 4774; baseline 0.006 -19"><span class='ocrx_word' id='word_1_794' title='bbox 2115 4702 2346 4770; x_wconf 90' lang='lat' dir='ltr'><strong>ipsorum</strong></span> <span class='ocrx_word' id='word_1_795' title='bbox 2369 4711 2502 4773; x_wconf 85' lang='lat' dir='ltr'><strong>teget</strong></span> <span class='ocrx_word' id='word_1_796' title='bbox 2540 4719 2645 4757; x_wconf 83' lang='lat' dir='ltr'><strong>eos.</strong></span> <span class='ocrx_word' id='word_1_797' title='bbox 2681 4704 2785 4770; x_wconf 83' lang='lat' dir='ltr'><strong>Me,</strong></span> <span class='ocrx_word' id='word_1_798' title='bbox 2816 4704 3004 4774; x_wconf 90' lang='lat' dir='ltr'><strong>inquit,</strong></span> <span class='ocrx_word' id='word_1_799' title='bbox 3031 4704 3220 4760; x_wconf 90' lang='lat' dir='ltr'><strong>umbra</strong></span> <span class='ocrx_word' id='word_1_800' title='bbox 3249 4705 3462 4762; x_wconf 85' lang='lat' dir='ltr'><strong>alarum</strong></span> <span class='ocrx_word' id='word_1_801' title='bbox 3499 4718 3711 4764; x_wconf 89' lang='lat' dir='ltr'><strong>tuarum</strong></span> 
     </span>
    </p>
   </div>
   <div class='ocr_carea' id='block_1_109' title="bbox 2115 4801 3709 4879">
    <p class='ocr_par' dir='ltr' id='par_1_109' title="bbox 2115 4801 3709 4879">
     <span class='ocr_line' id='line_1_109' title="bbox 2115 4801 3709 4879; baseline 0.005 -23"><span class='ocrx_word' id='word_1_802' title='bbox 2115 4809 2262 4872; x_wconf 88' lang='lat' dir='ltr'><strong>tegat</strong></span> <span class='ocrx_word' id='word_1_803' title='bbox 2297 4803 2348 4856; x_wconf 92' lang='lat' dir='ltr'><strong>in</strong></span> <span class='ocrx_word' id='word_1_804' title='bbox 2379 4801 2466 4857; x_wconf 92' lang='lat' dir='ltr'><strong>die</strong></span> <span class='ocrx_word' id='word_1_805' title='bbox 2494 4802 2642 4858; x_wconf 93' lang='lat' dir='ltr'><strong>belli.</strong></span> <span class='ocrx_word' id='word_1_806' title='bbox 2667 4802 2750 4858; x_wconf 84' lang='lat' dir='ltr'><strong>illi</strong></span> <span class='ocrx_word' id='word_1_807' title='bbox 2773 4813 2951 4859; x_wconf 87' lang='lat' dir='ltr'><strong>autem</strong></span> <span class='ocrx_word' id='word_1_808' title='bbox 2982 4805 3264 4860; x_wconf 88' lang='lat' dir='ltr'><strong>mendacio</strong></span> <span class='ocrx_word' id='word_1_809' title='bbox 3289 4820 3388 4861; x_wconf 91' lang='lat' dir='ltr'><strong>suo</strong></span> <span class='ocrx_word' id='word_1_810' title='bbox 3416 4821 3481 4864; x_wconf 90' lang='lat' dir='ltr'><strong>se</strong></span> <span class='ocrx_word' id='word_1_811' title='bbox 3527 4819 3709 4879; x_wconf 81' lang='lat' dir='ltr'><strong>tegere</strong></span> 
     </span>
    </p>
   </div>
   <div class='ocr_carea' id='block_1_110' title="bbox 2113 4902 3706 4978">
    <p class='ocr_par' dir='ltr' id='par_1_110' title="bbox 2113 4902 3706 4978">
     <span class='ocr_line' id='line_1_110' title="bbox 2113 4902 3706 4978; baseline 0.006 -22"><span class='ocrx_word' id='word_1_812' title='bbox 2113 4902 2457 4967; x_wconf 87' lang='lat' dir='ltr'><strong>laborabunt,</strong></span> <span class='ocrx_word' id='word_1_813' title='bbox 2487 4911 2544 4958; x_wconf 89' lang='lat' dir='ltr'><strong>et</strong></span> <span class='ocrx_word' id='word_1_814' title='bbox 2590 4903 2694 4959; x_wconf 90' lang='lat' dir='ltr'><strong>hoc</strong></span> <span class='ocrx_word' id='word_1_815' title='bbox 2733 4904 2837 4958; x_wconf 88' lang='lat' dir='ltr'><strong>erit</strong></span> <span class='ocrx_word' id='word_1_816' title='bbox 2867 4911 3030 4973; x_wconf 85' lang='lat' dir='ltr'><strong>caput</strong></span> <span class='ocrx_word' id='word_1_817' title='bbox 3057 4904 3395 4960; x_wconf 82' lang='lat' dir='ltr'><strong>circuitionis</strong></span> <span class='ocrx_word' id='word_1_818' title='bbox 3434 4907 3706 4978; x_wconf 89' lang='lat' dir='ltr'><strong>ipsorum.</strong></span> 
     </span>
    </p>
   </div>
   <div class='ocr_carea' id='block_1_111' title="bbox 2111 5004 3706 5074">
    <p class='ocr_par' dir='ltr' id='par_1_111' title="bbox 2111 5004 3706 5074">
     <span class='ocr_line' id='line_1_111' title="bbox 2111 5004 3706 5074; baseline 0.001 -12"><span class='ocrx_word' id='word_1_819' title='bbox 2111 5005 2227 5062; x_wconf 82' lang='lat' dir='ltr'><strong>Non</strong></span> <span class='ocrx_word' id='word_1_820' title='bbox 2258 5008 2401 5060; x_wconf 90' lang='lat' dir='ltr'><strong>enim</strong></span> <span class='ocrx_word' id='word_1_821' title='bbox 2431 5020 2684 5074; x_wconf 84' lang='lat' dir='ltr'><strong>umquam</strong></span> <span class='ocrx_word' id='word_1_822' title='bbox 2715 5004 3000 5074; x_wconf 87' lang='lat' dir='ltr'><strong>quiescent</strong></span> <span class='ocrx_word' id='word_1_823' title='bbox 3027 5006 3080 5060; x_wconf 93' lang='lat' dir='ltr'><strong>in</strong></span> <span class='ocrx_word' id='word_1_824' title='bbox 3113 5008 3226 5061; x_wconf 88' lang='lat' dir='ltr'><strong>suis</strong></span> <span class='ocrx_word' id='word_1_825' title='bbox 3254 5011 3585 5063; x_wconf 88' lang='lat' dir='ltr'><strong>commentis</strong></span> <span class='ocrx_word' id='word_1_826' title='bbox 3613 5025 3706 5064; x_wconf 86' lang='lat' dir='ltr'><strong>ve-</strong></span> 
     </span>
    </p>
   </div>
   <div class='ocr_carea' id='block_1_112' title="bbox 2111 5104 3708 5176">
    <p class='ocr_par' dir='ltr' id='par_1_112' title="bbox 2111 5104 3708 5176">
     <span class='ocr_line' id='line_1_112' title="bbox 2111 5104 3708 5176; baseline -0.001 -13"><span class='ocrx_word' id='word_1_827' title='bbox 2111 5107 2289 5163; x_wconf 84' lang='lat' dir='ltr'><strong>ritatis</strong></span> <span class='ocrx_word' id='word_1_828' title='bbox 2319 5104 2520 5161; x_wconf 90' lang='lat' dir='ltr'><strong>inimici</strong></span> <span class='ocrx_word' id='word_1_829' title='bbox 2547 5122 2559 5158; x_wconf 90' lang='lat'><strong>:</strong></span> <span class='ocrx_word' id='word_1_830' title='bbox 2589 5105 2677 5174; x_wconf 92' lang='lat' dir='ltr'><strong>qui</strong></span> <span class='ocrx_word' id='word_1_831' title='bbox 2721 5106 2966 5161; x_wconf 87' lang='lat' dir='ltr'><strong>volentes</strong></span> <span class='ocrx_word' id='word_1_832' title='bbox 2994 5105 3105 5160; x_wconf 90' lang='lat' dir='ltr'><strong>suis</strong></span> <span class='ocrx_word' id='word_1_833' title='bbox 3133 5121 3193 5161; x_wconf 86' lang='lat' dir='ltr'><strong>se</strong></span> <span class='ocrx_word' id='word_1_834' title='bbox 3223 5108 3436 5176; x_wconf 81' lang='lat' dir='ltr'><strong>aperire</strong></span> <span class='ocrx_word' id='word_1_835' title='bbox 3484 5108 3708 5163; x_wconf 88' lang='lat' dir='ltr'><strong>menda-</strong></span> 
     </span>
    </p>
   </div>
   <div class='ocr_carea' id='block_1_113' title="bbox 2110 5205 3708 5274">
    <p class='ocr_par' dir='ltr' id='par_1_113' title="bbox 2110 5205 3708 5274">
     <span class='ocr_line' id='line_1_113' title="bbox 2110 5205 3708 5274; baseline -0.001 -10"><span class='ocrx_word' id='word_1_836' title='bbox 2110 5208 2230 5274; x_wconf 87' lang='lat' dir='ltr'><strong>ciis,</strong></span> <span class='ocrx_word' id='word_1_837' title='bbox 2262 5206 2330 5262; x_wconf 93' lang='lat' dir='ltr'><strong>ad</strong></span> <span class='ocrx_word' id='word_1_838' title='bbox 2358 5207 2463 5262; x_wconf 86' lang='lat' dir='ltr'><strong>hoc</strong></span> <span class='ocrx_word' id='word_1_839' title='bbox 2501 5206 2751 5262; x_wconf 89' lang='lat' dir='ltr'><strong>laborant</strong></span> <span class='ocrx_word' id='word_1_840' title='bbox 2785 5214 2845 5262; x_wconf 94' lang='lat' dir='ltr'><strong>ut</strong></span> <span class='ocrx_word' id='word_1_841' title='bbox 2872 5221 2978 5262; x_wconf 91' lang='lat' dir='ltr'><strong>non</strong></span> <span class='ocrx_word' id='word_1_842' title='bbox 3013 5205 3266 5261; x_wconf 77' lang='lat' dir='ltr'><strong>finiendis</strong></span> <span class='ocrx_word' id='word_1_843' title='bbox 3294 5207 3574 5263; x_wconf 88' lang='lat' dir='ltr'><strong>laboribus</strong></span> <span class='ocrx_word' id='word_1_844' title='bbox 3605 5209 3708 5262; x_wconf 87' lang='lat' dir='ltr'><strong>im-</strong></span> 
     </span>
    </p>
   </div>
   <div class='ocr_carea' id='block_1_114' title="bbox 2102 5343 3699 5410">
    <p class='ocr_par' dir='ltr' id='par_1_114' title="bbox 2102 5343 3699 5410">
     <span class='ocr_line' id='line_1_114' title="bbox 2102 5343 3699 5410; baseline -0.001 -12"><span class='ocrx_word' id='word_1_845' title='bbox 2102 5343 2479 5410; x_wconf 87' lang='lat' dir='ltr'><strong>deprecationis</strong></span> <span class='ocrx_word' id='word_1_846' title='bbox 2508 5358 2654 5404; x_wconf 66' lang='lat' dir='ltr'><strong>mea.</strong></span> <span class='ocrx_word' id='word_1_847' title='bbox 2683 5360 2784 5397; x_wconf 92' lang='lat' dir='ltr'><strong>non</strong></span> <span class='ocrx_word' id='word_1_848' title='bbox 2811 5344 2949 5407; x_wconf 84' lang='lat' dir='ltr'><strong>quod</strong></span> <span class='ocrx_word' id='word_1_849' title='bbox 2976 5354 3121 5398; x_wconf 84' lang='lat' dir='ltr'><strong>sonat</strong></span> <span class='ocrx_word' id='word_1_850' title='bbox 3150 5345 3202 5398; x_wconf 87' lang='lat' dir='ltr'><strong>in</strong></span> <span class='ocrx_word' id='word_1_851' title='bbox 3233 5345 3396 5398; x_wconf 78' lang='lat' dir='ltr'><strong>verbis</strong></span> <span class='ocrx_word' id='word_1_852' title='bbox 3428 5347 3578 5409; x_wconf 86' lang='lat' dir='ltr'><strong>meis,</strong></span> <span class='ocrx_word' id='word_1_853' title='bbox 3609 5346 3699 5398; x_wconf 82' lang='lat' dir='ltr'><strong>sed</strong></span> 
     </span>
    </p>
   </div>
   <div class='ocr_carea' id='block_1_115' title="bbox 2099 5413 3694 5484">
    <p class='ocr_par' dir='ltr' id='par_1_115' title="bbox 2099 5413 3694 5484">
     <span class='ocr_line' id='line_1_115' title="bbox 2099 5413 3694 5484; baseline 0 -18"><span class='ocrx_word' id='word_1_854' title='bbox 2099 5415 2236 5467; x_wconf 88' lang='lat' dir='ltr'><strong>unde</strong></span> <span class='ocrx_word' id='word_1_855' title='bbox 2256 5415 2428 5467; x_wconf 81' lang='lat' dir='ltr'><strong>vivunt</strong></span> <span class='ocrx_word' id='word_1_856' title='bbox 2459 5413 2607 5466; x_wconf 82' lang='lat' dir='ltr'><strong>verba</strong></span> <span class='ocrx_word' id='word_1_857' title='bbox 2643 5430 2776 5468; x_wconf 87' lang='lat' dir='ltr'><strong>mea.</strong></span> <span class='ocrx_word' id='word_1_858' title='bbox 2814 5415 2927 5468; x_wconf 73' lang='lat' dir='ltr'><strong>Vos:</strong></span> <span class='ocrx_word' id='word_1_859' title='bbox 2972 5417 3178 5484; x_wconf 88' lang='lat' dir='ltr'><strong>proprie</strong></span> <span class='ocrx_word' id='word_1_860' title='bbox 3224 5418 3572 5471; x_wconf 82' lang='lat' dir='ltr'><strong>animatorum</strong></span> <span class='ocrx_word' id='word_1_861' title='bbox 3602 5425 3694 5479; x_wconf 73' lang='lat' dir='ltr'><strong>est,</strong></span> 
     </span>
    </p>
   </div>
   <div class='ocr_carea' id='block_1_116' title="bbox 2099 5484 3699 5555">
    <p class='ocr_par' dir='ltr' id='par_1_116' title="bbox 2099 5484 3699 5555">
     <span class='ocr_line' id='line_1_116' title="bbox 2099 5484 3699 5555; baseline -0.001 -17"><span class='ocrx_word' id='word_1_862' title='bbox 2099 5486 2327 5538; x_wconf 77' lang='lat' dir='ltr'><strong>vivorum</strong></span> <span class='ocrx_word' id='word_1_863' title='bbox 2353 5491 2446 5537; x_wconf 89' lang='lat' dir='ltr'><strong>est.</strong></span> <span class='ocrx_word' id='word_1_864' title='bbox 2482 5484 2648 5555; x_wconf 80' lang='lat' dir='ltr'><strong>Quam</strong></span> <span class='ocrx_word' id='word_1_865' title='bbox 2674 5484 2822 5542; x_wconf 84' lang='lat' dir='ltr'><strong>multi</strong></span> <span class='ocrx_word' id='word_1_866' title='bbox 2860 5495 3028 5538; x_wconf 83' lang='lat' dir='ltr'><strong>autem</strong></span> <span class='ocrx_word' id='word_1_867' title='bbox 3058 5487 3400 5555; x_wconf 87' lang='lat' dir='ltr'><strong>deprecantur</strong></span> <span class='ocrx_word' id='word_1_868' title='bbox 3429 5485 3623 5547; x_wconf 85' lang='lat' dir='ltr'><strong>Deum,</strong></span> <span class='ocrx_word' id='word_1_869' title='bbox 3648 5495 3699 5537; x_wconf 84' lang='lat' dir='ltr'><strong>et</strong></span> 
     </span>
    </p>
   </div>
   <div class='ocr_carea' id='block_1_117' title="bbox 2097 5553 3698 5627">
    <p class='ocr_par' dir='ltr' id='par_1_117' title="bbox 2097 5553 3698 5627">
     <span class='ocr_line' id='line_1_117' title="bbox 2097 5553 3698 5627; baseline -0.001 -19"><span class='ocrx_word' id='word_1_870' title='bbox 2097 5571 2202 5608; x_wconf 84' lang='lat' dir='ltr'><strong>non</strong></span> <span class='ocrx_word' id='word_1_871' title='bbox 2231 5555 2456 5627; x_wconf 82' lang='lat' dir='ltr'><strong>sentiunt</strong></span> <span class='ocrx_word' id='word_1_872' title='bbox 2483 5553 2670 5627; x_wconf 82' lang='lat' dir='ltr'><strong>Deum,</strong></span> <span class='ocrx_word' id='word_1_873' title='bbox 2704 5572 2799 5608; x_wconf 85' lang='lat' dir='ltr'><strong>nec</strong></span> <span class='ocrx_word' id='word_1_874' title='bbox 2831 5557 2952 5609; x_wconf 87' lang='lat' dir='ltr'><strong>bene</strong></span> <span class='ocrx_word' id='word_1_875' title='bbox 2993 5553 3218 5627; x_wconf 79' lang='lat' dir='ltr'><strong>cogitant</strong></span> <span class='ocrx_word' id='word_1_876' title='bbox 3245 5557 3308 5610; x_wconf 86' lang='lat' dir='ltr'><strong>de</strong></span> <span class='ocrx_word' id='word_1_877' title='bbox 3353 5557 3482 5622; x_wconf 84' lang='lat' dir='ltr'><strong>Deo,</strong></span> <span class='ocrx_word' id='word_1_878' title='bbox 3514 5571 3698 5609; x_wconf 71' lang='lat' dir='ltr'><strong>sonum</strong></span> 
     </span>
    </p>
   </div>
   <div class='ocr_carea' id='block_1_118' title="bbox 2099 5624 3695 5749">
    <p class='ocr_par' dir='ltr' id='par_1_118' title="bbox 2099 5624 3695 5749">
     <span class='ocr_line' id='line_1_118' title="bbox 2099 5624 3695 5749; baseline 0.001 -73"><span class='ocrx_word' id='word_1_879' title='bbox 2099 5625 2475 5749; x_wconf 59' lang='lat' dir='ltr'><strong>deprezatienis</strong></span> <span class='ocrx_word' id='word_1_880' title='bbox 2504 5624 2687 5681; x_wconf 84' lang='lat' dir='ltr'><strong>habere</strong></span> <span class='ocrx_word' id='word_1_881' title='bbox 2713 5636 2948 5698; x_wconf 81' lang='lat' dir='ltr'><strong>possunt,</strong></span> <span class='ocrx_word' id='word_1_882' title='bbox 2982 5624 3154 5682; x_wconf 75' lang='lat' dir='ltr'><strong>vocem</strong></span> <span class='ocrx_word' id='word_1_883' title='bbox 3175 5643 3276 5682; x_wconf 88' lang='lat' dir='ltr'><strong>non</strong></span> <span class='ocrx_word' id='word_1_884' title='bbox 3310 5637 3544 5698; x_wconf 86' lang='lat' dir='ltr'><strong>possunt,</strong></span> <span class='ocrx_word' id='word_1_885' title='bbox 3574 5628 3695 5698; x_wconf 76' lang='lat' dir='ltr'><strong>quia</strong></span> 
     </span>
     <span class='ocr_line' id='line_1_119' title="bbox 2099 5704 2556 5749; baseline 0 0"><span class='ocrx_word' id='word_1_886' title='bbox 2099 5705 2205 5749; x_wconf 74' lang='lat' dir='ltr'><strong>vita</strong></span> <span class='ocrx_word' id='word_1_887' title='bbox 2235 5711 2252 5749; x_wconf 85' lang='lat' dir='ltr'><strong>t</strong></span> <span class='ocrx_word' id='word_1_888' title='bbox 2288 5712 2304 5749; x_wconf 87' lang='lat' dir='ltr'><strong>t</strong></span> <span class='ocrx_word' id='word_1_889' title='bbox 2333 5711 2435 5749; x_wconf 89' lang='lat' dir='ltr'><strong>non</strong></span> <span class='ocrx_word' id='word_1_890' title='bbox 2462 5704 2556 5749; x_wconf 87' lang='lat' dir='ltr'><strong>est.</strong></span> 
     </span>
    </p>
   </div>
   <div class='ocr_carea' id='block_1_119' title="bbox 2098 5694 2556 5750">
    <p class='ocr_par' dir='ltr' id='par_1_119' title="bbox 2098 5694 2556 5750">
     <span class='ocr_line' id='line_1_120' title="bbox 2098 5694 2556 5750; baseline 0 -1"><span class='ocrx_word' id='word_1_891' title='bbox 2098 5697 2205 5750; x_wconf 84' lang='lat' dir='ltr'><strong>vita</strong></span> <span class='ocrx_word' id='word_1_892' title='bbox 2235 5694 2304 5750; x_wconf 84' lang='lat' dir='ltr'><strong>ibi</strong></span> <span class='ocrx_word' id='word_1_893' title='bbox 2333 5711 2435 5750; x_wconf 89' lang='lat' dir='ltr'><strong>non</strong></span> <span class='ocrx_word' id='word_1_894' title='bbox 2462 5704 2556 5750; x_wconf 85' lang='lat' dir='ltr'><strong>est.</strong></span> 
     </span>
    </p>
   </div>
  </div>
