4028 6176
279 273 378 330 101

1058 265 1486 326 PSALMORUM
1526 264 1567 320 Α
1610 262 1652 320 C
1693 265 1785 322 AD
1826 263 1910 319 CL
1949 263 2332 320 EXPOSlTIO.
2376 266 2570 322 PSAL.
2611 267 2768 323 CXL.

3449 267 3554 327 £02

281 387 550 453 plieentur
583 401 597 439 :
626 383 748 453 quia
779 383 963 438 velare
989 397 1051 438 se
1079 398 1184 437 non
1216 391 1486 452 poterunt,
1522 381 1622 435 nisi
1653 389 1679 417 ⁸
1714 395 1864 434 men-
1895 386 1941 441 Α
1970 392 2146 452 spectu
2167 382 2504 447 tuo,elevatio
2519 399 2765 437 manuum
2786 399 3011 438 mearum
3032 383 3344 451 sacriﬁcium
3363 398 3553 452 vesper-

280 479 498 532 dacium
531 476 780 530 laborent
808 475 1095 530 lahiorum.

351 568 536 637 (νει-ε.
561 571 619 624 11
639 570 678 638 .)
696 568 889 622 Cadent
911 584 1065 638 super
1089 582 1173 620 eos
1201 565 1444 618 carbones
1469 565 1633 635 ignis;
1659 564 1712 616 in
1735 573 1872 617 terra

277 663 495 732 dejicies
520 676 627 714 eos.
661 661 809 715 Sicut
840 659 1156 728 praedicatio
1180 658 1356 712 crucis
1381 655 1585 710 Christi
1612 657 1731 708 aliis
1758 664 1875 709 erat

279 755 411 806 odor
439 753 556 806 vitae
581 753 634 805 in
656 752 833 816 vitam,
857 752 975 805 aliis
1005 751 1133 804 odor
1156 750 1334 804 mortis
1361 750 1414 801 in
1439 757 1654 802 mortem
1681 747 1726 816 (l
1749 745 1866 801 Cor.

279 858 340 911 Il,
369 843 484 910 16),
514 843 594 897 sic
615 851 669 896 et
691 842 777 896 isti
798 841 1061 896 carbones
1085 841 1199 910 ejus
1228 849 1353 894 sunt
1373 839 1727 909 operationis,
1753 854 1874 907 qua:

277 945 335 989 et
365 936 647 989 illustrare
673 935 844 987 valeat
875 933 1083 997 ﬁdeles,
1114 945 1168 987 et
1196 932 1384 1001 punire
1413 940 1746 1002 peccatores.
1791 930 1877 984 Fit

277 1039 465 1079 autem
500 1026 615 1080 haec
666 1027 926 1078 malorum
960 1039 1116 1093 pinna
1165 1023 1218 1076 in
1263 1030 1421 1088 terra,
1455 1022 1506 1074 id
1538 1031 1640 1085 est,
1688 1021 1742 1074 in
1775 1021 1876 1074 hoc

278 1119 510 1181 smculo,
542 1128 596 1173 et
633 1118 686 1171 in
717 1119 816 1172 hac
844 1117 971 1183 vita,
1019 1117 1249 1170 cadente
1287 1131 1450 1184 super
1474 1129 1572 1171 eos
1600 1116 1724 1184 igne
1749 1128 1878 1182 sup-

277 1210 432 1278 plicii
465 1210 774 1282 temporalis
795 1250 810 1276 ,
841 1220 1129 1279 antequam
1151 1211 1334 1264 veniat
1370 1210 1507 1278 ignis
1529 1219 1784 1262 aeternus.
1810 1205 1878 1260 In

278 1303 509 1355 miseriis
540 1319 642 1355 non
673 1303 969 1356 subsistent.
1004 1302 1165 1370 Victi,
1201 1300 1392 1370 inquit,
1441 1301 1879 1356 tribulationibus

284 1394 521 1459 cadent;
554 1403 609 1448 et
651 1393 813 1464 506
849 1411 952 1447 non
990 1395 1282 1458 subsistent,
1314 1394 1437 1461 quia
1477 1393 1676 1447 debitis
1705 1392 1879 1461 plagis

279 1502 392 1540 non
424 1486 875 1551 emendabuntur,
908 1486 1001 1540 sed
1033 1487 1250 1554 pejores
1277 1484 1433 1538 ﬁent.

354 1577 545 1646 (Vers.
577 1577 692 1648 12.)
731 1576 823 1630 Vir
848 1576 1118 1646 linguosus
1152 1594 1252 1631 non
1289 1578 1545 1650 dirigetur
1579 1593 1735 1647 super
1781 1585 1882 1630 ter-

276 1685 420 1722 ram.
486 1668 792 1738 Linguosus
858 1685 966 1723 non
1037 1671 1184 1737 capit
1233 1670 1514 1724 scientiam
1570 1671 1812 1724 veritatis
1861 1685 1875 1722 :

1973 475 2157 526 tinum.
2183 473 2295 528 Hoc
2320 473 2387 528 de
2412 474 2529 543 ipso
2558 476 2733 541 capite
2769 473 3171 542 intelligendum
3195 475 3369 529 omnis
3394 474 3552 545 507

1972 563 2311 621 Christianus
2340 568 2604 636 agnoscit.
2652 567 2961 622 Declinante
2990 569 3134 621 enim
3165 568 3253 622 die
3281 568 3333 622 in
3360 583 3554 635 vespe-

1975 675 2113 725 ram,
2138 659 2396 714 Dominus
2414 658 2467 714 iu
2495 674 2654 715 cruce
2676 661 2851 715 emisit
2881 660 3128 728 spiritum
3158 659 3556 731 (Mantuam,

1975 749 2090 817 50),
2137 765 2349 804 rursum
2392 750 2735 806 inserendum
2782 752 3035 820 corpori:
3067 759 3124 805 ut
3162 766 3286 820 spes
3315 753 3554 806 omnium

1977 843 2216 897 ﬁdelium
2248 843 2349 899 hoc
2395 849 2448 898 in
2481 860 2541 900 se
2572 861 2678 899 non
2707 845 2980 899 dubitaret
3011 845 3367 913 implendum,
3413 845 3556 914 quod

1977 937 2030 990 in
2063 937 2243 1004 capite
2292 938 2678 1007 praeessisset.
2730 940 2901 1008 Supra
2932 939 3109 992 omnia
3147 954 3275 1009 ergo
3306 939 3558 994 holocau-

1979 1036 2177 1081 tomata
2227 1029 2328 1082 hoc
2364 1030 2688 1084 sacriﬁcium
2737 1029 2857 1097 fuit,
2899 1031 3038 1100 quod
3078 1032 3354 1084 imitantur
3396 1031 3560 1085 corda

1981 1129 2313 1182 sanctorum,
2344 1134 2464 1173 cum
2497 1119 2563 1174 de
2591 1121 2729 1174 bona
2757 1119 3034 1189 ﬂagrantia
3067 1123 3391 1185 orationum,
3419 1132 3557 1175 tam-

1979 1224 2137 1278 quam
2170 1210 2235 1264 de
2263 1225 2379 1276 ara,
2405 1211 2470 1264 ad
2499 1212 2662 1264 Deum
2694 1212 2829 1266 odor
2857 1212 3028 1266 tendit
3055 1212 3257 1267 incensi
3293 1214 3474 1284 (Apoc.
3507 1229 3557 1279 v,

1980 1303 2035 1365 8,
2068 1312 2115 1356 et
2139 1317 2254 1366 vni,
2284 1304 2358 1372 3).
2403 1303 2568 1371 Cujus
2613 1303 2815 1357 oblatio
2847 1319 2950 1357 non
2993 1303 3052 1358 ﬁt
3081 1305 3199 1358 sine
3239 1305 3324 1357 illa
3352 1305 3565 1358 confes-

1980 1397 2152 1458 sione,
2183 1408 2342 1463 quam
2373 1394 2622 1448 Christus
2652 1409 2718 1448 ex
2749 1410 2978 1464 persona
3005 1394 3088 1448 sui
3125 1396 3366 1463 corporis
3412 1410 3561 1449 suam

1982 1484 2127 1553 fecit,
2161 1485 2370 1553 dicens,
2417 1484 2577 1538 Verba
2623 1484 2932 1555 delictorum
2979 1503 3202 1539 meorum
3251 1485 3420 1556 (Psal.
3451 1502 3561 1551 nt,

1981 1576 2048 1648 9.)
2077 1588 2170 1633 :ut
2195 1593 2613 1649 agnosceremus
2641 1593 2854 1647 semper
2879 1578 3035 1633 nobis
3059 1579 3414 1633 necessariam
3441 1593 3568 1632 con-

1985 1674 2269 1728 fessionem
2305 1683 2673 1740 peccatorum,
2706 1687 2826 1742 quae
2858 1673 3036 1726 inesse
3067 1672 3243 1740 nobis,
3277 1672 3446 1741 ipsius
3474 1671 3566 1741 qui

279 1776 478 1815 amans
511 1763 654 1816 enim
686 1776 902 1831 semper
925 1763 1092 1830 loqui,
1117 1778 1222 1817 non
1254 1772 1431 1833 potest
1453 1763 1676 1817 erudiri.
1706 1763 1875 1817 Prava
1913 1747 1957 1806 Β
1986 1780 2082 1819 nos
2104 1765 2339 1833 suscepit
2369 1778 2499 1818 voce
2523 1765 2920 1833 cognoscimus.

279 1869 418 1924 ergo
443 1853 622 1909 studia
667 1853 838 1924 ipsius
882 1869 990 1908 non
1044 1854 1363 1924 dirigentur,
1413 1858 1538 1926 quia
1579 1856 1880 1924 loquacitas

276 1949 533 2018 imperita
565 1950 769 2004 mavult
796 1948 995 2004 docere
1021 1964 1180 2018 quam
1226 1948 1459 2004 discere.
1505 1948 1689 2003 Virum
1732 1949 1880 2019 inju-

275 2049 419 2095 stum
448 2041 589 2094 mala
629 2041 946 2094 venabantur
971 2043 1023 2095 in
1065 2042 1349 2096 interitum.
1374 2042 1606 2096 Venient
1628 2042 1787 2108 ntala,
1827 2050 1883 2096 et

281 2145 396 2184 non
429 2131 730 2186 subsistent
760 2131 980 2200 injusti;
1012 2148 1136 2187 cum
1169 2133 1344 2201 aliqua
1375 2132 1528 2188 clade
1558 2134 1877 2203 opprimun-

278 2233 390 2290 tur,
428 2225 727 2279 intereunt.
760 2224 876 2279 Non
925 2227 1069 2280 enim
1098 2241 1220 2294 quae
1253 2225 1546 2280 inciderint
1577 2226 1740 2291 mala,
1783 2241 1882 2294 pro

273 2318 490 2387 justitia
540 2317 834 2385 patiuntur,
887 2327 942 2373 et
984 2318 1106 2372 ideo
1148 2333 1253 2372 non
1299 2319 1618 2384 subsistent,
1655 2321 1779 2388 quia
1825 2320 1878 2374 in

278 2409 527 2464 miseriis
570 2410 682 2465 suis
711 2410 853 2464 nulla
881 2419 1115 2481 possunt
1141 2410 1300 2466 bona:
1327 2411 1442 2481 spei
1474 2411 1666 2466 ﬁducia
1714 2413 1883 2468 susti-

276 2516 438 2555 nere.

347 2590 542 2661 (Vers.
575 2589 688 2661 13.)
734 2592 959 2662 Cognovi
987 2593 1107 2662 quia
1152 2593 1302 2662 faciet
1333 2592 1586 2647 Dominus
1617 2594 1880 2666 judicium

274 2685 478 2753 inopis,
495 2683 524 2721 ι’
551 2694 598 2737 et
624 2685 675 2737 in
703 2701 912 2738 causam
941 2702 1224 2757 pauperum
1253 2686 1474 2739 ostendit
1502 2685 1717 2756 iniquis.
1744 2688 1883 2741 Pau-

275 2791 443 2845 peres
471 2788 603 2831 sunt
636 2777 888 2844 humiles,
920 2787 976 2833 et
1000 2787 1189 2833 sancto
1230 2794 1451 2848 semper
1487 2778 1762 2834 desiderio
1790 2795 1882 2834 su-

274 2868 585 2936 spirantes,
616 2870 704 2938 qui
733 2869 964 2923 esuriant
1007 2879 1054 2923 et
1086 2871 1260 2923 sitiunt
1279 2872 1542 2942 justitiam
1573 2870 1790 2942 (Matth.
1821 2888 1877 2938 v,

273 2962 306 3015 '5
331 2971 379 3014 et
411 2959 507 3029 6);
541 2977 642 3031 qua
674 2963 1060 3018 saturabuntur
1085 2979 1317 3033 quorum
1351 2980 1569 3019 causam
1601 2965 1746 3020 Deus
1770 2981 1879 3020 non

276 3052 526 3121 negligit,
571 3063 624 3106 et
662 3052 715 3106 in
753 3069 981 3122 quorum
1026 3055 1197 3123 gloria
1242 3055 1502 3110 videbunt
1550 3057 1700 3127 impii
1747 3057 1879 3128 quid

274 3145 567 3202 amiserint
597 3144 753 3215 (Sap.
782 3159 837 3209 ν,
866 3145 920 3214 3,
941 3147 1087 3215 etc.).

348 3237 549 3306 (Vers.
583 3238 694 3306 N.)
739 3237 1096 3292 Verumtamen
1120 3241 1252 3308 justi
1281 3242 1656 3310 confitebuntur
1686 3244 1883 3296 nomini

277 3339 390 3393 tuo,
421 3327 730 3382 habitabant
773 3331 898 3384 recti
936 3347 1053 3384 cum
1081 3333 1227 3385 vultu
1254 3344 1362 3386 tuo.
1394 3334 1878 3400 Gloriﬁcabuntttr,

276 3416 481 3486 inquit,
528 3417 681 3487 justi,
707 3427 762 3473 et
799 3429 997 3474 aeterna
1030 3420 1364 3478 beatitudine
1394 3424 1739 3490 ditabuntur;
1783 3425 1879 3479 sed

277 3517 470 3562 tamen
523 3508 656 3563 nihil
693 3525 915 3578 cperam
967 3521 1182 3567 tuorum
1227 3513 1342 3568 suis
1384 3515 1594 3569 meritis
1642 3516 1881 3571 vindica-

199 3650 204 3654 .
278 3597 448 3655 bunt.
481 3598 901 3655 Conﬁtebuntur
930 3602 1022 3656 tibi
1054 3618 1217 3672 opera
1246 3607 1631 3661 misericordia:
1663 3620 1790 3674 tute,
1823 3618 1880 3664 et

274 3706 455 3745 omne
501 3691 704 3746 bonum
748 3708 907 3748 suum
958 3703 1063 3749 tua:
1092 3696 1282 3765 gratize
1330 3696 1694 3765 deputabunt;
1741 3701 1878 3756 etin

273 3780 377 3836 hoc
412 3781 787 3836 inhabitabant
816 3800 932 3836 cum
962 3787 1106 3839 ωιτη
1135 3797 1245 3850 tuo,
1275 3786 1377 3841 hoc
1406 3801 1505 3856 e5t,
1533 3800 1730 3845 a-terna
1764 3793 1880 3846 νυι-

270 3880 354 3926 tus
384 3872 477 3927 tui
525 3873 732 3929 visione
763 3876 1060 3944 potientur.
1113 3876 1260 3930 Beati
1298 3880 1439 3933 enim
1481 3883 1676 3936 mundo
1703 3884 1874 3951 corde,

266 3968 528 4033 quoniam
559 3967 658 4036 ipsi
683 3969 846 4023 Deum
873 3969 1116 4024 videbunt
1152 3971 1370 4041 (Matth.
1403 3989 1456 4043 ν,
1488 3975 1564 4046 8).

826 4102 1147 4160 PSALMUS
1184 4104 1342 4160 CXL.

331 4239 530 4309 (Vers.
560 4237 639 4305 1.)
693 4237 927 4303 Domine,
959 4241 1176 4294 clamavi
1206 4241 1275 4294 ad
1311 4249 1376 4307 te,
1408 4244 1598 4296 exaudi
1626 4261 1740 4310 me;
1787 4247 1872 4299 in-

260 4330 415 4382 tende
453 4329 569 4381 voci
598 4329 976 4396 deprecationis
1018 4347 1163 4396 mea,
1206 4334 1328 4386 dum
1357 4335 1644 4390 clamavero
1682 4339 1751 4391 ad
1798 4349 1868 4395 te.

259 4423 467 4477 Oratio
496 4423 746 4490 corporis
772 4423 974 4479 Christi
1009 4441 1114 4480 non
1137 4437 1421 4498 separatur
1444 4446 1472 4484 a
1505 4432 1699 4501 capite,
1724 4436 1867 4504 quod

259 4514 314 4566 in
365 4524 633 4581 suscepta
683 4517 1053 4572 membrorum
1105 4529 1293 4576 natura
1348 4535 1550 4588 manet,
1605 4534 1660 4580 et
1710 4543 1868 4584 orare

260 4614 434 4659 totam
479 4605 779 4660 Ecclesiam
812 4607 959 4675 facit,
991 4610 1211 4666 dicente
1257 4613 1500 4680 Domino,
1544 4616 1773 4672 Clamavi
1803 4621 1872 4672 ad

259 4707 328 4760 te,
363 4711 486 4750 non
526 4697 630 4749 alta
663 4712 816 4761 voce,
849 4699 942 4752 sed
976 4699 1100 4778 forti
1125 4701 1252 4756 ﬁde.
1297 4703 1405 4759 Nec
1432 4708 1556 4774 quia
1582 4709 1870 4778 exaudisti,

259 4785 388 4842 ideo
422 4788 673 4843 clamare
699 4790 947 4857 cessabo,
991 4771 1119 4846 ﬁunt
1157 4795 1477 4852 humilitatis
1521 4815 1654 4852 mete
1689 4771 1876 4858 condi;

258 4880 335 4932 tio
388 4881 523 4934 talis
579 4883 672 4943 sit,
733 4892 792 4935 ut
848 4898 953 4938 non
1007 4889 1345 4944 cessantibus
1404 4891 1872 4964 tribulationibus,

257 4985 491 5040 semper
515 4972 755 5040 gaudeat
784 4974 1049 5043 adjuvari.

325 5063 522 5132 (Vers.
541 5063 624 5132 2.)
645 5062 918 5136 Dirigatur
933 5071 1097 5122 oratio
1121 5086 1233 5124 mea
1251 5072 1384 5126 sicut
1406 5073 1665 5129 incensum
1685 5078 1736 5132 in
1755 5096 1877 5135 con-

330 5230 360 5257 ⁸
385 5219 489 5304 Sic
518 5219 792 5304 editiones
816 5223 1053 5304 .Lovan."
1084 5226 1254 5304 Duae.
1278 5238 1332 5283 et
1354 5231 1538 5304 Colon.
1567 5231 1882 5304 Lugdunen-

256 5292 336 5371 sis
369 5294 917 5373 vetus,_mendac‘ium
948 5295 1116 5373 labore
1138 5299 1411 5355 labiorttm.
1456 5303 1624 5373 Lugd.
1647 5292 1865 5362 “recen-

258 5363 396 5425 tior,
432 5362 708 5415 mendacio
739 5363 975 5417 laborent
1002 5367 1278 5422 t'abiorum.

335 5432 364 5470 δ
400 5433 768 5514 Editiotnnes
796 5437 1022 5504 antiqui,
1051 5439 1102 5514 in
1125 5456 1332 5493 causam
1357 5459 1661 5514 pauperum,
1693 5458 1872 5514 poste-

258 5502 379 5586 rior
433 5501 610 5586 edit-in
639 5519 864 5586 causam
913 5501 1214 5586 paupei‘unt,
1262 5521 1318 5564 tit
1357 5501 1558 5581 legitur
1593 5501 1660 5568 in.
1694 5501 1871 5586 Opere

260 5573 586 5654 Augustini.
639 5573 766 5654 "me
808 5586 986 5654 autem
1018 5573 1208 5654 verba,
1253 5573 1472 5636 ostendit
1504 5586 1714 5654 iniquis.
1745 5573 1868 5644 cum

261 5659 376 5694 non
405 5641 720 5723 habeantur
755 5647 804 5723 in
840 5649 1286 5723 AtigttStino,_nec
1317 5654 1365 5706 in
1401 5641 1628 5723 utraque
1681 5641 1870 5712 liieru;

262 5715 418 5782 nymi
455 5717 708 5772 versione
755 5716 993 5772 Romana
1046 5729 1097 5775 ct
1152 5721 1444 5794 Gallicana,
1481 5715 1580 5784 nec
1627 5727 1679 5784 in
1714 5737 1864 5786 textu

2053 1857 2236 1928 (Vers.
2268 1855 2347 1926 5.)
2401 1855 2565 1921 Pone,
2613 1856 2853 1924 Domine,
2894 1856 3179 1909 custodiam
3223 1857 3300 1910 ori
3341 1873 3476 1923 meo,
3520 1867 3568 1910 et

1985 1949 2172 2001 ostium
2198 1947 2594 2000 circumstantite
2639 1947 2787 2000 labiis
2823 1948 2968 2002 meis.
2997 1947 3265 2017 Numquid
3296 1947 3399 2002 hoc
3430 1963 3569 2017 pra:-

1983 2039 2124 2095 sidio
2154 2047 2208 2094 et
2235 2039 2336 2093 hac
2361 2040 2661 2094 munitione
2707 2039 2912 2108 indiget
2940 2040 3132 2108 caput?
3165 2041 3272 2094 Sed
3312 2042 3421 2109 agit
3445 2055 3570 2094 cau-

1984 2149 2098 2188 sam
2135 2133 2378 2200 corporis
2409 2133 2515 2197 sui,
2558 2142 2612 2188 et
2654 2147 2774 2201 quae
2826 2133 3053 2186 membri
3096 2141 3238 2198 sunt,
3290 2137 3568 2202 profutura

1983 2225 2088 2280 sibi
2116 2227 2374 2295 postulat.
2409 2227 2673 2291 Quoniam
2706 2225 2794 2294 qui
2824 2224 2977 2292 dicit,
3005 2223 3130 2277 Cum
3173 2227 3264 2278 uni
3291 2241 3465 2278 eorum
3494 2227 3570 2294 fe-

1985 2317 2145 2383 cistis,
2178 2317 2304 2370 milti
2331 2317 2525 2386 fecistis
2567 2315 2781 2385 (Matth.
2815 2331 2940 2381 xxv,
2989 2315 3102 2385 40),
3144 2326 3195 2370 et
3229 2317 3570 2385 persequenti

1985 2409 2283 2464 Ecclesiam
2312 2410 2406 2475 ait,
2445 2409 2583 2474 Quid
2610 2425 2689 2462 me
2717 2408 3028 2478 persequeris
3059 2407 3191 2477 (Act.
3226 2424 3302 2472 ix,
3335 2408 3427 2478 4)?
3457 2407 3572 2476 ipse

1985 2509 2069 2554 est
2111 2501 2200 2569 qui
2249 2515 2313 2556 ex
2346 2515 2578 2570 persona
2611 2516 2826 2555 suorum
2862 2499 3054 2568 poscit,
3095 2509 3150 2554 et
3201 2500 3354 2565 dicit,
3402 2499 3566 2561 Pone,

1989 2591 2222 2658 Domine,
2255 2593 2540 2646 custodiam
2583 2593 2661 2646 ori
2700 2608 2831 2658 meo,
2871 2599 2918 2644 et
2956 2592 3137 2644 ostium
3172 2592 3573 2645 circumstantia:

1986 2683 2135 2737 labiis
2159 2683 2304 2738 meis.

2058 2775 2241 2846 (Vers.
2273 2775 2354 2846 4.)
2385 2776 2507 2831 Non
2535 2777 2761 2831 declines
2781 2793 2868 2831 cor
2894 2793 3060 2831 meum
3086 2778 3139 2831 in
3161 2776 3310 2830 verba
3331 2775 3569 2838 malitiae,

1985 2868 2054 2921 ad
2069 2870 2390 2922 excusandas
2415 2871 2767 2923 excusationes
2788 2870 2839 2922 in
2870 2870 3122 2938 peccatis;
3143 2885 3257 2921 cum
3282 2868 3572 2920 hominibus

1987 2960 2313 3028 operantibus
2343 2961 2682 3029 iniquitatem.
2714 2958 3023 3015 Custodiam
3063 2975 3191 3028 ergo
3233 2959 3333 3013 sibi
3373 2957 3572 3027 apponi

1989 3068 2048 3106 os
2075 3053 2313 3107 ﬁdelium
2347 3053 2497 3120 petit,
2531 3064 2586 3107 et
2614 3061 2671 3107 ut
2699 3053 2840 3106 ostio
2877 3052 3224 3106 continentiae
3257 3051 3525 3104 muniatur
3556 3066 3571 3101 :

1907 3120 1955 3186 ο
1985 3146 2125 3215 quod
2157 3161 2256 3200 nec
2282 3145 2528 3200 clausum
2559 3146 2628 3199 sit
2655 3146 2720 3199 ad
2753 3145 3076 3210 conﬁtenda,
3103 3159 3202 3198 nec
3232 3154 3478 3211 apertum
3503 3143 3570 3196 ad

1983 3237 2285 3291 excusanda
2315 3247 2554 3306 peccata.
2580 3237 2717 3292 Sunt
2740 3238 2884 3292 enim
2908 3239 2997 3306 qui
3025 3237 3230 3291 scelera
3259 3250 3354 3291 sua
3383 3235 3575 3288 nolunt

1982 3329 2204 3383 sibimet
2230 3330 2502 3398 imputari,
2535 3337 2590 3384 et
2618 3328 2852 3397 pondera
2882 3328 3036 3382 mala:
3066 3327 3476 3382 consuetudinis
3502 3327 3570 3380 ad

1984 3423 2373 3478 necessitatem
2396 3430 2716 3491 retorquent
2735 3429 2965 3485 naturai,
2985 3429 3040 3475 ut
3069 3419 3413 3474 accusatione
3437 3433 3571 3472 con-

1982 3516 2202 3570 ditionis
2229 3515 2521 3571 defendant
2559 3515 2784 3570 crimina
2815 3515 3111 3568 voluntatis
3145 3529 3160 3569 :
3205 3528 3328 3566 cum
3375 3511 3571 3581 quibus

1982 3611 2144 3663 homo
2173 3611 2417 3676 corporis
2445 3608 2644 3662 Christi
2677 3622 2780 3661 non
2812 3607 2924 3660 vult
2965 3607 3168 3660 habere
3211 3604 3569 3668 consortium,

1980 3700 2170 3755 dicens
2194 3717 2206 3751 :
2241 3696 2308 3752 Et
2335 3716 2441 3752 non
2466 3697 2854 3751 communicabo
2882 3713 2996 3750 cum
3023 3696 3196 3749 electis
3223 3711 3397 3748 eorum
3427 3709 3444 3747 .'
3476 3695 3573 3748 hoc

1979 3800 2084 3855 est,
2131 3805 2238 3845 non
2271 3790 2522 3844 sociabor
2561 3804 2682 3842 cum
2723 3789 2908 3842 electis
2956 3802 3144 3840 eorum
3189 3799 3326 3853 quos
3379 3784 3434 3838 in
3496 3784 3572 3839 his

1979 3882 2416 3940 excusationibus
2458 3881 2765 3949 pra'cipuos
2813 3878 3030 3944 habent,
3069 3876 3297 3945 quadam
3342 3875 3569 3929 scientia

1983 3971 2239 4033 tumidos,
2272 3977 2328 4024 et
2364 3983 2580 4023 causam
2609 3965 2910 4022 facinorum
2952 3967 3104 4035 quasi
3143 3965 3358 4019 doctius
3384 3964 3572 4019 defen-

1978 4064 2190 4130 dentes,
2237 4077 2304 4116 ne
2333 4061 2619 4115 videantur
2667 4067 2882 4127 peccata
2927 4071 3048 4112 esse
3097 4056 3402 4120 hominum,
3451 4071 3570 4125 quas

1978 4155 2115 4210 facta
2139 4164 2262 4209 sunt
2283 4152 2540 4208 siderum.
2570 4153 2773 4207 Nomen
2807 4149 2987 4220 itaque
3009 4150 3307 4205 electorum
3334 4151 3386 4204 in
3415 4149 3571 4204 bonis

1978 4247 2178 4302 donum
2225 4255 2306 4300 est
2336 4245 2539 4313 gratiae,
2573 4243 2628 4296 in
2679 4241 2834 4296 malis
2865 4241 3204 4296 mendacium
3259 4241 3568 4311 superbiae:

1977 4342 2066 4410 qui
2099 4341 2258 4394 etiam
2291 4337 2495 4407 perdita
2539 4335 2868 4405 innocentia,
2897 4335 3214 4391 defensione
3243 4335 3565 4391 commisso-

1977 4447 2096 4485 rum
2127 4431 2392 4484 scelerum
2425 4429 2748 4497 gloriantur.

2053 4522 2232 4592 (Vers.
2260 4520 2342 4590 5.)
2388 4519 2645 4588 Corripiet
2679 4536 2760 4574 me
2797 4522 2974 4590 justus
3011 4519 3065 4572 in
3095 4518 3469 4582 misericordia,
3518 4529 3574 4571 et

1978 4615 2262 4686 increpabit
2287 4630 2384 4667 me.
2431 4613 2729 4683 Castigatio
2769 4611 2901 4682 justi
2931 4627 3036 4667 non
3068 4611 3271 4666 saevitia
3303 4620 3388 4666 est
3433 4611 3568 4674 odii,

1981 4707 2075 4762 sed
2107 4706 2371 4761 medicina
2399 4705 2700 4773 charitatis,
2732 4719 2849 4773 quae
2881 4718 2987 4757 non
3021 4704 3224 4768 laudat,
3255 4703 3349 4759 sed
3389 4703 3570 4773 arguit

1982 4799 2416 4868 delinquentem.
2469 4796 2657 4850 Me‘lior
2684 4807 2766 4851 est
2795 4811 2981 4851 severa
3010 4797 3139 4864 justi
3173 4797 3566 4860 misericordia,

1980 4908 2140 4961 quam
2186 4889 2379 4943 blanda
2421 4888 2658 4943 adulatio
2716 4893 3033 4958 peccatoris,
3066 4891 3133 4946 de
3179 4906 3280 4960 qua
3323 4890 3565 4945 dicitur:

1982 4985 2166 5041 Oleum
2195 4995 2367 5037 autem
2398 4983 2677 5051 peccatoris
2714 4999 2814 5036 non
2859 4984 3144 5054 impinguet
3189 4993 3342 5060 caput
3372 5000 3565 5036 meum.

1979 5082 2190 5144 lntinia,
2224 5076 2417 5147 inquit,
2461 5076 2808 5132 conscientia:
2851 5091 2986 5132 mea:
3014 5092 3117 5131 non
3145 5075 3380 5132 oblectet
3427 5075 3564 5130 falsa

1989 5237 2236 5301 Hebraeo,
2267 5235 2409 5291 unde
2441 5238 2544 5291 huc
2588 5237 2906 5306 irrepserint
2945 5237 3164 5291 difﬁcile
3205 5237 3562 5305 conjicimus;

1987 5308 2089 5363 nisi
2119 5307 2256 5362 forte
2280 5323 2345 5362 ex
2376 5319 2522 5362 textu
2551 5309 2853 5378 Augustini,
2880 5309 2968 5374 qui
3009 5317 3128 5371 post
3156 5309 3374 5361 citattnn
3421 5308 3564 5364 hunc

1976 5394 2219 5442 versum,
2255 5378 2513 5443 Quoniam
2544 5379 2693 5446 faciet
2721 5378 2967 5431 Dominus
2988 5379 3248 5448 judicium
3279 5381 3486 5447 egentis.
3514 5390 3562 5433 et

1975 5465 2183 5502 causam
2208 5465 2508 5518 pauperum,
2537 5449 2717 5501 statim
2745 5449 3063 5518 explicando
3087 5449 3286 5511 subdit,
3315 5449 3560 5504 Ostendet

1976 5520 2162 5588 iniquis
2188 5517 2441 5584 quomodo
2472 5520 2640 5587 diligit
2658 5523 2848 5590 justas.
2882 5517 3118 5586 Prostter
3145 5529 3324 5572 tamen
3353 5520 3416 5572 ad
3447 5522 3562 5576 hate

1976 5591 2248 5656 respicere
2276 5590 2505 5650 videtur,
2548 5589 2752 5660 (tumin
2787 5590 2889 5660 line
2929 5590 3283 5660 expositionis
3327 5591 3474 5660 dicit,
3507 5594 3562 5648 in

1971 5677 2189 5729 quorum
2217 5660 2381 5730 gloria
2412 5660 2645 5714 videbunt
2673 5659 2818 5730 impii
2838 5659 2961 5730 quid
2986 5660 3272 5718 amiserint.
