4028 6176
443 138 549 195 4υό

1687 149 1745 206 S.
1787 147 2124 203 PliOSPElll
2165 148 2491 215 AQUITANI

3601 161 3702 216 401

445 256 681 314 laudatio
724 277 738 312 :
782 261 1034 329 quoniam
1085 263 1232 333 argui
1294 279 1381 320 me
1425 264 1567 320 malo
1612 279 1772 334 quam
1817 263 2013 331 decipi.
2047 267 2096 323 A
2124 278 2210 318 res
2235 265 2434 330 casuri,
2465 267 2587 335 quia
2633 265 2732 321 iste
2760 280 2918 321 casus
2949 267 3112 324 etiam
3143 283 3238 325 eos
3275 271 3363 340 qui
3402 270 3532 340 justi
3559 276 3706 329 vide-

447 347 572 414 Quis
599 350 739 404 enim
770 350 1076 423 gloriabitur
1104 363 1302 407 castum
1327 371 1380 414 se
1409 355 1590 410 habere
1615 371 1721 416 cor.
1750 363 1840 409 aut
1871 370 2021 408 mun-

444 442 565 493 dum
607 458 660 495 se
688 459 794 496 esse
835 461 868 498 a
908 457 1115 512 peccato
1165 445 1344 517 (Prov.
1376 462 1462 512 xx,
1503 463 1601 501 sec.
1638 445 1846 516 LXX)?
1897 461 2022 502 cum

443 533 684 602 quotidie
713 549 834 586 caro
861 538 1175 605 concupiscit
1209 539 1455 593 adversus
1485 540 1746 607 spiritum,
1779 547 1826 592 et
1861 539 2022 610 508

440 625 652 691 spiritus
697 626 941 681 adversus
983 644 1189 682 carnem
1228 629 1374 697 (Gal.
1409 646 1464 696 v,
1508 631 1632 698 l7);
1681 631 1923 699 sciatque
1967 639 2023 684 et

441 732 594 770 suum
639 732 760 774 esse
793 720 935 788 quod
971 723 1169 789 patitur
1211 725 1705 792 coniupisrentem,
1737 732 1788 777 et
1832 723 2021 792 gratim

440 824 560 863 esse
588 811 728 875 quod
761 822 978 881 superat
1007 815 1380 871 rebellantem.
1417 816 1674 880 Quoniam
1702 815 1872 868 adhuc
1902 832 2020 868 ora-

440 903 510 955 tio
539 919 651 956 mea
678 906 732 957 in
756 905 1077 976 beneplacitis
1104 924 1296 961 eorum.
1327 908 1535 973 Oratio,
1569 908 1761 976 inquit,
1793 906 2018 976 Christi,

439 994 556 1047 sive
585 1010 740 1063 quam
778 997 960 1051 docuit
1006 997 1220 1069 (Matth.
1249 1015 1327 1065 Vl,
1359 999 1437 1068 9),
1472 1001 1587 1054 sive
1630 1015 1738 1068 qua
1779 997 2020 1065 quotidie

442 1086 759 1154 interpellat
792 1104 887 1157 pro
919 1091 1071 1145 nobis
1107 1091 1290 1162 (Hebr.
1325 1107 1422 1158 vn,
1445 1091 1564 1159 25),
1589 1091 1763 1145 adhuc
1792 1091 2022 1158 placebit

440 1177 541 1239 eis,
573 1176 660 1244 qui
687 1176 961 1231 ridendam
991 1189 1176 1248 putant
1203 1182 1594 1236 confessionem
1627 1196 1890 1250 nostram,
1916 1196 2019 1252 qua

440 1267 690 1334 dicimus,
719 1267 930 1324 Dimitte
959 1271 1100 1325 nobis
1130 1271 1297 1326 debita
1331 1281 1528 1340 nostra,
1572 1274 1703 1327 sicut
1737 1283 1783 1328 et
1813 1290 1906 1327 nos
1934 1275 2018 1326 di-

439 1361 688 1415 mittimus
734 1361 1042 1418 debitoribus
1084 1363 1297 1433 (Matth.
1333 1381 1405 1431 vt,
1438 1366 1547 1436 η).
1597 1365 1654 1421 In
1711 1375 1822 1422 toto
1873 1368 2019 1421 enim

443 1453 641 1508 mundo
671 1453 786 1509 hace
814 1457 1130 1525 supplicatio
1160 1459 1518 1526 convalescit;
1569 1473 1623 1516 et
1660 1460 1752 1531 qui
1794 1476 1852 1517 se
1882 1461 2021 1517 falso

437 1545 749 1614 justillcant,
783 1550 1079 1618 probabunt
1127 1553 1271 1608 hanc
1297 1554 1543 1612 homines
1576 1570 1756 1610 veram
1785 1571 1905 1611 esse
1933 1571 2023 1612 sa-

443 1638 721 1707 pientiam,
749 1651 804 1694 ut
842 1657 1000 1697 nemo
1029 1643 1093 1698 de
1132 1658 1192 1698 se
1231 1656 1540 1712 praesumat,
1574 1646 1670 1702 sed
1712 1647 1802 1717 qui
1829 1647 2022 1718 gloria-
2054 1632 2101 1692 Β

443 1737 548 1794 tur,
580 1731 634 1784 in
662 1731 882 1786 Domino
904 1734 1151 1805 glorietur
1178 1736 1217 1805 (Ι
1249 1735 1368 1791 Cor.
1395 1752 1433 1798 ι.
1464 1738 1578 1804 51).

514 1821 694 1882 (oVers.
716 1822 796 1893 6.)
829 1823 1066 1895 Absorpti
1085 1836 1203 1879 sunt
1211 1829 1366 1895 juxta
1391 1838 1587 1898 petram
1610 1828 1806 1896 iudices
1825 1844 2020 1882 eorum.

444 1910 660 1967 Iudices
681 1932 877 1981 eorum,
912 1915 962 1969 id
994 1925 1097 1985 est,
1131 1919 1370 1988 magistri
1399 1920 1660 1988 ipsorum,
1689 1919 1779 1990 qui
1808 1920 1905 1974 sibi
1939 1919 2026 1989 ju-

445 2005 642 2060 dicium
683 2008 958 2061 vindicant
986 2008 1054 2063 de
1095 2010 1485 2064 mundanorum
1515 2012 1826 2080 dogmatum
1864 2012 2026 2066 disci-

448 2098 630 2166 plinis,
661 2099 706 2152 si
737 2100 1233 2169 petrrejungantur,
1263 2101 1314 2156 id
1344 2112 1445 2166 est,
1479 2105 1524 2156 si
1558 2102 1773 2158 Christo
1803 2119 2025 2172 compa-

448 2196 656 2248 rentur.
685 2188 924 2256 absorpti
953 2200 1096 2254 sunt,
1129 2189 1180 2244 id
1211 2200 1314 2258 est,
1343 2192 1475 2246 nihil
1498 2193 1599 2249 loci
1622 2193 1914 2260 habebunt,
1930 2193 2024 2247 sed

448 2277 502 2332 in
533 2293 629 2331 sua
656 2280 893 2335 vanitate
916 2281 1188 2346 deﬁcient,
1210 2282 1332 2352 quia
1364 2285 1465 2338 etsi
1489 2285 1690 2355 aliquid
1723 2287 1858 2341 recti
1884 2285 2028 2341 veri-

447 2386 552 2439 que
582 2371 837 2436 dixerint,
864 2389 967 2427 non
1001 2374 1311 2446 cujusquam
1342 2377 1595 2445 hominis,
1625 2380 1719 2434 sed
1747 2389 1832 2435 est
1860 2381 2026 2444 ipsius

447 2465 710 2518 veritatis.
745 2465 963 2520 Autlient
995 2468 1143 2520 verba
1179 2485 1310 2535 mea,
1341 2472 1581 2540 quoniam
1622 2474 2022 2540 praevaluerunt.

449 2553 793 2624 Evangelium
820 2560 1060 2612 veritatis
1084 2561 1225 2614 nulla
1255 2565 1629 2631 persecutione
1649 2564 2024 2634 superabitur:

448 2646 640 2702 cedent
665 2648 833 2717 impii,
861 2650 1054 2704 cedent
1085 2652 1358 2721 loquaces,
1387 2666 1440 2709 et
1467 2654 1685 2726 ingenia
1728 2657 2025 2712 adversan-

446 2742 579 2794 tium
625 2741 921 2811 discipulos
967 2744 1163 2800 Christi
1211 2746 1413 2802 facient
1456 2748 1727 2804 doctores.
1775 2749 1892 2804 Non
1931 2764 2026 2806 eos

449 2832 663 2897 exsilia,
694 2848 802 2887 non
846 2833 1062 2900 damna,
1095 2850 1199 2890 non
1231 2847 1454 2905 mortes,
1485 2855 1589 2894 non
1617 2854 1750 2894 crux
1780 2841 1894 2910 ipsa
1920 2849 2028 2897 ter-

448 2924 605 2990 rebit,
637 2925 889 2994 quoniam
932 2926 1299 2994 praevalebunt
1337 2930 1499 2985 verba
1541 2945 1681 3000 mea,
1723 2940 1778 2987 et
1820 2934 2028 3002 passio-

446 3014 606 3070 nibus
627 3027 919 3086 martyrum
949 3017 1391 3087 multiplicabitur
1415 3022 1582 3090 gloria
1608 3023 2022 3093 triumphorum.
2055 3006 2100 3070 ο

519 3106 699 3169 (Vers.
732 3107 812 3178 7.)
843 3107 992 3163 Sicut
1020 3111 1314 3164 crassitudo
1342 3120 1493 3168 terra:
1520 3114 1756 3183 disrupta
1779 3124 1852 3169 est
1874 3132 2028 3183 super

449 3206 657 3265 terram,
684 3199 916 3268 dispersa
936 3209 1055 3254 sunt
1079 3218 1193 3255 ossa
1220 3213 1395 3257 nostra
1414 3221 1556 3260 secus
1583 3208 1861 3276 infernum.
1887 3208 2028 3264 Mor-

447 3291 591 3344 tibus
617 3299 910 3361 martyrum
941 3303 996 3347 et
1033 3297 1295 3365 sanguine
1342 3298 1646 3353 occisorum
1687 3310 2023 3369 sanctorum,

447 3397 674 3449 quorum
703 3396 823 3436 ossa
859 3383 1100 3450 dispersa
1141 3395 1290 3451 sunt,
1323 3388 1616 3442 incrassata
1648 3398 1732 3445 est
1762 3402 1940 3455 terra;
1973 3401 2028 3447 et

446 3473 590 3526 sicut
620 3477 731 3542 agri
754 3473 820 3528 de
848 3475 1051 3541 cinere,
1083 3491 1146 3531 ac
1174 3476 1239 3530 de
1271 3486 1533 3544 stercore,
1565 3494 1628 3534 ac
1655 3480 1724 3536 de
1754 3482 2027 3539 vilissimis

446 3566 802 3621 excrementis
829 3567 974 3623 vires
1005 3570 1270 3624 ubertatis
1291 3572 1581 3642 accipiunt,
1609 3574 1680 3628 ita
1705 3588 1896 3630 cruore
1923 3591 2029 3630 cm-

447 3672 630 3712 sorum
656 3659 868 3714 testium
892 3659 1091 3716 Christi
1127 3669 1268 3718 totus
1294 3662 1614 3720 fecundatus
1642 3675 1726 3721 est
1754 3669 1982 3722 mundus
2009 3688 2021 3723 :

445 3759 507 3804 ut
535 3750 732 3821 ubique
761 3765 916 3821 seges
937 3763 1227 3824 martyrum
1254 3765 1546 3824 cresceret,
1577 3767 1633 3813 et
1659 3758 2026 3815 insererentur

444 3840 602 3904 CtBIO,
631 3841 719 3911 qui
744 3842 1138 3912 deputabuntur
1168 3846 1399 3901 inferno.

512 3931 694 3999 (Vers.
724 3933 803 4001 8.)
833 3932 1089 3998 Quoniam
1116 3936 1184 3987 ad
1211 3944 1277 4001 te,
1304 3935 1544 4005 Domine,
1569 3940 1705 3994 oculi
1733 3943 1868 4007 mei;
1897 3942 1951 3995 in
1979 3951 2028 3996 te

441 4023 661 4089 speravi,
702 4040 764 4076 ne
802 4025 1007 4092 auferas
1049 4026 1277 4079 anintam
1305 4045 1488 4083 nteant.
1537 4029 1734 4085 Contra
1766 4034 2024 4088 saevitiam

441 4112 882 4183 persequentium
912 4131 1019 4169 vox
1047 4116 1114 4171 ad
1162 4117 1447 4172 Dominum
1476 4121 1740 4176 emittitur
1769 4125 1822 4177 in
1854 4125 2025 4182 tribu-

442 4205 639 4259 latione
663 4206 982 4273 positorum,
1009 4222 1077 4260 ne
1101 4207 1224 4261 ﬁdei
1249 4208 1614 4265 fortitudinem
1638 4224 1856 4281 superet
1882 4223 2029 4269 atro-

443 4300 578 4351 citas
609 4299 938 4363 passionum.
965 4299 1172 4354 Petitur
1194 4301 1355 4370 igitur
1383 4303 1686 4372 tolerantia,
1715 4315 1772 4360 ut
1795 4306 2025 4362 validior

445 4389 515 4442 sit
544 4388 764 4444 dilectio
803 4389 894 4444 Dei
925 4406 1083 4460 quam
1113 4393 1426 4463 magnitudo
1453 4395 1728 4465 supplicii.

515 4480 694 4551 (Vers.
719 4480 799 4553 9.)
829 4482 1042 4538 Custodi
1070 4501 1149 4539 me
1173 4503 1205 4540 a
1233 4487 1539 4558 muscipula,
1563 4505 1717 4559 quam
1736 4499 2022 4546 statuerunt

440 4571 588 4639 mihi,
637 4580 684 4624 et
728 4572 794 4624 ab
829 4576 1092 4629 scandulis
1141 4579 1460 4647 aperantium
1508 4580 1839 4650 iniquitatem.
1891 4583 2021 4649 Quae

438 4675 555 4716 erat
584 4664 892 4734 muscipula,
941 4667 1044 4720 nisi
1086 4682 1186 4721 vox
1233 4671 1621 4737 persecutoris.
1667 4671 1914 4738 dicentis,
1965 4675 2020 4731 Si

439 4757 735 4819 consentis,
763 4770 948 4824 parco,
982 4765 1039 4810 ut
1061 4771 1158 4827 per
1183 4758 1361 4813 cibum
1394 4762 1674 4829 praesentis
1703 4762 1827 4817 vitae
1853 4763 2022 4819 iretur

439 4847 490 4899 in
523 4847 744 4917 laqueos
784 4849 971 4903 mortis
1007 4849 1256 4903 aeternae?
1303 4850 1432 4918 Qum
1462 4863 1638 4908 autem
1685 4863 1838 4908 erant
1865 4870 2020 4910 scan-

440 4938 583 5004 dala,
613 4940 712 4995 nisi
741 4942 987 5010 exciti-pla
1030 4941 1323 5012 lapsorum,
1354 4960 1578 5014 quorum
1609 4946 1776 5016 impio
1801 4945 2018 5004 defectu

438 5031 693 5102 patientia
727 5035 1185 5099 perseverantium
1209 5037 1567 5105 gravabatur?

511 5123 691 5192 (Vers.
727 5123 841 5195 40.)
899 5123 1094 5179 Cadent
1141 5126 1195 5178 in
1239 5127 1485 5180 retiaculo
1531 5132 1642 5198 ejus
1690 5138 2016 5195 peccatores:

436 5228 544 5266 non
567 5216 690 5283 quia
717 5217 964 5283 cuiquam
996 5217 1250 5270 virtutem
1282 5233 1389 5271 non
1428 5219 1653 5272 eadendi
1681 5219 1889 5287 justitia
1921 5235 2016 5274 sua

434 5304 667 5372 dederit,
698 5321 817 5360 cum
864 5308 1032 5376 gratia
1064 5309 1153 5363 Dei
1187 5310 1384 5364 multos
1429 5311 1591 5382 509
1619 5312 1779 5365 etiam
1811 5327 1877 5366 ex
1909 5314 2012 5367 im-

436 5397 538 5472 piis
569 5400 829 5470 martyrio
852 5401 1167 5468 coronarit;
1198 5402 1294 5457 sed
1334 5402 1456 5458 ideo
1495 5403 1746 5460 dicuntur
1770 5413 2020 5475 peccato-

2124 356 2321 410 hantur
2356 357 2482 414 facit
2511 369 2843 428 peccatores.
2884 360 3230 433 Singulariter
3255 379 3347 433 ego
3375 382 3512 431 sum,
3541 368 3706 420 donec

2121 455 2401 501 transeam.
2443 449 2601 503 Solus
2644 449 2892 506 Christus
2941 461 3235 523 martyrum
3279 453 3561 521 fortitudo,
3607 473 3706 527 pro

2121 555 2227 608 quo
2258 541 2436 594 nullus
2463 551 2548 596 est
2588 544 2738 611 prius
2768 552 3010 597 mortuus
3039 559 3198 613 quam
3230 544 3346 612 ipse
3375 557 3702 615 moreretur,

2121 630 2263 684 sicut
2289 631 2440 691 dicit.
2471 631 2598 685 Cum
2627 634 2877 687 excitatus
2901 638 3046 701 fuero
3079 651 3111 687 a
3138 645 3293 701 terra,
3322 638 3495 690 omnia
3519 641 3589 692 ad
3617 655 3700 693 me

2122 721 2324 774 traham
2351 720 2531 792 (Joan.
2562 739 2657 787 xit,
2689 725 2815 794 5%);
2847 733 2924 792 et,
2956 725 3074 779 Nisi
3100 743 3315 796 granum
3344 731 3590 798 frumenti
3611 746 3704 784 ca-

2122 813 2247 865 dens
2274 814 2326 866 in
2351 821 2489 868 terra
2511 824 2768 869 mortuum
2799 818 2973 887 fuerit,
3005 818 3172 872 solum
3203 830 3405 884 manet;
3446 821 3491 874 si
3533 833 3707 876 autem

2122 915 2380 958 mortuum
2407 906 2586 973 fuerit,
2616 908 2834 960 multum
2865 909 3089 977 fructum
3129 908 3279 976 affert
3311 910 3559 976 (Ibidem,
3585 913 3700 979 24).

2123 995 2438 1065 Priusquam
2482 1013 2612 1066 ergo
2649 1009 2973 1066 moreretur,
3009 1011 3060 1055 et
3111 1016 3400 1070 resurgens
3451 1004 3708 1057 transiret

2122 1086 2188 1140 ad
2221 1087 2457 1154 Patrem,
2507 1090 2796 1156 singularis
2847 1091 2968 1152 fuit.
3005 1105 3105 1145 nec
3152 1090 3337 1144 habuit
3373 1092 3554 1145 socios
3586 1107 3707 1158 pas-

2121 1178 2313 1242 sionis,
2343 1180 2432 1248 qui
2465 1190 2646 1249 postea
2679 1182 2731 1236 in
2763 1182 3109 1250 multiplicem
3153 1194 3390 1254 segetem
3437 1183 3505 1239 de
3538 1184 3702 1240 unius

2122 1271 2270 1340 grani
2301 1271 2624 1328 fecunditate
2651 1283 2959 1330 creverunt.

2643 1427 2960 1486 PSALMUS
2997 1429 3175 1486 CXLI.

2199 1562 2377 1631 (Vers.
2419 1560 2500 1631 2.)
2551 1561 2688 1617 Voce
2721 1579 2834 1617 mea
2871 1564 2941 1616 ad
2983 1563 3262 1618 Dominum
3302 1564 3557 1630 clamavi,
3590 1579 3710 1618 vocs

2127 1671 2238 1707 mea
2253 1653 2321 1706 ad
2343 1653 2621 1708 Dominum
2637 1656 2940 1726 deprecatus
2959 1673 3092 1709 sum.
3113 1656 3267 1723 Quod
3291 1657 3448 1722 dixit,
3465 1658 3706 1720 clamaui,

2126 1746 2379 1812 exposuit
2421 1746 2688 1815 dicendo,
2721 1747 3024 1817 deprecatus
3050 1763 3162 1801 sum
3191 1763 3312 1802 voce
3345 1763 3483 1811 mea,
3517 1747 3569 1800 id
3595 1759 3707 1810 est,

2125 1839 2372 1894 interiori
2402 1838 2620 1898 affectu.
2654 1855 2754 1896 nec
2785 1841 3030 1908 corporis
3052 1855 3208 1904 voce,
3241 1840 3337 1894 sed
3364 1841 3582 1893 mentis.

2200 1929 2385 2002 (Vers.
2417 1928 2497 2000 ὅ.)
2526 1928 2755 1996 ΕΙῙιιηάο
2786 1931 2839 1984 in
2867 1939 3138 1999 conspectu
3161 1933 3270 2002 ejus
3291 1946 3487 2001 precem
3513 1945 3707 1991 meam;

2126 2021 2178 2076 id
2205 2032 2323 2086 est,
2372 2021 2426 2075 in
2461 2033 2674 2076 secreto
2701 2022 2902 2084 cordis,
2929 2021 3074 2092 quod
3118 2022 3266 2076 solus
3293 2021 3436 2075 Deus
3471 2019 3620 2074 audit
3655 2029 3709 2074 et

2128 2111 2270 2164 videt
2315 2111 2368 2164 in
2401 2127 2508 2180 quo
2542 2113 2792 2166 cubiculo
2812 2153 2827 2178 ,
2851 2113 3041 2167 clauso
3069 2113 3212 2168 ostio
3232 2153 3246 2176 ,
3274 2112 3527 2181 jubemur
3553 2126 3709 2166 orare

2131 2204 2344 2272 (Matth.
2371 2220 2445 2268 v1,
2469 2204 2549 2274 6'),
2573 2221 2638 2258 ne
2658 2206 2953 2274 penetralia
2978 2216 3162 2259 nostra
3186 2212 3401 2272 pateant
3432 2205 3704 2257 tentatori.

2130 2296 2244 2350 Duo
2288 2297 2487 2365 quippe
2531 2306 2657 2350 sunt
2686 2297 2882 2364 quibus
2912 2297 3148 2351 maxime
3183 2295 3417 2349 hominis
3455 2295 3710 2348 interiora

2130 2387 2442 2456 pulsantur,
2496 2401 2645 2441 amor
2675 2386 2886 2441 scilicet
2913 2395 2969 2442 et
2999 2389 3158 2440 timor
3191 2405 3204 2440 :
3240 2386 3438 2454 quibus
3483 2385 3711 2454 geminis

2129 2480 2366 2534 motibus
2395 2481 2605 2533 animus
2628 2489 2720 2532 aut
2747 2481 2989 2546 aperitur
3019 2489 3111 2533 aut
3135 2478 3427 2534 clauditur.
3456 2479 3562 2534 Sed
3587 2491 3710 2531 cum

2130 2578 2400 2624 terrenum
2445 2571 2696 2640 estquod
2742 2569 2894 2639 cupit
2919 2570 3003 2625 vel
3033 2572 3215 2634 timet,
3264 2569 3476 2624 diabolo
3507 2567 3711 2638 praebet

2130 2660 2437 2726 introitum;
2466 2675 2588 2715 cum
2617 2672 2796 2714 autem
2830 2675 2949 2729 qum
2983 2674 3193 2714 sursum
3233 2669 3358 2714 sunt
3383 2658 3558 2725 sapit,
3602 2673 3711 2712 non

2129 2767 2249 2822 qua:
2270 2767 2433 2819 super
2453 2762 2649 2806 terram
2677 2750 2898 2822 (Coloss.
2919 2767 2998 2821 ιιι,
3025 2754 3048 2807 ι
3077 2761 3125 2806 et
3151 2751 3230 2820 2),
3265 2753 3404 2807 Deus
3428 2751 3712 2820 recipitur,

2129 2853 2185 2899 et
2207 2852 2440 2898 tentator
2456 2843 2781 2898 excluditur.
2798 2843 3202 2898 Tribulationem
3229 2859 3391 2897 meam
3411 2851 3530 2896 ante
3545 2844 3712 2910 ipsum

2129 2935 2424 3006 pronuntio.
2467 2933 2621 3001 Quod
2662 2935 2861 2990 dictum
2890 2943 3002 3001 est,
3035 2935 3090 2989 in
3109 2943 3380 3003 conspectu
3417 2938 3559 3003 ejus,
3611 2933 3713 2988 hoc

2131 3035 2233 3093 est,
2265 3036 2316 3080 et
2347 3035 2465 3080 ante
2505 3027 2709 3097 ipsum;
2737 3026 2828 3082 sed
2856 3026 3180 3096 repetitione
3219 3026 3522 3082 ostenditur
3549 3041 3714 3095 quam

2130 3120 2464 3176 incessanter
2488 3121 2590 3175 hoc
2629 3120 2811 3187 faciat,
2842 3130 2897 3175 et
2917 3136 3076 3190 quam
3107 3119 3244 3175 nihil
3273 3121 3392 3175 sine
3419 3119 3530 3174 Deo
3558 3129 3712 3189 agat,

2130 3215 2217 3283 qui
2250 3228 2463 3281 semper
2491 3215 2664 3282 ipsum
2695 3228 2755 3269 se
2784 3212 2986 3270 habere
3015 3222 3086 3268 eL
3099 3212 3401 3282 adiutorem
3430 3212 3714 3281 proﬁtetur

2128 3313 2183 3360 et
2209 3312 2425 3358 testem.

2201 3394 2390 3466 (Vers.
2436 3395 2532 3464 ι.)
2587 3392 2654 3448 In
2706 3395 2988 3465 deﬁciendo
3042 3395 3096 3448 in
3147 3410 3227 3448 me
3281 3395 3495 3462 spiritus
3547 3411 3710 3448 meus.

2127 3481 2408 3540 Confessio
2445 3494 2529 3539 est
2573 3485 2930 3550 humilitatis,
2983 3493 3010 3522 ι
3057 3501 3162 3555 qua
3207 3496 3397 3554 potens
3425 3487 3487 3540 ﬁt
3526 3486 3620 3555 qui
3659 3486 3714 3540 in

2130 3577 2474 3632 tribulatione
2497 3592 2601 3632 non
2623 3577 2829 3633 deﬁcit.
2856 3577 3172 3633 Vinceretur
3191 3579 3331 3632 enim
3351 3579 3438 3647 qui
3457 3579 3713 3646 spiritum

2128 3685 2236 3724 non
2264 3669 2605 3738 proﬁteretur
2631 3669 2904 3723 inﬁrmum
2935 3685 2949 3722 :
2979 3669 3102 3737 quia
3127 3668 3216 3723 ille
3243 3667 3444 3736 Spiritu
3479 3668 3572 3721 Dei
3599 3670 3717 3737 agi-

2130 3772 2245 3830 tur,
2286 3763 2377 3833 qtti
2406 3776 2504 3815 suo
2552 3759 2742 3830 spiritu
2772 3775 2882 3814 non
2928 3760 3162 3814 inﬂatur.
3214 3758 3283 3813 Et
3327 3768 3380 3814 tu
3428 3760 3714 3830 cognovisti

2126 3856 2332 3908 semitas
2353 3870 2507 3907 meas.
2541 3852 2677 3920 Quo,
2709 3852 2898 3921 inquit,
2927 3851 3255 3907 desiderium
3285 3867 3462 3906 meum
3491 3852 3712 3916 tendat,

2127 3954 2182 4000 et
2225 3943 2292 3998 ad
2332 3959 2490 4013 quem
2515 3943 2676 3998 ﬁnem
2707 3947 2900 3998 omnes
2939 3959 3073 3997 mea:
3115 3952 3404 4012 properent
3432 3942 3710 4005 actiones,

2128 4038 2406 4092 scientiam
2426 4045 2568 4090 tuam
2587 4050 2694 4090 non
2717 4036 2847 4090 latet
2867 4036 2995 4105 quia
3022 4035 3239 4091 semitas
3255 4050 3400 4090 meas
3423 4037 3712 4102 cognoscis

2127 4144 2247 4185 esse
2270 4128 2672 4184 misericordias
2695 4138 2831 4182 tuas.
2854 4128 3103 4198 Cognitio
3125 4136 3304 4182 autem
3330 4129 3423 4183 Dei
3449 4128 3601 4182 salus
3628 4137 3712 4182 est

2127 4220 2324 4290 cogniti
2360 4237 2372 4270 :
2404 4233 2526 4273 eum
2553 4218 2697 4273 enim
2732 4234 2836 4272 non
2866 4218 3171 4288 cognoscit,
3203 4217 3256 4272 in
3285 4232 3391 4286 quo
3417 4232 3581 4284 opera
3611 4233 3716 4272 sua

2128 4319 2184 4366 et
2232 4311 2371 4364 dona
2419 4326 2524 4364 non
2573 4310 2798 4365 invenit.
2843 4307 2910 4362 In
2952 4311 3034 4363 via
3073 4310 3170 4361 hac
3197 4325 3299 4378 qua
3337 4307 3670 4361 ambulabant
3697 4348 3713 4374 ,

2048 4382 2099 4443 D
2123 4404 2497 4457 absconderunt
2535 4404 2743 4472 laqueos
2778 4402 2926 4456 milii.
2960 4403 3056 4457 Via
3103 4409 3412 4456 sanctorum
3465 4401 3714 4456 omnium

2123 4491 2370 4548 Christus
2401 4501 2513 4558 est,
2561 4493 2615 4548 in
2665 4508 2774 4562 q-uo
2807 4493 3044 4548 volentes
3074 4493 3161 4561 pie
3190 4492 3409 4556 vivere,
3452 4507 3718 4560 persecu-

2126 4587 2326 4641 tionem
2376 4587 2652 4655 patiuntur
2685 4585 2754 4656 (Il
2787 4586 2918 4640 Tim.
2949 4594 3044 4645 ιιι.
3075 4585 3187 4655 i2).
3216 4586 3378 4657 510
3406 4585 3539 4651 Quia
3570 4599 3719 4641 crux

2122 4679 2322 4734 Christi
2367 4677 2565 4734 Judteis
2592 4677 2806 4748 quidem
2838 4678 3147 4733 scandalum
3175 4721 3191 4746 ,
3240 4677 3491 4746 gentibus
3520 4687 3713 4733 autem

2124 4770 2347 4825 stultitia
2378 4778 2464 4825 est
2493 4769 2537 4839 (l
2565 4768 2683 4824 Cor.
2737 4785 2776 4838 ι,
2807 4769 2925 4840 25).
2952 4769 3050 4836 Qui
3095 4785 3223 4840 ergo
3261 4770 3478 4824 Christo
3513 4770 3720 4825 adver-

2125 4872 2345 4927 santur,
2397 4862 2450 4916 in
2499 4863 2585 4915 via
2632 4877 2694 4916 se
2731 4877 2931 4932 ponere
2973 4862 3280 4917 scandalum
3313 4871 3532 4932 putant,
3583 4875 3717 4916 cum

2123 4953 2445 5008 Christianis
2474 4952 2716 5008 cruciﬁxi
2745 4967 2940 5008 nomen
2972 4953 3322 5020 exprobrant.
3350 4951 3458 5007 Sed
3488 4966 3611 5006 cum
3645 4953 3719 5006 ab

2122 5045 2240 5114 ejus
2271 5046 2560 5115 Evangelia
2588 5059 2805 5114 gressus
2829 5044 3066 5098 fidelium
3089 5059 3194 5098 non
3219 5046 3543 5110 absterrent,
3570 5045 3719 5101 nihil

2125 5144 2352 5204 possunt
2377 5137 2428 5190 in
2457 5136 2545 5192 via
2567 5137 2836 5190 collocare
2859 5135 3173 5207 laqueorum
3199 5154 3212 5190 :
3244 5136 3367 5206 quia
3395 5137 3449 5190 in
3475 5137 3719 5192 veritate

2124 5225 2327 5280 falsitas
2359 5241 2465 5280 non
2490 5227 2642 5292 latet,
2672 5241 2771 5280 nec
2797 5225 2980 5281 valent
3009 5227 3250 5283 tenebrae
3281 5227 3334 5281 in
3367 5227 3485 5281 luce
3510 5225 3719 5283 delite-

2119 5330 2293 5372 scere.
2322 5316 2630 5372 Secu‘ndum
2661 5317 2898 5372 animum
2927 5333 3056 5388 ergo
3100 5318 3466 5373 insidiantium
3497 5316 3718 5372 dictum

2119 5415 2203 5464 est
2227 5409 2373 5479 quod
2404 5409 2458 5462 in
2484 5408 2569 5463 via
2614 5408 3018 5468 absconderunt
3044 5409 3266 5483 laqueos
3289 5455 3303 5481 ,
3330 5409 3419 5481 qui
3457 5407 3718 5479 proxima

507 5578 533 5606 ⁸
554 5570 640 5627 Sic
665 5571 833 5644 Lugd.
878 5574 1062 5630 editio.
1104 5575 1308 5634 Lovan.
1342 5588 1397 5634 et
1442 5580 1632 5647 Duae,
1666 5580 1783 5651 quia
1821 5593 1996 5650 potens
2019 5582 2094 5649 lit.
2129 5581 2313 5639 Colon.
2327 5623 2344 5651 ,
2375 5583 2493 5654 quia
2514 5592 2687 5654 potens
2708 5583 2794 5640 sit.
