3978 6178
302 170 419 224 405

1069 161 1494 221 PSALMOIlUM
1538 163 1579 218 Α
1617 163 1660 217 C
1701 162 1792 216 AD
1829 160 1914 215 CL
1953 160 2340 220 EXPOSITIO.
2383 159 2578 219 PSAL.
2619 160 2824 217 CXLII.

3485 161 3600 220 406

306 292 544 351 quaeque
589 276 706 333 suis
732 274 1010 332 fraudibus
1055 274 1365 330 obsidentes
1388 313 1405 341 ,
1456 274 1589 330 nulli
1619 289 1714 344 per
1763 273 1904 327 viam
1932 277 1984 335 Α
2009 272 2250 327 condidit
2287 270 2441 342 (Gen.
2481 287 2531 340 ι,
2564 273 2680 344 31);
2703 271 2799 328 sed
2823 287 3010 342 corpus
3035 271 3176 344 quod
3222 276 3590 344 corrumpitur.

301 370 580 442 gradienti
613 384 812 424 nocere
848 375 1157 437 potuerunt.

389 466 570 534 (Vers.
603 463 687 532 5.)
716 459 1112 516 Considerabam
1139 461 1210 515 ad
1241 462 1506 516 dexteram
1526 497 1542 523 ,
1571 467 1618 512 et
1642 457 1904 520 videbam;

299 574 409 612 nec
435 565 543 609 erat
581 556 669 625 qui
697 563 1020 625 cegnosceret
1057 569 1156 608 me.
1194 554 1422 608 Dextera
1463 559 1628 616 sunt,
1658 564 1778 619 quae
1808 548 1906 603 Dei

300 657 443 702 sunt
481 656 536 701 et
578 647 644 700 ad
676 645 772 699 Dei
804 644 1069 715 promissa
1100 644 1430 714 perducunt,
1470 641 1665 713 quibus
1693 640 1906 696 animus

302 738 440 806 ejus
483 737 574 806 qui
607 734 1036 805 persecutionem
1065 735 1296 789 sustinet
1323 748 1431 788 non
1461 732 1745 786 avertitur.
1779 729 1907 784 l-latc

301 842 447 896 ergo
470 842 588 897 quae
614 827 805 881 dextra
831 836 954 880 sunt
985 826 1228 892 intuens,
1261 824 1527 893 promissa
1547 835 1905 892 perseveran-

302 919 465 973 tibus
493 917 717 987 praemia
746 916 890 971 videt
911 925 967 971 et
993 918 1188 985 accipit
1220 933 1234 968 :
1282 911 1742 985 perseverantiam
1771 911 1908 967 tole-

303 1011 513 1066 rantiae
535 1010 961 1065 etdilectionem
995 1010 1089 1065 Dei
1122 1009 1458 1078 assequitur,
1499 1022 1568 1064 ne
1597 1016 1904 1077 superetur.

304 1102 472 1156 lianc
498 1111 676 1155 tamen
705 1099 1058 1156 intentionem
1092 1115 1251 1155 nemo
1280 1099 1594 1170 cognoscit,
1634 1101 1760 1169 quia
1807 1099 1908 1153 itn-

307 1195 586 1264 possibile
608 1207 690 1250 est
712 1195 913 1250 homini
937 1194 1233 1263 penetralia
1251 1194 1411 1250 alieni
1435 1193 1618 1249 cordis
1639 1193 1904 1262 aspicere;

306 1287 464 1341 unde
491 1288 688 1340 merito
725 1285 940 1340 dixerat
969 1285 1101 1349 Deo,
1126 1283 1208 1340 Tu
1237 1285 1518 1356 cognovisti
1539 1285 1743 1338 semitas
1770 1301 1908 1340 meas

307 1378 502 1449 (νοτε.
527 1376 606 1450 4).
639 1377 806 1433 Periit
837 1379 960 1449 fuga
1001 1395 1032 1433 a
1059 1395 1140 1434 me
1164 1418 1180 1446 ,
1229 1387 1277 1434 et
1305 1395 1407 1433 non
1432 1387 1509 1434 est
1553 1380 1642 1449 qui
1681 1379 1906 1449 requirat

304 1472 545 1524 animam
586 1486 772 1524 meam.
814 1469 1215 1525 Circumclusus
1240 1469 1460 1540 quidem
1489 1483 1521 1522 a
1547 1471 1910 1539 persecutori-

309 1563 447 1627 bus,
479 1561 711 1632 perdidit
751 1562 1021 1616 licentiam
1052 1562 1213 1632 fuga,
1245 1578 1349 1632 qua
1379 1563 1455 1618 uti
1483 1568 1667 1631 posset
1703 1561 1908 1630 absque

309 1664 569 1726 peccato,
598 1655 676 1719 si,
710 1663 964 1709 manente
991 1653 1116 1720 lide,
1145 1655 1421 1724 suppliciis
1451 1653 1694 1709 membra
1723 1652 1899 1707 bare-
1931 1645 1980 1705 Β

306 1757 476 1814 rent;
504 1747 598 1803 sed
625 1761 748 1803 cum
771 1748 826 1802 in
858 1751 1132 1816 proposito
1154 1747 1350 1802 mentis
1384 1746 1456 1801 sit
1494 1745 1704 1815 lapsum
1734 1743 1906 1814 magis

309 1841 513 1896 timere
541 1854 701 1910 quam
733 1853 946 1908 poenam
966 1877 982 1904 ,
1011 1837 1173 1907 periit
1201 1836 1269 1891 ab
1293 1851 1360 1892 eo
1387 1835 1511 1906 fuga
1531 1876 1547 1903 ,
1585 1837 1676 1905 qui
1704 1835 1909 1890 mavult

309 1945 542 1986 omnem
582 1930 850 1986 saevitiam
889 1929 1120 1985 tolerare
1160 1944 1322 1998 quam
1349 1927 1567 1986 cedere.
1600 1927 1908 1982 Secundum

307 2034 504 2078 autem
550 2023 948 2078 multitudinem
986 2023 1426 2092 persequentium
1461 2020 1599 2076 dixit
1633 2036 1742 2076 non
1787 2034 1910 2076 esse

307 2117 413 2185 qui
445 2115 687 2184 requirat
713 2116 951 2169 animam
982 2114 1122 2184 ejus,
1145 2114 1302 2184 quia,
1336 2121 1528 2182 praeter
1559 2113 1758 2167 donum
1789 2112 1905 2180 Dei,

312 2207 475 2260 nulla
505 2206 782 2260 hominum
813 2208 1118 2263 consolatio
1161 2207 1262 2261 hoc
1283 2207 1532 2276 cuiquam
1560 2215 1738 2275 potest
1778 2219 1911 2260 con-

314 2297 470 2352 ferre
516 2297 795 2366 praesidii,
828 2306 890 2353 ut
929 2297 1073 2354 inter
1101 2301 1345 2368 urgentia
1376 2297 1514 2352 mala
1559 2297 1692 2353 ﬁdes
1738 2297 1910 2352 illaesa

319 2398 665 2458 permaneat.

394 2479 575 2547 (Vers.
608 2481 689 2548 6.)
728 2477 959 2533 Ctamavi
994 2479 1063 2532 ad
1092 2487 1170 2543 te,
1226 2475 1441 2532 Domine
1479 2491 1498 2530 :
1552 2476 1698 2541 dixi,
1737 2475 1814 2530 Tu
1857 2493 1912 2531 es

310 2589 436 2639 spes
457 2588 586 2636 mea,
613 2573 781 2639 portio
803 2587 913 2624 mea
929 2571 984 2624 in
1014 2581 1147 2624 terra
1173 2570 1467 2624 viventium.
1491 2568 1742 2624 Ostendit
1765 2568 1908 2624 unde

312 2663 736 2717 tribulationum
767 2662 1191 2731 magnitudinem
1225 2662 1566 2726 toleraverit,
1599 2662 1720 2730 quia
1763 2661 1911 2716 scili-

311 2762 411 2808 cet
456 2763 512 2808 et
539 2753 627 2808 hic
669 2762 779 2808 tota
827 2767 951 2821 spes
984 2751 1151 2821 ipsius
1191 2753 1333 2807 Deus
1362 2760 1484 2820 est,
1529 2760 1585 2806 et
1631 2753 1685 2805 i-n
1732 2753 1912 2808 futuro

313 2852 497 2897 totum
534 2845 812 2912 praemium
845 2843 1014 2912 ipsius
1042 2841 1186 2898 Deus
1214 2850 1334 2911 est,
1378 2843 1468 2912 qui
1500 2841 1604 2897 erit
1631 2843 1812 2897 omnia
1859 2843 1913 2898 in

311 2937 575 2992 omnibus
605 2934 649 3004 (ι
677 2934 796 2989 Cor.
827 2951 918 2998 xv,
950 2935 1069 3006 28).

2003 373 2250 434 aggravat
2271 365 2498 418 animam
2528 364 2683 434 (Sap.
2714 379 2801 428 ιι,
2849 364 2964 433 15).
3001 362 3118 418 Non
3141 378 3173 418 a
3203 377 3470 434 corpore,
3497 365 3595 421 sed

2003 471 2032 508 ιι
2059 455 2407 523 corruptione
2432 456 2678 525 corporis
2701 455 2934 508 animam
2962 469 3116 509 suam
3141 463 3293 524 Optat
3321 455 3477 510 educi
3494 496 3509 520 .
3535 466 3595 512 ut

2003 546 2400 602 confessionem
2436 547 2760 602 laudationis
2799 546 2896 602 Dei
2929 547 3073 602 nulla
3115 547 3410 603 necessitas
3449 563 3595 602 mor-

2007 641 2228 695 talitatis
2277 640 2554 709 impediat.
2593 639 2679 694 Me
2724 649 3015 710 exspectant
3031 640 3201 710 justi,
3246 640 3408 695 donec
3435 641 3592 694 retri-

2006 732 2130 786 buas
2158 731 2305 786 mihi.
2337 732 2506 788 Totus
2534 733 2772 802 psalmus
2799 732 2966 800 ipsius
2997 731 3186 800 capitis
3216 745 3350 786 voce
3374 732 3596 786 conclu-

2007 825 2171 892 ditur,
2193 825 2280 880 cui
2301 834 2354 879 et
2377 823 2521 894 quod
2545 824 2783 879 membra
2809 824 2926 894 ejus
2949 824 3240 890 patiuntur,
3267 821 3516 888 infertur,
3540 832 3597 877 et

2007 916 2060 971 in
2095 931 2204 987 quo
2239 916 2420 972 omnis
2452 915 2690 972 Ecclesia
2721 915 3134 986 gloriﬁcabitur,
3157 930 3278 985 quae
3314 915 3594 970 beatorum

2011 1008 2428 1065 retributionum
2469 1018 2747 1078 exspectat
2775 1018 3048 1063 auctorem
3073 1049 3088 1073 ,
3121 1007 3388 1063 dicentem
3420 1005 3593 1072 Patri,

2017 1100 2145 1156 Vota
2171 1112 2226 1155 ut
2250 1102 2336 1155 ubi
2358 1100 2768 1172 egosum,etipsi
2791 1101 2894 1155 sint
2910 1115 3107 1154 mecum
3129 1097 3310 1171 (Joan.
3325 1113 3456 1165 xvu,
3476 1095 3594 1164 24).

2526 1252 2839 1309 PSALMUS
2878 1250 3083 1307 CXLII.

2083 1390 2266 1461 (Vere.
2302 1389 2378 1461 l.)
2413 1387 2630 1444 Domine
2652 1427 2668 1454 ,
2715 1387 2902 1442 exaudi
2931 1387 3212 1440 orationem
3249 1400 3416 1438 meam
3438 1425 3451 1447 ,
3498 1399 3598 1436 au-

2009 1482 2149 1535 ribus
2196 1482 2399 1551 percipe
2449 1477 2862 1548 deprecationem
2901 1492 3067 1530 meam
3113 1477 3167 1529 in
3211 1475 3422 1529 ueritate
3469 1483 3556 1526 tua
3581 1513 3597 1537 ,

2009 1573 2202 1626 exaudi
2247 1587 2326 1625 me
2373 1571 2427 1625 in
2455 1579 2545 1624 tua
2563 1569 2790 1642 justitia.
2823 1567 3034 1622 Titulus
3067 1565 3257 1635 psalmi
3296 1564 3599 1633 passionem

2010 1665 2209 1721 indicat
2259 1662 2464 1718 Christi
2512 1679 2526 1715 :
2575 1661 2691 1732 ipse
2739 1667 2825 1715 est
2870 1659 3014 1714 enim
3045 1672 3210 1712 verus
3238 1655 3446 1720 David,
3505 1653 3600 1723 qui

2009 1769 2064 1813 et
2107 1758 2158 1812 in
2201 1771 2262 1812 se
2302 1766 2357 1810 et
2385 1755 2438 1810 in
2479 1753 2592 1810 suis
2635 1752 3062 1823 persecutionem
3093 1759 3148 1805 et
3184 1749 3442 1803 falsorum
3491 1747 3601 1800 fra-

2011 1858 2153 1904 trum
2183 1856 2240 1903 et
2281 1845 2546 1902 falsorum
2587 1844 2816 1900 sustinet
2846 1843 3102 1898 filiorum.
3150 1851 3175 1879 ⁸
3215 1839 3426 1895 Clamat
3469 1854 3600 1908 ergo

2010 1942 2077 1996 ad
2109 1941 2276 1996 Deum
2317 1945 2374 1993 et
2410 1944 2572 2008 caput
2597 1936 2649 1992 in
2696 1949 2943 2004 corpore,
2985 1943 3040 1990 et
3065 1948 3265 2002 corpus
3309 1935 3360 1986 in
3389 1932 3595 2000 capite,

2013 2035 2116 2089 hoc
2143 2041 2246 2098 est,
2280 2031 2523 2086 Ecclesia
2553 2030 2606 2084 in
2637 2026 2855 2082 Christo
2884 2035 2944 2082 et
2969 2024 3223 2080 Christus
3251 2023 3306 2078 in
3333 2021 3594 2086 Ecclesia;

2010 2133 2064 2179 et
2108 2137 2229 2178 cum
2273 2134 2435 2177 orans
2460 2120 2513 2175 in
2541 2117 2638 2177 Dei
2673 2117 2878 2187 justitia
2909 2116 3084 2185 poscit
3109 2115 3317 2178 audiri,
3359 2113 3599 2168 mirabili

2011 2211 2354 2269 confessione
2395 2209 2653 2278 exprimit
2676 2208 2908 2276 gratiam
2954 2206 3082 2274 Dei,
3114 2220 3182 2260 ne
3209 2204 3497 2274 quisquam
3543 2204 3596 2258 in

2011 2322 2106 2362 sua
2134 2305 2343 2376 justitia
2387 2316 2603 2372 precem
2633 2315 2789 2354 suam
2838 2297 3110 2354 existimet
3155 2296 3354 2366 recipi,
3385 2310 3508 2350 cum
3551 2295 3600 2351 si

2012 2394 2139 2464 quid
2169 2395 2298 2448 boni
2343 2403 2603 2457 meretur,
2641 2405 2708 2446 ex
2733 2390 2845 2445 Deo
2875 2390 2974 2453 sit,
3009 2403 3110 2443 nec
3141 2388 3314 2457 possit
3349 2397 3602 2457 peccator

2013 2489 2150 2543 bene
2194 2502 2384 2556 agere,
2419 2485 2521 2539 nisi
2569 2485 2638 2538 ab
2679 2483 2772 2537 illo
2810 2481 3139 2551 justiﬂcattts
3188 2481 3278 2549 qui
3329 2478 3599 2533 neminem

2015 2578 2288 2633 hominum
2314 2577 2418 2630 nisi
2450 2576 2503 2630 in
2530 2582 2876 2644 peccatorum
2899 2571 3223 2628 remissione
3247 2570 3527 2639 iustificat.

2087 2671 2267 2740 (Vere.
2292 2669 2373 2740 Ξ.)
2405 2669 2471 2722 Et
2502 2683 2603 2722 non
2631 2668 2790 2721 intres
2818 2667 2872 2720 in
2888 2666 3146 2738 judicium
3170 2681 3288 2719 cum
3323 2679 3464 2719 servo
3491 2673 3599 2728 tuo,

2015 2766 2138 2835 quia
2164 2779 2268 2817 non
2289 2761 2666 2835 justiﬁcabitur
2692 2762 2748 2813 in
2776 2767 3051 2828 conspectu
3079 2767 3170 2812 tuo
3196 2758 3360 2812 omnis
3407 2757 3597 2811 vivens.

2015 2854 2137 2912 Cito
2161 2855 2372 2925 aperuit
2394 2869 2563 2924 quare
2589 2852 2758 2908 nollet
2781 2866 2843 2907 se
2870 2850 3068 2906 divina:
3093 2863 3413 2919 comparare
3437 2850 3596 2916 justi-

2018 2948 2136 3014 tite,
2165 2957 2220 3002 et
2248 2961 2370 3002 cum
2405 2945 2516 3001 Deo
2550 2945 2802 3000 metuetrit
2825 2943 3079 3014 iudicari,
3113 2941 3246 3008 Quia
3272 2958 3378 2996 non
3406 2939 3598 3010 iustiﬁ.

395 3027 578 3098 (νοη-
606 3025 688 3098 ⁷·)
732 3026 953 3080 Imm“
992 3027 1060 3081 ad
1097 3027 1502 3096 άεΡνεσατίοηεηι
1547 3044 1713 3083 "mn"
1735 3067 1752 3094 ο
1791 3030 1913 3098 quia
1940 3016 1986 3078 δ
2017 3038 2216 3092 cabitur
2240 3037 2295 3090 in
2321 3045 2592 3104 conspectu
2618 3044 2706 3089 tuo
2733 3035 2895 3088 omnis
2919 3034 3109 3088 vivens.
3139 3030 3421 3102 Quomodo
3461 3046 3600 3098 prte-

313 3117 628 3172 humiliatus
675 3133 792 3171 sum
819 3118 994 3171 nimis.
1019 3116 1159 3172 Erue
1179 3133 1260 3171 me
1295 3133 1328 3170 a
1355 3119 1773 3188 persequentibus
1809 3136 1912 3176 me.

318 3210 509 3266 Nimia
539 3209 872 3276 humiliatio,
922 3209 1090 3264 nimia
1120 3210 1452 3278 persecutio,
1479 3211 1634 3280 cuius
1661 3211 1772 3265 vim
1797 3211 1915 3266 sola

324 3303 596 3368 protectio
644 3303 745 3359 Dei
784 3303 972 3358 vincit.
1007 3301 1194 3358 Potest
1237 3302 1455 3372 quidem
1488 3311 1751 3372 prastare
1792 3318 1918 3360 san-

317 3397 451 3459 ctis,
499 3404 558 3449 ut
600 3397 654 3451 in
686 3411 782 3452 eos
813 3410 920 3450 non
953 3395 1188 3451 habeant
1237 3395 1534 3451 adversarii
1567 3405 1912 3466 potestatem,

321 3486 424 3540 sed
454 3486 756 3542 mirabilius
787 3487 1030 3542 tribuens
1065 3497 1121 3542 ut
1157 3501 1372 3543 omnem
1412 3497 1673 3557 superent
1701 3490 1914 3559 passio-

321 3593 474 3632 nem.
506 3577 564 3632 ιιι
594 3579 1034 3648 persecutoribus
1063 3587 1243 3634 autem
1286 3594 1396 3636 non
1423 3580 1654 3635 humana
1707 3590 1912 3636 tantum

320 3669 573 3723 cavenda
601 3679 726 3724 sunt
753 3669 910 3736 odia,
941 3671 1037 3726 sed
1067 3672 1238 3725 multo
1270 3672 1440 3742 magis
1471 3672 1768 3727 inimicitiae
1805 3675 1916 3743 spi-

321 3763 528 3814 rituum
556 3761 909 3832 malignorum
927 3801 943 3829 ,
973 3763 1062 3832 qui
1088 3777 1254 3831 opere
1279 3764 1652 3818 ministrorum
1691 3778 1912 3819 suorum

318 3854 506 3921 justus
554 3853 648 3908 Dei
715 3854 946 3909 latenter
999 3857 1320 3924 impugnant
1364 3873 1378 3910 :
1421 3856 1491 3911 de
1543 3857 1735 3925 quibus
1783 3857 1916 3913 dicit

321 3947 639 4014 Apostolus,
675 3946 796 4001 Non
817 3955 891 4002 est
936 3948 1080 4002 nobis
1107 3948 1406 4004 colluctatio
1431 3951 1676 4004 adversus
1711 3967 1916 4004 carnem

322 4046 378 4090 st
411 4039 734 4108 sanguinem,
767 4039 858 4094 sed
901 4041 1145 4094 adversus
1168 4041 1328 4113 511
1364 4043 1653 4112 principes,
1695 4050 1744 4097 et
1767 4054 1914 4112 pote-

321 4137 516 4193 states,
558 4138 606 4182 et
652 4139 874 4184 rectores
919 4131 1076 4204 hujus
1111 4134 1318 4197 mundi,
1369 4136 1691 4187 tenebrarum
1729 4135 1914 4188 harum

324 4216 548 4288 (Ephes.
584 4235 658 4285 Vl,
691 4220 802 4285 l2).
833 4221 1004 4288 Quem
1032 4239 1159 4278 vero
1186 4233 1452 4279 rectorem
1481 4225 1684 4280 habent
1710 4226 1910 4297 iniqui,

326 4309 437 4364 nisi
477 4311 790 4365 diabolum?
836 4311 968 4367 Cum
1020 4322 1074 4368 et
1123 4314 1310 4370 ﬁdeles
1361 4330 1468 4369 non
1527 4315 1762 4372 habeant
1809 4319 1911 4372 nisi

325 4400 626 4456 Christum.
665 4402 935 4470 Quomodo
961 4406 1277 4458 corroborati
1305 4415 1424 4482 sunt
1458 4423 1613 4474 super
1651 4409 1770 4462 me?
1793 4408 1910 4463 Vox
1941 4386 1989 4444 Ῑ)

322 4502 414 4545 est
465 4492 722 4548 Ecclesiae
769 4496 1150 4564 conquerentis
1204 4496 1349 4565 quod
1403 4497 1628 4551 multum
1682 4500 1914 4553 creverit

326 4597 589 4637 numerus
617 4584 932 4652 impiorum,
960 4586 1106 4654 quod
1131 4585 1372 4642 abundet
1398 4587 1649 4657 iniquitas
1678 4596 1733 4644 et
1761 4588 1916 4644 refri-

322 4680 486 4743 geret
510 4673 747 4728 charitas
780 4676 1074 4731 multorum
1107 4676 1318 4747 (Matth.
1349 4693 1494 4744 χιιι,
1531 4677 1641 4747 12).

403 4765 584 4835 (Vers.
607 4765 689 4835 8.)
715 4766 863 4820 Educ
885 4768 948 4822 de
976 4784 1180 4822 carcere
1203 4771 1430 4822 animam
1451 4785 1617 4823 meam
1636 4811 1652 4836 ,
1692 4772 1761 4824 ad
1789 4787 1915 4824 con-

322 4855 580 4925 ﬁtendum
607 4859 801 4911 nomini
828 4869 936 4912 tuo.
962 4859 1162 4916 Omnes
1183 4861 1396 4930 quidem
1419 4865 1682 4931 angustia:
1703 4874 1756 4918 et
1782 4879 1912 4919 con-

322 4946 606 5002 clusiones
636 4950 1003 5004 turbationum
1034 4967 1306 5007 carcerem
1354 4953 1573 5019 faciunt,
1608 4955 1729 5022 quia
1758 4969 1913 5009 coar-

319 5048 480 5094 ctant
505 5041 739 5095 animam
771 5051 825 5097 et
849 5042 1098 5099 auferunt
1120 5045 1459 5110 libertatem;
1492 5046 1587 5101 sed
1611 5048 1728 5115 ipsa
1758 5047 1914 5103 inha-

321 5131 522 5185 hitatio
561 5134 804 5201 corporis
851 5143 1032 5202 potest
1078 5149 1266 5190 carcer
1315 5136 1580 5206 intelligi,
1630 5153 1738 5192 non
1789 5141 1910 5208 quia

320 5225 532 5280 malum
563 5225 631 5280 sit
662 5227 806 5297 quod
831 5227 973 5283 Deus
1001 5227 1160 5296 fecit,
1190 5229 1278 5298 qui
1301 5230 1484 5285 omnia
1521 5231 1738 5300 quidem
1770 5232 1910 5288 bona

401 5403 670 5479 “Titulus
724 5416 902 5479 autem
957 5405 1144 5474 psalmi
1199 5405 1359 5479 hujus
1398 5415 1516 5474 est,
1572 5405 1687 5479 Ipsi
1742 5408 1907 5462 David

317 5475 536 5539 quando
562 5491 677 5529 eam
703 5476 842 5542 ﬁlius
869 5492 990 5530 suus
1017 5477 1434 5544 persequebatur.

403 5547 427 5582 δ
455 5545 596 5618 Editi
643 5547 912 5600 habebant
937 5587 950 5608 ,
995 5549 1062 5602 de
1080 5549 1319 5617 justitia,
1358 5547 1639 5602 manifesto
1664 5549 1815 5618 lapsu
1850 5550 1915 5603 li-

325 5616 660 5686 brariorum,
689 5632 807 5672 cum
832 5632 1024 5673 sensus
1062 5616 1164 5673 loci
1195 5618 1339 5674 aliud
1369 5619 1629 5688 postulet,
1662 5616 1912 5679 ct‘vcrba

2013 3142 2222 3199 pumam
2250 3127 2320 3182 de
2346 3127 2683 3192 innocentia,
2723 3125 2883 3198 512
2907 3140 3026 3180 cum
3055 3139 3086 3178 a
3115 3133 3167 3180 te
3192 3122 3600 3180 convincendus

2015 3220 2115 3274 sim
2137 3217 2165 3257 δ
2196 3218 2266 3274 de
2291 3218 2591 3286 iniustitia?
2617 3221 2723 3273 Aut
2748 3218 2876 3287 quid
2909 3218 3038 3272 mihi
3071 3217 3200 3272 boni
3241 3217 3447 3286 proprii
3477 3214 3599 3269 vin-

2014 3309 2228 3376 dicabo,
2258 3310 2347 3380 (lui
2368 3309 2510 3380 quod
2535 3325 2641 3366 non
2672 3308 2888 3364 dederis
2917 3323 3026 3363 non
3052 3307 3260 3363 habent
3283 3307 3596 3374 Expavesco

2015 3399 2176 3471 igitur
2209 3401 2444 3469 discuti,
2500 3411 2684 3456 metuo
2719 3398 2983 3469 judicari;
3026 3399 3153 3468 quia
3198 3411 3357 3452 nemo
3401 3396 3455 3449 in
3497 3393 3599 3448 hac

2017 3493 2229 3548 mortali
2265 3509 2430 3548 carne
2457 3493 2754 3548 viventium
2781 3491 3056 3545 veraciter
3090 3496 3267 3558 potest
3311 3486 3493 3542 dicere
3539 3499 3600 3540 se

2018 3587 2222 3657 peccati
2258 3585 2504 3655 contagia
2537 3601 2645 3639 non
2683 3584 2904 3649 habere,
2928 3597 3049 3639 cum
3075 3581 3237 3636 etiam
3277 3580 3378 3647 ipsi
3409 3578 3600 3648 preci-

2016 3678 2104 3747 ptti
2133 3676 2330 3731 arietes
2359 3676 2536 3728 ovium
2571 3673 2773 3728 Christi
2805 3672 2884 3727 sic
2910 3686 3068 3726 orare
3101 3670 3380 3739 jubentur,
3422 3675 3481 3721 ut
3517 3667 3602 3720 di-

2015 3778 2160 3832 cant,
2191 3767 2406 3820 Dimitte
2427 3766 2572 3820 nobis
2599 3765 2766 3818 debita
2795 3773 2993 3827 nostra,
3021 3763 3152 3817 sicut
3179 3769 3226 3816 et
3252 3777 3347 3814 nos
3384 3760 3601 3814 dimitti-

2015 3875 2126 3911 mus
2148 3857 2455 3910 debitoribus
2476 3856 2667 3910 nostris
2696 3853 2912 3926 (Matth.
2945 3868 3022 3918 Vl,
3053 3851 3166 3920 12).

2089 3951 2266 4022 (Vers.
2298 3952 2376 4017 5.)
2402 3949 2658 4015 Quoniam
2685 3957 2976 4018 persecutus
2996 3955 3071 4002 est
3105 3944 3345 3999 inimicus
3376 3943 3600 3996 animam

2017 4060 2210 4110 meam,
2239 4043 2525 4097 humiliavit
2554 4042 2609 4096 in
2631 4051 2772 4095 terra
2795 4041 2953 4094 vitam
2987 4054 3176 4095 meam.
3203 4034 3604 4091 Cottocaverunt

2016 4154 2098 4192 me
2113 4136 2166 4190 in
2192 4134 2440 4199 obscuris,
2462 4135 2594 4188 sicut
2613 4141 2844 4186 mortuos
2861 4130 3059 4186 secuti.
3091 4129 3156 4184 Et
3183 4143 3215 4184 a
3241 4141 3472 4198 corpore
3499 4127 3603 4180 hoc

2016 4226 2239 4291 dictum,
2269 4233 2322 4279 et
2343 4237 2374 4276 a
2395 4222 2570 4291 capite
2597 4229 2958 4290 congruenter
2987 4219 3255 4287 accipitur
3287 4235 3301 4272 :
3344 4215 3599 4286 quoniam

2015 4327 2070 4373 et
2095 4316 2345 4372 diabolus
2371 4324 2690 4385 persecutus
2711 4322 2799 4369 est
2825 4313 3062 4367 animam
3087 4309 3324 4374 Christi,
3355 4318 3411 4364 et
3437 4307 3604 4363 ludas

2017 4413 2249 4466 animam
2291 4409 2554 4478 magistri.
2600 4407 2857 4475 Idemque
2889 4405 3134 4460 diabolus
3172 4402 3239 4457 ad
3271 4414 3600 4472 persequen-

2018 4504 2144 4558 dum
2169 4516 2366 4570 corpus
2391 4500 2591 4554 Christi
2615 4506 2830 4562 manet,
2857 4510 2959 4550 nec
2979 4494 3148 4550 ludas
3176 4493 3331 4549 deest
3367 4493 3421 4547 in
3452 4492 3604 4547 falsis

2019 4596 2280 4651 fratribus
2305 4591 2670 4649 succedendo.
2702 4589 2839 4658 Quid
2864 4590 3009 4643 enim
3048 4587 3332 4664 nobiscum
3376 4584 3603 4654 quilibet

2017 4685 2362 4743 adversarius
2399 4685 2535 4752 agit,
2567 4682 2672 4738 nisi
2705 4691 2762 4736 ut
2790 4681 2976 4736 relicta
3009 4693 3105 4747 spe
3132 4677 3339 4733 ctelesti
3381 4690 3602 4731 corrua-

2019 4795 2140 4835 mus
2161 4779 2214 4834 in
2247 4777 2478 4832 terram?
2522 4775 2630 4832 Sed
2658 4782 2844 4830 contra
2875 4773 2975 4828 hos
3003 4770 3332 4839 vigilandum
3381 4779 3500 4832 est,
3544 4775 3606 4820 ut

2020 4870 2288 4940 possimus
2328 4870 2539 4933 dicere,
2579 4866 2771 4922 Nostra
2811 4875 2980 4920 autem
3022 4862 3340 4920 conversatio
3369 4861 3420 4914 in
3465 4858 3602 4912 cortis

2019 4973 2094 5016 est
2118 4960 2342 5030 (Philip.
2381 4974 2462 5026 ιιι,
2491 4956 2608 5029 20).
2639 4957 2793 5026 Quod
2825 4973 2956 5026 ergo
2978 4955 3180 5010 dictum
3216 4960 3333 5016 est,
3365 4949 3606 5005 Colloca-

2019 5061 2198 5106 eerunt
2223 5065 2303 5104 me
2330 5052 2385 5104 in
2431 5051 2680 5120 tenebris,
2710 5050 2840 5103 sicut
2884 5057 3112 5101 mortuos
3136 5044 3358 5109 sat-uti;
3399 5041 3452 5096 in
3497 5055 3606 5110 quo

2021 5142 2215 5196 melius
2259 5155 2418 5212 quam
2447 5140 2502 5196 in
2555 5141 2781 5196 Domino
2809 5139 3152 5209 intelligitur,
3178 5137 3270 5205 qui
3300 5134 3447 5189 solus
3498 5131 3603 5186 fuit

2019 5234 2154 5287 inter
2193 5241 2421 5287 mortuos
2451 5233 2576 5287 iiber
2601 5231 2776 5304 (Psal.
2802 5245 3040 5295 Lxxxvtt,
3068 5227 3148 5298 6),
3175 5237 3224 5282 et
3265 5241 3381 5280 cum
3414 5225 3604 5296 iniquis

2016 5409 2298 5478 Augustini
2323 5409 2594 5476 respicere
2619 5405 2864 5460 videatur
2884 5402 3139 5468 dicentis,
3174 5401 3297 5458 Non
3321 5403 3606 5478 litigemus,

2021 5474 2142 5533 note
2187 5489 2350 5533 tecum
2370 5474 2556 5555 habere
2579 5490 2818 5555 causam,
2843 5487 2898 5527 ut
2919 5491 3012 5547 ego
3041 5491 3326 5545 proponam
3347 5474 3611 5546 justitiam

2021 5566 2209 5619 meum,
2243 5558 2296 5603 tu
2324 5551 2592 5604 convincas
2622 5549 2946 5616 iniquitatem
2975 5562 3160 5600 meam.
