3978 6178
441 253 540 310 ιω

1682 253 1740 308 S.
1782 247 2119 308 PROSPERI
2161 247 2486 315 AQUITANI

3599 245 3707 302 408

439 373 716 440 deputatus
745 375 820 423 est
851 365 1007 439 (Isai.
1039 381 1152 433 Lm,
1182 366 1300 438 12)?
1321 367 1415 437 qui
1440 375 1466 405 ι
1489 381 1610 422 cum
1634 381 1772 422 unus
1803 368 1901 422 fuit
1924 366 2015 437 qui
2043 367 2090 426 Α
2119 362 2389 416 contemnit
2426 359 2607 432 (Prov.
2637 375 2787 424 mu.
2833 361 2929 431 3)?
2956 359 3012 416 Id
3041 367 3125 416 est
3149 400 3164 426 ,
3195 373 3302 415 non
3341 358 3704 415 convertitur.

437 461 657 530 proprie
701 467 754 514 et
782 458 1128 528 singulariter
1169 459 1409 525 diceret,
1457 456 1581 514 Non
1628 466 1699 513 est
1727 459 1930 514 inventa
1966 459 2020 512 in

437 565 518 602 me
545 551 786 620 iniquitas
811 548 977 622 (Psal.
1012 565 1102 604 xvt
1119 591 1132 615 ,
1157 548 1240 620 4).

512 641 693 711 (Vers.
718 639 801 711 4.)
826 640 1085 695 Anxiatus
1115 653 1187 695 est
1216 642 1269 695 in
1298 658 1378 696 me
1395 643 1610 710 spiritus
1643 658 1804 696 meus.
1839 643 2024 713 Agno-

439 733 606 787 scitur
636 734 916 800 Dominus,
931 735 1141 800 dicens,
1161 735 1341 790 Tristis
1361 746 1434 790 est
1455 737 1627 790 anima
1649 753 1762 791 mea
1784 753 1941 806 usque
1953 738 2022 790 ad

440 835 655 878 mortem
698 823 913 895 (Matth.
973 841 1134 892 xxvi,
1183 825 1316 897 38):
1371 827 1422 880 in
1459 842 1565 897 quo
1606 829 1789 896 utique
1831 837 1888 884 et
1925 843 2024 884 nos

439 932 676 982 eramus,
716 916 840 987 quia
871 927 1071 972 nostra:
1117 926 1324 973 naturae
1364 918 1457 974 illa
1509 919 1758 986 tristitia,
1783 929 1838 975 et
1867 932 2024 976 vetus

441 1007 604 1062 homo
650 1019 836 1064 noster
862 1008 1023 1064 simul
1053 1010 1083 1047 δ
1131 1010 1377 1065 conﬁxus
1426 1021 1511 1066 est
1557 1012 1707 1066 cruci
1754 1026 1874 1066 cum
1931 1012 2026 1067 illo

442 1098 618 1169 (Rom.
649 1115 723 1166 vr,
745 1099 827 1170 6).
866 1097 930 1154 In
960 1116 1039 1154 me
1065 1101 1429 1156 conturbatum
1455 1110 1530 1156 est
1555 1117 1645 1157 cor
1670 1119 1856 1158 meum.
1885 1103 2027 1159 Con-

443 1191 679 1246 turbatio
711 1193 824 1247 haec
855 1193 1157 1247 voluntaria
1189 1193 1312 1260 fuit,
1340 1204 1397 1250 et
1418 1196 1470 1249 in
1496 1195 1616 1265 ipso
1651 1197 2026 1254 tantummodo

443 1284 641 1337 mansit
692 1283 974 1338 consilium
1019 1285 1403 1340 misericordiae
1449 1287 1568 1355 ejus
1611 1303 1624 1339 :
1673 1301 1794 1342 nam
1842 1289 2026 1344 caeteri

442 1382 804 1438 recesserunt,
836 1389 942 1428 non
973 1374 1338 1442 intelligentes
1364 1390 1574 1446 magna:
1600 1375 1812 1445 pietatis
1843 1391 2026 1433 sacra-

435 1473 710 1528 mentum,
738 1479 839 1520 uec
883 1474 1312 1520 resurrecturum
1336 1467 1620 1523 credentes
1646 1507 1661 1532 .
1690 1469 1780 1539 qui
1821 1477 1877 1525 et
1905 1485 2026 1540 pas-

441 1555 580 1610 sioni
610 1556 944 1612 subdeba'tur
971 1565 1026 1613 et
1056 1558 1238 1612 morti.

513 1647 694 1718 (Vers.
725 1648 805 1718 5.)
835 1647 1151 1704 Hemoratus
1175 1667 1288 1703 sum
1307 1651 1505 1706 dierum
1531 1653 1880 1725 antiquorum,
1907 1663 1931 1694 ο
1975 1663 2025 1708 et

2123 451 2180 506 In
2207 452 2345 521 quod
2373 451 2696 520 profundum
2718 451 3131 517 descendentes,
3156 452 3207 505 in
3229 461 3448 505 aeterna:
3472 450 3710 503 miseria:

2123 543 2295 598 lacum
2345 542 2635 607 decidunt,
2665 541 2789 611 quia
2825 557 2933 610 per
2979 549 3352 597 contumacem
3393 539 3706 607 superbiam

2125 635 2360 691 remedia
2387 634 2747 690 confessionis
2776 636 3102 705 poenitentiae
3131 634 3504 704 perdiderunt.

2195 726 2373 796 (Vers.
2417 727 2498 796 8.)
2545 727 2792 780 Auditum
2831 727 2954 780 mihi
2984 728 3066 797 fac
3106 743 3256 780 mane
3301 723 3715 779 misericordiam

2126 827 2266 872 tuam
2287 858 2302 884 ,
2334 820 2454 888 quia
2483 819 2537 871 in
2567 828 2615 871 te
2639 819 2858 888 speravi.
2888 819 3126 883 Oriatur,
3156 818 3347 888 inquit,
3381 817 3434 869 in
3480 829 3568 870 me
3616 814 3716 867 lux

2127 912 2508 967 misericordia
2533 921 2657 978 tum,
2688 911 2881 980 ﬁatque
2907 909 3048 979 quod
3078 909 3308 973 credidi,
3331 916 3389 961 ut
3409 921 3557 977 spes,
3589 917 3717 974 quae

2126 1003 2313 1058 auditu
2362 1011 2624 1072 concepta
2669 1011 2783 1067 est,
2835 1003 3145 1071 impleatur.
3197 999 3390 1055 Notam
3433 1001 3560 1052 mihi
3603 1002 3716 1068 fac,

2126 1095 2366 1162 Domine,
2395 1096 2528 1150 viam
2557 1096 2610 1149 in
2637 1112 2738 1166 qua
2775 1095 3055 1167 ingrediar.
3086 1095 3199 1148 Dux
3239 1094 3368 1147 mihi
3399 1093 3470 1146 sit
3506 1093 3721 1145 veritas

2127 1197 2248 1255 tua,
2280 1198 2334 1243 et
2370 1202 2590 1258 gressus
2625 1188 2728 1242 mei
2758 1196 2850 1242 tua
2883 1189 3053 1257 gratia
3094 1186 3417 1255 dirigantur.
3453 1183 3720 1250 Quoniam

2127 1282 2196 1336 ad
2245 1289 2293 1336 te
2337 1281 2496 1335 levavi
2538 1281 2764 1336 animam
2807 1296 3015 1346 meam;
3061 1280 3313 1350 quoniam
3359 1291 3470 1333 non
3508 1276 3577 1332 de
3626 1289 3723 1330 me

2129 1388 2418 1446 praesumo,
2449 1373 2542 1429 sed
2574 1383 2634 1427 ut
2663 1373 2791 1428 mihi
2822 1373 3099 1428 auxilierls
3133 1385 3316 1441 posco.

2198 1467 2380 1540 (Vers.
2423 1463 2504 1537 9.)
2548 1465 2732 1520 Exime
2770 1481 2852 1520 me
2900 1465 2963 1519 de
3008 1463 3229 1518 inimicis
3269 1461 3414 1525 meis,
3467 1457 3714 1524 Domine,

2125 1559 2371 1629 quoniam
2397 1559 2462 1612 ad
2493 1567 2540 1612 te
2561 1557 2787 1627 confugi.
2817 1556 2895 1611 De
2921 1555 3028 1610 illis
3053 1569 3112 1609 se
3134 1552 3368 1608 inimicis
3392 1549 3516 1605 erui
3541 1549 3717 1619 cupit,

2129 1667 2226 1723 per
2251 1667 2384 1722 quos
2411 1651 2575 1705 etiam
2604 1647 2632 1686 ἀ
2667 1650 2892 1703 humana
2925 1646 3048 1702 odia
3066 1653 3498 1706 commoventur,
3524 1640 3576 1695 id
3606 1649 3717 1704 est,

440 1755 602 1793 annos
645 1750 862 1795 teternos
895 1743 951 1794 in
991 1751 1156 1796 mente
1197 1743 1388 1810 habui,
1419 1754 1467 1799 et
1497 1745 1770 1802 meditatus
1808 1763 1924 1802 sum
1971 1750 2026 1802 in
2058 1748 2106 1810 Β
2133 1745 2349 1800 diabolo
2384 1753 2438 1798 et
2465 1743 2670 1812 angelis
2699 1742 2844 1812 ejus;
2873 1740 2964 1810 qui
3011 1749 3138 1794 sunt
3181 1747 3421 1793 rectores
3463 1735 3722 1789 tenebra-

441 1831 677 1884 omnibus
703 1831 942 1902 operibus
968 1833 1090 1886 tuis.
1144 1833 1272 1889 Haec
1301 1838 1747 1892 commemoratio
1779 1840 2028 1909 antiquo-

441 1937 560 1976 rum
583 1921 812 1989 dierum,
840 1930 896 1978 et
917 1923 1225 1979 recordatio
1249 1926 1492 1981 omnium
1519 1935 1842 1998 temporum,
1866 1941 2026 1999 atque

444 2017 498 2071 in
531 2017 610 2071 eis
637 2017 939 2072 divinorum
972 2033 1198 2088 operum
1226 2021 1635 2089 contemplatio,
1661 2036 1768 2078 non
1790 2037 1856 2078 ex
1883 2023 2024 2093 capi~

444 2112 535 2176 αις,
563 2108 662 2165 sed
691 2124 758 2165 ex
785 2112 1029 2179 corporis
1055 2124 1218 2166 sensu
1249 2119 1354 2168 est.
1393 2111 1527 2167 Nam
1551 2115 1755 2169 auctori
1784 2116 2024 2170 omnium

443 2217 626 2257 rerum
677 2201 802 2271 quid
849 2216 1096 2272 umquam
1145 2216 1252 2258 non
1317 2205 1667 2273 conspicuum
1715 2215 1836 2270 est,
1886 2207 2026 2273 apud

444 2309 604 2361 quem
631 2304 687 2348 et
723 2294 994 2362 praeterita
1012 2294 1237 2360 adsunt,
1260 2302 1315 2349 et
1351 2295 1526 2350 futura
1561 2296 1668 2366 jam
1701 2297 1838 2351 facta
1868 2298 2028 2353 sunt?

443 2384 808 2440 Membrorum
862 2385 1024 2455 igitur
1067 2400 1200 2441 voce
1240 2386 1332 2442 Dei
1378 2387 1546 2458 gratia
1579 2387 1924 2457 praedicatur,
1973 2397 2028 2444 et

445 2490 614 2546 opera
639 2475 1024 2540 misericordiae
1048 2477 1143 2533 Dei
1172 2477 1350 2546 lingua
1392 2479 1645 2534 Ecclesia:
1688 2478 1976 2534 conﬁtetur
2009 2497 2024 2536 :

441 2582 562 2628 quae
592 2568 756 2622 totius
787 2568 890 2622 aevi
919 2568 1116 2623 seriem
1147 2568 1460 2636 revolvens,
1503 2569 1636 2624 nihil
1678 2569 1883 2625 invenit
1923 2571 2027 2626 nisi

441 2654 536 2708 Dei
573 2655 908 2726 providentia
951 2665 1009 2714 et
1047 2656 1286 2714 bonitate
1331 2660 1662 2726 subsistere,
1712 2661 1873 2732 513
1902 2671 1958 2715 et
1994 2677 2025 2716 a

442 2761 548 2814 quo
577 2757 769 2803 cuncta
805 2757 931 2804 sunt
957 2749 1172 2804 condita
1193 2791 1209 2815 ,
1243 2749 1295 2803 in
1323 2751 1462 2819 ipso,
1493 2759 1547 2806 et
1572 2767 1670 2822 per
1702 2754 1874 2820 ipsum
1905 2767 2027 2808 esse

444 2847 724 2904 renovata,
755 2839 1010 2908 quoniam
1039 2851 1206 2894 vetera
1233 2842 1565 2909 transierunt,
1607 2858 1720 2896 ecce
1750 2847 1888 2912 facta
1908 2853 2028 2896 sunt

443 2931 754 2985 omnianova
775 2931 840 3004 (ll
864 2931 984 2986 Cor.
1013 2948 1067 2997 v,
1095 2933 1206 3002 l7).
1227 2931 1295 2986 In
1317 2934 1534 3002 {acturis
1561 2945 2026 2988 manuumtuarum

443 3020 720 3074 meditatus
746 3037 880 3074 sum.
929 3020 1000 3076 Et
1029 3021 1233 3076 extendi
1272 3039 1454 3077 manus
1482 3039 1623 3078 meas
1648 3023 1717 3078 ad
1756 3035 1822 3079 te.
1863 3024 2027 3080 Medi-

2133 1850 2249 1890 rum
2277 1832 2498 1904 (Ephes.
2527 1847 2602 1897 vt,
2637 1831 2751 1902 12),
2779 1841 2834 1886 et
2865 1831 3170 1885 incentores
3199 1827 3511 1896 impiorum,
3539 1839 3572 1878 a
3597 1825 3718 1893 qui-

2130 1925 2229 1980 bus
2251 1924 2459 1995 fugiens
2489 1924 2555 1978 ad
2593 1923 2876 1976 Dominum
2907 1921 3167 1990 confugit,
3204 1933 3272 1973 ne
3305 1917 3505 1972 veteris
3533 1915 3720 1969 homi-

2131 2018 2213 2072 nis
2238 2025 2494 2086 sequatur
2519 2015 2852 2086 exemplum,
2880 2015 2973 2084 qui
3015 2029 3073 2068 se
3104 2029 3132 2065 a
3163 2011 3298 2067 facie
3327 2010 3538 2065 Domini
3573 2009 3718 2062 mala

2128 2111 2458 2165 conscientia
2483 2110 2837 2163 conturbatus
2861 2106 3164 2162 abscondit.

2204 2203 2382 2274 (Vers.
2458 2201 2574 2272 i-O.)
2635 2199 2772 2254 Doce
2824 2215 2904 2252 me
2950 2202 3117 2268 facere
3163 2197 3472 2249 voluntatem
3524 2202 3716 2257 tuam,

2128 2295 2250 2364 quia
2289 2305 2344 2347 tu
2393 2309 2444 2348 es
2492 2290 2629 2345 Deus
2681 2307 2842 2345 meus.
2887 2288 3049 2362 514
3113 2291 3279 2359 Imple
3351 2305 3462 2346 me,
3518 2283 3719 2352 inquit.

2128 2386 2322 2442 affectu
2361 2385 2546 2455 gratim
2593 2391 2736 2450 tum,
2781 2394 2839 2437 ut
2875 2391 2928 2436 et
2975 2381 3079 2435 hoc
3109 2378 3265 2434 velim
3295 2380 3437 2446 quod
3478 2377 3619 2430 velle
3670 2384 3722 2426 te

2130 2481 2280 2544 novi,
2315 2487 2373 2533 et
2400 2492 2506 2532 non
2537 2475 2681 2530 aliud
2713 2474 2782 2529 sit
2825 2476 2880 2528 in
2909 2488 3031 2526 meo
3061 2485 3227 2540 opere
3249 2510 3264 2538 ,
3296 2483 3456 2539 Quam
3486 2465 3631 2536 quod
3666 2465 3719 2518 in

2129 2583 2219 2629 tua
2257 2583 2340 2628 est
2375 2571 2677 2627 voluntate.
2712 2571 2826 2624 lloc
2863 2575 3042 2623 autem
3079 2565 3200 2620 ideo
3227 2574 3382 2634 peto,
3408 2562 3530 2628 quia
3563 2568 3618 2612 tu
3667 2575 3720 2612 es

2131 2663 2270 2718 Deus
2306 2679 2474 2727 meus,
2519 2663 2610 2732 qui
2652 2658 2898 2730 operaris
2925 2657 3106 2712 omnia
3142 2654 3197 2710 in
3226 2652 3478 2708 omnibus
3508 2649 3557 2721 (l
3585 2647 3715 2704 Cor.

2130 2768 2225 2822 xu,
2256 2751 2334 2824 6).

2199 2845 2380 2915 (Vers.
2415 2843 2501 2911 10,
2533 2841 2644 2912 Η.)
2684 2839 2914 2910 Spiritus
2955 2847 3070 2892 tuus
3106 2837 3267 2890 bonus
3307 2833 3527 2887 deducat
3554 2845 3637 2884 me
3665 2830 3721 2881 in

2131 2946 2320 2990 terram
2347 2945 2558 2989 rectam.
2592 2932 2813 3001 PrOpter
2841 2947 3022 2986 nomen
3061 2940 3199 2983 tuum
3218 2969 3232 2992 ,
3270 2924 3512 2992 Domine,
3543 2923 3722 2990 viviﬁ-

2129 3029 2267 3082 cabis
2305 3044 2385 3082 me
2424 3030 2476 3082 in
2507 3036 2593 3081 tua
2607 3025 2834 3098 justitia.
2868 3024 2952 3079 Ab
2995 3022 3141 3078 omni
3184 3035 3272 3076 tne
3316 3032 3502 3074 errore
3541 3017 3722 3071 bonus

444 3112 599 3178 latio,
630 3113 826 3182 inquit,
851 3127 1002 3180 mea,
1027 3127 1126 3182 qua
1153 3113 1261 3166 vidi
1289 3127 1450 3169 omne
1479 3114 1678 3170 bonum
1699 3129 1730 3169 a
1758 3126 1846 3170 tua
1875 3116 2026 3170 honi-
2054 3125 2100 3186 ο
2130 3119 2364 3190 Spiritus
2395 3129 2516 3174 tuus
2544 3127 2721 3180 eruet,
2766 3126 2821 3172 et
2863 3117 2916 3170 in
2962 3121 3164 3169 terram
3211 3121 3436 3174 rectam,
3483 3123 3608 3177 quae
3640 3114 3723 3162 est

444 3210 554 3255 tate
581 3216 822 3269 manare,
847 3211 902 3257 et
925 3203 998 3257 tui
1024 3217 1142 3258 esse
1164 3203 1345 3273 operis
1369 3205 1629 3275 quidquid
1656 3209 1708 3260 ln
1738 3207 1893 3261 nobis
1921 3215 2026 3262 tua:

446 3303 625 3363 potest
647 3295 856 3364 placere
872 3295 1116 3365 iustitiae,
1139 3295 1206 3350 ad
1230 3296 1331 3350 hoc
1353 3311 1439 3352 me
1457 3297 1799 3352 conﬁrmavit
1829 3309 1887 3352 ut
1911 3315 2027 3353 orn-

446 3402 572 3441 nem
605 3401 756 3454 spem
785 3401 958 3442 meam
987 3389 1040 3442 in
1068 3397 1120 3443 te
1147 3388 1566 3457 constituerem,
1596 3400 1651 3448 et
1677 3391 1752 3445 tui
1792 3406 1887 3460 per
1911 3408 2026 3446 om-

449 3477 540 3529 nia
567 3485 805 3541 peterem
835 3479 975 3532 roris
998 3477 1331 3532 alimoniam.

523 3565 701 3636 (Vers.
729 3567 782 3634 6,
815 3567 894 3637 7.)
923 3568 1109 3621 Anima
1137 3583 1246 3620 mea
1272 3567 1406 3622 velut
1434 3575 1570 3624 terra
1606 3569 1716 3624 sine
1735 3586 1868 3640 aqua
1899 3573 2027 3640 tibi;

447 3656 686 3710 velociter
726 3659 914 3712 exaudi
943 3675 1052 3724 me,
1085 3657 1334 3726 Domine,
1373 3659 1556 3731 defecit
1595 3663 1810 3733 spiritus
1859 3681 2020 3720 meus.

447 3747 714 3812 Ariditas,
763 3747 963 3817 inquit,
1006 3750 1200 3804 animm
1247 3764 1382 3804 meae
1428 3751 1525 3806 tibi
1561 3754 1702 3820 sitit;
1735 3756 1860 3825 quia
1907 3772 1934 3810 a
1975 3768 2028 3812 te

449 3838 720 3895 desiderat
764 3839 1017 3911 irrigari,
1063 3850 1119 3897 et
1161 3849 1220 3896 tu
1263 3843 1557 3899 accendisti
1605 3857 1798 3901 aestum
1846 3849 2029 3904 cordis

451 3933 588 3997 mei,
615 3942 672 3986 ut
708 3948 793 3988 me
827 3933 1069 3988 exaudiri
1109 3933 1370 3990 velociter
1411 3944 1614 4004 petam.
1652 3935 1852 4008 Defecit
1881 3942 2028 3994 enim

450 4029 662 4096 spiritus
693 4043 856 4092 meus,
883 4037 945 4082 ut
970 4027 1192 4096 impleat
1216 4043 1302 4083 me
1323 4026 1555 4098 Spiritus
1584 4041 1704 4085 tuus
1722 4072 1736 4097 ,
1763 4039 1818 4086 et
1853 4031 2028 4088 fecisti

454 4135 540 4172 me
573 4133 863 4188 pauperem
905 4120 1130 4188 spiritu,
1164 4130 1223 4174 ut
1251 4120 1454 4177 tribuas
1479 4123 1607 4178 mihi
1637 4124 1782 4194 quod
1811 4123 2031 4180 humili-

452 4212 556 4265 bus
620 4208 997 4278 spopondisti,
1057 4225 1284 4278 quorum
1341 4221 1427 4267 est
1485 4229 1710 4284 regnum
1767 4217 2029 4271 caelorum

454 4302 668 4374 (Matth.
701 4317 755 4369 v,
785 4302 862 4373 3).
904 4301 989 4356 Ne
1015 4312 1212 4357 avertas
1240 4305 1424 4372 faciem
1465 4315 1602 4359 tuam
1639 4323 1673 4359 α
1713 4323 1820 4374 me,
1853 4316 1901 4362 et
1944 4324 2031 4362 ero

449 4392 634 4448 similis
669 4393 1091 4449 descendentibus
1134 4393 1190 4447 in
1225 4392 1418 4447 lacum.
1449 4397 1654 4452 Averso
1692 4411 1723 4452 a
1753 4411 1840 4451 me
1881 4398 2033 4453 vultu

2131 3214 2375 3268 vivorum
2409 3211 2554 3281 regio
2602 3207 2774 3279 (Psal.
2821 3222 2965 3270 CXIV,
2996 3205 3075 3274 9),
3117 3202 3396 3272 perducet,
3425 3215 3535 3253 non
3583 3213 3715 3266 pro.

2134 3315 2252 3373 pter
2281 3302 2529 3357 meritum
2563 3316 2766 3365 meum,
2799 3298 2895 3353 sed
2926 3306 3133 3368 propter
3161 3310 3346 3347 nomen
3378 3303 3557 3359 tuum,
3597 3290 3722 3360 quia

2130 3394 2310 3450 omnis
2336 3393 2465 3448 tnihi
2495 3392 2622 3446 doni
2650 3405 2813 3446 causa
2844 3399 2926 3444 est
2957 3385 3330 3442 misericordia
3364 3393 3476 3438 tua.

2203 3485 2383 3556 (Vers.
2436 3484 2524 3548 ll.
2577 3482 2693 3552 12.)
2743 3481 2946 3535 Educes
3001 3480 3066 3534 de
3111 3477 3442 3531 tribulatione
3491 3476 3721 3529 animum

2131 3593 2316 3642 meum,
2344 3585 2390 3630 et
2417 3579 2470 3628 in
2497 3573 2847 3628 misericordia
2876 3581 2966 3624 tua
2997 3570 3260 3640 dispet'des
3287 3569 3527 3622 inimicos
3557 3583 3719 3620 meos.

2133 3669 2201 3724 Et
2227 3669 2404 3736 perdes
2429 3683 2603 3722 omnes
2626 3667 2713 3736 qui
2743 3665 2989 3720 tribulant
3017 3664 3240 3717 animam
3264 3678 3454 3726 meam,
3477 3662 3724 3731 quoniam

2132 3777 2303 3817 servus
2329 3771 2444 3816 tuus
2463 3777 2554 3831 ego
2579 3775 2715 3814 sum.
2747 3760 2958 3825 Quanta
2979 3756 3210 3826 dignitas
3242 3763 3297 3810 et
3319 3765 3518 3824 quanta
3551 3753 3724 3808 beati-

2135 3854 2264 3909 tudo
2289 3862 2372 3910 est
2401 3868 2522 3908 esse
2550 3853 2646 3907 Dei
2677 3865 2916 3917 servum,
2940 3849 3027 3905 cui
3056 3849 3205 3904 nullo
3229 3846 3574 3918 praecedente
3614 3861 3728 3902 me-

2133 3945 2260 4014 rito,
2291 3953 2435 3998 tanta
2467 3952 2811 4011 praestantur.

2632 4031 2758 4086 PSA
2767 4030 2948 4086 LMUS
2985 4029 3208 4085 CXLIII.

2204 4121 2400 4176 Psalmi
2437 4121 2622 4176 titulus
2653 4130 2677 4158 ⁶
2708 4121 2788 4176 rei
2837 4129 3002 4190 gestae
3049 4121 3225 4189 tangit
3254 4116 3578 4186 historiam,
3622 4132 3726 4188 qua

2137 4212 2160 4254 ί
2190 4214 2374 4270 Golias
2401 4213 2628 4269 bellator
2647 4221 2836 4283 potens
2861 4227 2890 4266 a
2920 4227 3086 4282 puero
3120 4209 3283 4265 David
3312 4209 3570 4278 singulari
3605 4224 3730 4264 cer-

2135 4304 2335 4359 tamine
2365 4312 2650 4372 superatus
2677 4304 2982 4373 agnoscitur
3013 4302 3059 4371 (ι
3091 4301 3218 4372 Reg.
3244 4315 3387 4366 xvu,
3419 4299 3501 4369 ι).
3534 4299 3650 4355 Sed
3675 4309 3730 4356 et

2135 4394 2320 4450 Goliae
2363 4394 2630 4464 signiﬁcat
2677 4394 2987 4460 diabolum,
3027 4403 3083 4448 et
3141 4392 3306 4448 David
3340 4392 3541 4446 indicat
3569 4391 3731 4448 Chris

449 4495 566 4549 tuo,
594 4484 947 4540 conturbatus
977 4498 1118 4551 sum,
1147 4493 1200 4539 et
1222 4483 1395 4540 factus
1413 4501 1532 4541 sum
1557 4496 1698 4542 terra
1723 4488 1841 4542 sine
1864 4502 2022 4558 aqua.
2059 4500 2112 4560 ι)
2137 4495 2310 4554 stum,
2361 4490 2450 4557 qui
2493 4490 2657 4544 etiam
2703 4490 2755 4545 in
2787 4503 3016 4556 corpore
3044 4501 3173 4551 suo,
3226 4486 3278 4540 id
3305 4493 3420 4555 est,
3479 4486 3732 4542 Ecclesia

450 4574 587 4642 Quia
613 4576 859 4630 excitasti
888 4590 1017 4645 ergo
1058 4575 1406 4641 desiderium,
1451 4577 1618 4632 redde
1655 4588 2026 4647 conspectum,

451 4681 520 4721 ne
555 4680 747 4722 aversa
775 4681 805 4719 a
837 4680 923 4722 me
950 4666 1088 4722 facie
1118 4674 1205 4721 tua
1225 4711 1239 4736 ,
1273 4665 1457 4722 similis
1483 4667 1692 4724 efﬁciar
1720 4669 2030 4724 descenden-

449 4759 581 4812 tibus
615 4758 671 4811 in
699 4756 889 4810 lacum.
917 4758 1018 4824 Qui
1046 4768 1223 4814 autem
1271 4760 1359 4816 isti
1399 4769 1546 4828 sunt,
1578 4760 1681 4816 nisi
1724 4761 1792 4816 de
1835 4762 2030 4832 quibus

446 4849 668 4914 dicitur,
703 4846 950 4902 Peccator
978 4864 1093 4902 cum
1120 4852 1304 4904 venerit
1330 4852 1384 4906 in
1413 4852 1734 4923 profundum
1753 4853 2027 4918 malorum,

522 4996 548 5024 ι
578 4986 704 5040 llaec
745 4999 844 5038 vox
878 5001 992 5037 cum
1023 4984 1112 5039 hic
1142 4986 1410 5052 superﬂua
1439 4989 1594 5044 nobis
1640 4989 1887 5054 videtur,
1930 4989 2030 5044 etsi

448 5060 504 5115 in
537 5057 696 5112 editis
728 5056 976 5110 omnibus
1004 5055 1225 5126 legatur.

524 5129 550 5168 δ
581 5128 653 5183 Ita
688 5135 807 5199 post
830 5126 1183 5199 Augustinum
1229 5126 1397 5199 editio
1440 5128 1814 5199 Lugdunensis
1853 5137 2031 5198 poste-

453 5203 587 5264 rior,
619 5212 740 5252 cum
788 5195 1032 5265 Lugdun.
1065 5196 1359 5264 antiquior,
1394 5195 1619 5263 Lova'u”
1655 5201 1820 5256 Duac.
1845 5195 1901 5256 et
1929 5200 2034 5256 Co-

453 5272 562 5326 lon.
596 5269 859 5330 dicerent,
887 5265 1045 5320 simul
1072 5269 1350 5336 cruciﬁxus
1381 5278 1451 5322 est
1477 5271 1637 5323 cruci.

529 5352 550 5378 ο
585 5338 709 5393 Hmc
761 5337 955 5400 verba,
1005 5346 1051 5390 et
1075 5355 1237 5392 annos
1276 5349 1487 5394 teternos
1533 5341 1585 5392 in
1633 5349 1798 5393 mente
1840 5338 2028 5403 habui,

455 5410 704 5462 videntur
735 5409 838 5463 huc
886 5409 1145 5462 translata
1187 5425 1252 5464 ex
1295 5412 1500 5478 psalmo
1543 5426 1738 5476 um,
1775 5427 1824 5463 v.
1873 5409 1925 5464 6.
1980 5410 2035 5464 1η

453 5481 751 5547 Augustino
780 5480 921 5533 enim
950 5479 1034 5532 hic
1070 5480 1174 5534 loci
1206 5497 1312 5534 non
1352 5480 1638 5545 habentur,
1664 5483 1847 5535 nec'in
1882 5488 2032 5535 textu

456 5550 748 5612 Scriptura:
777 5550 964 5616 psalmi
997 5549 1177 5616 hujus.
1215 5551 1292 5605 Ad
1319 5566 1380 5604 ea
1409 5560 1587 5606 tamen
1621 5551 1762 5606 forte
1810 5551 2032 5619 respicit

458 5621 517 5674 ὃ.
552 5619 781 5686 Prosper
805 5635 924 5672 cum
950 5620 1003 5671 in
1032 5623 1368 5685 expositione
1399 5637 1587 5677 versus
1611 5623 1764 5687 dicit,
1793 5631 1841 5676 et
1861 5638 2032 5676 recor-

458 5688 602 5742 datio
627 5689 853 5742 omnium
881 5699 1161 5758 temporum
1195 5693 1372 5748 :unde
1401 5694 1714 5765 conjiciatur
1745 5695 1881 5750 hanc
1911 5707 2032 5763 par-

2142 4579 2466 4648 intelligitur
2491 4597 2502 4630 :
2525 4579 2652 4648 quia
2679 4579 2732 4632 in
2759 4581 2910 4634 nullo
2940 4580 3182 4633 membra
3215 4587 3544 4648 separantur
3572 4593 3606 4632 a
3629 4593 3722 4631 ea-

2142 4668 2254 4736 pite
2286 4668 2329 4738 (i
2355 4666 2477 4722 Cor.
2508 4683 2607 4732 xu,
2632 4668 2746 4737 27).
2779 4668 2869 4724 Sic
2896 4685 3026 4739 ergo
3060 4669 3415 4739 accipiendus
3447 4678 3536 4723 est
3570 4671 3723 4737 psal-

2136 4775 2278 4825 mus,
2308 4769 2366 4814 ut
2397 4761 2680 4816 historicas
2701 4763 2943 4817 actiones
2972 4761 3170 4814 formas
3197 4775 3316 4815 esse
3347 4774 3526 4813 rerum
3556 4759 3730 4828 spina

2136 4853 2323 4908 talium
2363 4853 2703 4920 noverimus,
2733 4863 2788 4909 et
2825 4855 3104 4908 victoriam
3145 4853 3344 4918 David,
3375 4867 3477 4922 qua
3508 4850 3730 4907 Goliam

2092 5025 2096 5028 —
2139 4997 2243 5042 tem
2273 4989 2338 5043 ab
2367 4989 2482 5056 ipso
2512 4989 2618 5046 huc
2645 4992 2901 5046 insertam
2935 4991 3118 5046 fuisse.

2209 5057 2234 5095 ά
2271 5059 2447 5113 Editio
2476 5061 2844 5124 Coloniensis,
2889 5061 3117 5115 humana
3163 5060 3300 5115 odio.
3341 5059 3589 5124 Lugdun.
3635 5077 3729 5116 re-

2137 5130 2618 5203 centior,_humano
2649 5133 2785 5185 odio.
2812 5132 3183 5203 Lugdunensis
3212 5143 3396 5197 vetus,
3428 5130 3641 5185 Lovan.
3676 5142 3731 5187 et

2140 5200 2327 5264 Duac.,
2359 5199 2584 5255 humana
2613 5205 2753 5256 odia.

2215 5270 2477 5342 fr'l'ilulus
2524 5273 2710 5342 psalmi
2743 5274 2792 5326 in
2827 5273 3125 5342 Augustino
3163 5280 3265 5333 est,
3299 5270 3412 5336 Ipsi
3447 5271 3620 5324 David
3660 5274 3729 5325 ad

2141 5338 2374 5411 Goliam;
2415 5342 2465 5393 in
2495 5341 2739 5411 Vulgata,
2767 5338 3005 5396 Psalmus
3037 5343 3200 5395 David
3221 5343 3458 5396 adversus
3484 5342 3724 5397 Goliath.

2141 5409 2316 5464 Priori
2345 5411 2503 5463 modo
2533 5409 2718 5467 scribit
2747 5415 3103 5484 Hieronymus
3142 5417 3194 5466 in
3223 5413 3574 5468 translatione
3614 5415 3726 5467 Ro-

2138 5494 2294 5533 mana
2320 5498 2339 5544 ,'
2371 5484 2654 5548 posteriori
2686 5485 2736 5536 in
2768 5483 3061 5539 Gallicana.

2213 5547 2232 5587 ί
2262 5548 2598 5606 Coloniensis
2628 5554 2792 5607 editio
2822 5556 2998 5620 posuit
3025 5553 3198 5607 Goliat
3220 5595 3233 5618 ,
3263 5567 3382 5606 cum
3412 5555 3720 5608 anteriores

2135 5621 2536 5694 et/iugustinns
2578 5623 2694 5693 ipse
2727 5625 2986 5694 scriptum
3028 5627 3288 5680 haberent
3312 5622 3491 5679 Colias
3531 5626 3619 5680 hic
3668 5636 3722 5683 et

2137 5691 2192 5745 in
2215 5695 2585 5762 sequentibus.
