3978 6178
350 242 464 298 409

1097 241 1516 300 PSALMOIHJM
1555 243 1599 298 A
1638 244 1679 300 C
1718 243 1808 299 AD
1843 242 1930 298 CL
1970 241 2589 306 EXPOSITIO..PSAL.
2630 245 2855 304 CXLlil.

3511 251 3618 308 ιιο

346 353 608 424 perculit,
647 351 713 408 ad
764 352 938 422 ipsum
983 352 1298 422 Dominum,
1354 355 1442 424 qui
1480 364 1562 410 est
1606 370 1676 410 ex
1726 357 1932 410 semine
1958 368 2010 426 Α
2035 354 2088 407 in
2115 355 2290 420 vanis,
2322 354 2376 409 id
2406 366 2508 422 est,
2542 357 2595 411 in
2622 358 2884 423 occiduis,
2917 365 2972 413 et
3011 372 3118 414 non
3151 363 3612 430 permanentibus,

345 445 519 501 David
549 445 726 518 (Rom.
755 460 793 512 ι,
817 446 898 515 5),
923 453 979 502 et
996 445 1063 499 ad
1093 445 1273 501 omnia
1305 447 1420 516 ejus
1451 447 1692 503 membra
1723 447 1929 504 refera-

342 549 490 591 mus.

418 627 599 697 (Vers.
657 625 736 698 l.)
792 625 1100 681 Benedictus
1151 626 1407 683 Dominus
1451 628 1588 683 Deus
1628 645 1800 698 meus,
1840 631 1930 700 qui

342 718 493 771 docet
537 733 722 772 manus
767 733 903 771 meas
948 719 1002 771 in
1035 716 1300 786 praelium,
1333 719 1520 790 digitos
1551 738 1686 774 meos
1724 723 1794 774 ad
1820 721 1928 775 bel-

342 807 474 861 lum.
505 805 622 862 Vox
648 816 731 861 est
761 807 1124 862 membrorum
1174 811 1422 878 corporis
1471 811 1703 876 Chrisd,
1737 812 1931 881 quibus

341 901 412 955 ad
465 901 830 968 superandum
881 900 1090 957 Goliam
1138 903 1377 957 divinum
1434 904 1796 958 necessarium
1849 913 1931 959 est

342 1007 564 1062 semper
593 993 876 1059 auxilium,
911 1003 969 1048 ut
998 993 1115 1048 sive
1137 995 1190 1048 in
1221 995 1428 1062 przelio,
1462 995 1575 1050 sive
1603 996 1654 1049 in
1686 996 1849 1062 bello,
1877 1004 1932 1051 et

341 1097 540 1139 manus
565 1082 888 1148 doceantur,
916 1091 973 1139 et
1004 1084 1180 1154 digiti.
1210 1085 1266 1140 In
1308 1085 1552 1140 manibus
1589 1087 1734 1142 enim
1765 1087 1931 1155 signi-

343 1174 538 1227 tlcatur
585 1174 765 1228 omnis
813 1173 995 1242 operis
1038 1173 1352 1244 plenitudo;
1401 1177 1455 1231 in
1500 1175 1683 1245 digitis
1724 1185 1926 1243 autem,

342 1264 596 1320 laborum
646 1264 893 1333 quaedam
937 1264 1175 1320 divisio:
1226 1274 1288 1320 ut
1335 1274 1460 1321 tota:
1495 1267 1639 1322 vires
1683 1267 1749 1321 ad
1792 1282 1930 1321 con-

343 1353 574 1409 ﬁcienda
623 1353 765 1408 bella
819 1355 1154 1423 pertineant,
1205 1358 1271 1410 ad
1321 1365 1502 1425 partes
1548 1357 1713 1412 animi
1753 1357 1928 1412 virtu-

343 1455 494 1508 tum,
525 1443 756 1500 diversae
789 1446 999 1514 species
1045 1447 1375 1512 praeliorum.
1408 1447 1566 1503 Unde
1600 1447 1792 1519 quibus
1842 1465 1932 1504 ar-

342 1537 449 1591 mis
495 1537 804 1607 quibusque
857 1537 1120 1605 praesidiis
1165 1539 1366 1595 milites
1409 1540 1610 1595 Christi
1658 1542 1930 1596 instruan-

342 1638 457 1694 tur,
490 1629 800 1685 manilestat
822 1630 1138 1699 Apostolus,
1169 1631 1379 1698 dicens,
1410 1631 1517 1686 Alii
1542 1633 1743 1702 quidem
1773 1634 1929 1693 datur

343 1735 434 1787 per
486 1719 744 1790 Spiritum
795 1734 962 1774 sermo
1015 1722 1280 1791 sapientis:
1307 1763 1323 1789 ,
1374 1721 1467 1775 alii
1526 1739 1693 1776 sermo
1757 1725 1923 1777 scien-
1955 1744 2004 1804 Β

341 1815 424 1865 tite
447 1811 729 1866 secundum
757 1813 990 1866 eumdem
1031 1812 1316 1880 Spiritum,
1362 1813 1456 1866 alii
1501 1815 1628 1884 ﬁdes
1667 1815 1723 1868 in
1751 1816 1926 1870 eodem

342 1902 586 1970 Spiritu,
627 1903 720 1955 alii
764 1903 1063 1956 donationes
1105 1904 1424 1957 curationum
1466 1906 1521 1958 in
1558 1922 1658 1958 uno
1701 1906 1923 1974 Spiritu,

337 1992 490 2048 alteri
527 2009 714 2064 genera
749 1993 1065 2063 linguarum,
1106 1993 1196 2047 alii
1231 1994 1519 2062 prophetia,
1552 1995 1642 2048 alii
1670 1994 1926 2063 judicatio

337 2086 662 2154 Spirituum.
710 2083 897 2140 Omnia
938 2096 1108 2138 autem
1154 2085 1263 2139 haec
1308 2096 1552 2154 cperatur
1598 2102 1731 2141 unus
1777 2097 1928 2156 atque

334 2175 504 2246 515
534 2175 673 2228 idem
703 2174 946 2245 Spiritus,
975 2176 1208 2230 dividens
1243 2177 1451 2247 propria
1478 2177 1754 2247 unicuique
1779 2187 1928 2245 prout

333 2269 443 2318 vult
479 2266 522 2330 (Ι
567 2263 689 2320 Cor.
728 2281 836 2334 xu,
879 2267 913 2323 8
940 2265 1126 2337 seqq.).
1161 2267 1257 2321 His
1285 2281 1414 2338 ergo
1451 2267 1668 2338 digitis,
1715 2268 1830 2323 sive
1874 2270 1928 2323 in

329 2357 518 2422 bello,
570 2359 686 2413 sive
737 2357 792 2411 in
850 2358 1036 2426 praelio
1087 2369 1284 2429 pugnat
1336 2374 1531 2429 corpus
1577 2358 1818 2428 Christi,
1873 2370 1930 2416 et

327 2464 558 2503 omnem
592 2448 824 2514 hostem,
855 2450 972 2504 sive
997 2449 1288 2517 visibilem,
1317 2453 1432 2507 sive
1458 2452 1782 2509 invisibilem
1804 2495 1819 2516 ,
1850 2455 1930 2509 la-

325 2542 481 2612 pidis
522 2541 872 2610 iaculatione,
919 2540 1024 2597 hoc
1071 2551 1177 2612 est,
1231 2542 1430 2599 Christi
1475 2544 1748 2601 soliditate
1797 2559 1927 2614 pro-

321 2635 560 2690 sternit.

401 2727 606 2797 (Vers.
660 2725 752 2796 2.)
797 2725 1156 2782 Misericordia
1203 2744 1317 2783 mea
1365 2737 1412 2784 et
1456 2729 1714 2803 refugium
1758 2748 1928 2786 meum

315 2825 612 2885 susceptor
636 2833 776 2870 meus
815 2826 861 2871 et
896 2818 1139 2872 liberator
1178 2835 1340 2874 meus.
1378 2819 1544 2876 Recte
1571 2832 1626 2876 et
1666 2823 1929 2880 veraciter

312 2908 576 2962 dicimus
607 2907 858 2972 Domino,
890 2908 1264 2988 Misericordia.
1285 2928 1399 2966 mea
1418 2953 1433 2980 ,
1463 2913 1586 2979 quia
1617 2929 1723 2967 non
1751 2915 1926 2969 solum

313 3005 636 3058 miseretur
672 3002 875 3069 nostri,
907 3001 1000 3056 sed
1031 3012 1085 3056 et
1115 3017 1215 3058 nos
1251 3006 1396 3073 ipsos
1433 3012 1460 3042 ⁸
1496 3005 1920 3061 misericordiam

2032 445 2257 514 diesque
2299 446 2416 515 ejus
2455 447 2587 501 sicut
2617 449 2795 502 umbra
2824 457 3274 506 transcurrerent.
3307 451 3362 506 In
3400 467 3617 524 compa-

2033 535 2243 591 ratione
2291 538 2488 607 quippe
2532 549 2860 594 aeternorum
2911 555 3045 595 vana
3096 550 3224 596 sunt
3275 545 3613 613 temporalia,

2033 641 2134 681 nec
2162 642 2287 681 vera
2318 637 2444 682 sunt
2469 644 2589 699 qua:
2640 629 2724 685 vel
2752 644 2872 684 esse
2902 630 3177 698 desinunt,
3209 633 3294 687 vel
3322 635 3464 702 quod
3488 647 3616 689 sunt

2034 719 2282 786 perdunt.
2319 719 2447 773 Mira
2474 736 2606 790 ergo
2626 722 2766 776 circa
2801 721 3045 778 homines
3070 722 3283 777 bonitas
3309 732 3362 778 et
3391 724 3612 779 dilectio

2033 807 2153 874 Dei,
2187 811 2327 877 quod
2357 811 2522 865 etiam
2565 811 2632 865 ad
2672 826 2734 867 se
2767 813 3198 881 cognoscendum
3239 823 3396 868 vocat
3425 815 3610 879 talem,

2031 907 2087 955 et
2110 901 2330 970 dignum
2358 903 2608 968 atstimat,
2631 919 2788 971 quem
2817 912 2967 958 tanto
2991 904 3164 974 pretio
3186 904 3432 969 redimat,
3460 916 3515 959 et
3544 907 3612 960 ab

2033 993 2222 1047 umbra
2261 994 2514 1050 vanitatis
2541 994 2756 1049 educat.
2793 995 2896 1060 Qui
2928 997 3070 1050 enim
3103 995 3245 1050 Filio
3270 999 3480 1068 proprio
3508 1015 3612 1052 non

2032 1085 2280 1153 pepercit,
2321 1083 2414 1138 sed
2461 1100 2555 1156 pro
2594 1087 2737 1140 nobis
2784 1087 3018 1140 omnibus
3061 1086 3274 1139 tradidit
3319 1102 3465 1152 eum,
3490 1103 3616 1156 quo-

2030 1174 2182 1228 modo
2208 1191 2310 1229 non
2341 1185 2390 1229 et
2414 1191 2528 1230 cum
2553 1176 2646 1231 illo
2672 1179 2842 1231 omnia
2871 1177 3018 1230 nobis
3052 1178 3257 1232 donavit
3284 1177 3461 1247 (Rom.
3491 1192 3610 1247 vnt,

2029 1263 2147 1334 se).

2103 1356 2283 1427 (Vers.
2335 1356 2486 1428 5~7.)
2533 1357 2785 1429 Domine,
2817 1359 3012 1415 inclina
3054 1359 3207 1416 caelos
3250 1370 3389 1426 tuos,
3433 1370 3482 1415 et
3524 1361 3615 1415 de-

2029 1446 2253 1510 stende;
2281 1455 2432 1519 tange
2462 1461 2656 1504 ntontes
2678 1492 2692 1516 ,
2723 1462 2769 1505 et
2810 1452 3151 1522 fumigabunt.
3193 1453 3418 1506 Corusca
3463 1469 3615 1505 coru-

2030 1540 2301 1604 scationes,
2329 1551 2377 1594 et
2413 1542 2647 1612 disperge
2672 1559 2790 1608 eos;
2819 1546 2988 1598 emitte
3011 1545 3221 1614 sagittas
3249 1556 3364 1598 tuas
3382 1587 3397 1612 ,
3421 1554 3466 1598 et
3488 1561 3610 1598 con-

2029 1630 2254 1684 turbabis
2283 1647 2389 1687 eos.
2423 1631 2612 1687 Emitte
2656 1649 2865 1686 manum
2907 1645 3046 1687 tuam
3075 1637 3139 1687 de
3167 1636 3306 1700 alto;
3330 1637 3465 1708 eripe
3505 1651 3607 1700 me,

2029 1730 2078 1773 et
2135 1721 2296 1774 libera
2343 1739 2423 1776 me
2475 1725 2538 1777 de
2587 1725 2733 1793 aquis
2789 1725 2983 1779 multis.
3041 1726 3178 1780 (ΣωΙὶ
3233 1736 3358 1780 sunt
3413 1727 3610 1794 pradi-

2031 1822 2244 1868 catnres
2301 1815 2541 1870 veritatis
2603 1826 2917 1870 enarrantes
2979 1817 3204 1886 gloriam
3258 1818 3354 1872 Dei
3413 1819 3433 1888 (
3463 1817 3608 1871 Psal.

2031 1919 2198 1967 svnt,
2242 1905 2362 1976 2),
2419 1922 2514 1975 per
2561 1922 2789 1977 quorum
2843 1908 3284 1974 inclinationem,
3337 1916 3394 1963 et
3447 1907 3612 1978 516

2031 1995 2368 2050 tolerantiam
2436 1999 2742 2066 passionum
2804 1999 3092 2053 innotescit
3154 1998 3352 2053 mundo
3416 2014 3606 2053 corus-

2029 2088 2170 2142 catio
2220 2087 2524 2157 Evangelii,
2568 2097 2623 2143 et
2665 2087 2874 2158 fulgura
2911 2088 3293 2143 miraculorum
3335 2088 3610 2143 illustrant

2033 2177 2196 2232 corda
2222 2178 2576 2234 credentium.
2608 2179 2811 2234 Montes
2843 2182 3012 2245 enim,
3046 2180 3097 2234 id
3125 2188 3226 2242 est,
3260 2180 3385 2234 elati
3412 2179 3608 2249 quique

2030 2280 2085 2327 et
2111 2272 2294 2326 tumidi
2325 2311 2339 2336 ,
2376 2282 2631 2344 tangente
2661 2289 2755 2328 eos
2800 2273 2891 2328 Dei
2930 2273 3136 2342 gratia,
3168 2273 3511 2343 fumigabunt,
3554 2279 3610 2326 et

2029 2363 2243 2418 accensi
2285 2363 2471 2418 cordis
2511 2379 2770 2432 vaporem
2799 2377 2920 2418 cum
2953 2363 3206 2434 lacrymis
3253 2362 3610 2416 confessionis

2031 2456 2306 2512 emittent.
2337 2456 2557 2526 Sagitta:
2585 2465 2761 2512 autem
2804 2457 2899 2511 Dei
2928 2457 3091 2511 verba
3120 2464 3244 2510 sunt
3272 2456 3386 2520 Dei,
3413 2456 3609 2525 quibus

2029 2549 2326 2618 dissipatur
2345 2549 2713 2604 consideratio
2740 2549 3124 2617 superborum,
3154 2556 3209 2602 et
3236 2547 3611 2615 percutiuntur

2029 2641 2171 2696 male
2213 2642 2350 2705 sani,
2394 2651 2451 2695 ut
2493 2649 2759 2695 sanentur
2796 2641 2935 2695 bene
2979 2639 3276 2703 vulnerati;
3325 2638 3509 2693 ethoc
3553 2637 3612 2691 lit

2030 2745 2130 2800 per
2157 2732 2410 2786 emissam
2440 2745 2657 2785 manum
2691 2730 2785 2784 Dei
2807 2731 2876 2785 de
2896 2731 3030 2794 alto,
3058 2729 3308 2798 quoniam
3331 2727 3608 2781 brachium

2032 2820 2127 2875 Dei
2156 2819 2335 2886 (Joan.
2368 2835 2460 2886 xtl,
2494 2820 2608 2891 58),
2640 2821 2780 2890 quod
2803 2830 2887 2876 est
2912 2820 3185 2888 Christus,
3235 2819 3397 2874 homo
3436 2818 3611 2872 factus

2030 2921 2135 2980 est,
2166 2923 2221 2969 et
2264 2914 2505 2970 membra
2533 2916 2613 2968 sui
2639 2916 2882 2983 corporis
2929 2928 3034 2968 non
3067 2910 3343 2984 relinquit,
3388 2921 3444 2968 et
3468 2915 3612 2967 eruit

2034 3003 2331 3059 Ecclesiam
2359 3020 2512 3059 suam
2538 3005 2605 3060 de
2641 3006 2796 3076 aquis
2843 3004 3048 3070 multis,
3074 3004 3128 3059 id
3157 3013 3258 3068 est,
3298 3004 3366 3059 de
3394 3004 3607 3072 populis

309 3094 488 3162 facit,
522 3109 596 3148 ne
623 3094 692 3148 sit
709 3094 968 3165 judicium
996 3094 1106 3147 sine
1127 3096 1479 3150 misericordia
1499 3097 1546 3150 ei
1573 3098 1661 3166 qui
1685 3113 1784 3150 non
1808 3099 1926 3167 fecit
1955 3103 2000 3168 α
2037 3097 2366 3165 inﬁdelibus,
2398 3098 2514 3153 sive
2544 3098 2676 3154 foris
2705 3097 3137 3168 oppugnantibus
3155 3136 3172 3164 ,
3214 3097 3329 3152 sive
3358 3097 3501 3150 intus
3529 3097 3613 3149 in-

307 3187 750 3243 misericordiam
787 3184 990 3257 (Jacobi
1018 3201 1090 3253 tt,
1121 3185 1232 3258 15).
1266 3186 1550 3258 Refugium
1577 3199 1752 3244 autem
1786 3198 1867 3244 est
1897 3204 1929 3246 a

306 3300 437 3353 quo
487 3280 885 3349 reparationem
919 3277 945 3317 δ
974 3288 1029 3335 et
1072 3279 1456 3334 conscientiam
1487 3280 1653 3335 sumit
1697 3282 1927 3337 infirmi-

309 3389 434 3430 tas.
493 3373 779 3443 Su—sceptor
820 3380 925 3441 est,
953 3372 1042 3440 qui
1089 3374 1344 3442 pugnanti
1376 3382 1597 3441 praestat
1640 3388 1711 3430 ne
1749 3374 1926 3430 cadat.

307 3474 615 3529 Liberator
642 3477 752 3533 est,
783 3467 873 3537 qui
923 3466 1110 3523 tribuit
1157 3483 1227 3522 ne
1268 3469 1580 3524 vulneretur
1615 3469 1879 3524 dimicans
1909 3482 1926 3522 :

308 3573 566 3636 propter
593 3559 731 3629 quod
760 3557 936 3622 addit,
971 3569 1023 3612 et
1053 3558 1186 3613 dicit
1218 3575 1233 3612 :
1270 3557 1534 3613 Protector
1575 3575 1754 3626 meus,
1797 3569 1845 3612 et
1873 3561 1928 3612 in

304 3660 444 3724 ipso
474 3651 695 3723 speravi,
726 3649 817 3720 qui
845 3649 1014 3704 subdit
1042 3651 1290 3722 populum
1320 3666 1485 3704 meum
1525 3649 1615 3704 sub
1657 3666 1755 3703 me.
1786 3649 1930 3705 Voce

305 3747 534 3814 capitis
586 3744 784 3799 dictum
838 3743 1080 3810 videtur,
1125 3741 1226 3810 Qui
1284 3741 1469 3797 subdis
1525 3742 1778 3810 populum
1827 3741 1928 3797 sub

307 3851 415 3892 me
444 3875 463 3898 ,
497 3835 552 3889 id
581 3844 663 3890 est
685 3876 700 3901 ,
732 3835 1030 3891 Ecclesiam
1075 3834 1206 3888 mihi
1234 3847 1328 3903 per
1355 3833 1514 3888 fidem
1545 3833 1750 3887 subdis.
1781 3832 1928 3890 Voce

308 3935 528 3981 autem
579 3927 822 3995 corporis
868 3924 1091 3993 intelligi
1137 3933 1340 3993 potest,
1387 3923 1644 3992 spiritalis
1684 3923 1928 3993 quisquis

306 4019 600 4082 bellator,
625 4017 713 4086 qui
741 4017 995 4086 populum
1025 4014 1280 4070 rebellem
1309 4013 1658 4083 cupiditatum
1681 4058 1696 4083 ,
1726 4023 1782 4068 et
1811 4029 1928 4068 mo-

312 4119 447 4164 tum
507 4107 804 4161 carnalium
843 4105 1234 4162 desideriorum
1259 4149 1274 4173 ,
1316 4104 1417 4174 legi
1462 4105 1658 4160 mentis
1685 4118 1795 4160 suae
1833 4119 1931 4174 per

311 4213 498 4269 Opem
528 4197 717 4266 gratiae
748 4197 1017 4251 subditum
1046 4195 1356 4250 confitetur.

400 4288 599 4360 (Vers.
633 4288 710 4357 5.)
741 4288 958 4342 Domine
979 4331 995 4356 ,
1029 4287 1154 4357 quid
1183 4295 1255 4340 est
1294 4284 1470 4351 homo,
1509 4287 1748 4354 quoniam
1772 4287 1926 4340 inno-

319 4382 482 4436 tuisti
526 4382 608 4446 ei;
650 4389 741 4434 aut
781 4382 922 4448 filius
951 4379 1202 4445 hominis,
1238 4381 1480 4449 quoniam
1509 4379 1734 4434 aestimas
1773 4379 1929 4432 eum?

2031 3187 2368 3245 sidiantibus.

2107 3280 2287 3350 (Vers.
2313 3280 2368 3343 7,
2395 3277 2476 3351 8.)
2505 3278 2581 3334 De
2608 3295 2766 3334 manu
2792 3279 3022 3348 filiorum
3046 3278 3348 3332 alienorum.
3384 3277 3612 3342 Quorum

2032 3385 2088 3426 os
2129 3371 2357 3425 locutum
2391 3380 2465 3425 est
2494 3373 2797 3440 vanitatem,
2843 3379 2890 3424 et
2916 3370 3126 3424 dextera
3171 3384 3367 3433 eorum,
3401 3370 3611 3421 dextera

2030 3467 2336 3535 iniquitatis.
2366 3464 2443 3520 De
2472 3465 2664 3534 quibus
2686 3466 2838 3534 aquis
2866 3462 3007 3519 eruit
3044 3462 3304 3516 Dominus
3332 3460 3607 3514 humilita-

2033 3564 2141 3611 tem
2170 3555 2360 3619 David,
2391 3555 2442 3609 id
2474 3565 2574 3621 est,
2603 3555 2958 3609 humilitatem
2980 3554 3226 3624 corporis
3244 3551 3467 3617 Christi,
3503 3551 3606 3606 nisi

2032 3646 2100 3701 de
2130 3660 2291 3700 manu
2319 3646 2551 3700 filiorum
2575 3646 2908 3700 alienorum?
2951 3644 3150 3700 Omnes
3190 3643 3330 3698 enim
3364 3641 3611 3696 infideles

2029 3736 2345 3806 alienigena:
2387 3745 2536 3800 sunt,
2569 3750 2670 3790 nec
2698 3737 2750 3789 in
2790 3734 3024 3788 ﬁliorum
3056 3732 3153 3787 Dei
3196 3732 3483 3801 adoptione
3514 3748 3613 3786 nu-

2032 3837 2325 3889 merantur,
2357 3837 2411 3882 et
2437 3841 2498 3881 os
2523 3840 2714 3881 eorum
2744 3825 2982 3894 loquitur
3020 3824 3330 3890 vanitatem,
3381 3836 3610 3890 quorum

2035 3918 2214 3987 lingua
2246 3931 2277 3970 a
2308 3916 2653 3972 confessione
2694 3916 2938 3970 veritatis
2964 3913 3142 3968 aliena
3169 3922 3278 3978 est;
3307 3922 3361 3966 et
3389 3911 3612 3967 dextera

2033 4021 2118 4068 est
2145 4008 2174 4050 σι
2205 4011 2309 4066 illis
2355 4011 2627 4081 iniquitas,
2674 4010 2795 4079 quia
2838 4009 2892 4064 in
2940 4007 3022 4061 his
3073 4020 3194 4076 quae
3245 4006 3442 4074 injusta
3486 4015 3609 4059 sunt

2029 4103 2290 4174 gaudent,
2316 4113 2368 4158 et
2395 4103 2577 4174 pravis
2603 4110 2875 4171 tamquam
2898 4099 3064 4155 rectis
3087 4099 3356 4153 laetantur.

2104 4198 2285 4270 (Vera.
2325 4196 2404 4268 9.)
2440 4196 2599 4261 Deus,
2632 4196 2886 4250 canticum
2927 4208 3113 4247 novum
3158 4189 3374 4245 cantabo
3403 4189 3524 4257 tibi,
3558 4189 3613 4243 in

2029 4291 2276 4360 psalterio
2294 4291 2465 4344 decem
2491 4289 2800 4343 chordarum
2829 4285 3049 4356 psallam
3078 4285 3188 4339 tibi.
3205 4284 3482 4339 Canticum
3508 4298 3608 4339 no-

2032 4398 2155 4436 vum
2190 4390 2273 4437 est
2302 4381 2569 4435 canticum
2602 4381 2789 4449 gratiae
2838 4385 2894 4433 et
2923 4379 3046 4432 novi
3090 4377 3356 4441 hominis,
3399 4390 3460 4429 ac
3489 4374 3612 4428 novi

323 4476 532 4544 Magna
563 4473 795 4543 dignitas
827 4473 1088 4538 hominis,
1116 4473 1206 4541 qui
1246 4472 1325 4525 sic
1350 4485 1380 4524 a
1412 4471 1522 4525 Deo
1558 4481 1580 4508 ο
1611 4473 1828 4525 creatus
1869 4480 1926 4524 ut
1956 4478 2002 4536 D
2030 4471 2358 4527 Testamenti
2381 4514 2396 4539 ,
2442 4470 2584 4541 quod
2622 4471 2676 4524 in
2713 4467 3033 4523 decachordo
3054 4509 3068 4533 ,
3099 4467 3151 4520 id
3197 4475 3303 4532 est,
3336 4467 3388 4520 in
3420 4466 3610 4520 decem

323 4582 496 4622 suum
544 4573 729 4619 nosset
757 4573 1061 4630 auctorem;
1090 4573 1140 4619 et
1174 4563 1304 4617 tanti
1344 4562 1640 4617 :estimatus
1666 4572 1832 4629 esset,
1867 4572 1925 4616 ut

327 4658 661 4729 Unigenitus
691 4657 783 4713 Dei
816 4658 1128 4727 sanguinem
1156 4671 1255 4727 pro
1277 4654 1648 4726 redemptione
1677 4655 1796 4726 ejus
1823 4657 1924 4710 im-

329 4753 624 4822 penderet.

403 4841 594 4910 (Vers.
620 4839 699 4910 4.)
732 4839 899 4895 Homo
918 4839 1129 4894 vanitati
1148 4838 1330 4893 similis
1358 4839 1527 4910 factus
1557 4847 1652 4904 est,
1680 4839 1788 4893 dies
1809 4841 1923 4910 ejus

328 4935 464 4987 sicut
491 4931 678 4985 umbra
703 4939 1030 5000 pratereunt.
1058 4929 1274 4985 Naturae
1296 4945 1407 4984 sua:
1432 4929 1594 4984 homo
1615 4930 1918 4998 immemor,

327 5027 381 5079 in
413 5023 823 5078 similitudinem
855 5025 1108 5078 vanitatis
1145 5022 1448 5077 voluntaria
1479 5022 1924 5092 praevaricatione

329 5125 583 5170 mutatus
605 5123 689 5170 est
722 5132 735 5168 :
767 5124 826 5169 ut
852 5115 941 5185 qui
978 5113 1154 5170 factus
1182 5113 1360 5169 fuerat
1397 5114 1452 5168 in
1493 5114 1746 5180 aeternis,
1777 5124 1922 5171 esset

405 5336 435 5368 ι
488 5324 838 5392 Suspicamur
867 5323 1150 5390 legendum
1173 5363 1189 5388 ,
1220 5322 1571 5376 misericordes
1610 5320 1775 5392 facit;
1819 5321 1919 5392 etsi

331 5397 466 5455 editi
515 5391 684 5448 nostri
713 5409 900 5449 omnes
940 5394 1196 5457 habeant,
1226 5393 1633 5446 misericordiam
1676 5393 1819 5460 facit.
1865 5391 1919 5444 In

332 5466 637 5533 Augustino
680 5466 822 5518 enim
877 5464 1130 5532 legimus.
1183 5464 1284 5518 huc
1330 5462 1448 5528 ipso
1495 5464 1614 5516 loco
1655 5479 1668 5515 :
1718 5460 1925 5516 Pratbes

333 5539 464 5591 mihi
509 5536 933 5596 misericordiam,
977 5543 1022 5586 et
1071 5534 1124 5586 in
1154 5550 1232 5586 me
1275 5534 1448 5587 existis
1492 5534 1817 5596 misericors;
1857 5548 1924 5584 an

333 5607 542 5661 donasti
573 5607 697 5657 mihi
726 5615 777 5656 ut
809 5615 853 5656 et
884 5606 993 5667 ipse
1019 5604 1117 5656 sim
1155 5604 1479 5656 misericors?
1507 5603 1581 5656 De
1611 5602 1755 5656 nulla
1790 5602 1927 5655 enim

338 5695 394 5732 re
436 5679 510 5731 sic
553 5677 772 5729 vincitur
808 5676 1065 5741 inimicus,
1114 5690 1267 5745 quam
1311 5690 1427 5727 cum
1455 5673 1806 5728 misericordes
1844 5690 1928 5728 su-

2033 4565 2317 4633 praeceptis
2344 4564 2475 4634 legis
2523 4563 2770 4625 canitur;
2814 4560 2935 4629 quia
2966 4559 3201 4629 perfecta
3230 4567 3315 4614 est
3352 4559 3403 4612 in
3435 4555 3613 4611 chari-

2039 4664 2151 4710 tate
2172 4654 2437 4723 cantatio;
2469 4654 2701 4710 Charitas
2723 4653 2855 4722 legis
2881 4662 2964 4706 est
2989 4650 3269 4721 plenitudo
3291 4649 3463 4720 (Rom.
3490 4664 3610 4714 xm,

2032 4746 2144 4818 te).
2498 4814 2501 4816 τ

2101 4836 2280 4906 (Vers.
2308 4836 2417 4906 10.)
2447 4835 2549 4900 Qui
2590 4834 2684 4889 das
2709 4836 2929 4890 salutem
2953 4833 3193 4904 regibus;
3221 4832 3324 4886 hoc
3349 4840 3457 4895 est,
3521 4827 3614 4894 qui

2032 4927 2207 4997 tangis
2237 4937 2470 4992 montes,
2498 4936 2553 4981 et
2583 4925 2949 4996 fumigahunt,
2983 4937 3041 4980 ut
3072 4922 3334 4978 humiliati
3375 4919 3611 4974 subdan-

2033 5031 2120 5074 tur
2164 5018 2263 5073 tibi
2291 5033 2412 5073 cum
2461 5019 2844 5074 satisfactionis
2871 5015 3231 5073 confessione.
3267 5012 3368 5079 Qui
3403 5011 3613 5065 redimis

2035 5114 2204 5169 David
2240 5128 2440 5169 servum
2467 5121 2632 5165 tuum.
2682 5108 2801 5165 Non
2845 5116 2993 5164 caret
3023 5104 3238 5162 Davidis
3267 5103 3484 5158 nomine
3521 5103 3611 5169 qui

2026 5337 2157 5375 mus.

2097 5389 2124 5429 δ
2153 5391 2312 5446 Forte
2352 5391 2659 5461 legendum,
2694 5398 2737 5441 et
2773 5385 3151 5453 conﬁdentiam.

2106 5471 2128 5498 ε
2154 5457 2428 5522 Fortasse:
2454 5471 2649 5512 creatus
2674 5468 2764 5520 est,
2799 5468 2853 5508 ut
2883 5471 3030 5508 suum
3061 5459 3227 5506 nosset
3249 5457 3532 5512 auctorem,
3561 5458 3610 5502 et

2027 5535 2153 5585 tanti
2181 5534 2460 5585 arstimatus
2491 5541 2582 5590 est,
2614 5539 2689 5590 ut,
2720 5539 2824 5582 etc.

2102 5600 2128 5640 ἀ
2154 5602 2249 5657 llic
2268 5602 2492 5666 Lovan.,
2523 5587 2685 5650 “hac.
2715 5607 2767 5650 et
2793 5596 3008 5658 Colum,
3036 5591 3239 5666 addunt
3269 5587 3602 5661 prapositim

2032 5689 2154 5729 ncm
2177 5675 2248 5740 in,
2282 5688 2401 5741 qua:
2430 5663 2488 5726 in
2515 5666 2854 5737 Lugdunensi
2887 5681 2995 5722 non
3024 5663 3259 5720 additur.
