4028 6176
441 242 538 294 ιιι

1662 232 1724 292 8.
1764 228 2099 290 PBOSPERI
2142 229 2470 297 AQUITANI

3609 232 3711 285 ιιι

437 368 632 425 corpus
656 364 741 410 est
769 351 967 408 Christi
993 395 1008 419 ,
1041 361 1096 408 et
1122 351 1207 406 cui
1234 358 1422 406 contra
1463 349 1680 405 Goliam
1717 347 2016 404 decertatio
2043 353 2094 408 Α
2119 345 2208 414 qui
2230 353 2314 398 est
2333 357 2500 412 super
2519 343 2700 398 omnia
2726 343 2870 398 Deus
2891 343 3212 400 benedictus
3231 344 3283 398 in
3307 345 3503 399 saecula
3528 345 3709 416 (Rom.

440 459 546 503 est.

515 538 696 611 (Vers.
725 536 836 606 ll.)
868 533 947 588 Ds
977 535 1153 607 gladio
1179 535 1408 604 maligna
1437 533 1576 602 eripe
1598 548 1696 586 me.
1729 531 1846 586 Non
1873 530 2026 587 sufﬁ-

441 631 512 684 cit
543 640 598 684 ut
627 631 689 682 de
707 629 880 698 gladio
907 628 1116 694 diceret,
1148 628 1248 681 nisi
1273 627 1520 693 adderet,
1547 635 1600 680 et
1622 624 1874 694 maligno,
1900 625 2024 694 quia

443 733 527 776 est
547 725 664 775 sine
691 721 854 774 dubio
885 731 939 774 et
989 721 1274 788 benignus,
1303 719 1372 774 de
1400 735 1508 788 quo
1559 718 1816 773 Dominus
1857 718 1987 770 dicit
2008 757 2022 779 ,

443 814 564 865 Non
591 814 702 864 veni
719 827 895 882 pacem
911 812 1107 863 mittere
1126 812 1179 864 in
1205 822 1416 876 terram,
1446 809 1536 864 sed
1559 807 2023 879 gladium(lllatth.

441 919 497 965 x,
534 899 647 972 54).
706 901 970 969 Malignus
1007 916 1134 970 ergo
1177 909 1283 969 est,
1333 901 1421 970 qui
1473 909 1742 967 separata
1774 897 2024 964 Christo;

444 996 726 1064 benignus,
771 995 862 1064 qui
912 993 1182 1048 abscindit
1223 1009 1253 1048 a
1284 993 1504 1047 mundo.
1559 991 1626 1045 Et
1667 993 1808 1058 eripe
1857 1006 1936 1044 me
1962 990 2028 1044 de

440 1103 599 1140 manu
627 1086 855 1155 ﬁliorum
879 1085 1184 1151 alienarum,
1233 1085 1322 1154 qui
1351 1086 1561 1140 scilicet
1595 1092 1821 1139 utuntur
1849 1083 2029 1152 gladio

442 1178 700 1244 maligno.
727 1173 857 1228 Filii
885 1176 1086 1248 quippe
1129 1176 1394 1228 hominum
1417 1175 1590 1228 dentes
1620 1189 1795 1228 eorum
1815 1189 1960 1226 arma
1983 1184 2030 1226 et

405 1295 418 1300 -~
442 1272 662 1339 sagittce,
692 1275 739 1321 et
766 1269 941 1338 lingua
971 1283 1149 1320 eorum
1175 1267 1383 1338 gladius
1411 1277 1592 1320 acutus
1618 1265 1792 1337 (Psal.
1813 1280 1919 1329 LVI,
1947 1263 2027 1335 5).

452 1361 555 1429 Qui
580 1376 710 1430 ergo
732 1371 856 1413 sunt
881 1359 977 1413 ﬁlii
1003 1359 1181 1424 alieni,
1215 1358 1317 1428 ipsi
1338 1368 1463 1413 sunt
1493 1358 1702 1428 gladius
1740 1358 2028 1427 malignus,

443 1452 547 1520 ipsi
596 1460 719 1505 sunt
746 1465 900 1519 aquae
951 1449 1165 1515 multae;
1215 1458 1267 1504 et
1299 1448 1422 1504 ideo
1471 1447 1660 1504 eadem
1716 1448 2028 1518 subiungit,

449 1545 610 1616 517
644 1560 767 1614 qua:
813 1543 962 1613 prius
993 1543 1242 1608 dixerat,
1283 1550 1345 1596 ut
1390 1541 1457 1596 de
1499 1542 1694 1609 quibus
1738 1541 2030 1610 loquatur,

450 1636 690 1705 apertius
719 1635 936 1704 pandat,
978 1635 1201 1690 dicens:
1237 1634 1469 1699 Quarum
1497 1649 1555 1687 os
1583 1634 1811 1686 locutum
1838 1639 1911 1686 est
1939 1649 2032 1685 ua-

447 1729 678 1792 nitatem,
707 1733 753 1779 et
779 1725 985 1779 dextera
1030 1739 1206 1779 eorum
1251 1725 1460 1778 dextera
1509 1724 1815 1794 iniquitatis.
1859 1722 2028 1789 Quam
2065 1726 2110 1784 Β

445 1832 574 1887 ergo
626 1817 916 1871 vanitatem
970 1815 1064 1869 lilii
1110 1813 1272 1869 alieni
1327 1815 1642 1883 loquantur,
1694 1823 1749 1869 et
1793 1830 1912 1883 qua:
1963 1814 2034 1868 sit

448 1910 676 1964 dextera
723 1909 1018 1976 iniquitatis
1059 1909 1322 1975 ipsorum,
1361 1907 1603 1976 subjecta
1637 1907 2030 1961 demonstrant.

519 2000 700 2072 (Vers.
735 1998 948 2068 12-14.)
981 1998 1212 2064 Quorum
1237 1998 1334 2066 ﬁlii
1367 1999 1500 2051 sicut
1537 1995 1752 2051 nouella:
1777 1996 2035 2051 constabi-

448 2093 556 2148 lita:
580 2111 612 2145 a
634 2096 905 2164 juventute
931 2108 1046 2145 sua.
1071 2088 1225 2144 Filia
1245 2107 1422 2144 eorum
1440 2092 1750 2162 compositae,
1772 2099 1820 2144 et
1840 2099 2037 2144 ornate

448 2187 578 2238 sicut
605 2183 891 2238 similitudo
913 2182 1127 2250 templi;
1155 2181 1371 2236 cellaria
1393 2198 1569 2236 eorum
1590 2184 1764 2254 plena,
1791 2191 2034 2238 eructan—

451 2278 524 2330 tia
566 2292 629 2330 ea:
666 2275 763 2328 hoc
793 2275 846 2328 in
889 2275 1016 2340 hac;
1055 2289 1169 2328 aves
1197 2289 1377 2328 eorum
1405 2275 1606 2342 fetam,
1637 2273 1956 2327 abundantes
1982 2273 2037 2326 in

450 2370 733 2441 egressibus
755 2368 895 2430 suis;
923 2366 1068 2419 boves
1087 2381 1264 2419 eorum
1283 2366 1463 2420 crassi.
1490 2364 1542 2418 Ν
1548 2381 1616 2418 οη
1641 2374 1714 2419 est
1742 2366 1897 2418 ruina
1923 2380 2036 2418 ma-

453 2461 627 2522 cerie,
661 2474 821 2528 neque
850 2458 1119 2520 transitus,
1145 2471 1308 2526 neque
1326 2455 1521 2510 clamor
1541 2456 1594 2508 in
1619 2454 1802 2525 plateis
1835 2470 2034 2510 eorum.

455 2551 581 2604 Haec
610 2548 939 2602 abundantia
969 2557 1132 2616 atque
1175 2545 1833 2616 prosperitasjcommunis
1866 2552 1953 2601 est
1986 2555 2042 2600 et

455 2641 610 2696 malis
650 2648 706 2694 et
740 2639 923 2704 bonis;
963 2637 1058 2692 sed
1096 2653 1124 2690 a
1169 2637 1328 2691 malis
1368 2637 1420 2691 in
1461 2636 1684 2692 dextera
1723 2635 1973 2702 habetur,
2009 2650 2040 2690 a

456 2733 613 2787 bonis
644 2743 822 2786 autem
856 2731 911 2785 in
951 2729 1166 2784 sinistra
1193 2738 1478 2797 reputatur
1511 2745 1525 2782 :
1559 2743 1667 2784 non
1694 2729 1820 2798 quia
1843 2736 1900 2784 et
1925 2727 2039 2798 ipsa

457 2839 563 2877 non
596 2822 691 2876 Dei
717 2821 856 2875 dona
883 2829 1030 2888 sunt,
1054 2820 1148 2875 sed
1176 2819 1300 2889 quia
1325 2821 1555 2876 terrenis
1575 2829 1631 2875 et
1657 2819 2042 2889 temporalibus

454 2914 696 2971 cmlestia
732 2921 790 2968 et
829 2909 1031 2965 interna
1071 2911 1504 2981 superemineat,
1547 2920 1603 2966 et
1645 2910 1787 2965 sicut
1821 2918 2044 2964 utuntur

456 3005 628 3059 sancti
661 3002 1018 3073 praesentibus
1041 3009 1311 3072 tamquam
1341 3016 1451 3056 non
1482 3009 1703 3056 utantur
1732 3002 1776 3072 (l
1805 3001 2042 3067 Cor.vtt,

457 3092 576 3166 31),
601 3094 815 3177 sintque
838 3092 1100 3148 habentes
1125 3092 1277 3161 quasi
1299 3105 1408 3146 non
1431 3091 1717 3158 habentes,
1741 3092 1836 3148 lilii
1860 3102 2040 3149 autem
2071 3083 2117 3147 C

457 3185 798 3254 alienigenae,
831 3184 922 3252 qui
956 3183 1200 3238 dextram
1230 3182 1335 3236 sibi
1366 3183 1419 3237 in
1452 3181 1780 3238 transitoriis
1805 3184 1959 3238 bonis
1989 3191 2046 3240 et

462 3281 515 3336 in
558 3280 765 3335 lubrica
804 3278 1064 3334 felicitate
1099 3280 1466 3344 constituunt,
1510 3294 1620 3335 non
1662 3279 1730 3334 de
1770 3277 2042 3347 opulentia

463 3379 791 3440 arguuntur,
847 3369 942 3425 sed
997 3371 1066 3426 de
1121 3385 1377 3438 perverso
1429 3386 1606 3426 rerum
1664 3368 2045 3423 amissibilium

461 3481 650 3520 amore
688 3464 1001 3534 culpantur;
1039 3465 1193 3533 cuius
1229 3474 1286 3519 et
1309 3466 1520 3519 vanitas
1553 3475 1608 3519 et
1638 3464 1893 3534 iniquitas
1929 3462 2047 3529 ejus

462 3556 747 3612 sententias
777 3566 882 3624 est,
915 3563 972 3609 ut
998 3569 1172 3624 neque
1203 3555 1330 3620 ﬁde,
1369 3571 1544 3625 neque
1575 3569 1692 3624 spe,
1723 3569 1898 3625 neque
1919 3555 2049 3608 cha-

463 3650 644 3715 ritate,
677 3663 797 3717 quae
825 3662 1038 3702 sursum
1071 3657 1197 3702 sunt
1225 3649 1438 3717 sapiant
1470 3647 1690 3720 (Coloss.
1722 3663 1804 3717 tu,
1833 3646 1918 3718 2),
1951 3646 2047 3704 sed

465 3742 676 3797 inﬁrma
708 3749 764 3796 et
791 3741 993 3796 caduca
1023 3742 1241 3811 praemia
1268 3741 1511 3813 diligant,
1539 3754 1661 3812 quae
1689 3740 1970 3809 deserunt,
1995 3749 2050 3796 et

460 3848 492 3886 a
518 3832 710 3902 quibus
730 3831 1076 3887 deseruntur.

535 3922 720 3993 (Vers.
755 3922 867 3995 15.)
895 3923 1112 3978 Beatum
1134 3924 1372 3977 dixerunt
1392 3924 1639 3996 papulum
1664 3923 1745 3977 cui
1772 3922 1883 3977 hare
1909 3933 2046 3976 sunt.

464 4014 718 4069 Vanitate
753 4014 930 4083 pleni,
968 4014 1072 4068 ﬁde
1107 4014 1297 4078 vacui,
1340 4015 1623 4084 iniquitate
1661 4015 1884 4077 armati,
1925 4021 1980 4067 et
2018 4029 2048 4068 a

465 4117 613 4161 sorte
648 4115 868 4163 interna:
898 4105 1228 4160 hereditatis
1253 4107 1419 4162 alieni
1449 4107 1503 4160 in
1533 4106 1634 4162 hoc
1662 4116 2044 4176 proruperunt,

468 4209 527 4251 ιιι
548 4198 792 4252 dicerent
817 4197 1031 4250 beatum
1055 4197 1307 4264 populum
1331 4198 1415 4250 cui
1443 4198 1555 4251 haec
1572 4207 1718 4251 sunt.
1744 4197 1851 4252 Sed
1869 4197 2052 4250 dicant

469 4287 559 4340 lilii
590 4285 967 4356 promissionis
998 4304 1010 4339 :
1044 4284 1235 4340 Beatus
1276 4287 1495 4358 populus
1523 4290 1672 4359 cujus
1698 4299 1768 4341 est
1796 4285 2051 4342 Dominus

469 4380 608 4435 Deus
638 4379 816 4452 ipsius.

960 4472 1178 4528 PSALM
1191 4471 1274 4528 US
1319 4470 1550 4527 CXLIV.

539 4563 717 4634 (Vers.
751 4563 1112 4635 l.)~Exaltaba
1133 4573 1199 4629 te,
1227 4550 1524 4617 Deus'meus
1549 4578 1660 4628 rex,
1684 4573 1732 4617 et
1754 4561 2050 4616 benedicens

469 4671 650 4709 nomen
676 4665 818 4708 tuum
848 4656 903 4708 in
933 4655 1201 4719 sarculum,
1230 4664 1276 4708 et
1303 4657 1356 4708 in
1381 4655 1624 4709 saeculum
1653 4653 1851 4709 saculi.
1882 4653 2050 4710 Totus

472 4748 709 4816 psalmus
733 4746 824 4800 Dei
849 4746 1004 4799 laude
1024 4747 1349 4812 contexitur,
1373 4756 1566 4801 etcum
1596 4747 1650 4801 in
1683 4748 1838 4800 titulo
1860 4748 2050 4815 psalmi

470 4839 637 4893 David
670 4838 742 4893 sit
769 4847 1066 4905 praenotata
1096 4839 1351 4904 laudatio,
1379 4848 1405 4875 ⁸
1435 4842 1717 4894 evidenter
1745 4839 1834 4894 ille
1863 4850 2048 4895 osten-

465 4932 612 4985 ditur
634 4930 939 5000 praidicari,
959 4931 1049 4998 qui
1072 4939 1154 4984 cst
1173 4930 1468 4986 secundum
1491 4931 1744 4986 deitatem
1771 4933 2048 4999 Dominus,

465 5031 790 5092 creatorque
831 5022 1020 5088 David,
1060 5032 1117 5076 et
1154 5022 1450 5077 secundum
1491 5022 1631 5091 quod
1670 5022 1892 5077 Verbum
1930 5041 2052 5079 cara

469 5113 662 5178 factum
686 5121 758 5167 est
783 5112 963 5184 (Joan.
1001 5127 1040 5178 ι,
1074 5113 1190 5180 14),
1228 5113 1368 5166 ﬁlius
1400 5113 1567 5168 David
1594 5125 1704 5178 est;
1733 5124 1786 5168 et
1818 5129 1924 5170 non
1949 5116 2050 5170 du-

427 5211 432 5220 ‘
470 5202 596 5272 plex
636 5219 888 5272 persona,
924 5203 1020 5258 sed
1063 5217 1199 5257 unus
1233 5213 1318 5258 est
1351 5203 1594 5259 Christus
1636 5204 1811 5276 (Rom.
1856 5221 1931 5275 rx,
1970 5208 2050 5278 5),

475 5387 851 5511 Dﬁogcilicet,
899 5386 1160 5442 Laudatio
1207 5387 1311 5457 ipsi
1365 5386 1568 5452 David,
1615 5394 1736 5453 aut,
1797 5385 2056 5441 Laudatio

523 5474 601 5510 am
647 5498 659 5510 .

523 5474 659 5510 ama.

540 5527 568 5566 δ
599 5527 934 5583 Coloniensis
954 5527 1146 5593 codex,
1168 5529 1430 5597 generatio
1449 5537 1807 5597 nuncupatur;
1833 5535 1889 5583 et
1917 5527 2053 5582 infra

471 5597 635 5659 idem,
668 5599 731 5650 ιη
760 5600 1103 5667 generatione.

551 5679 575 5709 ι
608 5669 780 5725 Locus
803 5668 887 5724 hic
909 5667 1122 5726 videtur
1149 5669 1324 5739 aliqua
1356 5681 1508 5740 parte
1537 5669 1758 5725 mutilus
1788 5669 1841 5724 in
1867 5669 2046 5726 omni-

2127 450 2166 500 ι,
2199 432 2316 499 25).
2355 433 2524 503 Hujus
2565 449 2695 504 ergo
2724 434 2958 488 laudatio
2993 434 3156 490 etiam
3197 437 3250 488 in
3291 437 3542 504 praesenti
3577 446 3711 490 tem-

2129 542 2259 595 pore
2302 528 2663 582 continuanda
2710 536 2826 592 est,
2865 543 2985 596 qua:
3027 530 3078 582 in
3112 531 3415 583 aeternitate
3460 543 3715 584 mansura

2127 629 2210 675 est
2246 635 2263 672 :
2305 634 2334 672 a
2375 634 2482 687 quo
2513 619 2694 674 oflicio
2732 621 2824 690 qui
2856 620 2910 673 itt
2948 620 3048 675 hoc
3076 621 3275 675 saeculo
3306 619 3470 690 518
3503 619 3716 675 alienus

2127 718 2234 774 est,
2268 708 2445 764 futura
2477 709 2803 763 laudationis
2831 709 2930 764 Dei
2958 710 3147 780 gaudia
3175 724 3281 762 non
3309 710 3549 763 intrabit.

2200 802 2379 874 (Vers.
2407 802 2494 870 2.)
2526 801 2629 857 Per
2650 802 2880 873 singulas
2909 802 3018 857 dies
3043 802 3337 855 benedicam
3364 810 3430 864 te,
3457 811 3503 856 et
3530 801 3720 854 lauda-

2128 893 2191 947 bo
2235 910 2416 947 nomen
2452 903 2596 947 tuum
2628 893 2682 946 in
2719 902 3003 960 aternum,
3046 902 3092 948 et
3136 894 3188 946 in
3227 893 3472 948 scculum
3510 894 3716 947 surculi.

2134 985 2359 1040 Dubium
2397 999 2506 1038 non
2542 991 2626 1038 est
2662 983 2732 1039 ad
2768 994 3087 1053 praesentem
3116 999 3327 1053 quoque
3357 985 3517 1038 vitam
3547 985 3721 1054 perti-

2133 1090 2267 1130 nere
2313 1075 2409 1130 Dei
2451 1075 2695 1140 laudem,
2737 1074 3170 1144 quandoquidem
3216 1091 3305 1146 per
3337 1075 3571 1146 singulos
3606 1077 3721 1130 dies

2131 1166 2436 1222 benedictio
2466 1167 2556 1222 Dei
2583 1167 2910 1222 celebranda
2932 1167 3262 1237 disponitur,
3287 1183 3390 1222 non
3412 1169 3718 1224 obsistente

2135 1278 2314 1316 rerum
2343 1261 2685 1316 mutabilium
2707 1264 3004 1317 varietate:
3035 1261 3183 1331 quia,
3206 1261 3321 1316 sive
3352 1262 3504 1316 laetus
3530 1263 3602 1317 de
3629 1277 3723 1317 se-

2135 1353 2348 1418 cundis.
2389 1353 2504 1407 sive
2546 1353 2714 1408 tristis
2747 1353 2818 1408 de
2853 1353 3098 1408 adversis
3135 1352 3363 1407 ducatur
3390 1353 3528 1418 dies,
3562 1369 3726 1408 num-

2134 1461 2295 1516 quam
2316 1459 2345 1499 a
2373 1445 2468 1500 Dei
2494 1445 2648 1499 laude
2666 1444 2987 1501 cessandum
3009 1452 3111 1500 est.
3135 1444 3232 1510 Qui
3258 1445 3402 1499 enim
3425 1459 3720 1514 numquam

2139 1548 2399 1602 tentatur,
2429 1552 2718 1606 numquam
2752 1537 3030 1607 probatur,
3061 1545 3116 1594 et
3138 1537 3328 1592 melius
3359 1546 3442 1593 est
3469 1552 3591 1593 cum
3619 1539 3721 1592 tri-

2139 1629 2412 1684 bulatione
2451 1629 2714 1690 exerceri,
2753 1643 2916 1697 quam
2961 1642 3084 1684 cum
3124 1629 3480 1697 prosperitate
3519 1629 3718 1695 puniri.

2205 1719 2386 1786 (Vers.
2416 1719 2496 1788 ‘5.)
2526 1718 2752 1790 Magnus
2781 1718 3053 1785 Dominus,
3084 1729 3130 1774 et
3162 1719 3441 1774 laudabilis
3463 1720 3638 1784 valde,
3673 1728 3723 1775 et

2135 1812 2505 1883 magnitudinis
2543 1815 2658 1882 ejus
2700 1827 2804 1864 non
2845 1819 2924 1866 est
2963 1811 3106 1880 ﬁnis.
3143 1810 3304 1865 Nullo
3345 1813 3450 1865 line
3489 1811 3723 1866 laudatio

2135 1908 2255 1976 ejus
2275 1903 2638 1970 concluditur,
2660 1905 2813 1973 cujus
2840 1902 3223 1972 magnitudinis
3254 1903 3433 1958 nullus
3462 1904 3724 1957 terminus

2138 1999 2427 2062 invenitur,
2449 1998 2584 2052 etin
2610 1996 2768 2067 cujus
2795 1996 3178 2064 praedicatione
3200 1994 3458 2064 quidquid
3479 1994 3726 2049 laudator

2136 2093 2334 2164 poterit
2367 2093 2636 2162 cogitare,
2670 2106 2778 2146 non
2819 2089 3038 2145 sufﬁcit.
3075 2090 3176 2159 Qui
3215 2105 3344 2160 ergo
3383 2091 3528 2144 omni
3570 2091 3724 2145 laude

2137 2199 2354 2253 semper
2391 2191 2477 2239 est
2514 2183 2709 2253 major,
2738 2182 2856 2237 sine
2897 2181 3006 2237 ﬁne
3045 2182 3316 2236 laudetur.
3354 2181 3435 2236 Ex
3472 2182 3575 2236 hoc
3610 2182 3728 2251 ipso

2140 2277 2303 2331 homo
2331 2291 2482 2346 spem
2513 2289 2628 2330 sua:
2649 2274 2966 2330 aeternitatis
2994 2274 3246 2342 accipiat,
3272 2273 3398 2342 quia
3428 2289 3721 2343 numquam

2143 2383 2250 2422 non
2283 2368 2408 2432 erit,
2433 2367 2522 2436 qui
2550 2367 2834 2421 Dominum
2861 2366 3081 2420 laudare
3113 2381 3218 2420 non
3250 2365 3469 2420 desinit.

2209 2457 2392 2530 (Vera.
2421 2457 2504 2523 4.)
2531 2455 2804 2511 Generatio
2826 2467 2872 2510 et
2894 2457 3154 2529 generatio
3176 2456 3410 2510 laudabit
3436 2472 3595 2525 opera
3615 2465 3727 2522 tua,

2140 2558 2188 2604 et
2205 2551 2438 2603 virtutem
2462 2559 2603 2602 tuam
2625 2548 3023 2602 annuntiabunt.
3049 2549 3223 2604 Omne
3245 2547 3535 2604 humanum
3557 2564 3730 2618 genus

2140 2643 2416 2712 generatio
2443 2641 2675 2709 repetita
2705 2639 2995 2710 signiﬁcat,
3025 2655 3148 2710 quae
3175 2641 3242 2696 ab
3270 2641 3429 2695 initio
3456 2641 3539 2695 sui
3563 2656 3732 2710 usque

2142 2736 2196 2788 in
2229 2735 2386 2788 linem
2427 2748 2523 2802 per
2558 2732 3049 2786 considerationem
3073 2743 3447 2787 creaturarum
3479 2733 3723 2787 rationa-

2145 2825 2322 2880 biliter
2348 2823 2600 2893 intelligit
2623 2822 2996 2878 universitatis
3020 2833 3302 2878 auctorem
3326 2822 3501 2893 (Rom.
3536 2837 3577 2887 ι,
3608 2822 3731 2888 20),

2145 2924 2203 2971 ut
2221 2916 2290 2972 de
2314 2916 2399 2972 his
2424 2929 2544 2985 quas
2566 2913 2752 2970 videre
2781 2913 3036 2983 possibile
3065 2921 3170 2978 est,
3193 2922 3248 2968 et
3278 2913 3330 2967 in
3358 2914 3551 2982 quibus
3583 2920 3733 2966 tanta

2148 3010 2562 3065 admirationum
2602 3007 2830 3062 materia
2869 3014 2974 3075 est,
3015 3021 3078 3061 ea
3109 3021 3231 3075 qua:
3278 3007 3427 3061 cerni
3467 3013 3740 3075 nequeant

2146 3102 2485 3156 aestimentur
2520 3110 2578 3156 et
2613 3099 2708 3155 ille
2733 3114 2948 3154 omnem
2989 3099 3159 3154 aciem
3191 3099 3390 3154 mentis
3418 3106 3737 3167 exsuperet,

2147 3192 2215 3248 de
2242 3207 2351 3263 quo
2382 3206 2574 3263 parum
2605 3191 2764 3261 digne
2800 3190 2966 3245 sentit
2997 3190 3087 3260 qui
3123 3197 3273 3260 putat
3306 3189 3557 3244 sufficere
3592 3189 3742 3259 quod

2148 3285 2420 3353 intelligit.
2449 3284 2634 3338 Poiest
2659 3292 2836 3337 autem
2869 3298 2963 3351 per
2990 3296 3148 3336 unam
3173 3281 3598 3350 generationem,
3626 3279 3742 3350 pri-

2150 3392 2234 3432 ma
2263 3376 2561 3447 signiﬁcari
2591 3377 2698 3430 vita
2728 3377 3071 3440 mortalium;
3105 3392 3200 3444 per
3223 3376 3448 3431 alteram
3481 3389 3612 3428 vero
3641 3388 3738 3443 ge-

2150 3472 2511 3534 nerationem,
2539 3469 2872 3522 resurrectio
2905 3469 3076 3536 accipi
3103 3486 3116 3522 :
3151 3469 3272 3537 quia
3297 3478 3350 3522 et
3377 3466 3491 3535 ipsa
3523 3466 3548 3505 δ
3582 3481 3743 3536 rege-

2151 3560 2359 3616 neratio
2385 3571 2751 3627 nuncupatur,
2790 3559 3085 3614 secundum
3116 3559 3259 3624 quod
3287 3558 3491 3614 dictum
3525 3566 3645 3622 est,
3675 3553 3744 3611 In

2149 3654 2530 3724 regeneratione
2550 3662 2740 3717 autem,
2771 3670 2885 3707 cum
2907 3653 3090 3707 sederit
3119 3651 3286 3706 Filius
3311 3651 3532 3706 hominis
3553 3651 3609 3703 in
3633 3666 3746 3703 ma.

2142 3747 2331 3817 jestate
2364 3761 2460 3797 sua
2498 3743 2716 3814 (Matth.
2759 3760 2872 3811 xtx,
2912 3742 3030 3814 28).
3067 3743 3341 3827 Laudatur
3379 3757 3508 3811 ergo
3543 3741 3599 3795 in
3641 3742 3746 3795 hoc

2151 3837 2369 3902 saeculo,
2400 3845 2457 3891 et
2487 3836 2656 3891 multo
2687 3836 2858 3904 magis
2893 3835 3196 3889 laudabitur
3225 3835 3279 3888 in
3311 3836 3508 3888 futuro.
3539 3831 3676 3887 Nam
3700 3831 3750 3886 si

2154 3945 2296 3987 nunc
2332 3933 2436 3987 hoc
2471 3931 2677 3986 faciunt
2710 3929 3026 4000 compediti,
3053 3929 3324 4000 quomodo
3363 3942 3469 3984 non
3510 3928 3749 3998 amplius

2154 4021 2356 4076 facient
2384 4019 2668 4076 coronati?

2227 4112 2410 4179 (Vers.
2452 4111 2587 4182 5-7.)
2626 4110 3066 4179 Magniﬁcentiam
3109 4110 3290 4181 gloriae
3323 4109 3613 4162 sanctitatis
3645 4118 3753 4162 tua
3791 4121 3796 4124 ·

2155 4204 2454 4272 loquentur,
2494 4212 2542 4257 et
2578 4203 2840 4256 mirabilia
2885 4209 2974 4254 tua
3016 4200 3350 4255 enarrabunt.
3394 4197 3463 4252 Et
3505 4201 3754 4252 uirtutem

2156 4294 2464 4348 terribilium
2519 4303 2722 4347 tuorum
2774 4292 2986 4357 dicent,
3039 4301 3086 4344 et
3137 4289 3548 4360 magnitudinem
3606 4299 3755 4343 tuam

2154 4387 2481 4440 enarrabunt.
2507 4384 2814 4440 Memoriam
2846 4384 3171 4438 abundantius
3192 4381 3459 4437 suauitatis
3505 4390 3608 4434 tua:
3633 4396 3756 4433 eru-

2082 4458 2134 4518 D
2157 4477 2387 4544 ctubunt,
2409 4486 2456 4531 et
2475 4478 2732 4549 justitiam
2755 4485 2894 4528 tuam
2912 4473 3405 4530 exsultabunt.Veri
3435 4471 3758 4526 laudatores

2161 4569 2254 4624 Dei
2279 4568 2412 4622 tNtil
2435 4582 2658 4636 operum
2689 4567 2806 4636 ejus
2827 4566 3258 4634 iudiciorumque
3279 4578 3384 4618 non
3414 4562 3674 4624 laudant;
3701 4571 3758 4616 et

2157 4661 2237 4716 sic
2265 4659 2444 4714 omnia
2476 4659 2613 4714 facta
2651 4660 2938 4722 mirantur,
2976 4665 3034 4710 ut
3069 4654 3369 4710 mirabilior
3399 4653 3471 4708 sit
3499 4653 3622 4722 ipse
3661 4652 3756 4720 qui

2157 4750 2306 4818 fecit,
2343 4749 2469 4820 quia
2499 4748 2758 4818 quidquid
2788 4749 2841 4802 in
2871 4756 3118 4803 creatura
3151 4745 3417 4800 laudabile
3446 4744 3757 4813 reperitur,

2157 4843 2225 4899 ad
2248 4844 2395 4898 illius
2423 4842 2658 4897 recurrit
2680 4842 2905 4911 gloriam
2932 4840 3022 4909 qui
3051 4847 3306 4909 operatur
3328 4837 3508 4891 omnia
3538 4836 3593 4890 in
3626 4851 3760 4891 om-

2160 4935 2320 4988 nibus
2354 4934 2397 5004 (-l
2437 4932 2558 4986 Car.
2599 4947 2696 4996 ιιι,
2733 4931 2814 4999 6).
2850 4930 3006 4986 Unde
3034 4939 3090 4985 et
3121 4927 3382 4983 terribilia
3418 4925 3537 4995 ejus
3572 4926 3761 4980 laudis

2160 5027 2364 5081 honore
2394 5033 2522 5079 sunt
2550 5024 2708 5094 plena
2742 5040 2755 5076 :
2794 5036 2900 5077 non
2931 5021 3074 5076 enim
3103 5019 3393 5087 blanditur,
3421 5027 3477 5074 et
3504 5033 3619 5073 non
3655 5019 3764 5073 mi-

2157 5129 2339 5174 natur.
2370 5117 2426 5172 Si
2467 5131 2573 5171 non
2614 5114 2968 5178 blandiretur,
3000 5114 3163 5184 519
3198 5123 3220 5150 ο
3260 5111 3404 5167 nulla
3443 5118 3599 5165 esset
3633 5124 3766 5164 cor-

2161 5208 2330 5264 rectio
2361 5207 2536 5278 (Sent.
2575 5206 2689 5274 70).
2722 5205 2953 5259 Ministri
2985 5205 3144 5274 igitur
3176 5203 3517 5272 eloquiorum
3559 5200 3666 5256 Dei
3698 5207 3768 5271 .et

2161 5387 2260 5441 bus
2289 5387 2468 5450 editis,
2495 5400 2614 5451 quas
2645 5387 2926 5456 suppletur
2947 5395 3060 5441 tum
3088 5385 3353 5440 sententia
3387 5381 3762 5456 LXX,_infra,

2159 5468 2269 5511 tum
2304 5458 2356 5512 in
2388 5453 2792 5526 Angustinmin
2823 5459 2961 5512 hunc
2989 5457 3257 5527 psalmum
3281 5472 3430 5510 num.
3455 5455 3525 5527 8_:
3556 5453 3623 5508 Si
3653 5471 3764 5507 non

2157 5525 2491 5592 blandiretur,
2524 5527 2671 5580 nulla
2699 5538 2827 5584 esset
2858 5525 3179 5596 exhortatio;
3216 5527 3263 5582 si
3301 5543 3405 5581 non
3433 5525 3760 5596 minaretur,

2156 5598 2302 5654 nulla
2331 5609 2458 5655 esset
2485 5604 2749 5654 senectia.
