4028 6176
283 243 377 299 H3

1000 233 1416 291 PSALMORDM
1456 235 1502 290 Α
1539 233 1580 290 C
1622 234 1712 290 AD
1751 231 1835 287 CL
1875 231 2262 292 EXPOSITIO.
2304 235 2501 293 PSAL.
2544 237 2772 294 CXLIV.

3419 249 3524 306 116

272 351 673 415 misericordiam
721 349 870 420 ejus,
913 357 968 402 et
1008 349 1270 417 justitiam
1313 349 1722 419 praedicabunt;
1769 362 1800 402 e

1930 361 2002 411 vr,
2035 347 2158 418 l0);
2187 348 2343 418 cujus
2374 363 2474 404 nec
2503 339 2968 420 magnitudinem:
2994 367 3093 409 nec
3119 354 3344 423 gloriam
3368 399 3383 424 ,
3420 377 3521 417 nec

281 456 402 506 sicut
425 461 638 516 regnum
673 455 956 508 aeternum,
990 441 1062 495 ita
1094 449 1120 478 ι
1159 441 1336 510 ignem
1367 452 1688 511 perpetuum
1719 455 1827 495 non

282 541 509 598 tacebunt
541 557 553 591 :
593 546 646 591 ut
683 536 735 590 in
773 533 856 588 via
895 546 998 602 qua
1039 533 1106 588 ad
1144 534 1554 588 retributionem
1592 532 1829 588 tenditur

280 629 549 691 constituti.
580 626 752 682 sciant
777 625 902 695 quid
934 625 1137 694 eligere
1165 623 1419 689 debeant,
1451 623 1578 692 quid
1611 637 1824 678 cavere.

278 721 661 792 Magnitudinem
685 727 863 770 autem
889 715 1006 777 Dei,
1029 729 1149 784 qua:
1174 729 1279 768 non
1303 713 1463 768 habet
1487 715 1670 777 ﬁnem,
1693 727 1827 782 quo-

275 815 415 869 modo
439 810 780 873 enarrabunt,
808 809 910 862 nisi
933 808 1057 877 quia
1076 822 1290 876 semper
1311 806 1412 860 hoc
1437 807 1824 875 praedicabunt,

271 907 396 976 quod
431 904 543 957 ﬁnis
571 903 684 971 ejus
718 911 947 971 nequeat
984 900 1252 955 inveniri?
1289 899 1641 954 lneﬂ'abilium
1679 900 1824 954 enim

270 997 426 1049 nullus
453 993 786 1062 eloquentior
808 1000 892 1046 est
926 1002 1176 1046 narrator
1196 1005 1354 1058 quam
1387 990 1478 1059 qui
1509 989 1706 1044 fatetur
1740 990 1825 1044 in-

267 1086 576 1156 explicabilia
606 1100 726 1139 esse
755 1101 875 1153 quae
905 1085 1162 1154 loquitur.
1200 1083 1265 1138 Hi
1295 1097 1444 1153 ergo,
1470 1082 1668 1151 inquit,
1696 1097 1823 1138 nar-

266 1189 453 1232 ratores
483 1175 865 1245 magnitudinis
890 1185 995 1230 tute
1021 1175 1321 1229 memoriam
1345 1173 1678 1228 abundantia
1701 1189 1824 1228 sua-

263 1269 408 1322 vitatis
448 1275 544 1321 tua:
581 1266 915 1330 eructabunt,
961 1265 1086 1336 quia
1127 1281 1234 1320 non
1274 1280 1335 1321 es
1370 1265 1570 1319 oblitus
1612 1264 1816 1332 nostri,

264 1372 443 1427 nosque
471 1359 544 1411 tui
569 1355 882 1410 meminisse
907 1355 1061 1410 iacis.
1087 1354 1340 1411 Doctrina
1365 1356 1540 1424 itaque
1562 1369 1691 1408 sana
1716 1353 1819 1408 hoc

260 1451 317 1505 de
345 1450 655 1503 abundantia
677 1448 959 1504 suavitatis
983 1448 1184 1502 divinae
1219 1456 1416 1512 ructat,
1442 1446 1676 1516 facitque
1696 1461 1820 1501 ern-

258 1541 390 1606 ctari,
413 1547 468 1593 ut
502 1553 693 1593 omnes
733 1538 858 1592 boni
887 1538 984 1592 Dei
1026 1537 1196 1608 gratia
1235 1551 1296 1592 se
1335 1536 1471 1605 regi,
1513 1535 1610 1590 Dei
1646 1535 1813 1605 gratia

259 1630 770 1697 noverintcustodiri,
791 1640 848 1685 et
867 1644 964 1698 per
983 1631 1152 1700 ipsam
1178 1628 1302 1696 sibi,
1322 1638 1382 1684 ut
1401 1627 1470 1684 de
1487 1627 1577 1682 illa
1603 1627 1812 1698 possint

259 1724 482 1792 gaudere,
512 1723 779 1792 praestari.

311 1815 470 1876 (Vera.
500 1811 643 1884 8-9.)
678 1813 974 1866 Misericors
1005 1821 1055 1866 et
1088 1813 1357 1866 miserator
1384 1809 1658 1877 Dominus,
1693 1811 1808 1866 lon-

252 1905 438 1976 ganimis
459 1912 504 1957 et
527 1903 749 1959 multum
771 1904 1082 1957 misericors.
1113 1903 1299 1957 Suavis
1321 1902 1577 1957 Dominus
1604 1903 1809 1956 univer-

253 1999 324 2056 sis,
349 2006 390 2048 et
409 1997 762 2048 miserationes
789 1995 902 2064 ejus
925 2009 1080 2061 super
1106 1993 1278 2046 omnia
1303 2008 1458 2063 opera
1480 1996 1613 2064 ejus.
1643 1994 1804 2048 Mise-

253 2087 445 2140 ricordia
466 2099 518 2142 et
540 2085 744 2155 gratia,
771 2085 980 2139 bonitas
1006 2093 1060 2139 et
1091 2083 1346 2152 patientia
1383 2082 1480 2138 Dei
1501 2098 1596 2152 per
1621 2082 1802 2137 omnia

252 2177 544 2242 declaratur;
583 2175 614 2215 ιι
663 2186 717 2230 et
759 2190 916 2230 nemo
958 2175 1241 2244 desperet,
1285 2188 1444 2230 nemo
1483 2185 1801 2243 praesumat.

251 2269 356 2335 Quia
380 2269 509 2322 sicut
535 2268 724 2322 suavis
759 2275 843 2321 est
872 2265 1116 2329 lenitate,
1150 2267 1222 2320 ita
1250 2265 1430 2335 justus
1453 2273 1540 2320 est
1566 2265 1798 2330 ultione;

252 2371 295 2412 et
319 2359 429 2412 nihil
454 2359 857 2428 louganimitati
882 2358 1000 2427 ejus
1030 2359 1191 2427 perit,
1225 2372 1384 2428 quem
1419 2367 1475 2412 et
1503 2371 1802 2412 conversus

255 2450 524 2520 benignum,
555 2461 611 2503 et
649 2450 943 2504 obduratus
973 2449 1250 2518 experitur
1275 2463 1545 2503 severum.
1578 2447 1800 2503 Misera-

253 2542 381 2595 tiones
410 2543 544 2596 enim
574 2545 694 2614 ejus
723 2543 777 2596 in
801 2542 973 2595 omnia
995 2558 1153 2610 opera
1187 2543 1322 2612 ejus,
1353 2543 1477 2612 quia
1508 2545 1562 2597 in
1594 2542 1678 2598 bis
1708 2543 1800 2613 qui

251 2633 578 2700 salvabuntur,
608 2633 892 2688 damnavit
920 2633 1118 2689 aliena.

308 2725 463 2793 (Vers.
499 2725 606 2794 10.)
645 2724 996 2793 Conﬁteantur
1027 2724 1136 2790 tibi,
1179 2723 1415 2790 Domine,
1446 2724 1618 2777 omnia
1645 2739 1800 2790 opera

253 2823 337 2879 tua,
370 2824 412 2868 et
441 2820 595 2869 sancti
647 2817 722 2870 tui
763 2815 1065 2869 benedicant
1095 2824 1164 2869 te.
1200 2815 1562 2885 Quaecumque
1594 2827 1716 2871 sunt
1742 2815 1796 2870 iit

251 2906 552 2960 universitate
579 2921 794 2972 rerum,
817 2920 847 2958 a
870 2907 1098 2959 summis
1121 2919 1288 2973 usque
1307 2905 1375 2958 ad
1404 2904 1604 2971 inﬁma,
1631 2921 1794 2974 opera

251 2995 398 3064 utique
425 3007 543 3051 sunt
569 2997 695 3052 Dei.
725 2997 791 3052 Et
815 2997 1061 3066 quamvis
1081 2996 1376 3051 rationales
1400 3005 1606 3051 tantum
1630 2998 1794 3052 intel-

1931 439 2185 495 decorem
2238 442 2343 495 ulla
2389 453 2618 511 possunt
2655 443 2821 498 corda
2868 446 3203 514 concipere;
3251 450 3343 503 sed
3392 454 3516 521 quia

1931 531 2071 584 sicut
2099 533 2450 601 promittitur,
2488 533 2562 587 ita
2591 534 2850 600 creditur,
2878 536 3184 592 certissimo
3219 539 3514 614 desiderio,

1930 623 2106 678 donec
2132 625 2293 690 adsit,
2325 626 2614 692 expetitur.

2001 715 2181 785 (Vers.
2217 715 2334 786 15.)
2369 716 2600 786 Regnum
2629 726 2773 771 tuum
2797 734 3008 788 regnum
3033 721 3261 775 omnium
3299 725 3517 778 saeculo-

1926 820 2062 870 rum,
2095 814 2142 858 et
2171 807 2451 861 dominatio
2479 819 2564 860 tua
2586 808 2639 860 in
2661 810 2800 861 omni
2830 812 3158 879 generatione
3179 822 3225 865 et
3252 817 3512 884 progenie.

1927 895 2194 965 Repetitio
2226 898 2610 965 generationis,
2646 905 2701 953 et
2731 914 2971 966 praesens
3007 902 3262 956 saeculum
3309 905 3513 960 indicat

1925 999 1980 1045 et
2013 990 2284 1057 futurum,
2321 995 2448 1060 quia
2493 1002 2547 1045 et
2591 992 2918 1046 resurrectio
2965 995 3244 1064 generatio
3288 996 3509 1062 dicitur,

1923 1095 2042 1150 qua:
2090 1092 2308 1137 sanctos
2352 1082 2419 1137 ad
2468 1083 2928 1151 interruptionem
2977 1087 3149 1140 beatae
3191 1089 3510 1142 aeternitatis

1920 1173 2147 1229 creavit.
2192 1172 2395 1228 Fidelis
2429 1174 2680 1228 Dominus
2709 1177 2762 1229 in
2789 1177 2950 1230 verbis
2984 1178 3110 1242 suis,
3139 1188 3186 1232 et
3219 1192 3424 1233 sanctus
3456 1182 3509 1234 in

1919 1265 2152 1319 omnibus
2175 1264 2413 1334 aper-ibus
2431 1267 2562 1320 suis.
2586 1265 2747 1321 Multa
2777 1267 3057 1334 Dominus,
3077 1277 3131 1322 et
3162 1283 3349 1340 magna
3379 1285 3506 1340 pro-

1919 1354 2082 1422 misit,
2109 1364 2166 1410 et
2192 1356 2436 1425 quaedam
2460 1358 2664 1412 credita
2689 1359 2952 1428 implevit,
2977 1360 3220 1428 quaedam
3241 1365 3505 1419 servantia

1915 1446 2152 1500 servavit
2177 1463 2190 1499 :
2220 1455 2279 1500 ut
2304 1462 2494 1502 secura
2525 1458 2671 1504 esset
2697 1451 3058 1518 exspectatio,
3082 1451 3170 1506 cui
3199 1453 3340 1507 viros
3365 1449 3391 1489 ά
3426 1462 3504 1508 tot

1915 1547 2182 1604 pmcepta
2213 1537 2539 1606 praeberent.

1985 1628 2164 1699 (Vera.
2203 1629 2318 1701 14.)
2348 1629 2629 1698 Conﬁrmat
2661 1630 2912 1685 Dominus
2931 1649 3103 1687 omnes
3124 1634 3212 1700 qui
3235 1634 3498 1701 decidunt,

1835 1709 1883 1769 Β
1909 1728 1955 1772 et
1983 1720 2134 1792 erigit
2159 1739 2336 1775 omnes
2365 1722 2538 1776 elisos.
2573 1723 2773 1793 Septies
2799 1725 2937 1777 cadit
2963 1726 3152 1789 iustus,
3176 1735 3222 1779 et
3245 1730 3499 1797 resurgit;

1909 1810 2054 1877 impii
2085 1819 2256 1866 autem
2285 1811 2681 1879 inﬁrmabuntur
2707 1813 2761 1866 in
2794 1814 2944 1867 malis
2973 1813 3160 1880 (Prov.
3195 1830 3345 1884 niv,
3380 1817 3494 1886 16).

1906 1901 2080 1958 Aliter
2101 1919 2228 1974 ergo
2249 1906 2443 1969 sancti,
2467 1904 2623 1960 aliter
2643 1904 2899 1959 decidunt
2921 1904 3196 1972 inﬁdeles;
3221 1919 3272 1961 et
3303 1907 3494 1962 horum

1906 2008 2048 2048 nunc
2083 1994 2140 2048 ﬁt
2167 1994 2635 2063 commemoratio,
2666 2011 2898 2065 quorum
2929 1997 3112 2052 nullus
3147 1997 3496 2053 conﬁrmatur

1904 2099 1935 2139 a
1961 2085 2212 2140 Domino.
2245 2087 2443 2142 [tuisse
2477 2088 2621 2142 enim
2651 2088 3052 2158 quodammodo
3092 2090 3342 2145 videntur
3369 2107 3492 2146 cum

1905 2178 2152 2233 omnibus
2186 2181 2574 2248 temporalibus
2613 2192 2828 2247 carent,
2873 2190 2930 2236 et
2971 2183 3222 2238 inhonori
3259 2199 3325 2239 ac
3355 2201 3494 2255 pau-

1903 2283 2065 2338 peres
2100 2282 2429 2338 spernuntur
2462 2285 2490 2323 a
2542 2272 2849 2340 potentibus
2877 2274 3088 2340 mundi,
3128 2283 3184 2327 et
3219 2274 3362 2328 inter
3398 2277 3493 2328 ab-

1896 2361 2039 2429 jecta
2074 2377 2306 2432 quaeque
2334 2371 2678 2432 reputantur.
2710 2365 2816 2419 Sed
2846 2364 2984 2418 Deus
3014 2366 3245 2436 superbis
3280 2367 3490 2431 resistit,

1901 2452 2174 2506 humilibus
2202 2463 2375 2507 autem
2408 2453 2498 2506 dat
2523 2455 2744 2524 gratiam
2777 2453 2983 2523 (Jacobi
3010 2471 3085 2521 iv,
3121 2455 3202 2526 6).
3409 2512 3416 2518 ,

1972 2544 2153 2616 (Vera.
2188 2544 2299 2614 15.)
2333 2546 2482 2599 Oculi
2519 2548 2746 2600 omnium
2783 2548 2838 2601 in
2877 2555 2926 2601 te
2961 2557 3192 2618 sperant,
3219 2557 3265 2602 et
3303 2559 3358 2603 tu
3395 2552 3484 2604 das

1899 2651 2066 2689 escam
2090 2637 2200 2689 illis
2221 2637 2276 2690 in
2304 2647 2527 2706 tempore
2549 2647 2858 2708 Opportuna.
2881 2636 3032 2692 Sicut
3053 2639 3223 2693 bonus
3247 2641 3486 2694 mediCtts

1899 2729 2047 2782 novit
2075 2743 2177 2797 qua
2207 2741 2330 2784 esca
2361 2739 2598 2797 aegrotus
2623 2737 2680 2784 et
2704 2745 2809 2799 quo
2840 2740 3082 2799 tempore
3105 2731 3176 2786 sit
3195 2731 3478 2795 cibandus,

1899 2820 1974 2874 ita
2019 2819 2282 2874 Dominus
2311 2834 2502 2876 servos
2529 2836 2658 2875 suos
2687 2829 2990 2892 opportune
3019 2821 3323 2876 salubribus
3352 2823 3486 2878 cibis

1898 2911 2096 2977 reﬁcit,
2129 2921 2183 2966 et
2211 2911 2340 2981 quid
2374 2911 2572 2981 cuique
2607 2922 2896 2982 congruat,
2929 2913 3221 2968 inell'abilis
3247 2914 3486 2969 scientia

1897 3001 2226 3071 benignitate
2254 3003 2518 3058 discernit
2553 3020 2567 3056 :
2607 3013 2665 3057 ut
2696 3003 2968 3072 subiectio
2996 3003 3237 3060 ﬁdelium
3273 3006 3341 3060 de
3369 3021 3485 3060 om-

249 3083 570 3156 lectualesque
609 3065 879 3143 creaturas
911 3087 1106 3142 divina:
1157 3088 1332 3142 laudis
1359 3087 1644 3144 affectione
1680 3106 1796 3144 mo-
1822 3065 1868 3128 Ο
1901 3065 2058 3152 nibus
2095 3096 2374 3165 proﬁciat,
2416 3111 2537 3165 qua:
2575 3095 2653 3150 illi
2691 3065 2994 3151 adhibenda
3031 3097 3329 3161 censuerit,
3369 3097 3485 3153 sive

247 3187 452 3244 reantur,
476 3195 581 3232 non
607 3180 810 3234 frustra
840 3187 1023 3234 tamen
1050 3179 1117 3234 ad
1149 3178 1512 3234 conﬁtendum
1545 3179 1654 3236 Deo
1679 3197 1792 3234 om-

246 3269 315 3319 nia
342 3285 481 3338 opera
511 3272 691 3338 ipsius
732 3272 1042 3336 incitantur,
1076 3272 1200 3341 quia
1237 3270 1371 3325 nihil
1408 3281 1492 3326 est
1527 3281 1639 3326 tam
1676 3274 1794 3327 esi-

247 3375 374 3428 gnum
396 3373 603 3434 tamque
635 3380 668 3416 a
698 3379 858 3418 sensu
881 3372 1166 3427 remotum,
1189 3363 1242 3417 in
1271 3378 1378 3434 quo
1399 3379 1505 3418 non
1528 3364 1795 3421 mirabilis

245 3454 297 3505 sit
321 3454 522 3510 Creator
551 3475 562 3510 :
596 3472 766 3526 quem
788 3471 908 3510 cum
927 3457 1099 3525 angeli
1125 3467 1180 3511 et
1202 3455 1448 3511 homines
1469 3458 1795 3513 conﬁtentur

247 3557 286 3600 et
318 3549 532 3615 laudant,
573 3554 713 3622 ipsa:
756 3551 983 3606 inﬁnitae
1018 3551 1204 3605 mundi
1252 3559 1454 3620 partes,
1488 3561 1544 3607 et
1581 3553 1793 3622 species

245 3649 374 3707 atque
405 3653 601 3698 natura:
640 3658 802 3697 suum
832 3657 1048 3712 semper
1085 3644 1376 3712 loquuntur
1404 3653 1704 3710 auctorem,
1737 3653 1794 3700 et

246 3730 436 3788 utilitate
471 3749 530 3788 ac
573 3732 979 3803 pulchritudine
1016 3748 1114 3788 sua
1153 3734 1472 3787 immensam
1505 3733 1636 3788 dant
1673 3750 1792 3788 ma-

245 3825 398 3878 teriam
429 3827 825 3892 laudatoribus,
855 3835 912 3879 et
936 3825 1180 3880 videntur
1201 3824 1498 3891 laudantia,
1520 3841 1638 3895 qua:
1666 3835 1793 3881 sunt

244 3911 511 3983 laudabilia,
553 3920 687 3973 dunt
726 3917 869 3986 quod
902 3932 1010 3972 non
1051 3926 1276 3987 possunt
1314 3929 1337 3956 ο
1373 3919 1548 3988 loqui,
1586 3918 1792 3975 faciunt

242 4019 329 4059 non
355 4011 502 4063 taceri
513 4050 526 4064 .

297 4099 452 4168 (Vers.
485 4102 707 4169 11-12.)
739 4101 974 4156 Gloriam
1005 4103 1149 4174 regni
1187 4102 1262 4156 tui
1297 4103 1496 4172 dicent,
1529 4111 1576 4157 et
1611 4111 1791 4174 poten-

240 4189 340 4244 tiam
364 4203 492 4247 tuam
516 4196 814 4264 loquentur.
848 4195 915 4249 Ut
944 4203 1118 4264 notam
1147 4197 1341 4264 faciant
1374 4194 1497 4263 [iliis
1527 4198 1790 4251 hominum

242 4287 481 4346 potentiam
518 4298 694 4351 tuam,
732 4295 777 4342 et
818 4287 1036 4358 gloriam
1074 4288 1470 4358 magnificentite
1510 4290 1651 4360 regni
1689 4291 1784 4343 tui.

240 4374 396 4431 Omnis
431 4380 672 4446 species,
717 4389 772 4433 et
817 4380 1016 4443 virtus,
1052 4388 1106 4433 et
1145 4378 1489 4447 pulchritudo
1526 4389 1787 4434 creaturae

239 4479 429 4533 regnum
463 4480 549 4524 est
580 4469 698 4537 Dei,
731 4471 855 4538 quia
887 4469 1224 4524 diversorum
1260 4470 1377 4540 ipse
1407 4479 1491 4525 est
1519 4481 1706 4527 auctor
1734 4483 1786 4528 et

240 4553 482 4614 Dominus.
509 4561 618 4617 Sed
650 4561 718 4614 ab
742 4561 825 4615 his
855 4576 971 4631 qua:
1001 4562 1159 4632 520
1178 4560 1424 4616 videntur
1446 4561 1784 4632 distinguun-

239 4655 308 4700 tur
329 4660 374 4703 et
401 4667 460 4706 ea
490 4668 615 4722 quae
643 4653 882 4707 nondum
911 4654 1278 4717 innotuerunt,
1298 4661 1354 4706 et
1381 4652 1696 4723 intelligitur
1718 4671 1785 4709 ex

236 4735 402 4795 decore
423 4744 733 4809 visibilium,
769 4756 1023 4810 quantum
1053 4743 1344 4808 excellant,
1377 4753 1432 4797 et
1459 4744 1511 4798 in
1542 4759 1641 4812 qua
1670 4746 1784 4814 glo-

235 4830 296 4883 ria
316 4837 574 4892 emineant
597 4854 717 4906 quae
739 4852 964 4906 regnum
991 4836 1086 4890 Dei
1109 4836 1395 4904 specialius
1416 4837 1784 4894 nominantur.

236 4917 363 4978 Unde
384 4928 618 4994 quotidie
639 4927 888 4993 dicimus,
907 4924 1155 4979 Adveniat
1175 4942 1386 4998 regnum
1403 4937 1546 4981 tuum
1566 4930 1780 5000 (Matth.

292 5107 312 5134 ο
337 5097 694 5154 Emandamus
732 5116 796 5153 ex
841 5101 1165 5168 Augustino,
1205 5109 1430 5167 cogi-nte
1477 5115 1637 5155 sensu
1679 5106 1778 5161 loci

231 5165 388 5232 istius;
419 5186 537 5222 cum
567 5172 694 5224 editi
726 5165 1027 5235 oumes,'ex
1060 5165 1245 5224 errore
1275 5165 1580 5239 manifesto,
1610 5174 1778 5230 liabe-

232 5248 350 5303 rent,
384 5257 594 5310 regnum
624 5252 939 5312 perpetuum,
979 5242 1122 5311 quod
1158 5251 1335 5295 tamen
1366 5243 1545 5295 statim
1582 5244 1780 5303 dicitur

231 5319 333 5361 esse
361 5313 675 5363 cavendum.

288 5376 313 5416 δ
343 5381 511 5446 Ferte,
544 5390 598 5432 ut
629 5397 773 5434 nemo
800 5382 1047 5446 desperet.

256 5449 470 5566 lozﬁditi
511 5451 676 5505 Duae.
717 5461 771 5506 et
803 5449 1022 5521 Colon.,
1069 5467 1192 5507 cum
1238 5451 1320 5507 his
1357 5455 1772 5524 recentioribus,

230 5532 396 5586 eloqui.

289 5587 310 5623 ἀ
337 5588 610 5665 Credimus
632 5591 735 5665 legi
759 5591 978 5665 debere,
1009 5602 1079 5646 tot
1113 5603 1366 5663 percepta,
1395 5611 1500 5649 non
1532 5605 1604 5648 tot
1634 5612 1771 5665 pra-

1815 4425 1868 4483 D

1895 3204 2108 3258 aspera,
2141 3189 2263 3244 sive
2303 3188 2527 3243 blanda:
2566 3197 2626 3243 ut
2664 3188 2718 3242 in
2762 3189 2910 3243 nullo
2952 3198 3294 3244 murmurent
3329 3192 3482 3260 aegri,

1896 3281 1990 3334 sed
2028 3280 2306 3350 quodlibet
2344 3281 2640 3335 curationis
2676 3296 2846 3350 genus
2875 3281 3249 3350 aequanimiter
3277 3282 3345 3336 ab
3382 3299 3482 3336 au-

1893 3385 2045 3428 ctore
2074 3387 2186 3427 sua:
2217 3371 2408 3426 salutis
2435 3373 2725 3442 accipiant,
2756 3371 3000 3428 dicentes
3028 3372 3172 3442 quod
3206 3373 3271 3426 ad
3298 3374 3483 3427 erudi-

1895 3466 2093 3519 tionem
2130 3463 2402 3532 patientia:
2437 3473 2641 3519 nostrce
2682 3465 2798 3534 ipse
2829 3465 3079 3520 Salvator
3111 3465 3362 3535 dignatus
3394 3478 3478 3520 est

1893 3558 2096 3624 dicere,
2127 3556 2309 3624 Pater,
2342 3559 2388 3612 si
2419 3559 2533 3627 ﬁeri
2558 3569 2742 3630 potest,
2771 3565 2997 3613 transeat
3027 3576 3059 3612 a
3088 3575 3167 3611 me
3193 3560 3333 3614 calix
3359 3560 3472 3612 iste.

1900 3647 2090 3702 Verum
2117 3664 2218 3702 non
2237 3648 2378 3719 quod
2405 3664 2499 3718 ego
2528 3648 2663 3713 volo,
2685 3649 2774 3701 sed
2803 3647 2941 3716 quod
2967 3658 3022 3701 tu
3049 3649 3144 3701 vis.
3171 3645 3356 3712 Pater,
3381 3649 3473 3716 ﬁat

1889 3741 2127 3796 voluntas
2156 3750 2245 3795 tua
2276 3740 2488 3811 (Matth.
2525 3755 2677 3803 xxvr,
2711 3740 2781 3794 59
2811 3750 2858 3793 et
2889 3740 3005 3808 42).

1963 3833 2144 3906 (Vers.
2180 3831 2298 3898 16.)
2320 3834 2502 3900 Aperis
2534 3841 2588 3884 tu
2618 3846 2828 3882 manum
2858 3837 3020 3894 tuam,
3044 3839 3089 3882 et
3111 3829 3294 3898 imples
3317 3838 3341 3868 ⁸
3364 3844 3478 3882 om-

1889 3944 2007 3982 nem
2034 3925 2263 3979 animam
2297 3925 2662 3980 benedictione.
2699 3923 2780 3977 Ex
2810 3922 2902 3977 Dei
2940 3922 3186 3990 largitate
3215 3931 3299 3976 est
3321 3922 3478 3990 quid-

1891 4020 2016 4089 quid
2056 4017 2449 4074 benedictionis
2477 4016 2806 4083 assequitur,
2839 4014 2963 4084 quia
2993 4028 3152 4068 nemo
3183 4028 3302 4067 eam
3345 4030 3476 4068 con-
3543 4001 3554 4014 ’

1891 4111 2209 4180 cupisceret,
2255 4109 2356 4162 nisi
2405 4106 2470 4160 ad
2522 4105 2854 4159 incitandum
2899 4105 3074 4172 ipsum
3115 4104 3470 4173 desiderium,

1891 4217 2110 4258 manum
2141 4215 2252 4254 sum
2284 4196 2537 4252 bonitatis
2563 4195 2822 4265 aperiret.

1961 4292 2138 4362 (Vers.
2157 4286 2638 4360 l7.)5211ustus
2659 4284 2911 4341 Dominus
2925 4285 2978 4339 in
2995 4287 3227 4340 omnibus
3240 4288 3334 4343 viis
3345 4289 3473 4355 suis,

1891 4391 1940 4436 et
1967 4391 2180 4437 sanctus
2202 4381 2256 4434 in
2278 4380 2512 4434 omnibus
2535 4377 2771 4444 operibus
2801 4377 2925 4430 suis.
2963 4375 3244 4440 Universte,
3277 4378 3472 4446 inquit,

1892 4474 1988 4527 vice
2021 4471 2230 4525 Domini
2257 4467 2608 4522 misericordia
2636 4476 2682 4520 et
2715 4468 2901 4519 veritas
2943 4464 3114 4536 (Psal.
3147 4482 3294 4534 xxrv,
3331 4467 3422 4538 10)
3456 4486 3470 4522 :

1891 4565 2008 4619 sive
2053 4564 2199 4617 circa
2246 4574 2348 4614 nos
2376 4560 2637 4620 severior,
2691 4557 2806 4611 sive
2857 4557 2929 4610 sit
2957 4558 3162 4623 mitior,
3196 4559 3322 4626 quia
3381 4559 3474 4628 qui

1887 4656 2047 4714 etiam
2076 4652 2282 4723 ﬂagella
2316 4650 2624 4717 meditatur,
2654 4648 2775 4703 ideo
2803 4648 3030 4717 castigat
3060 4659 3117 4702 ut
3156 4657 3361 4719 parcat.

1963 4747 2143 4816 (V'ers.
2177 4743 2291 4813 18.)
2323 4741 2491 4812 PrOpe
2535 4749 2606 4794 est
2638 4738 2886 4793 Dominus
2915 4739 3149 4793 omnibus
3187 4741 3472 4794 invocanti-

1887 4841 1980 4892 bus
2009 4853 2144 4901 eum,
2178 4833 2412 4887 omnibus
2437 4832 2524 4900 qui
2549 4831 2787 4884 invocant
2827 4846 2944 4884 eum
2976 4831 3032 4882 in
3058 4832 3285 4884 veritate.
3319 4831 3473 4887 Multi

1887 4946 1996 4987 non
2017 4931 2070 4982 in
2092 4926 2299 4981 veritate
2323 4923 2579 4977 invocant
2611 4922 2918 4989 Dominum,
2941 4921 3090 4976 aliud
3110 4922 3289 4978 abillo
3309 4937 3468 4992 quam

1885 5105 2048 5175 paulo
2076 5115 2222 5168 ante,
2251 5102 2486 5169 quaedam
2517 5101 2713 5175 credita
2747 5102 3007 5175 implevit;
3037 5108 3094 5156 et
3120 5104 3468 5175 Aiigustinus.

1883 5172 2067 5228 Adhuc
2102 5174 2336 5244 quazdam
2381 5173 2632 5242 promisit,
2667 5181 2713 5224 et
2750 5189 2851 5225 non
2891 5172 3060 5238 dedit,
3099 5174 3188 5226 sed
3227 5174 3469 5228 credatur

1881 5249 1961 5300 illi
1990 5262 2053 5299 ea:
2083 5246 2161 5299 Itis
2187 5260 2301 5314 qua
2329 5245 2486 5296 dedit.

1957 5328 1980 5354 ⁸
2016 5317 2152 5370 Editi
2200 5311 2378 5367 nostri
2427 5326 2614 5365 omnes
2659 5311 2857 5365 habent
2898 5327 3094 5364 omnem
3138 5311 3364 5364 animum
3408 5312 3466 5367 in

1881 5397 2063 5449 textu;
2094 5393 2282 5438 notant
2309 5399 2454 5448 vero,
2483 5399 2628 5434 omne
2653 5382 2867 5442 animal,
2895 5382 2945 5452 in
2975 5397 3065 5452 ora
3093 5381 3247 5445 libri;
3277 5382 3462 5452 sicque

1878 5461 2009 5511 citat
2042 5458 2386 5524 Augustinus.
2427 5454 2748 5524 Legiturque
2787 5451 2937 5524 apud
2969 5451 3381 5524 Hieronymum.
3409 5453 3465 5507 iu

1879 5539 2109 5596 utraque
2129 5521 2407 5596 versione,
2425 5521 2524 5576 etsi
2549 5521 2886 5596 observat-{itit
2907 5522 3201 5575 doctissimi
3224 5523 3463 5596 editores

1877 5599 1930 5650 in
1973 5591 2241 5664 postrema
2281 5595 2550 5654 editiOtie,
2577 5591 2650 5664 _in
2691 5591 2968 5664 codicibus
3011 5593 3289 5652 nonnullis
3330 5593 3467 5664 logi,

233 5669 380 5726 “pta,
419 5670 473 5715 ut
516 5662 648 5718 editi
691 5663 915 5730 habent;
968 5661 1266 5735 propterea
1301 5667 1442 5736 quod
1492 5661 1772 5724 dicebatur
1871 5661 2057 5737 imp—les
2091 5681 2292 5721 omnem
2317 5666 2542 5719 animam
2569 5661 2931 5720 benedictione.
