3978 6178
447 241 555 299 H5

1667 228 1725 288 S.
1765 223 2105 284 PROSPERI
2143 225 2472 295 AQUITANI

3619 227 3726 284 “6

449 355 629 422 ipsum
670 348 1078 411 desiderantes;
1110 358 1139 397 a
1168 343 1362 413 quibus
1389 342 1550 411 longe
1584 341 1760 404 abest,
1799 339 1924 406 quia
1953 337 2035 392 di-
2061 339 2108 398 Δ
2138 339 2262 408 quia
2296 339 2434 394 sicut
2479 353 2600 394 esse
2639 339 2743 393 erit
2783 339 2910 392 mihi
2942 347 3222 405 aeternum,
3269 338 3341 393 ita
3378 339 3482 394 erit
3509 355 3628 394 mea
3668 341 3726 397 in

447 457 663 496 versum
709 449 762 495 et
798 446 1064 493 remotum
1104 445 1184 490 est
1229 435 1297 488 ab
1344 433 1512 503 ipsius
1563 433 1841 486 voluntate
1890 430 2031 499 quod

447 531 765 602 cupiunt.Si
796 538 974 584 autem
1005 527 1054 581 id
1084 525 1476 594 concupiscunt
1503 523 1646 592 quod
1676 520 1923 590 praecipit
1947 519 2036 588 ju-

445 633 560 677 stus
592 631 646 676 et
688 622 882 683 bonus,
917 619 1245 687 propinquus
1283 614 1504 668 omnino
1533 621 1618 667 est
1663 611 1745 665 his
1771 625 1908 679 quos
1953 610 2036 662 in-

446 715 672 783 spiravit
693 711 1013 774 atl‘ectibus;
1041 719 1094 763 et
1120 707 1422 761 timentium
1447 719 1506 759 se
1526 704 1859 757 voluntatem
1876 699 2030 766 facit,

443 806 570 876 quia
607 820 725 873 qua:
755 812 872 858 erat
900 801 1132 866 Domini,
1165 814 1289 854 esse
1309 799 1476 866 ccepit
1499 806 1553 851 et
1581 795 1747 850 servi.

516 893 696 965 (Vers.
745 892 834 958 19,
867 890 986 959 20.)
1040 887 1367 943 Voluntatem
1417 887 1699 939 timentium
1744 899 1799 939 se
1849 884 2030 954 faciet,

443 1001 617 1054 preces
658 999 831 1036 eorum
861 981 1128 1049 exaudiet,
1163 988 1210 1033 et
1254 979 1420 1033 salvos
1447 978 1601 1048 faciet
1643 994 1747 1031 eos.
1799 976 2036 1030 Custodit

446 1077 697 1130 Dominus
727 1091 898 1129 omnes
924 1073 1192 1144 diligentes
1223 1088 1296 1136 se,
1327 1081 1375 1124 et
1398 1087 1574 1124 omnes
1605 1079 1894 1140 peccatores
1925 1068 2033 1121 dis-

445 1168 639 1232 perdet.
679 1167 826 1234 Quos
871 1179 1064 1218 omnes
1093 1172 1440 1234 peccatores,
1483 1160 1586 1215 nisi
1621 1170 2028 1231 perseverantes

442 1259 493 1312 in
549 1258 788 1327 peccatis
837 1266 891 1311 et
920 1255 1158 1326 quotidie
1204 1263 1392 1309 contra
1447 1255 1611 1307 Deum
1649 1251 2027 1321 disputantes?

442 1351 572 1404 Pars
615 1359 795 1404 autem
845 1349 1101 1414 dextera,
1152 1347 1237 1400 cui
1277 1345 1477 1398 nullum
1521 1351 1606 1398 est
1651 1357 1771 1396 cum
1809 1342 2026 1396 sinistra

445 1450 597 1509 parte
639 1440 995 1507 consortium,
1042 1438 1168 1506 quia
1195 1451 1410 1503 semper
1442 1436 1516 1489 illi
1545 1433 1741 1502 judicia
1780 1434 1878 1487 Dei
1908 1433 2027 1486 uni-

441 1547 595 1587 versa
625 1532 965 1600 placuerunt,
1001 1529 1129 1599 quid
1158 1530 1211 1583 in
1243 1538 1502 1583 aeternum
1529 1528 1599 1582 sit
1629 1527 1830 1581 iactura
1861 1525 2027 1596 proti-

443 1635 603 1691 tetur,
634 1633 688 1679 et
712 1623 844 1678 dicit
868 1641 882 1675 :

2138 432 2368 488 Domino
2398 443 2597 488 aeterna
2624 431 2878 486 laudatio.

2208 525 2390 595 (Vers.
2418 523 2500 594 '5.)
2530 524 2706 577 Nolite
2733 523 2990 592 conﬁdere
3019 523 3072 578 in
3102 523 3440 591 principibus,
3475 539 3640 591 neque
3666 525 3722 578 in

2136 614 2259 682 ﬁliis
2284 614 2565 679 hominum,
2599 615 2651 668 in
2676 615 2858 682 quibus
2885 631 2989 667 non
3023 623 3094 667 est
3122 613 3283 668 salus.
3315 614 3414 680 Qui
3449 614 3502 668 in
3526 616 3721 669 defen-

2135 705 2289 761 sione
2313 707 2634 775 principum,
2666 715 2720 761 et
2741 705 3018 761 hominum
3045 705 3292 774 presidio
3318 706 3638 775 gloriantur,
3665 709 3721 761 in

2134 796 2370 852 vanitate
2415 799 2711 852 confidunt.
2757 797 2913 852 Solus
2951 797 3096 852 enim
3146 797 3307 860 Deus,
3338 796 3406 850 de
3450 812 3560 866 quo
3589 813 3718 866 spe-

2134 887 2300 942 randa
2330 889 2400 942 sit
2426 889 2593 954 salus,
2625 899 2679 942 et
2707 889 2846 943 bene
2875 888 2944 942 ab
2969 902 3034 941 eo
3063 896 3427 957 exspectatur,
3457 903 3566 957 quo
3601 888 3722 958 ipse

2135 993 2240 1032 non
2273 979 2505 1047 indiget:
2537 994 2660 1033 nam
2689 979 2813 1049 quid
2841 977 2906 1032 sit
2933 978 3075 1032 ﬁlius
3107 978 3362 1044 hominis,
3392 978 3630 1033 breviter
3662 982 3718 1032 in

2132 1083 2198 1123 eo
2227 1071 2370 1137 quod
2402 1071 2662 1139 sequitur,
2693 1071 3110 1125 demonstratur.

2203 1159 2364 1228 (Vers
2386 1160 2467 1231 4.)
2502 1160 2676 1215 Exibit
2722 1163 2932 1231 spiritus
2973 1164 3107 1233 ejus,
3136 1169 3184 1216 et
3225 1171 3502 1214 revertetur
3527 1163 3582 1216 in
3613 1170 3716 1216 ter-

2130 1264 2243 1302 ram
2277 1267 2440 1310 suam,
2472 1252 2524 1303 in
2561 1250 2657 1304 illa
2684 1252 2767 1304 die
2791 1251 3028 1320 peribunt
3051 1267 3223 1305 omnes
3260 1253 3594 1323 cogitationes
3623 1270 3713 1306 eo-

2129 1357 2263 1394 rum.
2295 1341 2486 1396 Totum
2519 1357 2648 1412 ergo
2672 1343 2814 1411 quod
2846 1345 2897 1396 in
2931 1345 3034 1397 hoc
3063 1345 3265 1397 mundo
3290 1344 3464 1413 agitur
3499 1356 3712 1415 tempo-

2130 1432 2244 1487 rale
2268 1443 2350 1486 est
2381 1442 2434 1488 et
2465 1434 2869 1499 transitorium;
2899 1442 2954 1488 et
2995 1449 3152 1488 nemo
3179 1437 3444 1490 veraciter
3478 1438 3714 1504 spondet

2129 1523 2304 1589 alteri,
2333 1524 2472 1592 quod
2502 1535 2758 1594 praestare
2789 1540 2893 1578 non
2921 1533 3099 1594 potest
3136 1526 3260 1591 sibi,
3294 1527 3535 1582 mortalis
3565 1529 3707 1582 enim

2129 1625 2249 1669 est:
2281 1615 2480 1669 emisso
2519 1616 2730 1683 spiritu,
2764 1616 2818 1668 in
2858 1624 3056 1670 terram
3097 1632 3246 1672 suam
3293 1626 3505 1672 terrena
3546 1634 3711 1676 carne

511 1715 692 1786 (Vers.
728 1713 844 1783 21.)
876 1712 1099 1766 Laudem
1140 1712 1350 1765 Domini
1390 1710 1625 1779 loquetur
1659 1725 1716 1762 os
1748 1725 1945 1774 meum,
1974 1719 2024 1761 et
2056 1696 2101 1754 Β
2132 1706 2408 1774 redeunte,
2439 1706 2698 1776 quidquid
2727 1707 3013 1776 disposuit,
3044 1708 3300 1778 quidquid
3325 1710 3600 1780 cogitavit,
3628 1712 3711 1766 in-

440 1807 702 1861 benedicat
728 1806 890 1859 omnis
918 1821 1036 1857 curo
1061 1821 1242 1856 nomen
1268 1815 1501 1857 sanctum
1532 1803 1643 1873 ejus
1676 1803 1728 1854 in
1756 1811 2023 1867 internum,

440 1909 490 1954 et
514 1900 566 1952 in
587 1899 834 1952 saeculum
863 1897 1056 1950 steculi.

921 1985 1235 2040 PSALMUS
1274 1983 1476 2038 CXLV.
1511 1993 1537 2021 ι

510 2075 692 2147 (Vers.
719 2075 804 2142 2.)
835 2073 1040 2142 Lauda,
1073 2077 1249 2126 anima
1289 2089 1421 2138 mea,
1458 2071 1776 2136 Dominum;
1805 2070 2026 2124 laudabo

444 2165 724 2220 Dominum
757 2170 810 2218 in
841 2167 948 2219 vita
994 2181 1126 2228 mea,
1176 2165 1394 2235 psallam
1437 2163 1546 2217 Deo
1595 2181 1725 2228 meo,
1783 2164 2026 2232 quamdiu

443 2273 579 2310 sum.
611 2256 812 2311 Sancta
844 2262 901 2310 et
931 2256 1188 2325 Spiritalis
1223 2256 1403 2309 anima
1433 2256 1545 2322 ipsa
1587 2270 1644 2310 se
1686 2255 1751 2309 ad
1797 2256 2025 2309 laudan-

442 2349 569 2403 dum
601 2349 887 2402 Dominum
927 2348 1240 2403 cohortatur
1267 2365 1279 2400 :
1310 2347 1693 2401 excellentiore
1726 2348 1808 2400 sui
1846 2355 2023 2416 parte,

439 2457 501 2496 ca
533 2457 652 2512 qua:
680 2441 735 2495 in
763 2455 823 2496 se
855 2442 1061 2495 minora
1085 2449 1229 2505 sunt,
1262 2439 1466 2495 incitat.
1498 2439 1615 2494 Non
1643 2440 1785 2494 enim
1813 2440 1918 2494 alia
1941 2450 2026 2495 est

439 2545 558 2598 quas
589 2529 737 2594 dicit,
767 2538 821 2584 et
850 2530 954 2584 alia
981 2531 1065 2583 cui
1096 2529 1261 2583 dicit:
1294 2537 1387 2583 aut
1413 2530 1591 2584 carnis
1624 2529 1739 2585 haec
1771 2545 1876 2584 vox
1917 2540 2021 2598 est,

439 2637 561 2690 quae
607 2622 676 2675 ab
703 2624 882 2677 anima
914 2630 969 2676 et
996 2621 1159 2676 vitam
1188 2620 1353 2676 sumit
1391 2632 1446 2675 et
1491 2635 1709 2676 scnsum
1730 2665 1742 2687 ,
1779 2635 1878 2677 nec
1907 2623 2025 2677 sine

437 2716 614 2769 anima
643 2715 846 2785 aliquid
876 2722 1054 2782 potest
1078 2714 1237 2780 velle,
1271 2723 1325 2768 et
1369 2729 1477 2768 non
1519 2714 1682 2768 velle.
1729 2714 1861 2780 Quis
1893 2729 2023 2768 vero

437 2808 606 2876 ipsius
633 2807 825 2860 anima:
871 2806 1113 2874 duplices
1161 2805 1402 2860 actiones
1433 2814 1580 2873 sunt,
1611 2815 1665 2859 et
1692 2807 1799 2859 alio
1842 2804 2023 2860 ofﬁcio

437 2899 663 2967 erigitur
693 2899 756 2952 ad
794 2898 1103 2963 Dominum,
1134 2898 1243 2951 alio
1283 2897 1570 2951 inclinatur
1600 2898 1666 2950 ad
1706 2911 1943 2961 carnem,
1975 2899 2019 2951 si

439 2991 575 3044 bene
606 2989 815 3058 spiritui
848 2989 1036 3055 servit,
1065 2989 1202 3042 bene
1242 2987 1494 3056 praesidet
1537 2988 1708 3054 carni,
1744 2997 1800 3042 et
1840 3003 1938 3057 per
1967 2988 2019 3041 id

435 3082 578 3152 quod
610 3050 849 3137 adhaeret
897 3050 1032 3146 Deo,
1066 3081 1116 3134 id
1146 3050 1308 3136 etiam
1336 3080 1477 3148 quod
1509 3050 1746 3135 adhaeret
1782 3050 2015 3149 corpori,
2048 3050 2094 3112 Ο

435 3174 502 3235 ad
533 3176 840 3242 superiores
869 3173 1061 3228 invitat
1087 3172 1308 3228 allectus
1341 3189 1354 3226 :
1383 3180 1442 3227 ut
1467 3173 1717 3227 rationali
1743 3173 2020 3227 dominatu

437 3273 646 3317 tantum
696 3263 925 3317 subditis
972 3263 1204 3331 tribuat,
1251 3271 1508 3332 quantum
1559 3263 1626 3317 ad
1664 3263 1890 3318 salutem
1938 3273 2021 3316 sat

434 3363 551 3418 est;
583 3369 652 3409 ne
680 3355 724 3407 si
753 3355 866 3409 Deo
893 3369 1000 3409 non
1025 3364 1112 3410 est
1136 3354 1401 3423 subjecta,
1426 3355 1718 3409 minuatur.
1750 3355 1899 3409 Mens
1924 3357 2021 3409 ita-

433 3459 560 3512 que,
615 3459 824 3498 summa
855 3445 1100 3513 quaedam
1151 3459 1274 3513 pars
1319 3445 1533 3510 animae,
1582 3447 1925 3512 semetipsam
1965 3449 2016 3502 in

435 3534 685 3588 omnibus
709 3535 821 3589 suis
852 3536 1085 3589 incitans
1110 3535 1412 3600 conatibus,
1439 3535 1588 3601 dicit,
1619 3535 1819 3602 Lauda,
1849 3539 2022 3592 anima

432 3640 567 3692 mea,
621 3620 900 3679 Dominum
924 3643 942 3680 :
974 3639 1080 3680 non
1120 3626 1242 3694 quia
1289 3625 1391 3680 hoc
1421 3641 1526 3681 non
1573 3624 1738 3682 faciat
1762 3639 2018 3697 quantum

435 3726 631 3784 potest,
677 3718 770 3772 sed
811 3719 931 3786 quia
965 3733 1151 3787 parum
1182 3727 1265 3774 est
1308 3719 1455 3788 quod
1494 3719 1804 3774 inﬁrmitate
1832 3735 2021 3775 corru-

434 3807 635 3876 ptibilis
657 3810 899 3879 corporis
923 3819 1132 3878 potest,
1164 3811 1229 3864 ad
1257 3811 1399 3865 illam
1449 3810 1740 3879 perfectam
1774 3821 1828 3868 et
1860 3822 2020 3868 aeter—

435 3917 557 3955 nam
589 3901 950 3957 laudationem
981 3903 1139 3973 522
1164 3903 1423 3971 prolicere
1445 3904 1800 3971 concupiscit,
1831 3915 1886 3959 et
1908 3921 2021 3959 me-

434 4007 555 4045 mor
581 3994 865 4059 prazsentis
894 3994 1240 4059 conditionis,
1275 3995 1328 4048 in
1359 4009 1461 4063 qua
1504 3995 1760 4050 desiderii
1787 3997 1870 4050 sui
1915 4012 2018 4050 non

433 4082 640 4135 invenit
662 4083 827 4148 vires,
857 4092 1114 4151 quantum
1139 4083 1241 4136 hoc
1266 4100 1360 4153 per
1386 4099 1445 4139 se
1467 4085 1692 4152 factura,
1719 4088 2013 4155 respondit,

429 4174 637 4238 dicens,
672 4172 920 4227 Laudabo
963 4173 1240 4227 Dominum
1276 4176 1328 4227 in
1359 4176 1462 4228 vita
1493 4193 1622 4243 mea,
1655 4179 1871 4245 psallam
1910 4179 2018 4233 Deo

431 4279 562 4328 meo,
585 4261 831 4333 quamdiu
860 4279 994 4316 sum.
1025 4263 1177 4318 Nunc
1204 4265 1345 4318 enim
1375 4267 1618 4332 quamvis
1653 4266 1755 4322 ﬁde
1774 4309 1788 4332 ,
1818 4275 1875 4322 et
1898 4285 2015 4339 spe,

428 4363 484 4406 et
529 4353 792 4408 cbaritate
837 4354 1178 4420 roboremur,
1243 4354 1681 4409 tribulationibus
1741 4365 1920 4412 tamen
1964 4369 2017 4414 et

433 4444 701 4499 scandalis
728 4459 791 4498 ac
814 4445 1137 4500 maeroribus
1169 4459 1275 4499 non
1303 4460 1579 4512 caremus;
1610 4457 1663 4502 et
1690 4447 1833 4503 inter
1854 4449 2015 4504 innu-

434 4549 580 4589 mera
603 4536 943 4591 mortalitatis
965 4536 1268 4602 obstacula,
1289 4534 1318 4574 ι»
1336 4545 1392 4591 et
1415 4547 1636 4592 aeternae
1664 4540 1790 4593 vitae
1812 4539 2011 4609 ofﬁcia,

435 4639 540 4678 non
589 4623 894 4692 implemur.
935 4627 1199 4692 Quoniam
1244 4643 1433 4696 corpus
1471 4630 1608 4695 quod
1648 4632 2008 4700 corrumpitur,

427 4725 673 4785 aggravat
698 4718 944 4782 animant,
979 4729 1026 4772 et
1057 4729 1257 4773 terrena
1291 4720 1593 4774 inhabitatio
1621 4722 1858 4792 deprimit
1892 4741 2012 4777 sen-

426 4823 542 4859 sum
586 4807 743 4859 multa
790 4808 1094 4878 cogitantem
1122 4810 1274 4880 (Sap.
1319 4826 1394 4874 tx,
1429 4810 1542 4882 15).
1598 4810 1667 4865 1η
1705 4814 1806 4866 vita
1848 4815 2010 4883 igitur

428 4912 559 4962 mea,
610 4913 768 4967 quam
818 4899 963 4953 nulla
1015 4900 1274 4967 agritudo
1314 4901 1571 4966 inﬁrmat,
1622 4903 1768 4956 nulla
1799 4913 2009 4972 egestas

426 4989 552 5044 facit
578 4990 888 5058 inquietam,
917 4991 1140 5044 laudabo
1180 4993 1458 5046 Dominum
1481 5003 1591 5049 tota
1617 4995 1722 5050 mei
1753 4996 2008 5053 libertate

425 5090 584 5150 atque
613 5082 836 5146 virtute;
874 5089 932 5136 et
963 5080 1186 5151 psallam
1231 5081 1340 5135 Deo
1385 5098 1517 5152 meo,
1572 5085 1821 5142 quamdiu
1867 5102 2003 5152 sum,

497 5237 754 5292 “Titulus
813 5238 1002 5306 psalmi
1057 5236 1341 5293 Halleluia.
1394 5237 1570 5306 Λαριιεὶ
1615 5246 1664 5291 et
1708 5237 1999 5302 Zacharias,

425 5322 523 5377 pro
559 5322 615 5361 v.
649 5307 676 5361 1
730 5317 967 5376 notatur,
997 5309 1066 5365 de
1096 5323 1203 5376 quo
1251 5306 1385 5361 nihil
1433 5307 1719 5362 disseritur
1762 5307 1815 5361 in
1865 5309 2002 5364 Pro-

490 5392 602 5430 ero.

425 5393 525 5519 sp?
549 5445 726 5519 Forte
756 5448 956 5503 omisso
999 5456 1067 5512 et,
1101 5447 1370 5519 legeretur
1399 5445 1620 5519 melius,
1652 5456 1856 5502 aterne
1888 5448 2003 5501 vita

429 5517 591 5589 oﬁicia
617 5533 717 5570 non
740 5519 1032 5589 imp/emus.
1055 5517 1208 5584 Quod
1241 5519 1567 5589 Augustinus
1601 5517 1826 5589 insuere
1855 5519 2003 5572 vide-

429 5596 515 5639 tur
542 5585 622 5639 his
643 5585 846 5641 verbis:
874 5588 1161 5658 Respondet
1183 5588 1273 5641 tibi
1303 5585 1473 5640 anima
1495 5597 1614 5640 tua:
1638 5587 1817 5641 Laudo
1839 5606 1997 5656 quano

430 5665 537 5710 tum
562 5666 787 5726 possunt,
811 5659 1044 5726 tenuiter,
1069 5659 1287 5728 exiliter,
1317 5659 1606 5726 inﬁrmitcr.
1629 5658 1842 5723 Quare?
1869 5659 2002 5723 Quia

2127 1798 2358 1854 tercidit.

2199 1889 2377 1957 (Vers.
2402 1888 2457 1958 5,
2481 1890 2560 1961 6.)
2591 1889 2782 1945 Beatus
2808 1893 2956 1961 cujus
2988 1891 3126 1945 Deus
3144 1892 3306 1946 Iacob
3333 1892 3546 1963 adjutor
3570 1898 3706 1961 eius,

2125 1997 2237 2049 spes
2267 1983 2377 2051 ejus
2408 1982 2462 2034 in
2518 1981 2735 2035 Domino
2770 1980 2880 2036 Deo
2920 1985 3100 2053 ipsius,
3143 1987 3232 2054 qui
3278 1987 3396 2052 fecit
3435 1988 3620 2040 ccclum
3661 1997 3708 2042 et

2125 2079 2336 2136 terram,
2365 2087 2508 2124 mare
2528 2083 2574 2125 et
2604 2073 2773 2126 omnia
2793 2089 2905 2142 qua:
2924 2074 2979 2126 in
3001 2075 3073 2127 eis
3099 2084 3236 2128 sunt.
3262 2076 3476 2142 Beatus,
3511 2079 3704 2145 inquit,

2129 2160 2290 2216 homo
2319 2163 2402 2216 cui
2435 2163 2649 2232 adjutor
2676 2173 2759 2218 est
2784 2164 2956 2229 Deus;
2990 2179 3093 2218 non
3122 2166 3210 2220 ille
3232 2182 3389 2235 quem
3413 2169 3517 2222 sibi
3551 2169 3708 2237 igno-

2127 2252 2297 2306 rantia
2330 2253 2561 2308 humana
2586 2254 2865 2324 conﬁngit,
2899 2255 2992 2309 sed
3026 2256 3162 2310 Deus
3185 2255 3344 2312 Jacob
3366 2301 3379 2322 ,
3411 2262 3499 2326 qui
3531 2261 3707 2328 ipsum

2125 2345 2292 2400 Jacob
2320 2347 2482 2402 lsrael
2513 2348 2658 2415 fecit,
2684 2357 2742 2402 ut
2765 2347 2868 2404 ﬁde
2896 2359 2950 2403 et
2978 2348 3252 2404 intellectu
3283 2351 3461 2406 videat
3483 2354 3708 2408 univer.

2124 2437 2299 2491 sitatis
2327 2447 2628 2494 auctorem.

2195 2527 2376 2598 (Vers.
2406 2529 2488 2600 7.)
2537 2530 2637 2597 Qui
2680 2533 2902 2586 custodit
2931 2535 3192 2587 ueritatem
3233 2535 3284 2587 in
3315 2536 3590 2600 stt'culum,
3624 2537 3708 2604 fa-

2123 2621 2192 2674 cit
2210 2620 2468 2691 judicium
2489 2621 2734 2693 injuriam
2764 2623 3086 2692 patientibus.
3121 2625 3188 2678 Et
3215 2625 3507 2678 timendum
3535 2625 3707 2679 Deum

2124 2712 2543 2779 commendavit,
2576 2721 2631 2767 et
2659 2713 2946 2769 amandum
2976 2732 2989 2769 :
3024 2715 3338 2781 timendum,
3369 2717 3491 2786 quia
3524 2718 3708 2784 iniqua

2123 2803 2381 2858 facientes
2409 2804 2643 2858 venitate
2665 2805 2970 2863 damnavit:
3002 2809 3314 2872 amandum,
3347 2807 3472 2876 quia
3502 2823 3599 2877 pro
3622 2809 3710 2878 ju-

2123 2895 2265 2948 stitia
2293 2894 2601 2950 laborantes
2626 2896 2995 2952 misericordia
3022 2899 3322 2952 coronavit.

2196 2985 2354 3055 (Vers
2384 2985 2523 3055 7-9.)
2555 2986 2659 3039 Dat
2683 3004 2852 3041 escam
2879 2990 3238 3044 esurientibus.
3273 2989 3529 3046 Dominus
3556 2992 3711 3046 soluit

2123 3076 2448 3145 compeditos.
2486 3077 2734 3131 Dominus
2762 3079 3014 3147 sapientes
3053 3081 3178 3149 facit
3220 3096 3403 3134 caecos.
3450 3079 3709 3132 Dominus

2122 3170 2271 3238 erigit
2299 3170 2469 3234 elisos,
2501 3166 2753 3223 Dominus
2783 3170 2950 3241 diligit
2965 3172 3156 3242 justas.
3202 3169 3456 3223 Dominus
3482 3172 3710 3225 custodit

2121 3261 2360 3313 advenas.
2400 3260 2664 3314 Omnibus
2708 3261 2921 3327 quidem
2969 3261 3332 3316 animantibus
3369 3263 3708 3331 proiidentia

2126 3349 2218 3403 Dei
2243 3350 2523 3404 constituit
2553 3360 2606 3404 et
2635 3361 2854 3421 praestat
2891 3351 3231 3416 alimoniam;
3272 3352 3366 3406 sed
3397 3352 3708 3407 hominibus

2123 3457 2227 3494 non
2258 3451 2527 3497 terrenum
2553 3450 2784 3506 tantum,
2811 3444 2904 3498 sed
2934 3454 2988 3498 et
3009 3445 3304 3514 spiritalem
3333 3446 3493 3518 523
3523 3448 3706 3502 cibum

2121 3531 2352 3600 praebet;
2401 3548 2559 3600 quem
2592 3534 2644 3588 hi
2695 3536 2964 3602 accipiunt
3012 3537 3100 3605 qui
3145 3536 3477 3604 desiderant,
3510 3540 3708 3606 quibus

2118 3625 2334 3693 dicitur,
2387 3624 2536 3680 Beati
2585 3627 2674 3696 qui
2726 3629 2954 3681 esuriant
2983 3639 3031 3683 et
3069 3631 3247 3683 sitiunt
3265 3631 3548 3700 justitiam,
3580 3648 3709 3701 quo-

2119 3717 2260 3768 niam
2305 3717 2681 3770 saturabuntur
2713 3717 2928 3786 (Matth.
2960 3735 3017 3784 v,
3061 3718 3140 3788 6).
3184 3719 3330 3774 Talis
3367 3735 3498 3789 ergo
3525 3730 3612 3774 est
3653 3730 3708 3775 et

2119 3806 2551 3874 compeditorum
2596 3807 2886 3875 absolutio,
2915 3811 3003 3877 qui
3045 3811 3386 3865 mortalitatis
3413 3812 3706 3881 compedes

2119 3901 2422 3954 aeternitate
2469 3900 2774 3967 adoptionis
2803 3902 3054 3957 evadent.
3102 3903 3249 3958 Talis
3289 3911 3346 3956 et
3380 3903 3706 3959 illuminatio

2121 4007 2413 4056 caecorum,
2453 3993 2541 4060 qui
2576 3993 2845 4060 sapientes
2875 4008 2940 4049 ex
2971 3993 3345 4063 insipientibus
3376 3995 3532 4048 ﬁunt.
3559 3995 3706 4051 Talis

2120 4098 2330 4152 quoque
2369 4083 2625 4138 elisorum
2654 4084 2892 4140 elevatio
2910 4127 2925 4150 ,
2952 4087 3040 4155 qui
3068 4086 3368 4140 voluntaria
3396 4087 3706 4143 humilitate

2118 4177 2411 4244 prostrati,
2463 4175 2528 4228 ad
2580 4175 2916 4230 altitudinem
2961 4176 3263 4231 cmlestium
3307 4176 3700 4243 provehuntur.

2120 4262 2374 4318 Dominus
2396 4265 2537 4318 enim
2562 4265 2729 4336 diligit
2742 4267 2934 4336 justas,
2959 4266 3208 4334 quoniam
3238 4265 3354 4331 ipse
3385 4275 3470 4320 est
3494 4267 3702 4335 justiti:

2119 4354 2337 4418 eorum;
2369 4365 2421 4409 et
2443 4354 2557 4422 ipsc
2585 4355 2804 4407 custodit
2831 4355 3078 4417 advenas,
3107 4355 3194 4423 qui
3218 4369 3406 4410 omnes
3426 4367 3618 4424 gentes
3650 4356 3705 4410 in

2041 4413 2095 4472 Β
2119 4413 2335 4501 Christo
2358 4413 2518 4499 unum
2548 4447 2694 4511 facit,
2731 4455 2784 4499 et
2807 4445 2861 4499 in
2884 4445 3042 4500 Abra'
3065 4413 3281 4501 rte-ﬁlios
3308 4413 3516 4514 lapidea
3537 4447 3703 4502 corda

2115 4538 2380 4591 convertit
2406 4535 2617 4606 (Matth.
2651 4552 2731 4596 tu.
2761 4536 2842 4601 9).

2184 4629 2363 4699 (Vers.
2389 4628 2442 4693 9,
2471 4626 2581 4696 10.)
2617 4627 2883 4698 Pupillum
2904 4635 2951 4681 et
2973 4628 3182 4682 viduam
3201 4628 3464 4698 suscipiet.
3492 4640 3539 4683 et
3569 4632 3703 4682 uiam

2113 4727 2437 4788 peccatorum
2469 4719 2847 4772 exterminabit.
2881 4719 3130 4790 Regnabit
3167 4719 3420 4774 Dominus
3455 4722 3510 4774 in
3555 4733 3704 4776 ceter-

2117 4826 2258 4875 num,
2290 4808 2426 4862 Deus
2453 4817 2593 4876 tuus,
2625 4811 2753 4865 Sion
2773 4852 2788 4878 ,
2821 4812 2876 4864 in
2909 4813 3233 4881 generatione
3263 4821 3311 4866 et
3347 4817 3703 4890 generatione,

2118 4912 2140 4940 c
2165 4903 2219 4955 in
2245 4903 2488 4955 saeculum
2513 4901 2710 4955 sceculi.
2742 4902 2860 4956 istis
2887 4903 3103 4972 quidem
3151 4905 3400 4973 pupillis,
3432 4907 3525 4974 qui
3556 4922 3703 4960 mor-

2116 4994 2221 5047 tuis
2262 4993 2501 5061 patribus
2540 4992 2804 5047 i-ndefensi
2836 5002 3142 5063 remanent,
3195 4996 3338 5049 Deus
3377 4998 3696 5065 opitulatur,

2115 5096 2169 5139 et
2195 5098 2383 5138 omnes
2409 5083 2597 5138 viduas
2621 5083 2765 5139 Deus
2803 5086 3071 5155 protegit;
3102 5086 3198 5142 sed
3228 5085 3315 5141 hic
3349 5087 3472 5142 illos
3499 5088 3704 5159 orpha-

2108 5239 2352 5309 quamdiu
2375 5255 2550 5310 sumus
2575 5241 2626 5291 in
2657 5255 2886 5309 corpore,
2917 5244 3298 5310 peregrinamur
3318 5260 3351 5295 a
3375 5242 3620 5297 Domino.

2187 5320 2210 5346 ε
2247 5309 2369 5363 Haec
2400 5309 2582 5372 verba,
2633 5310 2684 5361 in
2711 5309 2949 5364 uetulum
2981 5309 3179 5372 steculi.
3206 5328 3312 5366 non
3340 5314 3612 5368 habentur
3641 5316 3694 5367 in

2109 5387 2255 5433 textu
2301 5379 2533 5452 llebraro
2571 5389 2663 5452 aut
2708 5379 2899 5434 Latino
2943 5383 3128 5448 psalmi
3165 5383 3354 5449 hujus:
3402 5399 3504 5438 nec
3550 5385 3695 5452 apud

2109 5449 2498 5523 Augustinum,
2521 5449 2623 5502 hoc
2653 5450 2823 5523 loco;
2853 5452 2990 5514 apud
3042 5453 3425 5523 Hieronymum
3459 5449 3598 5507 vero
3638 5457 3692 5509 in

2107 5521 2342 5573 editione
2363 5519 2638 5573 Gallicana
2664 5534 2766 5573 non
2815 5522 3099 5587 habentur,
3131 5524 3223 5577 sed
3247 5519 3310 5576 'in
3339 5523 3581 5578 Romana
3614 5526 3693 5578 le-

2107 5598 2321 5656 gttntttr,
2376 5604 2474 5660 pro
2519 5590 2980 5661 antecedentibus,
3015 5594 3067 5647 in
3097 5593 3423 5662 generatione
3452 5603 3502 5649 et
3538 5612 3694 5666 gem-

2107 5671 2319 5716 rattonc.
