3978 6178
263 283 375 339 ιη

1014 277 1429 336 PSALMORUM
1471 279 1514 331 A
1553 275 1594 332 C
1631 277 1721 330 AD
1759 275 1845 331 CL
1885 275 2273 332 EXPOSITIO.
2317 275 2508 330 PSAL.
2548 275 2776 331 CXLVI.

3428 279 3534 333 M8

264 412 368 451 nos
407 402 465 450 et
507 394 623 448 illas
661 392 852 448 viduas
898 393 1094 448 melius
1140 389 1512 460 intelligimus,
1559 389 1752 458 quibus
1789 388 1842 442 in
1870 401 1916 456 Α
1951 389 2066 458 pilli
2096 389 2331 458 capitum
2377 391 2640 443 numerati
2667 399 2792 443 sunt
2822 388 3033 460 (Matth.
3068 405 3122 454 x,
3153 387 3268 459 30).
3303 390 3378 445 De
3427 392 3534 445 illis

261 484 369 540 hoc
397 485 597 540 sautio
639 485 844 539 nullum
876 493 961 539 est
1003 483 1335 552 praesidium,
1370 481 1511 535 nulla
1538 488 1621 535 est.
1649 492 1844 533 conso-

258 576 422 642 latio;
472 576 566 631 sed
614 591 739 644 spes
779 590 966 630 eorum
1008 577 1062 629 in
1111 573 1340 629 Domino
1367 572 1483 626 Deo
1511 579 1538 608 ι
1581 571 1842 640 ipsorum.

255 668 454 720 Anima
488 681 616 736 ergo
639 683 758 736 quae
782 669 836 720 in
864 667 1022 720 bonis
1051 663 1436 733 temporalibus
1457 679 1563 717 non
1592 662 1726 728 lidit,
1751 659 1844 715 sed

255 757 449 812 mundi
481 757 634 811 istius
661 756 936 827 peregrina
968 766 1068 820 est,
1099 771 1392 825 supernum
1427 766 1632 823 patrem
1671 762 1729 808 et
1754 767 1844 806 su-

253 862 485 916 pernam
515 848 830 902 desiderans
859 856 1085 902 matrem
1104 889 1120 914 ,
1153 845 1348 900 merito
1374 845 1573 914 pupilla
1607 843 1846 913 appella-

253 949 343 993 tur
372 947 428 993 et
459 938 652 1003 vidua;
685 953 803 1007 quae
829 937 1003 992 donec
1044 946 1099 991 et
1121 946 1330 1006 patrem
1372 935 1556 989 videat
1599 943 1656 988 et
1681 947 1844 1002 spon-

249 1046 398 1096 sum,
427 1046 570 1085 nunc
601 1030 813 1085 videtur
837 1043 962 1084 esse
1005 1029 1316 1098 longinqua.
1358 1026 1452 1081 Via
1487 1040 1617 1081 vero
1651 1040 1841 1094 pecca-

250 1134 434 1178 torum
465 1122 934 1188 exterminabitur,
967 1136 1090 1175 cum
1112 1120 1348 1175 omnium
1388 1119 1730 1186 iniquitatum
1751 1118 1843 1170 de-

247 1215 479 1269 fecerint
506 1214 780 1277 actiones,
811 1221 867 1268 et
907 1212 1117 1266 vanitas
1144 1213 1195 1265 in
1241 1211 1523 1264 latitudine
1559 1208 1841 1263 ambulan-

248 1309 392 1362 tium
416 1308 471 1361 in
518 1305 779 1375 supplicia
821 1314 1021 1358 aeterna
1066 1314 1358 1373 mergetur.
1388 1303 1446 1357 In
1476 1304 1618 1356 hunc
1661 1310 1839 1354 autem

244 1403 419 1454 tinem
468 1397 848 1466 proruentibus
881 1395 1060 1459 malis,
1088 1397 1214 1464 quid
1243 1394 1427 1448 audiet
1470 1392 1658 1446 civitas
1685 1391 1837 1455 Sion,

245 1493 379 1561 quid
407 1498 725 1558 assequetur
751 1489 943 1543 civitas
973 1487 1104 1541 Dei?
1145 1486 1342 1550 Venite,
1385 1484 1634 1538 benedicti
1664 1482 1840 1537 Patris

247 1584 372 1647 mei,
398 1584 641 1652 percipite
665 1597 874 1653 regnum
898 1583 1033 1652 quod
1049 1581 1185 1634 vobis
1206 1589 1441 1650 paratum
1463 1588 1538 1632 est
1557 1578 1621 1632 ab
1642 1578 1840 1645 origine

244 1673 434 1726 mundi
485 1671 702 1741 (Matth.
732 1687 867 1737 xxv,
896 1671 1010 1740 51).
1039 1671 1300 1737 Quoniam
1333 1678 1412 1735 tu,
1459 1667 1611 1733 Sion,
1640 1667 1693 1721 in
1734 1666 1838 1720 Ec-

1949 495 2081 550 ergo
2109 481 2283 535 stellis
2311 479 2524 549 dignius
2556 482 2870 551 intelligitur
2907 480 3010 536 hoc
3038 482 3264 551 dictum,
3318 498 3436 552 quae
3478 485 3530 537 in

1950 571 2194 626 Ecclesia
2244 571 2362 638 Dei,
2411 571 2478 625 ad
2516 572 2898 626 consolandam
2949 573 3230 640 praesentis
3277 575 3534 642 temporis

1950 674 2187 731 noctem,
2216 664 2374 720 bona:
2416 666 2843 720 conversationis
2886 667 3157 734 exemplo,
3213 675 3264 720 et
3297 668 3532 720 caelestis

1947 755 2208 812 doctrinae
2239 758 2358 812 luce
2392 758 2770 825 resplendent,
2805 759 2997 827 quibus
3034 757 3176 812 dicat
3219 759 3528 826 Apostolus,

1946 847 2016 902 In
2050 849 2151 901 ista
2184 851 2393 904 natione
2439 867 2594 918 prava
2620 860 2668 904 et
2708 868 2961 920 perversa,
2995 853 3045 904 in
3072 852 3250 920 quibus
3271 852 3532 921 apparetis

1945 953 2204 1012 tamquam
2240 945 2520 998 luminaria
2549 947 2602 999 in
2646 947 2870 1011 mundo,
2902 946 3104 1000 verbum
3141 947 3258 1000 uiue
3289 946 3530 1000 habentes

1947 1034 2174 1106 (Philip.
2205 1050 2264 1099 ll,
2317 1036 2427 1105 15).
2463 1035 2572 1090 llas
2626 1051 2754 1106 ergo
2797 1037 2980 1091 stellas
3015 1036 3153 1090 Deus
3199 1045 3444 1090 numerat
3474 1036 3528 1090 in

1944 1134 2202 1179 aeternam
2247 1126 2561 1194 pricelectas
2589 1128 2848 1195 gloriam,
2894 1137 2948 1182 et
2977 1129 3289 1181 nominatim
3316 1143 3382 1181 ex
3409 1141 3527 1180 om-

1944 1217 2101 1272 nibus
2125 1219 2372 1287 gentibus
2403 1219 2714 1273 advocatas.
2767 1219 2926 1273 Novit
2959 1220 3102 1274 enim
3155 1219 3404 1274 Dominus
3441 1222 3532 1291 qui

1941 1316 2058 1362 sunt
2085 1311 2196 1378 ejus
2225 1307 2294 1378 (Il
2321 1308 2454 1362 Tim.
2479 1324 2539 1372 ll,
2573 1309 2659 1379 19)
2687 1325 2704 1374 ;
2735 1324 2854 1364 cum
2888 1311 3079 1378 quibus
3108 1327 3214 1364 non
3243 1322 3528 1378 computa—

1943 1399 2160 1466 bttntur,
2190 1400 2386 1468 quibus
2417 1399 2633 1462 dicitur,
2669 1399 2927 1454 Discedite
2965 1419 2996 1453 a
3035 1417 3135 1466 me,
3165 1403 3388 1471 aperarii
3430 1404 3530 1456 ini-

1941 1490 2184 1557 quitatis;
2216 1505 2316 1542 non
2343 1491 2460 1543 navi
2482 1507 2567 1543 vos
2597 1490 2749 1558 (Luc.
2784 1507 2901 1558 xttt,
2931 1493 3045 1555 27).

2012 1581 2190 1652 (Vers.
2221 1580 2306 1650 5.)
2342 1581 2565 1652 Magnus
2594 1583 2866 1649 Dominus,
2898 1593 2948 1638 et
2979 1602 3163 1655 magna
3192 1586 3351 1641 virtus
3374 1590 3490 1658 ejus
3509 1631 3523 1654 ,

1939 1681 1989 1725 et
2031 1673 2297 1740 sapientiae
2343 1675 2454 1742 ejus
2499 1691 2598 1728 non
2630 1675 2995 1742 estf_nuinerus.
3044 1679 3205 1731 Multa
3253 1681 3302 1732 in
3336 1689 3525 1733 natura

243 1765 422 1820 clesia
463 1779 687 1834 regnum
732 1765 841 1818 eris
895 1771 1156 1817 aeternum
1209 1761 1420 1816 Domini
1480 1760 1576 1815 Dei
1627 1759 1741 1826 tui,
1784 1765 1915 1826 etB
1942 1778 2135 1834 magna
2163 1772 2306 1829 sunt,
2339 1777 2393 1818 et
2437 1764 2726 1818 multarum
2771 1776 3084 1821 naturarum
3135 1783 3325 1837 magna
3355 1769 3526 1824 virtus

243 1864 515 1926 regnante
537 1855 677 1923 ipso,
701 1854 819 1908 sine
847 1852 952 1906 line
987 1852 1256 1921 regnabis.

751 1944 1070 2001 PSALMUS
1107 1941 1340 1998 CXLVI.

320 2039 504 2112 (Vers.
536 2036 613 2108 1.)
644 2037 878 2091 Laudate
905 2035 932 2074 δ
955 2035 1254 2099 Dominum,
1305 2034 1547 2103 quoniam
1575 2033 1736 2087 bonus
1764 2041 1840 2087 est

241 2133 505 2204 psalmus,
559 2129 670 2186 Deo
717 2140 892 2183 nostra
919 2128 1150 2199 jocunda
1189 2126 1446 2180 laudatio.
1511 2125 1716 2180 Bonum
1756 2133 1840 2179 est

244 2228 537 2282 Dominum
570 2223 811 2290 laudare,
843 2221 896 2276 in
924 2221 1150 2291 gloriam
1175 2219 1268 2274 Dei
1292 2219 1543 2288 psallere,
1571 2233 1678 2272 non
1708 2232 1840 2272 voce

241 2326 481 2383 tantum,
514 2330 633 2384 qua:
683 2311 1078 2368 incessabiliter
1108 2324 1308 2364 canere
1359 2323 1466 2363 non
1494 2317 1692 2376 potest,
1743 2307 1838 2362 sed

242 2410 422 2464 multo
466 2407 698 2476 amplius
745 2403 1119 2459 modulatione
1163 2400 1501 2455 rationabilis
1529 2398 1669 2464 vitae,
1717 2414 1838 2468 qua:

245 2501 404 2555 nullo
427 2509 672 2569 tempore
701 2495 996 2552 omittenda
1023 2504 1106 2550 est
1138 2511 1151 2547 :
1183 2493 1435 2564 quoniam
1473 2491 1527 2546 in
1554 2505 1842 2547 conversa-

241 2594 455 2648 tionem
479 2591 800 2660 spiritalium
825 2601 1101 2643 servorum
1132 2585 1250 2648 Dei,
1282 2585 1539 2655 quidquid
1587 2584 1735 2639 domi
1762 2585 1841 2638 lo-

240 2685 437 2754 risque
459 2683 658 2750 agitur,
687 2679 804 2734 laus
823 2677 968 2732 illius
995 2686 1099 2740 est,
1122 2676 1276 2744 cujus
1295 2685 1352 2730 et
1379 2675 1621 2730 doctrina
1642 2686 1696 2729 et
1709 2682 1843 2728 'tnu-

241 2789 382 2827 nere
406 2774 476 2826 ita
506 2770 708 2825 vivitur
733 2779 792 2824 ut
819 2768 954 2823 nihil
982 2766 1259 2822 actionum
1300 2780 1406 2820 non
1437 2767 1532 2821 Dei
1573 2766 1732 2820 laude
1773 2766 1844 2820 sit

239 2864 492 2933 dignum,
520 2862 738 2916 dicente
763 2860 1048 2929 Apostolo,
1085 2858 1210 2913 Siue
1235 2858 1560 2911 manducatis
1586 2898 1601 2923 ,
1635 2858 1738 2911 sive
1767 2858 1846 2910 bi-

241 2956 392 3019 bitis,
414 2955 518 3007 sive
553 2952 699 3006 aliud
743 2951 868 3021 quid
907 2950 1096 3020 facitis,
1122 2951 1296 3003 omnia
1335 2950 1386 3002 in
1433 2950 1652 3022 gloriam
1680 2948 1844 3021 525

239 3046 349 3101 Dei
377 3047 533 3114 facite
555 3044 598 3115 (l
627 3043 746 3098 Cor.
776 3059 829 3107 x,
860 3043 975 3114 51).
1000 3043 1152 3111 Quod
1179 3044 1270 3113 qui
1313 3043 1516 3096 iaciunt
1553 3059 1841 3112 numquam

1939 1865 2043 1909 est.
2077 1855 2182 1910 Sed
2209 1856 2261 1908 in
2290 1856 2751 1924 comparationem
2781 1856 2878 1910 Dei
2911 1858 3043 1912 nihil
3092 1873 3220 1914 vere
3246 1875 3520 1930 magnum,

1940 1945 2074 2000 nihil
2102 1960 2233 2001 vere
2260 1946 2456 2000 dicitur
2496 1954 2710 2014 potens,
2739 1957 2790 2000 et
2834 1945 2887 2001 in
2931 1945 3027 2001 illo
3057 1963 3178 2002 vera
3211 1959 3294 2003 est
3320 1951 3526 2018 magni-

1940 2038 2090 2102 tudo,
2115 2046 2172 2093 et
2197 2051 2386 2107 magna
2415 2037 2608 2091 virtus.
2642 2036 2906 2092 Universa
2928 2053 3056 2108 ergo
3078 2042 3401 2095 excellentia
3429 2041 3526 2096 ha-

1940 2127 2072 2182 bent
2102 2128 2299 2182 limites
2321 2143 2470 2192 suos,
2499 2137 2554 2183 et
2579 2126 2721 2182 intra
2761 2128 2978 2183 modum
3006 2130 3107 2185 sibi
3153 2132 3386 2199 positum
3427 2147 3524 2185 na-

1943 2229 2056 2273 tura
2106 2235 2335 2289 quaeque
2383 2219 2674 2274 subsistit:
2735 2220 2878 2275 Deus
2927 2230 3104 2277 autem
3159 2223 3525 2294 magnitudine

1939 2313 2127 2381 gloria:
2180 2327 2292 2366 sua:
2333 2313 2546 2367 excedit
2589 2312 2862 2379 universa,
2905 2322 2960 2369 et
3003 2315 3393 2382 omnipotentia
3441 2331 3526 2370 sa-

1943 2406 2158 2475 pientia
2207 2405 2324 2473 ejus
2369 2405 2519 2460 nullo
2565 2421 2792 2460 numero
2841 2406 3338 2474 comprehenditur.
3384 2407 3527 2474 Quo-

1941 2500 2082 2552 niam
2103 2515 2168 2552 ea:
2187 2499 2324 2568 ipso,
2345 2507 2394 2552 et
2414 2514 2503 2568 per
2522 2497 2714 2566 ipsum,
2739 2509 2785 2552 et
2806 2498 2861 2551 in
2880 2499 2992 2569 ipso
3011 2510 3130 2553 sunt
3151 2499 3322 2554 omnia
3342 2498 3521 2571 (Rom.

1941 2605 2017 2655 xi,
2050 2589 2168 2660 36).

2014 2680 2194 2749 (Vers.
2237 2680 2318 2750 6.)
2369 2679 2668 2751 Suscipiens
2711 2687 3003 2734 mansuetos
3041 2678 3314 2745 Dominus,
3357 2680 3528 2734 humi-

1943 2771 2078 2826 lians
2125 2780 2293 2827 autem
2339 2781 2627 2842 peccatores
2677 2786 2833 2838 usque
2857 2771 2924 2824 ad
2963 2779 3172 2824 terram.
3215 2769 3333 2825 Non
3379 2785 3530 2827 acce-

1944 2865 2079 2919 dunt
2107 2865 2174 2918 ad
2200 2865 2560 2934 cognitionem
2596 2863 2692 2918 Dei
2735 2862 2966 2918 humiles
2993 2861 3178 2934 [Forte
3208 2863 3308 2918 nisi
3351 2864 3527 2918 humi-

1945 2955 2047 3028 les]
2077 2965 2236 3024 atque
2279 2955 2568 3018 mansueti,
2599 2955 2690 3023 qui
2732 2954 2897 3009 etiam
2929 2953 3070 3022 quod
3097 2954 3332 3009 nondum
3364 2954 3524 3025 525

1947 3049 2271 3119 intelligunt,
2301 3046 2553 3111 credunt,
2583 3053 2639 3100 et
2660 3046 3044 3102 revelationem
3073 3046 3404 3100 occultorum
3430 3063 3526 3100 ex-

240 3153 278 3192 a
314 3138 410 3192 Dei
437 3136 686 3190 laudibus
721 3135 912 3201 silent,
947 3144 1003 3189 et
1042 3149 1072 3188 a
1100 3136 1256 3189 bonis
1285 3135 1540 3204 operibus
1570 3137 1832 3205 ipsorum,
1862 3137 1907 3199 C
1938 3148 2207 3210 spectant.
2236 3137 2347 3192 Hos
2391 3135 2720 3191 erudiendos
2748 3136 2971 3205 suscipit
3012 3135 3290 3201 Dominus,
3333 3145 3391 3190 et
3431 3135 3528 3190 dn-

240 3246 470 3300 semper
499 3230 612 3284 Deo
627 3228 861 3300 jocunda
889 3237 962 3280 est
989 3228 1244 3281 laudatio.

322 3323 505 3391 (Vers.
537 3320 620 3391 2.)
649 3319 944 3384 didi/ianus
963 3317 1252 3373 Jerusalem
1277 3318 1552 3384 Dominus,
1578 3327 1624 3372 et
1649 3317 1841 3390 disper-

239 3417 422 3470 siones
453 3411 623 3466 Israel
651 3428 987 3484 congregans.
1027 3409 1338 3466 Exstructio
1365 3410 1688 3475 Jerusalem,
1720 3425 1839 3480 qua:

241 3511 550 3568 ediﬁeatur
579 3519 639 3563 ut
667 3508 855 3563 civitas
878 3506 1053 3576 (Psal.
1078 3520 1225 3573 cxxt,
1255 3505 1334 3575 3),
1369 3520 1500 3574 pace
1521 3504 1797 3573 consurgit
1823 3520 1838 3556 :

243 3617 474 3657 omnem
521 3599 686 3655 lsrael
735 3613 839 3668 pax
879 3598 948 3652 ad
978 3597 1306 3652 soliditatem
1352 3597 1555 3667 colligit
1593 3595 1837 3651 unitatis.

242 3695 369 3751 Non
395 3707 528 3762 ergo
554 3691 623 3745 ab
649 3690 903 3760 Operibus
933 3703 1058 3754 vox,
1093 3703 1195 3743 nec
1223 3703 1252 3740 a
1281 3701 1412 3742 voce
1446 3687 1647 3741 debent
1675 3701 1838 3754 opera

243 3794 564 3853 dissonare,
595 3799 650 3845 et
679 3787 796 3844 laus
825 3801 946 3857 qua:
975 3800 1107 3841 voce
1134 3785 1420 3855 promitur,
1450 3783 1518 3837 de
1544 3783 1684 3837 bona
1712 3796 1842 3837 con-

243 3885 478 3959 scientia
508 3880 815 3952 proferatur
845 3898 859 3932 :
900 3894 1024 3933 nam
1052 3893 1158 3931 non
1195 3888 1278 3930 est
1303 3876 1455 3928 ﬁrma
1480 3887 1764 3944 compago,
1793 3875 1841 3927 si

243 3981 305 4032 in
337 3975 526 4030 ofﬁcio
553 3973 727 4027 laudis
757 3986 863 4026 non
894 3983 1031 4024 unus
1075 3981 1239 4022 sonus
1266 3974 1351 4022 est
1389 3965 1568 4020 cordis
1603 3973 1662 4020 et
1694 3964 1842 4020 vocis

245 4068 429 4139 (Sent.
463 4067 540 4136 6).

323 4159 508 4224 (Vers.
541 4155 621 4227 ὅ.)
651 4155 752 4220 Qui
777 4162 925 4209 sanat
954 4152 1201 4207 contritas
1223 4151 1398 4220 corde,
1434 4159 1481 4204 et
1508 4147 1689 4219 alligat
1718 4164 1840 4202 eon—

244 4253 491 4307 tritiones
517 4265 714 4302 eorum.
745 4247 884 4301 Ecce
906 4245 1177 4315 quomodo
1201 4244 1524 4312 colliguntur
1547 4241 1841 4311 dispersio-

244 4362 353 4402 nes
383 4342 572 4406 Israel,
603 4350 662 4395 ut
690 4351 947 4394 sanentur
975 4337 1212 4393 contrito
1236 4336 1398 4390 corde
1428 4351 1443 4388 :
1473 4336 1726 4405 quoniam
1754 4348 1842 4386 cor

244 4438 535 4490 contritum
578 4443 625 4486 et
664 4431 993 4484 humiliatum
1030 4428 1168 4482 Deus
1196 4443 1300 4481 non
1329 4435 1529 4495 spernet
1570 4424 1740 4496 (Psal.
1786 4439 1836 4489 1.,

1937 3233 2127 3287 ctrinae
2173 3242 2284 3284 suae
2312 3241 2540 3297 capaces
2569 3227 2717 3294 facit,
2746 3241 2972 3297 quorum
2997 3227 3262 3282 desideria
3293 3227 3528 3283 delecta-

1940 3325 2085 3380 tione
2112 3321 2295 3396 [Forte
2323 3320 2656 3393 dilatatione]
2686 3322 2932 3376 exercuit
2953 3330 3009 3375 et
3035 3321 3300 3376 accendit.
3328 3321 3528 3375 Pecca-

1940 3423 2074 3470 tores
2124 3423 2303 3468 autem
2333 3411 2578 3466 bumiliat
2620 3427 2781 3481 usque
2822 3411 2891 3464 ad
2938 3419 3127 3464 terram
3156 3426 3175 3464 :
3224 3425 3319 3466 eos
3346 3413 3528 3482 utique

1942 3515 2272 3576 peccatores,
2322 3505 2414 3573 qui
2453 3503 2518 3558 ad
2546 3503 2964 3574 promerendum
3002 3504 3399 3573 Scripturarum
3447 3504 3526 3556 in-

1941 3599 2214 3654 tellectum
2245 3595 2658 3651 mansuetudine
2681 3605 2894 3662 carent,
2927 3605 2977 3648 et
3023 3609 3084 3648 ea
3115 3610 3236 3664 quae
3268 3595 3526 3663 introspi-

1941 3703 2067 3743 cere
2094 3692 2387 3756 nequeunt,
2420 3694 2691 3754 tamquam
2736 3684 3010 3752 superﬂua
3040 3695 3092 3738 θι
3116 3699 3249 3739 vana
3287 3694 3528 3739 contem-

1942 3789 2097 3835 nunt.
2122 3779 2322 3833 Horum
2345 3776 2741 3832 contumaciam
2763 3776 2904 3830 Deus
2926 3775 2981 3829 in
3002 3784 3218 3833 terrena
3240 3775 3522 3843 demergit,

1941 3885 2063 3925 cum
2107 3870 2253 3938 ipsos
2297 3866 2461 3922 tradit
2507 3865 2828 3935 insipientia:
2879 3881 2894 3917 :
2959 3874 3019 3920 ut
3070 3865 3162 3934 qui
3207 3877 3527 3934 spreverunt

1940 3960 2165 4032 gratiam
2211 3956 2658 4021 illuminationis,
2710 3954 2940 4010 subeant
2984 3951 3310 4025 supplicium
3367 3955 3527 4011 caici-

1944 4054 2092 4110 tatis.

2015 4144 2199 4215 (Vers.
2226 4141 2304 4212 7.)
2333 4139 2605 4196 Ρτωοίηὶιε
2627 4139 2850 4194 Domino
2876 4140 2931 4193 in
2950 4140 3285 4209 confessione,
3313 4139 3525 4207 psallite

1943 4234 2054 4288 Deo
2086 4243 2263 4288 nostro
2291 4234 2346 4286 in
2372 4232 2592 4285 cithara.
2631 4231 3066 4286 Desiderantibus
3115 4231 3524 4300 intelligentiam

1943 4334 2408 4382 sacramentorum
2433 4337 2462 4376 a
2483 4323 2826 4377 confessione
2850 4321 3213 4389 incipiendum
3230 4329 3333 4385 est,
3362 4330 3421 4375 ut
3441 4336 3527 4375 se-

1946 4420 2205 4488 metipsos
2231 4428 2576 4482 accusantes,
2602 4423 2655 4470 et
2683 4415 2787 4469 sibi
2811 4414 3144 4469 ascribentes
3169 4413 3450 4483 caliginem
3471 4423 3528 4469 et

249 4527 386 4595 l9);
432 4533 491 4579 ut
531 4522 801 4577 humilitas
840 4529 994 4576 sanet
1039 4519 1183 4590 quod
1221 4517 1472 4588 superbia
1513 4516 1836 4571 vulneravit.
1869 4501 1916 4561 υ
1945 4512 2258 4567 tarditatem
2304 4524 2480 4572 suam,
2508 4508 2716 4562 radium
2769 4521 3016 4576 supernae
3061 4505 3198 4560 lucis
3236 4506 3522 4575 accipiant.

248 4622 358 4674 Per
401 4616 741 4685 alligationes
771 4624 949 4669 autem
979 4611 1362 4667 contritionum
1402 4609 1734 4679 signilicatur
1759 4607 1843 4662 di-

245 4712 485 4767 versitas
517 4708 876 4762 remediorum
919 4721 1040 4775 quas
1069 4718 1314 4759 summus
1360 4703 1602 4757 medicus
1634 4702 1842 4756 miseri-

245 4800 497 4857 corditer
522 4811 576 4854 et
614 4799 846 4853 scienter
875 4796 1132 4867 apponit:
1179 4796 1304 4865 quia
1333 4794 1622 4849 multarum
1659 4792 1843 4848 elisio-

247 4909 382 4948 num
410 4905 518 4944 non
547 4898 632 4944 est
659 4890 865 4943 curatio
891 4902 1020 4942 una.

320 4983 509 5048 (Vers.
538 4979 618 5052 4.)
651 4980 750 5047 Qui
786 4987 1020 5034 numerat
1049 4978 1428 5033 multitudinem
1455 4977 1750 5044 stellarum,
1789 4984 1840 5030 et

247 5075 493 5129 omnibus
531 5073 604 5125 eis
651 5071 858 5126 nomina
903 5079 1070 5126 vocat.
1120 5070 1240 5125 Non
1288 5078 1373 5125 est
1413 5069 1737 5139 praecipuum
1783 5068 1838 5123 in

247 5165 505 5232 laudibus
539 5164 632 5219 Dei
661 5164 846 5218 stellas
867 5163 990 5218 cceli
1022 5163 1225 5218 habere
1264 5171 1596 5228 numeratae,
1627 5160 1715 5215 cui
1743 5174 1837 5215 ca-

324 5382 353 5412 ι
377 5372 650 5428 Hactenus
675 5369 801 5423 editi
831 5377 974 5438 post,
1012 5367 1229 5422 Domino
1257 5366 1384 5432 Deo,
1407 5364 1652 5438 apposito
1682 5377 1836 5416 com-

248 5455 420 5508 mate,
473 5456 669 5495 novum
700 5433 915 5494 sensum
967 5439 1292 5507 incipiebant
1333 5437 1401 5490 ab
1433 5433 1565 5508 his.‘
1591 5433 1839 5508 Ipsorum

251 5503 429 5567 anima
457 5527 600 5580 ergo.
635 5508 741 5565 Sed
768 5511 957 5565 vitiosa
991 5503 1422 5580 i-nterpunctione
1449 5506 1501 5560 id
1539 5505 1660 5580 fieri
1685 5503 1840 5580 facile

253 5584 356 5637 fuit
403 5574 835 5636 animadvertere
883 5581 1060 5634 locum
1119 5574 1321 5634 attente
1369 5576 1587 5647 legenti.
1636 5574 1841 5647 Alludit

255 5657 418 5722 etiam
459 5656 663 5722 Auctor
687 5652 751 5703 ad
794 5653 1040 5722 superius
1079 5648 1243 5718 dicta,
1275 5665 1326 5703 v.
1357 5646 1440 5704 5t
1466 5647 1595 5716 Spes
1636 5648 1748 5716 ejus
1787 5646 1841 5700 in

254 5721 482 5780 Domino
513 5721 620 5778 Deo
650 5721 831 5792 ipsius.

1944 4604 2054 4660 Nec
2081 4606 2151 4659 sit
2177 4617 2366 4657 eorum
2395 4603 2568 4656 otiosa
2604 4597 2910 4655 confessio:
2941 4597 3036 4652 sed
3066 4598 3300 4667 psallant
3336 4599 3445 4654 Deo
3475 4600 3528 4653 in

1945 4699 2176 4763 cithara,
2212 4695 2264 4750 id
2279 4687 2393 4757 Est,
2439 4694 2490 4747 in
2527 4691 2758 4761 quadam
2787 4690 3051 4745 bonarum
3089 4693 3363 4746 actionum
3405 4707 3530 4747 eon-

1944 4790 2206 4847 scientia:
2241 4799 2298 4842 ut
2347 4784 2773 4842 misericordiam
2821 4799 2979 4853 quam
3025 4786 3336 4841 conﬁtendo
3376 4800 3528 4854 quie-

1944 4892 2094 4947 runt,
2124 4879 2400 4950 operando
2449 4887 2785 4943 mereantur,
2815 4885 2869 4932 et
2906 4877 3050 4948 quod
3082 4887 3233 4934 recte
3271 4877 3526 4943 oﬁerunt,

1944 4986 2092 5052 recte
2115 4971 2377 5028 dividant.

2017 5064 2198 5135 (Vera.
2228 5060 2308 5131 8.)
2334 5071 2357 5098 ⁶
2402 5059 2503 5127 Qui
2531 5058 2694 5128 operit
2722 5056 2904 5112 calum
2927 5057 3166 5123 nubibus,
3193 5058 3453 5113 descendit
3473 5060 3527 5112 in

1944 5167 2134 5211 terram
2156 5152 2410 5206 sitientem
2441 5149 2614 5220 pluuia
2639 5151 2947 5221 gratiarum.
2973 5149 3054 5204 Ad
3088 5149 3190 5205 hoc
3214 5150 3357 5204 enim
3387 5150 3528 5205 Deus

2010 5358 2039 5398 δ
2068 5355 2442 5427 Lugdunensis
2464 5355 2629 5410 editio
2651 5354 2728 5407 sic
2744 5353 3056 5427 distinguit,
3071 5353 3316 5419 ᾳιιοηὶυηι
3342 5352 3525 5420 bonus;

1942 5439 1989 5485 et
2009 5424 2236 5499 psalmus
2261 5427 2372 5481 Deo
2403 5437 2579 5499 nostra
2599 5424 2832 5499 jocunda
2858 5424 3110 5476 laudatio.

2017 5493 2040 5539 ε
2069 5498 2222 5566 Αριιά
2255 5493 2612 5566 Augustinum
2637 5512 2649 5546 :
2670 5493 2786 5566 Qui
2813 5503 2959 5562 parat
2982 5503 3133 5547 teri-re
3162 5495 3406 5566 pluuium.
3438 5495 3528 5551 Sic

1943 5587 2064 5627 cum
2109 5563 2434 5638 Vulgataiet
2471 5575 2617 5638 textu
2667 5563 2893 5616 Ilebrzeo
2940 5573 3180 5638 utraque
3215 5564 3526 5632 Hieronymi

1947 5641 2156 5705 versio;
2189 5633 2330 5694 unde
2355 5636 2554 5691 inferas
2582 5637 2722 5707 hunc
2743 5641 2961 5707 _textum
2995 5649 3024 5688 a
3060 5634 3122 5690 Β.
3165 5633 3532 5707 Prosperoad

1945 5726 2165 5769 sensum
2187 5708 2488 5782 spiritalem
2511 5704 2796 5764 scribendo
2825 5719 3168 5763 conversum.
3303 5704 3318 5707 '
3447 5705 3455 5710 '
