4028 6176
498 318 603 374 419

1724 319 1784 377 5.
1824 317 2157 374 PRUSPERI
2200 315 2523 384 AQUI’I‘ANI

3645 313 3748 367 ιῖίι

497 434 802 489 obscuravit
846 433 984 488 dicta
1038 432 1370 502 prophetica,
1406 439 1465 487 ut
1489 431 1830 487 obumbratio
1861 440 2072 500 pararet
2099 433 2150 490 Α
2174 443 2502 498 carnemque
2525 427 2832 494 discordiis,
2861 443 2967 483 non
2988 428 3165 483 omnia
3194 442 3313 499 quae
3337 428 3522 482 volunt
3549 427 3748 483 faciunt.

497 527 756 591 iurem;
782 528 951 580 imber
972 540 1098 579 vero
1119 537 1170 580 et
1201 525 1432 578 fructum
1459 525 1719 593 gigneret,
1754 532 1809 578 et
1836 524 2073 591 operiret

495 635 764 674 serenum.
796 620 895 684 Qui
923 618 1160 690 producit
1186 619 1239 670 in
1267 617 1523 670 montibus
1555 618 1750 687 fenum,
1779 627 1827 669 et
1863 614 2071 666 herbam

495 711 724 764 servituti
763 711 1044 763 hominum.
1074 710 1288 764 Utilitas
1320 707 1515 777 pluviae
1554 707 1808 776 spiritalis
1846 722 1950 760 non
1979 719 2070 759 so-

495 799 603 854 lum
632 801 824 866 valles,
857 801 950 854 sed
985 810 1037 853 et
1068 809 1280 852 montes
1313 799 1509 852 uberes
1543 797 1688 850 facit.
1722 796 1788 849 In
1817 795 2072 848 montibus

497 893 690 962 fenum,
719 900 767 944 et
807 891 1014 944 herbam
1052 889 1280 943 servituti
1326 890 1614 941 hominum.
1659 887 1867 940 Montes
1895 895 2071 939 autem

495 983 872 1051 intelliguntur
910 981 1251 1035 sublimiores
1283 979 1481 1048 quique
1530 979 1802 1032 hominum
1847 977 2073 1030 saecula-

496 1078 657 1143 rium,
691 1077 781 1144 qui
813 1078 883 1130 ita
916 1090 1060 1144 saepe
1099 1073 1470 1143 superioribus
1501 1073 1824 1142 opimantur,
1851 1080 1901 1124 ut
1933 1068 2074 1124 unde

500 1169 789 1222 fructuosae
834 1177 958 1221 sunt
987 1166 1176 1229 valles,
1209 1165 1332 1219 inde
1375 1163 1686 1218 altitudines
1710 1162 1872 1216 etiam
1918 1173 2071 1214 mon-

499 1262 630 1314 tium
669 1261 775 1313 sint
805 1259 1034 1313 feraces.
1078 1256 1331 1309 Producit
1362 1270 1488 1324 ergo
1522 1255 1613 1308 Dei
1642 1254 1812 1322 gratia
1843 1251 1896 1303 in
1923 1264 2071 1302 mon-

497 1351 632 1405 tibus
663 1352 874 1418 fenum:
920 1357 975 1403 et
1015 1356 1262 1417 potentes
1297 1361 1359 1400 ac
1393 1345 1584 1399 divites
1625 1354 1845 1414 accepto
1870 1343 2076 1396 semine

498 1444 798 1506 charitatis,
853 1442 1094 1510 praebent
1146 1437 1420 1507 profutura
1481 1435 1823 1504 pauperibus,
1881 1441 1929 1487 et
1979 1431 2076 1487 mi-

501 1537 730 1589 nistrant
776 1533 989 1586 herbam
1026 1531 1254 1585 servituti
1301 1529 1582 1591 hominum,
1627 1526 1718 1595 qui
1763 1524 2073 1578 famulatum

499 1626 800 1681 devdtionis
831 1640 940 1677 suae
965 1624 1074 1676 Deo
1103 1620 1467 1688 Ecclesiaaque
1493 1617 1820 1686 dependunt.

577 1717 754 1787 (Vers.
787 1716 870 1784 9.)
911 1712 1014 1766 Dat
1046 1713 1296 1783 jumentis
1335 1725 1504 1763 escam
1535 1710 1783 1778 ipsorum,
1829 1716 1875 1758 et
1920 1703 2077 1775 pullis

2173 521 2347 592 (Rom.
2381 536 2476 587 vn,
2511 519 2623 592 15),
2673 531 2728 574 et
2776 522 2942 576 multa
2979 522 3206 575 adversa
3248 521 3538 590 patiuntur.
3585 521 3749 577 Recte

2172 627 2304 682 ergo
2330 627 2427 682 spe
2455 612 2759 666 futurorum
2786 613 3046 668 bonorum
3081 613 3249 682 ipsam
3277 613 3577 668 Jerusalem
3619 615 3720 669 hor

2175 714 2316 757 tatur
2344 718 2444 757 vox
2499 704 2812 773 prophetica
2848 705 2901 758 in
2943 704 3154 759 laudem
3192 713 3248 758 et
3273 704 3496 772 gloriam
3525 705 3643 772 Dei,
3689 716 3753 758 ut

2173 810 2295 850 eum
2330 796 2532 850 sanctis
2571 797 2796 865 angelis,
2833 812 3060 866 quorum
3108 797 3421 864 adipiscitur
3467 798 3749 853 indivisam

2172 890 2506 954 societatem,
2533 890 2584 942 in
2618 889 2824 958 gaudiis
2853 901 3072 945 ceterum
3105 890 3249 959 pacis
3286 892 3539 945 exsultet.

2243 979 2424 1050 (Vera.
2477 980 2589 1051 15.)
2641 980 2893 1046 Quoniam
2949 982 3253 1050 con/ortavit
3301 998 3440 1035 seras
3486 992 3754 1050 partarum

2174 1076 2399 1120 tuarum.
2432 1068 2721 1122 Conclusio
2748 1069 3067 1133 Jerusalem,
3093 1079 3147 1124 et
3174 1085 3416 1124 serarum
3461 1071 3578 1138 ejus
3616 1086 3751 1125 con-

2174 1158 2426 1225 firmatio,
2451 1159 2793 1213 securitatem
2818 1159 3014 1213 indicat
3037 1170 3060 1197 ε
3087 1160 3601 1214 incommutabilium
3623 1176 3754 1230 gau-

2173 1248 2412 1316 diorum,
2437 1248 2561 1318 quia
2590 1248 2786 1302 nullius
2817 1249 2939 1301 mali
2969 1248 3034 1302 ad
3081 1248 3218 1302 bona
3252 1249 3453 1317 patebit
3476 1249 3747 1317 introitus,

2175 1353 2350 1408 neque
2378 1339 2502 1394 inde
2526 1340 2664 1393 ullus
2685 1339 2952 1407 justorutn
2977 1340 3182 1393 timebit
3213 1341 3446 1394 excludi.
3483 1339 3750 1394 Benediin

2175 1431 2313 1498 ﬁlios
2356 1439 2465 1485 tuos
2507 1433 2562 1484 in
2605 1441 2670 1485 te.
2709 1431 2879 1485 Extra
2909 1430 3210 1486 Jerusalem
3263 1433 3407 1486 nulla
3453 1433 3752 1487 benedictio

2175 1530 2281 1586 est,
2309 1524 2430 1591 quia
2460 1537 2568 1576 non
2596 1523 2966 1577 sanctilicatur
2990 1523 3091 1578 nisi
3117 1524 3208 1592 qui
3231 1523 3510 1591 Ecclesiae,
3533 1540 3653 1594 quae
3672 1537 3754 1580 est

2175 1610 2372 1664 Christi
2401 1624 2621 1679 corpus,
2652 1612 2849 1666 unitur.

2251 1700 2431 1768 (Vers.
2465 1701 2580 1771 14.)
2614 1703 2715 1768 Qui
2742 1704 2910 1773 posuit
2942 1705 3069 1772 ﬁnes
3116 1713 3230 1759 tuos
3266 1722 3460 1777 pacem,
3512 1717 3562 1761 et
3602 1707 3756 1776 adipe

501 1824 767 1864 corvorum
791 1805 1140 1860 invocantibus
1176 1820 1310 1856 eum.
1337 1802 1710 1856 Jumentorutn
1737 1808 1793 1854 et
1823 1812 2074 1867 pecorum
2107 1803 2153 1862 Β
2180 1791 2422 1860 frumenti
2459 1794 2611 1847 satiat
2665 1804 2731 1848 te.
2780 1794 2939 1866 527
2973 1797 3126 1851 Nulla
3158 1812 3277 1852 eam
3321 1800 3586 1854 civitatem
3617 1801 3755 1854 bella

503 1902 722 1955 nomine
748 1900 1077 1968 significatur
1099 1895 1382 1950 multitudo
1410 1893 1603 1964 plebis,
1626 1907 1742 1962 qua:
1773 1891 2080 1946 necessario

502 1993 624 2046 cibo
648 2006 753 2045 non
783 1989 1092 2043 lraudatur:
1121 1996 1170 2041 et
1193 1986 1318 2040 dum
1349 1985 1666 2053 spiritalium
1687 1994 1770 2038 est
1788 1983 2077 2051 particeps,

504 2081 562 2133 fit
595 2082 842 2134 minister
871 2078 1188 2142 carnalium,
1211 2087 1270 2132 ut
1316 2076 1604 2144 impleatur
1648 2076 1777 2129 illud
1810 2074 2076 2143 Apostoli,

506 2173 634 2236 Quis
664 2171 824 2240 pascit
854 2185 1079 2239 gregem,
1111 2179 1158 2220 et
1200 2169 1262 2221 de
1288 2169 1419 2221 lacte
1446 2167 1611 2238 gregis
1639 2183 1741 2220 non
1781 2168 1992 2236 percipit
2022 2166 2082 2238 (l

503 2263 625 2316 Cor.
653 2278 726 2327 ix,
756 2261 851 2329 7)?
883 2260 1216 2328 Dispensatio
1243 2261 1402 2328 igitur
1425 2259 1806 2313 misericordiae
1828 2259 1948 2327 Dei,
1971 2275 2078 2314 non

505 2363 710 2408 tantum
746 2354 811 2405 ad
843 2352 1192 2406 lsraeliticum
1224 2366 1408 2419 genus,
1449 2352 1542 2406 sed
1587 2350 1654 2404 ad
1678 2351 1916 2406 omnium
1947 2366 2081 2421 quo-

504 2461 609 2514 que
634 2445 871 2514 gentium
901 2444 1520 2513 pr0paginemjpertinet.
1554 2443 1741 2498 Patres
1769 2444 1914 2498 enim
1939 2443 2079 2497 idola

505 2545 823 2591 venerantes
867 2548 1154 2588 corvorum
1192 2535 1427 2589 habuere
1469 2534 1717 2603 figuram,
1770 2544 1984 2588 mortua
2025 2539 2082 2589 et

506 2627 779 2682 immunda
802 2633 1106 2681 sectantes:
1131 2639 1354 2694 quorum
1389 2626 1541 2694 pulli,
1565 2625 1617 2680 id
1649 2636 1753 2691 est,
1773 2625 1938 2697 526
1960 2625 2078 2692 filii,

505 2715 671 2772 Deum
700 2732 886 2773 verum
924 2717 1196 2780 invocant,
1231 2726 1285 2770 et
1314 2716 1484 2770 sancti
1521 2715 1756 2785 Spiritus
1791 2725 2082 2785 pascuntur

505 2812 791 2876 alimonia;
823 2809 946 2879 quia
977 2809 1288 2878 parentibus
1317 2823 1424 2863 non
1457 2809 1850 2872 invocantibus,
1879 2808 2081 2872 Deum,

489 2901 597 2956 sed
628 2905 678 2955 in
710 2916 805 2955 sua
848 2899 1206 2955 obduratione
1237 2899 1596 2965 manentibus,
1639 2899 1870 2954 credidit
1900 2909 2081 2968 poste-

501 2992 638 3046 ritas
663 2990 806 3061 quod
834 2989 1097 3060 ignoravit
1125 2989 1437 3059 antiquitas.

575 3083 757 3154 (Vers.
785 3083 872 3146 10,
906 3079 1019 3148 11.)
1052 3080 1175 3134 Non
1207 3080 1262 3133 in
1295 3079 1598 3150 fortitudine
1624 3080 1744 3150 equi
1771 3081 2082 3134 voluntatem

2182 1885 2518 1951 perturbant,
2544 1900 2663 1954 qua:
2684 1887 2833 1955 pacis
2850 1896 2934 1942 est
2950 1898 3096 1956 septa
3119 1888 3410 1955 limitibus;
3437 1906 3536 1944 nec
3557 1891 3754 1960 aliquid

2179 1977 2380 2043 patitur
2415 1975 2731 2046 inquietum,
2774 1978 2828 2032 in
2857 1995 2960 2048 qua
3007 1980 3138 2034 nihil
3167 1992 3250 2036 est
3283 1997 3312 2036 a
3342 1984 3434 2038 Dei
3481 1988 3756 2040 voluntate

2178 2064 2470 2119 diversum.
2498 2066 2577 2122 Ne
2602 2075 2779 2122 autem
2821 2071 3180 2139 tranquillitas
3208 2072 3361 2127 istius
3393 2075 3537 2141 pacis
3582 2075 3757 2144 aliqua

2179 2157 2490 2227 indigentia:
2517 2161 2836 2217 necessitate
2865 2165 3130 2231 turbetur,
3158 2167 3321 2234 adeps
3347 2168 3396 2220 ei
3425 2171 3576 2235 panis
3609 2170 3760 2223 inde-

2180 2250 2369 2306 liciens
2423 2254 2791 2322 ministratur;
2823 2266 2881 2310 ut
2914 2256 3139 2325 justitite
3174 2257 3323 2312 cibus
3350 2261 3421 2314 sit
3462 2259 3514 2313 in
3562 2263 3757 2330 epulis,

2178 2344 2272 2412 qui
2322 2343 2421 2398 fuit
2459 2347 2512 2400 in
2560 2346 2869 2402 desideriis.
2906 2347 3052 2402 Beati
3098 2352 3242 2404 enim
3295 2354 3384 2421 qui
3435 2355 3666 2406 esuriant
3713 2364 3761 2407 et

2178 2435 2332 2488 sitiun
2341 2445 2358 2488 t
2360 2437 2636 2506 justitiam,
2651 2441 2892 2509 quoniam
2904 2441 3002 2508 ipsi
3012 2442 3374 2496 saturabuntur
3386 2444 3600 2516 (Matth.
3616 2462 3666 2511 ν,
3680 2447 3758 2518 6).

2252 2526 2434 2598 (Vers.
2465 2529 2578 2597 l5.)
2605 2529 2708 2596 Qui
2727 2532 2906 2584 emittit
2929 2535 3134 2586 verbum
3155 2551 3304 2588 suum
3325 2543 3494 2604 teme,
3523 2541 3761 2594 velociter

2181 2622 2341 2674 currit
2369 2637 2535 2675 sermo
2565 2624 2698 2693 ejus.
2725 2623 2884 2679 Verbi
2935 2626 3122 2680 missio
3147 2626 3348 2684 Christi
3387 2639 3472 2684 est
3512 2632 3761 2686 incarna-

2184 2715 2294 2769 tio:
2341 2716 2493 2783 cujus
2525 2716 2818 2787 Evangelio
2862 2729 3114 2775 currente
3156 2736 3252 2790 per
3279 2736 3494 2778 omnem
3535 2733 3759 2791 terram,

2183 2805 2422 2859 omnium
2448 2807 2689 2876 gentium
2719 2807 2780 2861 tit
2807 2810 3038 2875 vacatio,
3074 2813 3433 2881 praeveniente
3457 2817 3632 2882 gratia
3668 2816 3762 2871 Dei

2181 2896 2518 2952 credentium
2551 2899 2732 2954 fidem.
2762 2901 2905 2955 Nihil
2948 2910 3032 2956 est
3071 2903 3306 2958 velocius
3339 2913 3396 2959 et
3436 2908 3663 2961 scientia
3708 2917 3764 2963 et

2183 3002 2346 3056 opera
2377 2988 2492 3057 Dei,
2526 2989 2618 3060 qui
2648 3006 2769 3059 quae
2796 2992 2967 3046 futura
2994 3002 3118 3048 sunt
3163 3003 3219 3050 et
3257 2997 3405 3050 novit
3441 3005 3499 3052 et
3536 2999 3688 3064 fecit,
3712 3010 3767 3054 et

2184 3094 2305 3150 quae
2331 3081 2569 3137 nondum
2596 3093 2720 3138 sunt
2747 3092 2886 3147 orta.
2909 3084 3019 3154 jam
3049 3084 3190 3154 apud
3232 3086 3380 3141 illum
3407 3099 3535 3144 sunt
3557 3106 3766 3160 praeor-

502 3174 720 3238 habebit,
763 3188 855 3226 nec
889 3173 944 3225 in
980 3170 1323 3225 tabernaculis
1351 3171 1447 3223 viri
1491 3170 1861 3242 beneplacitum
1904 3180 1978 3224 est
2011 3173 2078 3225 ei.
2111 3165 2155 3228 C
2184 3175 2386 3230 dinata.

501 3262 893 3332 Beneplacitum
921 3270 995 3316 est
1017 3261 1238 3316 Domino
1261 3277 1413 3332 super
1433 3263 1662 3316 timentes
1689 3279 1824 3326 eum,
1854 3271 1901 3316 et
1920 3264 1972 3315 in
1998 3278 2083 3316 eos

501 3357 590 3424 qui
637 3364 842 3422 sperant
869 3356 925 3408 in
969 3355 1371 3408 misericordiam
1411 3356 1544 3425 ejus.
1591 3354 1646 3407 ln
1696 3356 1816 3422 equi
1849 3355 2080 3423 potentia

511 3445 778 3514 superbia)
827 3446 1092 3500 indicatur
1133 3445 1314 3511 elatio,
1350 3461 1468 3513 quae
1510 3444 1622 3498 Deo
1661 3460 1873 3514 semper
1899 3446 2083 3501 odiosa

503 3548 608 3592 est.
637 3535 1008 3591 Tabernacula
1036 3549 1248 3604 quoque
1277 3534 1528 3588 sublimia
1565 3546 1620 3589 et
1651 3534 1931 3603 magniﬁca
1957 3534 2085 3589 divi-

503 3633 694 3684 tiarum
723 3628 1376 3694 manifestant‘numorem,
1408 3626 1463 3681 in
1491 3626 1683 3696 quibus
1709 3626 1842 3680 nihil
1885 3641 2084 3696 appro-

502 3723 588 3776 bat
619 3723 782 3784 Deus,
811 3721 904 3790 qui
945 3719 1176 3789 superbis
1219 3720 1428 3783 resistit,
1463 3717 1740 3772 humilibus
1777 3728 1953 3772 autem
1992 3718 2082 3772 dat

498 3814 718 3885 gratiam
750 3810 890 3881 (Jac.
922 3825 995 3879 tv,
1029 3811 1105 3881 6).
1135 3809 1250 3865 Non
1279 3811 1421 3864 enim
1454 3809 1531 3864 illi
1563 3811 1775 3879 placent
1794 3810 1896 3864 nisi
1927 3811 2081 3866 mites

498 3915 554 3960 et
570 3919 831 3974 pauperes
851 3905 1066 3972 spiritu,
1091 3903 1158 3958 ad
1175 3903 1277 3957 hoc
1291 3904 1544 3956 timentes
1568 3903 1871 3968 Dominum,
1893 3910 2082 3971 utspe-

499 4008 620 4049 rem
649 3996 701 4048 in
731 3993 1152 4048 misericordiam
1177 3993 1312 4061 ejus.
1335 3993 1429 4046 llle
1458 4001 1542 4048 est
1561 3993 1705 4045 enim
1725 3991 1872 4046 utilis
1896 3997 2077 4062 timor,

497 4086 589 4155 qui
625 4099 720 4154 spe
756 4084 1004 4152 erigitur,
1049 4099 1157 4136 non
1192 4084 1279 4150 qui
1320 4082 1694 4149 desperatione
1728 4083 2076 4154 demergitur.

998 4171 1310 4226 PSALMUS
1348 4170 1597 4225 CXLVII.

425 4279 489 4334 β
571 4263 750 4336 (Vers.
798 4263 912 4332 12.)
960 4262 1170 4326 Lauda,
1199 4260 1524 4326 Jerusalem,
1570 4261 1874 4331 Dominum,
1922 4265 2078 4319 lauda

499 4353 666 4408 Deum
689 4364 851 4420 tuum,
886 4352 1032 4408 Sion.
1055 4354 1184 4406 Cum
1216 4354 1268 4406 itt
1296 4353 1451 4407 titulo
1477 4353 1666 4421 psalmi
1700 4353 1876 4424 Aggwi
1901 4365 1951 4408 et
1973 4354 2078 4409 Za-

494 4447 689 4499 charite
743 4444 1122 4513 prophetarum
1169 4443 1387 4498 nomina
1431 4453 1822 4514 praenotantur,
1858 4454 1886 4484 ι
1938 4462 2074 4517 quos

2257 3267 2434 3338 (Vers.
2466 3267 2578 3336 16.)
2631 3268 2733 3336 Qui
2761 3269 2848 3323 dat
2897 3270 3060 3324 nivem
3097 3272 3228 3326 sicut
3276 3274 3473 3336 lanam,
3525 3275 3766 3330 nebulam

2182 3357 2313 3412 sicut
2339 3360 2559 3412 cinerem
2587 3361 2803 3430 spargit.
2839 3359 3032 3415 Valent
3051 3362 3265 3430 quidem
3295 3364 3396 3418 ista
3418 3364 3488 3419 ad
3513 3367 3764 3436 Opiman-

2183 3448 2304 3502 dam
2336 3457 2558 3517 terram,
2591 3451 2883 3503 secundum
2921 3450 3114 3506 litterae
3142 3455 3506 3521 superficiem,
3546 3457 3672 3525 quia
3711 3468 3766 3513 et

2183 3539 2354 3594 nubes
2377 3537 2562 3610 [Forte
2588 3540 2759 3612 nives]
2786 3541 3100 3598 decidentes
3131 3546 3330 3601 habent
3354 3548 3613 3602 vellerum
3641 3565 3767 3616 spe-

2182 3632 2338 3690 ciem.
2370 3639 2426 3683 et
2453 3631 2772 3685 nebularum
2801 3646 2891 3685 ros
2921 3647 3026 3686 non
3063 3633 3218 3688 aliter
3241 3649 3401 3703 quam
3427 3635 3570 3691 cinis
3607 3652 3760 3707 spar-

2183 3721 2344 3791 gitur,
2374 3730 2536 3791 atque
2563 3737 2629 3777 ex
2651 3736 2718 3777 eo
2747 3733 2889 3778 terra
2913 3724 3227 3794 pinguescit.
3253 3726 3359 3781 Sed
3394 3729 3680 3784 sublimius
3709 3731 3761 3783 in

2182 3812 2266 3866 his
2292 3813 2476 3883 gratiae
2506 3813 2602 3868 Dei
2641 3827 2806 3882 opera
2847 3815 3175 3884 sentiuntur,
3208 3831 3303 3886 per
3328 3819 3530 3873 nivium
3560 3821 3762 3874 vellera

2180 3904 2460 3957 vocatione
2508 3905 2747 3973 gentium
2789 3905 3034 3975 ﬁgurata,
3083 3923 3203 3976 qua:
3249 3907 3318 3962 ad
3362 3909 3761 3966 conﬁciendum

2179 3994 2557 4050 vestimentum
2609 3996 2830 4065 Christi,
2867 3998 3011 4068 quod
3045 4008 3132 4053 est
3176 3999 3438 4069 Ecclesia,
3496 4002 3549 4057 in
3590 4019 3759 4060 unum

2178 4086 2417 4151 conﬂuit,
2446 4096 2501 4142 et
2530 4088 2581 4141 in
2625 4088 2855 4156 idipsum
2889 4098 2998 4142 tota
3041 4092 3375 4158 contexitur,
3418 4108 3524 4147 non
3556 4094 3764 4150 habens

2178 4180 2439 4233 maculam
2481 4190 2573 4234 aut
2596 4196 2781 4249 rugam
2809 4180 3024 4252 (Ephes.
3055 4198 3107 4250 v,
3139 4182 3252 4252 27),
3281 4186 3376 4241 sed
3407 4186 3460 4241 in
3490 4189 3580 4242 illa
3615 4193 3762 4259 puri-

2179 4279 2286 4325 tate
2308 4285 2587 4340 mansura,
2615 4286 2733 4340 qua:
2749 4283 2950 4326 aeterna
2972 4273 3360 4342 glorificatione
3389 4278 3763 4349 resplendeat,

2176 4361 2355 4431 sitque
2383 4363 2436 4416 in
2463 4377 2526 4418 ea
2555 4376 2836 4433 compage,
2863 4363 2932 4420 de
2961 4379 3064 4434 qua
3093 4365 3313 4434 dicitur,
3345 4368 3601 4425 Dominus
3631 4374 3765 4427 ami-

2177 4460 2285 4507 ctus
2314 4453 2490 4507 lumen
2537 4453 2669 4506 sicut
2697 4455 3048 4508 vestimentum
3075 4453 3192 4525 (Ps.
3231 4471 3350 4522 cnt,
3378 4460 3460 4528 2).
3499 4461 3582 4514 Ad
3619 4464 3762 4529 quod

498 4538 551 4589 in
579 4537 866 4607 Babylonia
886 4550 1008 4589 cum
1039 4534 1234 4604 populo
1258 4549 1360 4590 suo
1378 4545 1564 4604 captos
1583 4548 1704 4591 esse
1725 4552 1830 4592 non
1847 4537 2062 4594 dubium
2097 4520 2152 4582 Ῑ)
2176 4545 2591 4614 signiﬁcandum
2614 4545 2873 4614 pertinuit
2893 4547 3035 4616 quod
3061 4520 3229 4603 vestis
3247 4520 3448 4604 Christi
3479 4520 3762 4625 transﬁgu-

498 4635 584 4681 est
610 4627 657 4698 (Ι
695 4625 879 4681 Esdrte
906 4642 981 4690 vn,
1013 4627 1125 4695 M),
1157 4635 1211 4682 et
1252 4627 1646 4696 reparationem
1689 4628 1807 4698 ejus
1841 4631 2071 4688 civitatis

494 4719 798 4773 Jerusalem
825 4718 1162 4798 praevidisse,
1188 4734 1254 4774 ac
1281 4721 1422 4775 sicut
1441 4721 1578 4775 facta
1599 4730 1687 4777 est
1707 4721 2070 4793 denuntiasse,

496 4809 820 4880 intelligitur
863 4809 1169 4864 cohortatio
1197 4810 1388 4880 psalmi
1432 4810 1505 4865 ita
1533 4810 1600 4866 ad
1636 4813 1945 4869 universam
1969 4815 2072 4870 Ec-

490 4901 714 4955 clesism
744 4903 1032 4969 pertinere,
1065 4910 1122 4955 ut
1148 4915 1338 4956 omnes
1364 4902 1510 4957 cives
1549 4911 1606 4957 et
1649 4903 1742 4958 ﬁlii
1768 4903 2068 4962 Jerusalem

497 4993 551 5044 in
579 4993 824 5059 praesenti
855 4991 984 5056 vita,
1033 4991 1263 5061 quadam
1309 5005 1369 5046 se
1395 4992 1603 5047 vinctos
1638 4994 1946 5063 captivitate
1977 5011 2068 5052 co-

496 5091 780 5151 gnoscant,
808 5093 864 5136 et
899 5082 1320 5137 consolationem
1347 5081 1416 5138 de
1449 5097 1546 5152 spe
1589 5082 1782 5139 futurae
1810 5086 2070 5143 libertatis

491 5175 777 5241 accipiant.
815 5171 984 5228 Nemo
1009 5174 1152 5228 enim
1193 5184 1505 5228 sanctorum
1549 5176 1668 5231 sine
1701 5175 1977 5232 laboribus
2005 5193 2069 5236 ac

497 5261 759 5317 molestiis
782 5272 957 5333 potest
985 5277 1224 5332 praesens
1256 5274 1464 5332 tempus
1491 5265 1745 5335 exigere:
1775 5277 1830 5320 et
1860 5269 1910 5320 in
1943 5285 2073 5338 qua-

492 5351 616 5406 datn
647 5356 958 5423 captivitate
989 5369 1046 5409 se
1069 5369 1187 5409 esse
1211 5357 1469 5421 sentiunt,
1495 5372 1616 5411 cum
1658 5360 2073 5428 exsurgentibus

492 5447 760 5502 scandalis
783 5445 928 5519 (Gal.
955 5463 1009 5516 ν,
1032 5449 1146 5517 17),
1173 5456 1229 5504 et
1255 5450 1592 5504 manentibus
1614 5447 1640 5487 δ
1662 5449 1802 5505 inter
1822 5453 2070 5522 spiritum

569 5657 595 5686 ⁸
627 5647 779 5716 Αριιά
811 5646 950 5703 LXX
985 5649 1306 5717 interpretes
1335 5648 1556 5704 habetur
1575 5649 1729 5705 bicce
1752 5650 1958 5706 titulus.

565 5717 595 5757 δ
623 5719 900 5775 Ediliuttes
937 5719 1103 5774 Duae.
1145 5729 1200 5774 et
1234 5718 1447 5787 Colum,
1473 5721 1529 5774 in
1558 5721 1825 5792 spiritum;
1871 5722 2066 5782 melius

2176 4637 2277 4691 rati
2300 4637 2354 4691 in
2380 4647 2583 4703 monte,
2609 4638 2750 4692 sicut
2773 4640 2864 4693 nix
2887 4639 3080 4708 legitur
3102 4641 3382 4698 refulsisse
3398 4643 3615 4713 (Matth.
3632 4665 3759 4715 xvn,

2173 4727 2254 4796 2).
2303 4728 2408 4783 Per
2460 4727 2702 4782 nebulam
2742 4738 2917 4785 autem
2960 4732 3138 4802 caligo
3169 4732 3508 4800 ignorantiae,
3545 4753 3670 4805 qua:
3692 4740 3761 4793 ad

2176 4819 2504 4888 paenitentiae
2549 4821 2792 4874 cinerem
2822 4821 3082 4890 confugit,
3123 4823 3413 4879 indicatur.
3449 4824 3568 4880 Non
3619 4829 3762 4882 enim

2174 4913 2455 4981 quisquam
2502 4923 2629 4967 ante
2658 4915 2999 4968 vocationem
3029 4915 3133 4969 dici
3163 4916 3340 4985 justus
3389 4927 3598 4986 potest,
3619 4935 3765 4991 quo-

2174 5002 2320 5058 niam
2348 5002 2519 5058 Filius
2543 5003 2778 5059 hominis
2804 5021 2909 5060 non
2933 5011 3082 5061 venit
3109 5007 3284 5076 justos
3307 5009 3511 5078 eligere
3537 5013 3761 5081 (Matth.

2172 5108 2245 5158 ιι,
2277 5092 2387 5166 l3),
2409 5095 2505 5149 sed
2527 5105 2836 5164 peccatores
2852 5106 2909 5152 et
2929 5098 3125 5168 impios
3153 5100 3335 5154 salvos
3356 5101 3533 5158 facere
3550 5104 3598 5174 (I
3621 5104 3760 5160 Tim.

2171 5201 2211 5253 ι,
2249 5185 2358 5256 is).

2243 5276 2422 5345 (Vers.
2455 5275 2566 5346 17.)
2600 5279 2701 5344 Qui
2744 5279 2898 5334 mittit
2929 5283 3225 5351 crystallum
3253 5301 3400 5338 suum
3438 5286 3570 5338 sicut
3592 5287 3766 5354 frusta

2173 5368 2359 5437 panis;
2388 5377 2504 5420 ante
2535 5370 2721 5438 faciem
2760 5372 2971 5443 frigoris
2995 5378 3107 5443 ejus
3133 5377 3247 5440 quis
3275 5377 3551 5432 subsistet?
3598 5379 3765 5433 Nive:

2173 5459 2469 5528 antiquitus
2497 5460 2780 5518 obduratte
2802 5475 3188 5522 convertuntur
3208 5469 3262 5523 in
3282 5470 3594 5538 crystallum
3614 5488 3628 5524 :
3649 5485 3767 5540 quo

2178 5656 2230 5710 in
2261 5655 2437 5730 Lugd.
2460 5667 2514 5730 et
2544 5658 2768 5723 Lovan.,
2801 5663 2933 5717 inter
2964 5664 3224 5730 spiritum.

2250 5738 2271 5765 ⁸
2302 5726 2442 5783 Editi
2471 5727 2636 5788 Duac.
2668 5743 2720 5787 et
2746 5730 2959 5799 Colon.,
2989 5726 3472 5791 incommutabilem.
