3978 6178
289 227 394 281 ιξι

1012 211 1429 271 PSALMORUM
1471 213 1514 265 A
1549 208 1592 264 C
1629 207 1720 262 AD
1757 205 1842 262 CL
1881 199 2263 259 EXI’OSITIO.
2307 198 2504 258 PSAL.
2544 196 2823 254 CXLVIII.

3453 195 3548 248 ιξι

293 337 672 409 significantur
712 329 926 400 lapidea
951 328 1111 384 corda
1139 325 1456 390 infidelium,
1500 337 1620 393 qua:
1645 321 1765 392 gelu
1791 320 1870 372 ni-
1905 325 1954 381 Α
1982 317 2229 371 obtinent
2255 314 2634 385 principatum,
2665 313 2860 367 merito
2893 310 3024 380 ipsis
3053 309 3298 378 primitus
3335 309 3554 376 dicitur,

292 432 420 486 mis
445 424 731 483 vetustatis
754 423 1030 487 obstricta,
1063 420 1266 472 nullunt
1293 419 1530 472 calorem
1558 413 1730 469 sancti
1754 411 1877 481 Spi-

290 522 432 577 ritus
458 522 805 586 receperunt.
856 511 962 568 Sed
1005 522 1114 564 tam
1147 517 1338 578 potens
1373 516 1454 561 est
1479 507 1647 574 gratia
1677 502 1792 563 Dei,
1822 507 1882 553 ut

291 619 406 667 tam
433 620 694 663 annosam
721 603 951 674 glaciem
977 600 1134 654 faciat
1156 612 1392 666 superno
1406 597 1527 664 igne
1548 593 1876 655 fervescere,

293 712 353 759 et
368 715 467 756 eos
489 699 580 768 qui
607 693 923 766 crystallino
944 690 1145 760 frigore
1167 689 1378 743 fuerant
1397 683 1668 749 obdurati,
1695 682 1878 736 afﬂatu

293 807 398 848 suo
422 791 584 844 faciat
602 785 1016 846 concalescere;
1044 792 1102 835 ut
1121 781 1285 835 etiam
1316 777 1415 847 ipsi
1442 777 1533 845 qui
1561 776 1680 829 vitae
1701 773 1878 828 cibum

300 882 640 944 nesciebant,
668 891 860 947 panem
887 874 1041 929 verbi
1086 871 1346 942 incipiant
1380 869 1713 924 ministrare:
1744 869 1882 918 sicut

298 976 352 1030 in
376 974 539 1028 beato
569 969 735 1024 Paulo
764 967 961 1021 factum
990 973 1072 1020 est
1096 964 1235 1033 (Act.
1261 977 1343 1024 ιι,
1370 960 1419 1024 I,
1451 960 1610 1028 etc.),
1640 955 1728 1027 qui
1759 970 1880 1009 cum

298 1073 450 1122 esset
495 1059 830 1117 credentium
866 1063 1201 1126 persecutor,
1249 1053 1425 1106 factus
1465 1057 1553 1105 est
1602 1044 1883 1115 Evangelii

300 1155 652 1226 praedicator.
684 1150 814 1217 Quis
844 1157 1023 1202 autem
1058 1143 1253 1215 poterit
1282 1139 1603 1204 subsistere,
1630 1151 1786 1206 quem
1814 1135 1884 1188 ab

306 1247 414 1299 hoc
437 1242 643 1310 frigore
669 1254 780 1292 non
814 1237 1068 1292 liberavit
1100 1233 1381 1290 Christus?
1408 1229 1503 1300 qui
1538 1227 1686 1282 venit
1705 1226 1883 1294 ignem

307 1337 535 1391 mittere
567 1332 624 1384 in
665 1340 890 1394 terram,
919 1337 975 1383 et
996 1327 1063 1381 ad
1105 1326 1378 1380 fervorem
1410 1319 1557 1384 fidei,
1589 1315 1735 1388 quod
1762 1312 1884 1384 gelu

308 1425 662 1484 infidelitatis
694 1422 1073 1490 obtorpuerat,
1105 1417 1347 1472 excitare
1380 1413 1529 1485 (Luc.
1561 1426 1660 1474 xu,
1691 1405 1820 1476 49)?

370 1510 542 1581 528
567 1507 747 1577 (Vers.
771 1503 886 1574 18.)
921 1503 1128 1556 Emittet
1153 1501 1361 1556 verbum
1387 1515 1559 1564 suum,
1585 1509 1633 1552 et
1663 1497 1883 1567 liquefa-

295 1602 396 1656 ciet
421 1615 517 1664 ea;
537 1597 685 1668 ﬂabit
707 1596 915 1665 spiritus
937 1596 1068 1665 ejus,
1091 1603 1138 1646 et
1161 1595 1322 1662 ﬂuent
1342 1606 1508 1660 aqua.
1529 1588 1704 1643 Verbo
1724 1602 1887 1642 evan-

1983 417 2042 461 ut
2065 409 2132 462 de
2159 405 2478 460 excellentia
2508 402 2782 472 dignitatis
2821 418 2885 457 ac
2926 401 3340 472 pulchritudinis
3368 415 3481 455 sua:
3507 403 3558 455 in

1980 499 2209 554 Domino
2237 497 2556 566 glorientur.

2050 590 2229 660 (Vers.
2257 587 2401 657 2-5.)
2434 586 2664 640 Laudate
2701 601 2836 647 eum,
2865 601 3037 638 omnes
3067 586 3239 656 angeli
3278 587 3412 656 ejus,
3445 585 3562 639 lau-

1981 682 2100 738 date
2127 698 2262 745 eum,
2309 697 2485 735 omnes
2523 680 2732 732 virtutes
2774 681 2907 749 ejus.
2940 676 3176 732 Laudate
3217 695 3350 741 eum,
3392 679 3469 732 sol
3515 689 3561 733 et

1981 774 2127 839 luna,
2160 773 2366 827 laudate
2390 786 2527 832 eum,
2555 786 2728 823 omnes
2753 770 2912 822 stella:
2935 779 2982 823 et
3011 770 3202 822 lumen.
3233 771 3395 841 529
3423 769 3562 822 Lau-

1982 863 2102 920 date
2124 881 2257 929 eum,
2285 863 2398 916 caeli
2418 862 2691 925 cmlorum;
2713 871 2760 912 et
2781 877 2925 927 aqua:
2943 876 3056 926 qua:
3079 877 3231 928 super
3251 862 3400 914 caelos
3421 873 3559 925 sunt,

1983 954 2195 1006 laudent
2229 969 2412 1005 nomen
2444 950 2677 1005 Domini.
2707 949 2850 1004 Nihil
2889 960 2972 1005 est
3006 952 3056 1004 in
3087 952 3419 1005 sublimitate
3447 967 3561 1007 cm-

1985 1043 2108 1098 Iesti
2135 1043 2278 1112 quod
2308 1056 2412 1096 non
2438 1040 2721 1111 pulchrum
2740 1049 2902 1110 atque
2926 1041 3230 1094 mirandum
3255 1042 3345 1102 sit,
3368 1051 3422 1095 et
3441 1043 3564 1111 quia

1984 1135 2163 1191 omnia
2195 1136 2248 1189 in
2276 1132 2554 1189 Creatoris
2579 1133 2660 1187 sui
2692 1133 2986 1186 concinunt
3013 1132 3250 1197 laudem,
3277 1148 3382 1186 non
3412 1132 3565 1201 quasi

1987 1225 2324 1282 cessantibus
2351 1227 2420 1279 ab
2449 1224 2795 1280 inferioribus
2837 1224 3055 1290 dicitur,
3080 1233 3139 1278 ut
3173 1224 3225 1278 in
3259 1223 3561 1278 confessio.

1987 1334 2108 1374 nem
2136 1318 2330 1372 divina:
2357 1318 2534 1372 laudis
2557 1326 2866 1384 exsurgant,
2895 1317 2988 1370 sed
3017 1328 3068 1369 ut
3091 1317 3251 1370 homo
3278 1318 3568 1387 inspiratus

1985 1412 2237 1467 ostendat
2267 1411 2368 1466 sibi
2395 1412 2606 1480 placere
2637 1410 2779 1479 quod
2803 1410 3024 1473 faciunt,
3049 1418 3103 1462 et
3127 1424 3194 1465 eo
3221 1424 3280 1463 se
3305 1425 3397 1479 per
3417 1425 3566 1480 spem

1989 1505 2110 1559 fidei
2141 1503 2422 1569 delectari,
2453 1503 2519 1556 ad
2542 1503 2684 1571 quod
2711 1517 2805 1570 per
2828 1503 3232 1555 exhortationes
3260 1503 3572 1570 promissio-

1991 1611 2118 1650 num
2163 1595 2259 1650 Dei
2300 1594 2462 1648 etiam
2496 1593 2612 1658 ipse
2643 1592 2991 1660 provehetur.
3019 1591 3152 1645 Cum
3184 1603 3360 1646 autem
3386 1593 3572 1646 Domi-

292 1690 492 1762 geticse
531 1685 930 1758 pradicationis
967 1683 1249 1738 obduratio
1296 1681 1590 1736 infidelium
1635 1679 1881 1744 solvitur,
1918 1691 1961 1751 Β
1991 1701 2090 1739 nus
2110 1685 2266 1740 Jesus
2291 1684 2540 1738 Christus
2585 1682 2820 1737 verbum
2852 1683 2923 1735 sit
2962 1681 3081 1746 Dei,
3109 1683 3161 1736 in
3203 1683 3349 1736 nullo
3398 1681 3574 1738 patri.

299 1795 358 1837 ut
405 1783 501 1836 fiat
537 1781 638 1835 hoc
659 1777 802 1850 quod
839 1775 967 1830 alibi
1009 1775 1212 1829 dictum
1252 1782 1355 1841 est,
1407 1772 1568 1843 Rupit
1591 1780 1807 1841 petram,
1836 1777 1885 1823 et

294 1877 576 1944 ﬂuxerunt
629 1885 777 1940 aqua;
805 1865 922 1940 (Ps.
955 1880 1064 1933 etv,
1095 1863 1214 1934 40).
1247 1864 1433 1919 Flante
1453 1871 1631 1916 autem
1659 1861 1886 1930 Spiritu,

291 1967 457 2022 calor
484 1962 762 2018 charitatis
789 1959 1079 2025 emittitur,
1134 1965 1192 2010 ut
1241 1964 1439 2010 terram
1479 1952 1750 2008 sitientem
1794 1950 1890 2005 flu-

297 2058 458 2113 mina
495 2055 688 2124 rigent,
719 2062 774 2108 et
803 2051 856 2106 in
881 2048 1047 2104 aridis
1073 2047 1328 2103 cordibus
1367 2044 1462 2099 fiat
1499 2045 1614 2114 fons
1641 2058 1786 2113 aqua
1806 2059 1892 2098 sa-

292 2149 482 2205 lientis
512 2148 566 2200 in
593 2146 750 2198 vitam
777 2151 1020 2198 aeternam
1047 2139 1228 2212 (Joan.
1251 2153 1326 2202 tv,
1351 2135 1466 2206 ﬂ).

375 2239 569 2312 (Vers.
604 2235 716 2307 I9.)
745 2234 1072 2289 Annuntians
1102 2231 1309 2285 uerbum
1329 2244 1483 2283 suum
1510 2226 1695 2290 Iacob,
1726 2226 1892 2294 justi-

292 2333 404 2386 tias
458 2340 505 2383 et
517 2328 720 2400 judicia
767 2343 860 2378 sua
903 2321 1090 2377 Israel.
1126 2323 1268 2376 Dans
1311 2319 1521 2375 scilicet
1560 2319 1892 2373 intellectum

292 2421 522 2478 vocatis
547 2429 599 2474 et
617 2416 946 2488 justificatis.
975 2414 1097 2484 quia
1119 2427 1307 2467 omnes
1327 2425 1396 2467 ex
1421 2410 1748 2480 quibuslibet
1766 2422 1896 2478 gen-

291 2517 459 2572 tibus
487 2513 670 2576 electi,
697 2510 863 2565 Iacob
888 2517 943 2564 et
971 2506 1136 2562 Israel
1163 2511 1568 2574 nuncupantur;
1602 2509 1657 2556 et
1683 2501 1898 2555 discunt

291 2608 496 2664 omnia
524 2603 622 2659 Dei
647 2603 792 2672 justa
821 2617 942 2656 esse
966 2599 1191 2670 judicia,
1225 2612 1324 2653 nec
1344 2595 1545 2667 aliquid
1571 2595 1639 2650 ab
1662 2609 1728 2650 eo
1757 2591 1892 2658 ﬁeri,

293 2697 459 2754 unde
483 2694 654 2766 possit
687 2694 985 2762 ignorantia
1025 2691 1257 2744 humana
1292 2687 1539 2743 causari:
1574 2687 1700 2755 quia
1727 2684 1900 2739 abun-

294 2790 512 2842 darent
533 2787 693 2838 etiam
717 2783 856 2836 circa
877 2779 1092 2849 justos|
1115 2791 1292 2831 causa:
1314 2775 1599 2844 ultionum,
1624 2774 1724 2829 nisi
1741 2774 1901 2844 justi-

296 2858 444 2935 tiant
476 2891 630 2930 suam
657 2869 1027 2929 misericordia
1054 2874 1400 2936 temperaret.

372 2968 573 3041 (Vers.
595 2965 710 3035 20.)
745 2963 865 3016 Non
889 2963 1010 3033 fecit
1039 2961 1210 3014 taliter
1230 2958 1366 3011 omni
1387 2955 1606 3022 nationi,
1631 2965 1680 3009 et
1702 2953 1901 3023 judicia

1988 1770 2147 1832 laude
2185 1777 2532 1841 discernitur,
2577 1775 2790 1829 dicente
2836 1774 3044 1843 psalmo
3088 1792 3102 1827 :
3158 1774 3414 1838 Quoniam
3466 1777 3575 1844 ipse

1988 1869 2144 1932 dixit,
2175 1876 2224 1922 et
2259 1871 2396 1937 facta
2431 1876 2587 1930 sunt;
2644 1867 2751 1935 ipse
2791 1865 3073 1930 mandauit,
3127 1873 3176 1917 et
3222 1875 3389 1918 creata
3434 1873 3573 1917 sunt.

1991 1960 2144 2027 Quod
2174 1959 2320 2015 enim
2354 1960 2496 2013 Deus
2530 1958 2681 2023 dicit,
2717 1957 2894 2011 Verbo
2918 1957 3084 2011 dicit:
3117 1966 3171 2011 et
3204 1956 3438 2011 Verbum
3479 1972 3578 2025 per

1991 2053 2132 2124 quod
2163 2051 2301 2106 facta
2325 2051 2646 2106 suntomnia
2677 2048 2857 2120 (Joan.
2881 2064 2920 2111 ι,
2953 2050 3029 2119 5),
3056 2049 3365 2104 mandatum
3395 2051 3580 2104 dicen-

1997 2148 2066 2202 tis
2087 2146 2417 2214 exsequitur.

2067 2237 2246 2306 (Vers.
2275 2237 2358 2305 6.)
2387 2236 2580 2292 Statuit
2603 2251 2664 2289 ea
2693 2235 2744 2287 in
2761 2245 3029 2299 aternum,
3061 2245 3110 2287 et
3138 2235 3190 2286 in
3211 2235 3456 2288 saculum
3485 2251 3581 2290 ste-

1996 2334 2132 2399 culi;
2163 2341 2473 2402 praceptum
2508 2330 2698 2401 posuit,
2721 2339 2770 2382 et
2799 2345 2900 2382 non
2928 2329 3226 2397 prreteribit.
3255 2329 3440 2384 Omnia
3459 2346 3580 2400 quas

1997 2426 2064 2480 ad
2094 2427 2372 2480 caelestem
2406 2424 2798 2478 beatitudinem
2830 2432 2956 2476 sunt
2983 2431 3186 2486 creata,
3239 2423 3377 2477 hanc
3410 2423 3585 2491 pleni-

2000 2519 2240 2574 tudinem
2271 2518 2351 2571 sui
2383 2515 2545 2570 officii
2577 2522 2956 2582 susceperunt,
2988 2523 3045 2568 ut
3076 2515 3128 2568 in
3161 2513 3259 2567 Dei
3279 2514 3586 2570 laudatione

1999 2615 2388 2680 permaneant:
2421 2607 2509 2661 cui
2534 2607 2684 2674 operi
2716 2605 2880 2660 etiam
2912 2615 3101 2658 natura
3139 2606 3370 2659 humana
3408 2609 3586 2660 socia-

2001 2713 2114 2764 tur,
2141 2709 2364 2770 promer
2393 2697 2537 2768 quod
2571 2697 2864 2765 Apostolus
2891 2697 3045 2760 dicit,
3081 2695 3210 2762 Quae
3232 2713 3436 2750 sursum
3467 2706 3588 2751 sunt

1999 2793 2186 2861 sapite,
2210 2807 2312 2844 non
2335 2804 2448 2859 qua
2473 2803 2628 2856 super
2655 2799 2865 2841 terram.
2893 2787 3022 2852 Qua:
3048 2803 3252 2840 sursum
3292 2796 3414 2840 sunt
3450 2805 3590 2858 qure-

1999 2885 2116 2948 rite,
2149 2882 2234 2936 ubi
2261 2879 2496 2936 Christus
2525 2889 2596 2932 est
2650 2879 2706 2932 in
2755 2879 2969 2931 dextera
3019 2877 3112 2931 Dei
3143 2880 3323 2930 sedens
3365 2876 3588 2949 (Coloss.

2004 2989 2081 3041 ut,
2117 2975 2135 3027 I
2170 2981 2220 3026 et
2242 2970 2321 3040 2).
2351 2969 2499 3024 Bene
2521 2982 2652 3038 ergo
2684 2967 2943 3038 spiritalis
2981 2968 3209 3036 quisque
3231 2967 3504 3023 devotioni
3533 2983 3591 3022 se

297 3077 403 3115 sua
437 3073 548 3110 non
582 3053 921 3122 manifestauit
949 3053 1040 3105 eis.
1073 3048 1432 3104 Altitudinem
1472 3045 1774 3100 divitiarum
1817 3059 1898 3098 sa-

2009 3065 2305 3121 cmlestium
2326 3063 2524 3132 jungit,
2553 3070 2608 3115 et
2655 3061 2708 3114 in
2761 3058 3202 3113 consideratione
3239 3060 3406 3114 totius
3433 3074 3590 3113 crea-

297 3149 542 3224 pientia:
583 3161 694 3201 sua:
735 3145 912 3216 (Rom.
944 3158 1019 3208 xt,
1060 3140 1151 3210 55)
1190 3138 1325 3194 nulli
1364 3139 1510 3209 genti
1548 3137 1689 3192 Deus
1737 3136 1902 3192 voluit

297 3239 840 3309 esse.perspicuam,
870 3249 1045 3304 neque
1073 3231 1320 3302 cuiquam
1354 3230 1552 3285 nationi
1580 3228 1901 3298 judiciorum

298 3344 537 3390 secreta
573 3338 812 3398 patuere.
855 3325 962 3381 Sed
1008 3339 1073 3378 ex
1110 3324 1361 3377 omnibus
1387 3322 1634 3392 gentibus
1676 3337 1778 3374 una
1822 3328 1906 3374 est

299 3438 477 3496 gens,
513 3434 655 3475 unus
684 3427 768 3473 est
795 3416 1042 3488 populus,
1076 3415 1168 3484 qui
1201 3429 1260 3468 se
1289 3413 1356 3468 ab
1379 3421 1576 3467 aeterna
1606 3411 1906 3480 perditione

301 3533 423 3572 non
459 3514 580 3568 suis
606 3511 831 3574 meritis,
863 3507 956 3562 sed
980 3506 1075 3560 Dei
1104 3505 1274 3574 gratia
1305 3502 1555 3572 intelligit
1583 3502 1822 3564 liberari,
1853 3511 1908 3557 et

304 3616 766 3674 unumquemque
785 3599 1020 3654 fidelium
1047 3596 1352 3650 ministrum
1372 3593 1760 3651 misericordiae
1788 3593 1902 3657 Dei,

307 3712 372 3755 ut
403 3696 558 3769 quod
592 3694 644 3748 in
675 3692 804 3762 ipsis
841 3690 1038 3760 factum
1069 3698 1174 3756 est,
1204 3690 1366 3742 etiam
1397 3688 1451 3743 in
1479 3687 1598 3742 aliis
1632 3685 1746 3754 fiat,
1770 3695 1824 3740 et
1851 3687 1906 3739 in

311 3794 592 3846 unitatem
619 3784 855 3840 confluat
875 3783 1126 3835 universa
1157 3778 1446 3847 dispersio.

803 3872 1120 3930 PSALMUS
1158 3871 1439 3926 CXLVIII.

385 3971 584 4046 (Vers.
619 3967 696 4038 I.)
728 3965 956 4020 Laudate
977 3965 1257 4019 Dominum
1283 3965 1345 4018 de
1374 3963 1536 4030 calis,
1569 3962 1775 4017 laudate
1795 3978 1910 4017 eum

315 4069 368 4120 in
400 4061 647 4118 excelsis.
704 4059 938 4129 P0pulus
988 4057 1107 4123 Dei,
1139 4056 1294 4125 cujus
1347 4057 1685 4112 conversatio
1733 4064 1816 4110 est
1858 4055 1909 4108 in

316 4159 478 4213 uelis
513 4153 740 4224 (Philip.
771 4167 846 4216 ttt,
881 4150 994 4222 20),
1025 4158 1080 4205 et
1120 4149 1272 4218 cujus
1301 4162 1424 4218 spes
1463 4149 1516 4203 in
1551 4149 1774 4202 Domino
1804 4148 1914 4203 Deo

317 4251 495 4317 ipsius
519 4243 696 4316 (Psal.
720 4258 876 4308 chv,
902 4241 980 4312 5),
1008 4240 1073 4295 ad
1105 4254 1393 4310 supernam
1420 4237 1716 4294 Jerusalem
1745 4238 1914 4308 perti-

320 4355 488 4408 nens,
536 4348 592 4394 et
629 4337 697 4392 de
735 4345 934 4390 aeterna
965 4345 1275 4388 sanctorum
1305 4334 1620 4400 angelorum
1660 4331 1916 4386 societate

321 4435 435 4504 jam
475 4429 738 4502 gaudens,
773 4429 1005 4483 exsultat
1049 4427 1101 4481 in
1130 4426 1331 4496 Spiritu
1360 4426 1477 4490 Dei,
1522 4433 1577 4480 et
1616 4426 1918 4480 universam
1949 4423 2000 4482 D

322 4532 642 4580 creaturam
689 4521 742 4573 in
782 4518 992 4573 laudem
1030 4518 1277 4573 accendit
1301 4516 1612 4572 Creatoris:
1651 4530 1754 4570 non
1792 4517 1915 4585 quia

323 4615 516 4673 omnia
549 4610 936 4668 irrationabilia
968 4619 1023 4666 et
1052 4624 1213 4663 sensu
1237 4607 1472 4663 carentia
1505 4616 1728 4676 possunt
1748 4607 1916 4662 Deum

325 4706 559 4778 pr0pria
599 4702 940 4758 confessione
979 4700 1222 4766 laudare,
1266 4701 1360 4755 sed
1391 4699 1514 4770 quia
1560 4699 1693 4754 nihil
1737 4707 1819 4754 est
1863 4699 1916 4753 in

327 4795 692 4854 universitate
717 4808 917 4860 rerum,
949 4807 977 4845 a
1007 4791 1232 4846 summis
1265 4806 1432 4859 usque
1453 4791 1518 4845 ad
1550 4792 1752 4856 infima,
1775 4791 1917 4860 quod

328 4903 443 4941 non
478 4900 578 4939 sua
605 4883 909 4954 aqualitate
936 4891 1140 4935 natura:
1166 4882 1462 4950 potentiam
1487 4882 1568 4935 sui
1594 4889 1919 4950 protestetur

323 4976 603 5031 auctoris.
632 4974 868 5029 Duarum
898 4972 1112 5042 proprie
1151 4982 1521 5032 creaturarum
1564 4981 1646 5026 est
1683 4979 1791 5026 tota
1821 4971 1916 5024 ista

324 5068 604 5130 laudatio,
644 5065 903 5135 angelica:
951 5064 1159 5120 scilicet
1213 5073 1268 5119 et
1310 5061 1582 5130 humanae,
1619 5079 1741 5134 quae
1782 5062 1923 5119 hunc

327 5159 594 5214 affectum
624 5171 689 5211 ex
721 5157 884 5210 totius
911 5155 1093 5210 mundi
1121 5154 1557 5210 consideratione
1584 5155 1918 5224 concipiunt,

329 5263 402 5306 ut
429 5265 555 5305 cum
586 5247 947 5303 laudatoribus
988 5248 1082 5303 Dei
1115 5249 1227 5319 ipsa
1274 5249 1446 5303 laudis
1491 5251 1714 5304 materia
1756 5251 1920 5304 Deum

334 5341 572 5397 laudare
612 5341 837 5395 dicatur.
879 5341 1013 5406 Quia
1059 5355 1190 5410 ergo
1222 5340 1275 5394 in
1316 5341 1418 5396 hoc
1452 5339 1632 5396 oﬂicio
1682 5343 1922 5399 cmlestia

418 5576 444 5604 ι
473 5565 548 5619 Ita
578 5562 750 5632 Lugd.
776 5573 829 5617 et
861 5561 1084 5632 Lovan.;
1131 5562 1320 5618 melius
1350 5577 1534 5632 quam,
1566 5576 1736 5615 causa!
1777 5561 1926 5616 vitio-

335 5654 482 5704 sum,
515 5638 565 5690 in
601 5630 761 5689 Duae.
788 5645 839 5689 et
865 5630 1053 5688 Colon.

2002 3163 2138 3211 tura:
2164 3152 2346 3208 laudat
2371 3152 2653 3212 artificem,
2678 3157 2737 3203 ut
2764 3164 2862 3218 pro
2893 3149 3115 3203 modulo
3155 3164 3254 3203 suo
3275 3149 3390 3218 jam
3428 3149 3593 3203 faciat

2005 3246 2148 3317 quod
2177 3245 2295 3300 sine
2329 3245 2436 3298 fine
2466 3242 2672 3298 factura
2703 3249 2804 3297 est.

2078 3339 2257 3409 (Vers.
2285 3338 2339 3402 7,
2373 3336 2454 3406 8.)
2486 3335 2722 3388 Laudato
2743 3333 3017 3387 Dominum
3052 3333 3116 3387 de
3145 3343 3300 3393 terra,
3325 3332 3593 3395 dracones,

2007 3437 2054 3485 et
2079 3444 2252 3482 omnes
2291 3427 2482 3496 abyssi.
2519 3423 2687 3495 Ignis,
2718 3423 2939 3494 grando,
2973 3425 3081 3489 nix,
3125 3423 3340 3492 glacies,
3383 3423 3595 3491 spiritus

2011 3522 2268 3590 procella,
2297 3521 2384 3587 qui
2415 3519 2614 3589 faciunt
2637 3517 2843 3570 verbum
2863 3519 2996 3586 ejus.
3024 3516 3208 3570 Terrae
3249 3514 3471 3568 nomine
3499 3529 3598 3582 ap-

2010 3613 2280 3681 pellantur
2309 3625 2428 3676 quaa
2460 3608 2633 3660 vicina
2680 3613 2806 3660 sunt
2855 3614 3052 3669 terras,
3084 3614 3139 3658 et
3185 3603 3445 3672 quidquid
3495 3603 3596 3657 hoc

2009 3704 2199 3758 nubilo
2222 3716 2348 3756 aere
2375 3709 2466 3753 aut
2497 3696 2774 3751 humidum
2800 3697 2851 3749 in
2877 3711 3024 3762 rore,
3058 3696 3145 3749 vel
3168 3695 3386 3762 pluviis,
3419 3702 3514 3748 aut
3539 3695 3595 3749 in

2017 3795 2159 3860 nive,
2194 3802 2246 3846 et
2277 3788 2542 3860 grandine
2592 3786 2839 3856 glaciale,
2872 3795 2965 3840 aut
3015 3788 3065 3839 in
3116 3785 3373 3854 procellis
3421 3785 3596 3839 turbi-

2011 3886 2164 3948 dum,
2192 3883 2276 3938 vel
2310 3882 2364 3937 in
2385 3877 2852 3934 coruscationibus
2881 3884 3106 3946 apparet
3153 3875 3406 3940 ignitum,
3436 3885 3598 3929 terra:

2012 3987 2068 4032 et
2109 3974 2296 4046 abyssi
2322 3969 2688 4041 appellatione
2718 3967 3122 4038 perstringitur.
3162 3971 3406 4034 Quorum
3460 3967 3594 4022 nihil

2014 4069 2256 4125 fortuitis
2283 4065 2522 4121 motibus
2543 4063 2808 4133 sttbjacet,
2841 4071 2896 4118 et
2931 4061 3140 4131 singula
3167 4060 3195 4099 δ
3226 4077 3454 4130 quaeque
3483 4060 3601 4130 ejus

2015 4162 2226 4231 legibus
2246 4159 2508 4222 serviunt,
2546 4156 2638 4225 qui
2669 4165 2727 4210 ut
2755 4155 2894 4221 vult,
2919 4155 2986 4209 de
3029 4154 3286 4210 omnibus
3324 4163 3488 4222 atque
3544 4155 3600 4208 in

2018 4253 2291 4316 omnibus,
2336 4247 2640 4306 secundum
2687 4261 2884 4303 causas
2927 4247 3152 4302 occultae
3195 4247 3426 4302 rationis
3471 4261 3602 4316 ope-

2019 4356 2192 4398 ratur.

2095 4434 2277 4502 (Vers.
2303 4433 2359 4501 9,
2395 4432 2509 4501 I0.)
2541 4430 2740 4484 Montes
2766 4439 2812 4483 et
2842 4445 3013 4483 omnes
3033 4427 3211 4495 colles,
3244 4429 3386 4500 ligna
3419 4428 3603 4499 fructi-

2021 4530 2152 4598 fera,
2183 4535 2228 4579 et
2251 4539 2424 4578 omnes
2445 4523 2604 4577 cedri.
2637 4521 2844 4588 Bestia,
2886 4530 2935 4575 et
2953 4522 3129 4575 omnia
3154 4538 3360 4592 pecora,
3392 4540 3604 4593 serpen-

2023 4629 2095 4671 tes
2119 4626 2167 4671 et
2190 4617 2419 4670 volucres
2447 4624 2695 4684 pennatar.
2741 4612 2882 4669 Nihil
2926 4612 3121 4668 horum
3169 4629 3276 4669 non
3306 4613 3362 4669 in
3410 4628 3606 4684 magna

2022 4708 2287 4778 sapientia
2319 4708 2514 4760 factum
2545 4714 2629 4760 est
2658 4704 2778 4773 (Ps.
2811 4720 2924 4770 cui,
2965 4706 3095 4774 24);
3123 4713 3178 4760 et
3205 4706 3326 4760 ideo
3355 4705 3607 4774 quadam

2023 4798 2485 4869 perstringuntur,
2517 4804 2576 4850 ut
2604 4795 2980 4850 universitatis
3011 4795 3238 4851 Creator
3276 4796 3326 4850 in
3348 4795 3604 4850 omnibus

2025 4890 2364 4960 prmdicetur.

2097 4980 2279 5050 (Vers.
2311 4980 2398 5044 Il,
2430 4977 2538 5048 ιε.)
2576 4977 2732 5048 Reges
2756 4987 2924 5044 teme,
2948 4988 2995 5032 et
3027 4995 3198 5033 omnes
3224 4978 3432 5050 populi;
3457 4978 3604 5048 prin-

2024 5071 2184 5140 cipes,
2214 5081 2261 5124 et
2287 5086 2458 5124 omnes
2479 5070 2682 5140 judices
2710 5078 2882 5125 terra.
2917 5069 3135 5124 Juvenes
3161 5079 3208 5122 et
3237 5071 3478 5139 virgines,
3524 5083 3602 5121 se-

2025 5165 2196 5217 niores
2226 5177 2343 5216 cum
2360 5162 2655 5230 junioribus
2681 5161 2890 5214 laudent
2918 5177 3100 5213 nomen
3131 5158 3358 5212 Domini.
3382 5160 3437 5213 In
3469 5158 3606 5212 mul-

2027 5255 2258 5310 titudine
2289 5254 2568 5309 hominum
2602 5252 2886 5325 diversitas
2922 5261 3000 5306 est
3027 5251 3315 5320 graduum,
3349 5249 3606 5305 differet»

2029 5347 2103 5401 tia
2127 5363 2355 5402 sexuum
2386 5356 2439 5402 et
2465 5344 2850 5402 dissimilitudo
2886 5345 3238 5408 meritorum;
3271 5343 3366 5397 sed
3415 5345 3468 5398 in
3513 5342 3611 5402 Dei

2103 5562 2131 5603 δ
2163 5566 2344 5622 Editio
2364 5566 2724 5634 Colonicnsis,
2752 5565 2971 5638 quippe;
3002 5567 3142 5635 alite,
3165 5581 3394 5638 qucque.
