4028 6176
484 186 586 242 ἥδ

1710 182 1766 237 S.
1810 181 2148 238 PROSPERI
2189 181 2520 249 ΑρυιτΑΝι

3641 187 3741 241 494

479 299 735 357 laudibus
757 297 903 352 omni
928 296 1103 351 ordini
1131 303 1293 364 atque
1334 294 1482 348 aetati
1537 307 1639 348 una
1687 294 1912 349 materia
1956 300 2063 349 est.
2090 299 2142 357 Α
2239 293 2607 364 531(Vcrs.
2654 291 2738 362 ι.)
2787 292 2923 360 Quia
2953 293 3323 363 betteplacilttm
3349 303 3420 348 est
3447 293 3669 350 Domino
3692 296 3745 351 in

480 391 614 446 Tota
635 389 780 442 enim
824 388 984 458 530
1038 388 1091 440 in
1137 385 1361 441 Christo
1394 384 1632 453 Ecclesia
1675 399 1834 437 unum
1866 395 2065 452 corpus

481 490 584 546 est,
611 488 665 534 et
689 480 831 548 quod
863 493 1009 533 recte
1032 477 1142 547 agit
1166 476 1423 547 quaelibet
1447 475 1643 545 portio,
1669 484 1777 528 tota
1803 475 1904 530 sibi
1927 475 2067 530 bene

485 571 712 626 vindicat
746 570 1044 638 plenitudo.

554 662 734 730 (Vers.
761 661 849 725 l5,
884 658 972 713 Η.
1000 659 1018 726 )
1047 657 1303 725 Quoniam
1346 657 1628 711 exaltatum
1653 663 1727 710 est
1749 671 1930 709 nomen
1952 658 2066 727 ejus

481 751 663 805 solius.
697 749 963 819 Confessio
995 752 1107 820 ejus
1137 763 1288 818 super
1316 746 1496 800 calum
1528 754 1576 799 et
1603 755 1819 806 terram,
1846 753 1893 797 et
1925 745 2068 798 exal-

482 843 604 896 tavit
631 857 788 894 cornu
811 840 991 910 pepuli
1017 840 1118 893 sui.
1141 838 1314 907 Super
1330 837 1509 892 omnia
1535 836 1678 890 enim
1703 845 1728 872 ⁸
1749 845 1804 890 et
1823 837 2066 890 omnium

479 930 747 997 conditor,
778 940 831 984 et
853 930 1013 982 unius
1041 927 1282 981 auctoris
1316 925 1438 980 laus
1466 935 1551 979 est
1575 923 1834 994 quidquid
1865 926 1918 978 in
1951 925 2069 977 uni-

479 1022 737 1074 versitate
779 1018 1053 1072 laudabile
1083 1026 1208 1081 est;
1255 1015 1401 1085 quod
1450 1015 1565 1083 ipsa
1596 1029 1776 1069 rerum
1827 1014 2068 1084 pulchri-

482 1109 614 1164 tudo
641 1108 963 1163 multiformi
995 1107 1288 1160 conﬁtetur
1317 1117 1533 1159 ornatu.
1563 1103 1646 1158 Ab
1675 1106 1791 1174 ipso
1826 1119 1956 1173 ergo
1984 1112 2068 1159 est

484 1199 658 1253 honor
687 1209 1001 1252 sanctorum
1036 1197 1177 1266 ejus,
1209 1206 1265 1251 et
1293 1197 1437 1265 ipsos
1465 1196 1667 1250 exaltat
1694 1210 1862 1249 cornu
1886 1194 2067 1264 populi

485 1292 596 1358 sui,
631 1291 886 1360 quoniam
919 1289 1007 1359 qui
1053 1304 1243 1358 magna
1269 1289 1492 1343 contulit
1527 1303 1623 1357 per
1653 1298 1925 1353 naturam,
1952 1288 2069 1356 ipse

485 1382 582 1434 dat
631 1381 835 1449 majora
867 1394 963 1448 per
991 1379 1247 1450 gratiam.
1303 1377 1541 1448 Hymnus
1595 1377 1830 1431 omnibus
1878 1379 2070 1433 sanctis

483 1471 615 1538 ejus,
647 1471 770 1539 ﬁliis
794 1468 980 1533 Israel,
1007 1469 1195 1539 pOpulo
1219 1468 1656 1538 apprOpinguanti
1677 1467 1795 1520 sibi.
1827 1467 2070 1537 llymnus

482 1572 570 1616 est
614 1563 884 1616 canticum
938 1575 1045 1628 quo
1097 1558 1345 1612 laudatur
1373 1557 1535 1622 Deus,
1588 1566 1644 1612 et
1693 1573 1802 1626 quo
1851 1567 2070 1612 utuntur

2169 385 2361 452 populo
2373 400 2486 452 suo,
2505 393 2554 438 et
2575 383 2820 438 exaltabit
2836 395 3126 439 mansuetos
3156 387 3208 439 in
3229 389 3465 440 salurem.
3484 387 3621 453 Quid
3639 397 3744 441 tam

2170 477 2482 546 benignum,
2526 492 2687 546 quam
2731 489 2813 532 est
2845 478 3110 532 Dominus
3139 480 3189 532 in
3223 479 3420 548 pepulo
3442 495 3561 544 suo,
3586 495 3746 548 quem

2167 568 2420 637 dignatur
2444 576 2767 623 convertere
2794 584 3071 633 aversum,
3121 572 3393 640 suscipere
3417 583 3744 638 correctum,

2163 658 2354 727 juvare
2381 670 2729 728 pugnantem,
2775 669 2829 714 et
2881 674 3142 715 coronare
3187 663 3534 716 vincentem?
3591 662 3752 716 Dabit

2169 749 2313 803 enim
2365 751 2776 804 exsultationem
2834 750 3158 817 humilibus,
3200 761 3255 806 et
3298 750 3424 806 inde
3470 751 3750 822 eriguntur

2169 842 2454 907 mansueti,
2485 841 2626 894 unde
2658 851 2977 910 premuntur
3002 843 3150 898 elati.

2243 931 2425 1001 (Vers.
2455 932 2535 1002 5.)
2566 931 2914 987 Exsultabunt
2940 937 3102 989 sancti
3118 935 3170 988 in
3201 936 3369 1005 gloria
3390 977 3404 1001 ,
3438 936 3754 992 ltetabuntur

2169 1022 2224 1075 in
2244 1023 2494 1077 cubilibus
2519 1025 2647 1079 suis.
2669 1024 2971 1079 Exsultatio
2989 1034 3299 1081 sanctorum
3316 1042 3421 1080 non
3454 1028 3502 1080 in
3527 1027 3749 1094 divitiis,

2171 1131 2280 1170 non
2307 1116 2360 1169 in
2393 1116 2710 1181 honoribus,
2742 1131 2918 1187 neque
2947 1117 2998 1171 in
3023 1118 3132 1172 ulla
3157 1127 3240 1172 est
3263 1119 3614 1187 prosperitate
3647 1129 3752 1174 ter-

2172 1223 2330 1262 rena:
2364 1207 2458 1262 sed
2510 1209 2565 1261 in
2597 1208 2843 1262 cubilibus
2887 1210 3012 1274 suis,
3057 1210 3111 1263 id
3163 1216 3268 1275 est,
3311 1209 3362 1263 in
3417 1211 3751 1264 conscientia

2173 1298 2336 1364 bona,
2377 1314 2537 1368 quam
2567 1309 2742 1354 tamen
2776 1314 2882 1354 non
2933 1300 3060 1366 sibi,
3091 1301 3187 1354 sed
3232 1300 3417 1370 grati-.e
3445 1300 3540 1355 Dei
3585 1304 3752 1356 ascri-

2173 1392 2344 1458 bunt;
2377 1408 2444 1448 ne
2491 1393 2598 1448 sint
2634 1393 2704 1449 de
2753 1393 3060 1458 hominibus
3103 1394 3204 1448 sibi
3259 1395 3616 1462 placentibus,
3661 1395 3751 1451 sed

2173 1487 2284 1540 sint
2312 1484 2380 1540 de
2406 1486 2489 1539 his
2519 1486 2609 1555 qui
2641 1485 2694 1539 in
2727 1484 2949 1539 Christo
2977 1485 3294 1555 gloriantur.

2250 1575 2432 1646 (Vers.
2463 1575 2544 1647 6.)
2565 1587 2585 1614 ε
2620 1575 2975 1629 Exaltationes
3005 1575 3098 1630 Dei
3136 1577 3190 1629 in
3219 1575 3454 1647 faucibus
3480 1593 3678 1642 eorum,
3709 1585 3753 1632 et

484 1670 673 1708 οηὶιιθδ
694 1653 868 1708 sane“
899 1653 1016 1721 eius
1044 1664 1346 1719 omnesque
1377 1648 1473 1704 ίίιίί
1504 1649 1692 1715 Israel:
1729 1665 1836 1703 ηοη
1877 1651 1951 1704 mi
1980 1649 2070 1719 qui
2105 1666 2150 1726 Β
2175 1668 2336 1738 gladii
2361 1669 2608 1735 ancipites
2654 1668 2706 1722 in
2745 1668 2978 1721 manibus
3021 1683 3217 1721 eorum.
3269 1667 3483 1723 Gratias
3533 1676 3752 1737 agentes

485 1747 683 1800 frustra
712 1744 916 1800 carnali
944 1743 1152 1799 semine
1176 1742 1478 1811 gloriantur
1502 1759 1516 1796 :
1547 1742 1641 1797 sed
1672 1743 1764 1812 qui
1793 1758 1889 1812 per
1922 1743 2069 1796 illam

483 1853 587 1906 qua
620 1837 892 1891 Abraham
911 1835 1112 1905 placuit
1141 1834 1302 1889 ﬁdem
1328 1834 1462 1901 nati,
1487 1835 1598 1888 veri
1627 1842 1754 1888 sunt
1787 1833 1878 1888 ﬁlii
1907 1833 2073 1888 Israel

485 1928 667 2000 (Rom.
699 1945 782 1995 ιχ,
816 1929 847 1982 7
872 1938 916 1982 et
938 1929 1017 1996 8),
1050 1928 1550 1996 appropinquantes
1601 1927 1714 1982 Deo
1763 1943 1860 1997 per
1899 1928 2071 1998 ipsum

482 2021 574 2090 qui
604 2029 687 2076 est
716 2021 821 2088 via,
851 2021 1036 2074 veritas
1066 2029 1116 2072 et
1145 2019 1248 2072 vita
1278 2017 1455 2088 (Joan.
1485 2035 1596 2088 xrv,
1641 2021 1716 2089 6).

983 2109 1108 2164 PSA
1120 2107 1304 2164 LMUS
1332 2107 1569 2163 CXLIX.

556 2201 737 2272 (Vers.
766 2201 845 2271 1.)
878 2200 1094 2256 Cantate
1115 2199 1337 2255 Domino
1365 2203 1620 2256 canticum
1647 2218 1832 2256 novum
1849 2219 1868 2269 ;
1893 2201 2075 2255 lauda-

488 2295 560 2348 tio
586 2295 698 2361 eius
723 2294 777 2347 in
829 2292 1064 2347 Ecclesia
1104 2301 1420 2347 sanctorum.
1456 2293 1604 2348 Bene
1641 2293 1920 2348 laudantes
1971 2295 2076 2349 Do-

488 2389 696 2441 minutn
720 2387 990 2441 canticum
1017 2402 1233 2453 novum,
1268 2395 1514 2452 cantant,
1558 2402 1667 2441 non
1713 2387 1768 2441 in
1811 2397 2076 2444 vetustate

487 2479 690 2545 carnis,
719 2479 816 2534 sed
847 2479 899 2533 in
931 2479 1154 2548 spiritus
1184 2480 1427 2535 novitate
1447 2480 1724 2536 viventes:
1757 2489 1818 2534 ut
1841 2480 1959 2536 laus
1981 2481 2074 2536 Dei

489 2572 544 2626 in
567 2583 884 2628 sanctorum
915 2572 1161 2628 Ecclesia
1183 2573 1518 2640 celebretur,
1551 2587 1670 2643 quae
1698 2572 1801 2629 sibi
1829 2588 1899 2628 ex
1944 2573 2072 2640 fide,

491 2678 550 2722 et
575 2668 837 2732 moribus,
869 2676 922 2720 et
964 2667 1228 2721 charitate
1272 2667 1608 2723 concordat:
1657 2683 1782 2721 nam
1829 2668 1948 2723 sine
1976 2667 2076 2723 hac

492 2760 756 2831 parilitate
785 2761 928 2814 nulla
962 2767 1049 2813 est
1075 2759 1386 2815 canentium
1416 2761 1676 2827 suavitas,
1705 2775 1808 2815 nec
1839 2771 1925 2815 est
1963 2775 2077 2815 mo-

487 2856 692 2910 dulatio
717 2855 1034 2918 concinens,
1059 2854 1145 2907 ubi
1173 2864 1258 2907 est
1287 2853 1419 2908 fides
1443 2867 1507 2907 ac
1535 2854 1642 2907 vita
1674 2853 2022 2907 dissentiens.

562 2947 841 3021 (νει-ελ.)
895 2946 1116 3001 Laetetur
1164 2943 1332 3000 Israel
1355 2946 1410 2998 in
1452 2961 1511 2999 eo
1540 2945 1629 3015 qui
1663 2947 1782 3015 fecit
1804 2947 1996 3016 ipsum,
2025 2953 2072 2999 et

2176 1757 2288 1813 Deo
2319 1757 2387 1813 de
2407 1758 2664 1812 omnibus
2691 1757 3024 1827 profectibus
3055 1759 3187 1825 suis,
3213 1757 3389 1825 ipsum
3419 1758 3678 1819 exaltant.
3705 1768 3754 1814 et

2176 1848 2244 1904 ad
2276 1850 2449 1918 ipsum
2482 1849 2722 1903 referunt
2747 1847 2889 1918 quod
2921 1849 2968 1903 ei
3000 1848 3216 1917 placere
3244 1857 3527 1913 noverunt,
3555 1848 3754 1902 haben-

2179 1950 2259 1995 tes
2290 1941 2342 1994 in
2393 1940 2645 1995 manibus
2698 1953 2982 1994 sermones
3029 1939 3146 2003 Dei,
3194 1939 3394 2008 quiest
3422 1938 3637 2007 gladius
3676 1939 3752 1992 bis

2175 2043 2367 2087 acutus
2397 2032 2580 2103 (Apoc.
2613 2046 2651 2097 ι,
2686 2029 2798 2101 l6),
2827 2029 3017 2085 efﬁcax
3056 2038 3113 2085 et
3144 2030 3386 2084 carnales
3409 2028 3636 2085 affectus
3671 2030 3754 2084 di-

2177 2125 2386 2190 videre,
2415 2135 2468 2179 et
2496 2134 2713 2194 peccata
2743 2137 2991 2178 resecare
3023 2121 3209 2191 (Hebr.
3244 2137 3315 2186 tv,
3340 2120 3450 2192 12).

2248 2215 2428 2282 (Vers.
2455 2215 2532 2287 7.)
2559 2215 2639 2268 Ad
2658 2216 2946 2286 faciendam
2975 2215 3248 2269 vindictam
3295 2217 3346 2268 in
3389 2215 3648 2285 gentibus,
3672 2215 3759 2268 ob-

2169 2306 2491 2376 jurgationes
2518 2306 2572 2359 in
2603 2307 2828 2375 pepulis.
2853 2306 3097 2360 Potestas
3119 2307 3289 2371 verbi,
3319 2322 3424 2375 quo
3465 2307 3756 2362 inﬁdelium

2178 2399 2341 2454 corda
2370 2399 2654 2463 feriuntur,
2687 2413 2792 2452 non
2826 2397 2999 2452 solum
3054 2397 3472 2468 prasidentibus
3501 2399 3625 2452 data
3655 2408 3755 2464 est,

2178 2490 2272 2545 sed
2298 2489 2549 2544 omnibus
2570 2490 2732 2543 etiam
2777 2489 3052 2559 discipulis
3104 2491 3372 2555 veritatis,
3405 2492 3494 2559 qui
3533 2499 3761 2559 possunt

2177 2597 2404 2653 arguere
2451 2591 2729 2651 errantes,
2772 2589 2828 2637 et
2887 2581 3254 2651 increpatione
3297 2598 3392 2637 sua
3439 2583 3626 2638 devios
3672 2597 3760 2639 re-

2178 2689 2390 2729 vocare.

2251 2764 2432 2835 (Vcrs.
2462 2763 2545 2833 8.)
2573 2765 2655 2819 Ad
2679 2765 2972 2838 alligandos
3000 2780 3141 2836 reges
3181 2781 3358 2820 eorum
3401 2766 3455 2818 in
3502 2768 3762 2836 compedi-

2180 2855 2294 2924 bus,
2340 2865 2388 2910 et
2452 2856 2641 2911 nobiles
2674 2873 2849 2910 eorum
2892 2859 2945 2909 in
2988 2857 3202 2911 vinculis
3248 2857 3447 2925 ferreis.
3503 2856 3760 2912 Potentes

2180 2948 2385 3014 mundi,
2411 2957 2464 3002 et
2491 2963 2644 3016 reges
2660 2964 2722 3003 ac
2745 2950 2977 3018 nobiles,
3002 2949 3101 3004 nisi
3130 2949 3294 3004 Deum
3325 2949 3568 3012 timeant,
3597 2965 3760 3018 quem

490 3041 588 3110 filii
617 3040 747 3094 Sion
787 3038 1040 3092 exsultent
1087 3053 1241 3108 super
1271 3053 1440 3106 regem
1481 3052 1652 3090 suum.
1676 3037 1778 3102 Qui
1806 3047 1932 3092 sunt
1959 3031 2072 3091 veri
2103 3036 2148 3098 C
2182 3039 2487 3094 timebunt?
2513 3039 2616 3094 Sed
2663 3039 2984 3107 praedicatur
3011 3039 3117 3093 illis
3146 3039 3500 3107 Evangelium
3532 3038 3765 3100 Christi.

491 3130 778 3195 Israelitze,
807 3130 909 3198 ipsi
925 3137 1053 3183 sunt
1076 3128 1167 3182 ﬁlii
1190 3127 1342 3194 Sion,
1366 3128 1480 3182 sive
1508 3129 1808 3183 Jerusalem
1831 3145 1844 3180 :
1873 3139 2077 3182 utrum-

491 3237 599 3291 que
628 3225 771 3275 enim
804 3236 1002 3275 nomen
1027 3222 1186 3274 unius
1212 3231 1298 3275 est
1325 3220 1562 3275 civitatis
1591 3219 1778 3290 (Hebr.
1824 3235 1923 3284 xtl,
1955 3217 2073 3289 22),

492 3328 614 3382 qua:
641 3321 861 3366 constat
882 3327 950 3365 ex
973 3311 1179 3380 angelis
1200 3320 1254 3365 et
1282 3311 1612 3374 hominibus,
1636 3311 1701 3363 ad
1722 3312 1965 3366 eamdem
1988 3326 2079 3364 so-

491 3405 744 3460 cietatem
776 3418 870 3472 per
893 3403 1074 3464 ﬁdem,
1105 3413 1162 3457 et
1191 3416 1367 3471 spem,
1414 3411 1470 3456 et
1499 3400 1822 3455 charitatem
1863 3400 1929 3456 de
1958 3403 2078 3455 lon-

492 3496 686 3565 ginqua
721 3494 1157 3565 peregrinatione
1192 3492 1560 3549 tendentibus.
1619 3492 1723 3560 Qui
1754 3507 1884 3562 ergo
1911 3491 1939 3530 δ
1981 3509 2079 3563 spe

492 3590 684 3654 credit,
716 3605 814 3658 spe
860 3590 1112 3659 gaudeat,
1162 3590 1287 3658 quia
1316 3588 1461 3642 Deus
1507 3595 1591 3643 est
1617 3588 1744 3642 novi
1790 3588 1970 3658 populi
2023 3597 2080 3644 et

494 3693 734 3746 creator,
768 3690 821 3736 et
854 3682 1189 3751 redemptor,
1219 3688 1277 3736 et
1305 3691 1509 3735 rector.

565 3774 743 3845 (Vers.
769 3773 851 3842 5.)
877 3773 1111 3827 Laudent
1129 3789 1313 3827 nomen
1333 3776 1446 3844 ejus
1471 3774 1526 3826 in
1547 3773 1722 3839 choro,
1752 3775 1805 3828 in
1831 3782 2079 3846 tympano

496 3874 545 3918 et
593 3864 832 3933 psalterio
860 3866 1086 3934 psallant
1114 3867 1181 3920 ei.
1215 3866 1380 3921 Chori
1427 3867 1645 3921 nomine
1688 3869 1975 3923 concordia
2005 3872 2079 3923 si-

492 3957 781 4024 gnilicatur
820 3955 1174 4020 laudantium,
1225 3970 1458 4025 quorum
1495 3971 1655 4011 voces
1719 3959 1823 4013 nisi
1876 3959 2078 4013 fuerint

502 4061 776 4115 consonae,
837 4047 1054 4115 placere
1104 4064 1209 4101 non
1270 4058 1513 4116 possunt.
1572 4047 1869 4105 Rationalis
1900 4052 2078 4120 itaque

494 4147 708 4205 cantus,
739 4137 893 4206 cujus
925 4146 1036 4192 tota
1066 4148 1149 4192 est
1179 4141 1231 4192 in
1263 4138 1367 4192 fide
1392 4149 1445 4194 et
1466 4139 1732 4195 charitate
1761 4142 2074 4211 modulatio,

495 4247 666 4301 neque
689 4232 740 4287 in
774 4232 1040 4295 moribus,
1073 4247 1248 4301 neque
1302 4233 1355 4286 in
1396 4232 1742 4287 confessione
1786 4234 2076 4303 dissideat;

493 4324 587 4379 sed
611 4325 944 4378 beneutatur
966 4323 1222 4391 psalterio
1242 4331 1296 4376 et
1320 4331 1599 4393 tympano,
1625 4324 1854 4394 diligens
1887 4327 2076 4393 Deum,

2178 3141 2231 3185 et
2255 3132 2628 3201 percutiuntur
2666 3131 2869 3186 framea
2899 3131 2982 3185 bis
3011 3143 3199 3185 acuta:
3247 3135 3600 3185 annuntiatur
3656 3133 3763 3186 illis

2173 3223 2456 3290 judicium,
2497 3233 2549 3277 et
2590 3223 2788 3278 auditis
2823 3223 3042 3276 aeternis
3093 3221 3367 3291 suppliciis
3396 3224 3763 3288 sinistrorum,

2179 3315 2430 3383 ligantur,
2469 3323 2523 3368 et
2561 3316 2848 3382 compedes
2892 3313 3169 3382 sapientia:
3195 3312 3386 3383 (Eccli.
3439 3328 3514 3375 vr,
3567 3314 3664 3381 25)
3697 3315 3767 3366 ab

2179 3405 2334 3458 initio
2360 3401 2387 3441 ιι
2418 3405 2618 3460 amoris
2649 3404 2938 3472 accipiunt,
2960 3415 3022 3458 ut
3050 3403 3186 3458 dura
3221 3412 3484 3472 princepta
3518 3404 3770 3457 molliant

2181 3497 2540 3564 voluntatem,
2585 3506 2609 3534 ο
2651 3504 2705 3551 et
2751 3496 2811 3550 fit
2844 3495 3228 3551 obedientibus
3277 3495 3574 3563 blandum,
3619 3501 3768 3568 quod

2179 3604 2432 3660 nSperutn
2471 3590 2754 3643 videbatur
2781 3590 3011 3644 aversis.

2249 3681 2428 3753 (Vers.
2459 3681 2539 3751 9.)
2573 3681 2639 3737 Ut
2666 3683 2861 3752 faciant
2891 3682 2944 3734 in
2975 3681 3048 3734 eis
3082 3681 3340 3751 judicium
3369 3681 3723 3749 conscriptum
3751 3698 3768 3734 :

2180 3776 2346 3845 gloria
2361 3776 2468 3828 lucc
2481 3785 2552 3828 est
2569 3775 2801 3827 omnibus
2823 3774 3010 3827 sanctis
3034 3774 3167 3843 ejus.
3187 3773 3435 3827 Omnium
3453 3782 3771 3828 sanctorum

2180 3868 2352 3935 gloria
2383 3866 2501 3919 haec
2526 3875 2628 3929 est,
2674 3876 2729 3918 ut
2757 3873 2900 3919 totus
2931 3863 3171 3918 mundus
3213 3864 3530 3932 subjiciatur
3563 3865 3675 3919 Deo
3716 3877 3772 3918 et

2179 3957 2376 4012 divinis
2426 3957 2656 4026 legibus,
2703 3955 3153 4024 quarnmjustitia
3188 3956 3537 4011 uniformiter
3566 3956 3774 4025 ubique

2180 4049 2483 4117 conscripta
2513 4057 2613 4113 est,
2649 4048 2810 4102 simili
2837 4047 3186 4102 observantia
3224 4048 3509 4102 serviatur.
3559 4048 3642 4105 Ad
3666 4048 3774 4104 hoc

2181 4144 2327 4197 enim
2344 4151 2565 4196 utuntur
2584 4142 2638 4195 in
2661 4141 2911 4204 omnibus
2939 4140 3191 4210 gentibus
3218 4140 3440 4209 spiritus
3471 4151 3773 4209 potestate,

2184 4244 2242 4288 ut
2274 4233 2472 4302 ubique
2495 4243 2744 4287 cantetur
2773 4231 3042 4286 canticum
3069 4245 3291 4295 novum,
3324 4239 3370 4283 et
3394 4231 3559 4283 omnis
3591 4231 3777 4299 lingua

2182 4327 2485 4394 conﬁteatur
2503 4325 2748 4394 quoniam
2778 4323 3024 4378 Dominus
3062 4323 3216 4378 Iesus
3238 4321 3473 4377 Christus
3512 4323 3570 4376 in
3601 4325 3779 4396 gloria

493 4415 724 4484 diligens
756 4415 1099 4484 proximum:
1128 4421 1184 4468 et
1211 4414 1264 4468 itt
1305 4423 1558 4484 tympano
1580 4426 1634 4470 et
1663 4417 1924 4485 psalterio
1955 4433 2073 4471 ma-
2104 4398 2154 4457 D
2181 4427 2255 4471 est
2287 4416 2382 4472 Dei
2409 4415 2583 4470 Patris
2613 4415 2838 4486 (Philip.
2871 4431 2929 4481 ιι,
2955 4414 3065 4484 ll).

494 4522 596 4562 nus
618 4508 870 4561 concinat
896 4508 1052 4571 voci;
1082 4516 1139 4562 et
1166 4507 1456 4577 impleatur
1476 4523 1642 4576 opere
1659 4509 1800 4578 quod
1827 4524 1922 4564 ore
1948 4523 2076 4564 can-

494 4607 656 4652 tatur.
686 4596 746 4651 ln
779 4598 1017 4668 tympani
1057 4605 1236 4652 autem
1287 4606 1344 4653 et
1381 4599 1704 4654 chordarum
1759 4603 2075 4657 extensione

493 4689 773 4746 cruciﬁxio
800 4692 980 4745 carnis
1023 4690 1310 4759 accipitur,
1343 4691 1464 4760 quia
1498 4692 1647 4747 nervi
1699 4701 1904 4763 quanto
1953 4694 2075 4764 plus

493 4781 696 4837 fuerint
727 4781 956 4849 extensi,
991 4789 1141 4837 tanto
1170 4783 1381 4838 acutius
1405 4792 1619 4839 sonant.

555 4990 581 5021 ι
625 4983 766 5039 Editi
801 4983 1032 5050 Lovan.,
1082 4983 1245 5039 Duac.
1268 4994 1322 5039 et
1370 4985 1588 5053 Colon.,
1637 4984 1690 5039 in
1731 4985 1972 5055 margine
2002 4985 2073 5040 ibi

496 5066 716 5110 monent
761 5055 898 5110 forte
930 5056 1233 5124 legendum,
1263 5065 1356 5109 est.

569 5124 594 5163 ι)
626 5125 804 5188 Forte,
839 5127 942 5195 [ide
967 5127 1162 5189 credit;
1192 5126 1322 5179 editi
1352 5141 1563 5189 omnes.
1597 5143 1684 5193 spe
1712 5127 1892 5195 credit.

572 5207 592 5232 ο
622 5197 892 5250 Editiones
922 5197 1090 5266 Lugd.
1124 5208 1177 5250 et
1209 5197 1363 5266 Lov.,
1401 5196 1784 5266 Exsultationes
1833 5194 1946 5247 Dei.
1985 5194 2075 5249 Sic

499 5280 712 5334 quoque
746 5267 867 5329 legit
900 5265 1228 5335 Augustinus
1283 5265 1384 5318 hoc
1413 5266 1552 5326 loco,
1610 5275 1664 5317 et
1717 5265 2073 5334 Hieronymus

496 5335 550 5389 in
611 5339 747 5390 libro
806 5338 1160 5401 Psalumrum,
1216 5335 1365 5402 juxta
1422 5335 1736 5389 llcbraicant
1787 5338 2070 5388 veritatem

497 5407 776 5460 translato.
816 5407 883 5458 At
909 5407 1173 5460 editiones
1206 5407 1367 5460 Duae.
1405 5417 1458 5460 et
1504 5407 1722 5469 Colum,
1758 5414 1816 5457 ut
1846 5404 2072 5472 Vulgata

497 5487 680 5527 laesura
699 5475 913 5537 trahent,
943 5476 1293 5529 Exaltationes
1317 5475 1434 5529 Dei.
1460 5477 1608 5542 Quod
1640 5477 1837 5544 pariter
1860 5476 2077 5542 scripsit

497 5544 638 5597 idem
671 5545 1024 5615 Hieronymus
1055 5549 1107 5599 in
1165 5557 1387 5612 utraque
1418 5549 1664 5600 versione
1713 5561 1778 5599 ex
1812 5545 1958 5600 LXX
1993 5546 2073 5598 in-

497 5613 820 5681 terpretibus
861 5613 1026 5672 Semel
1071 5627 1124 5672 et
1153 5618 1346 5671 iterum
1378 5617 1679 5674 emendata.
1719 5618 1807 5674 Sic
1857 5630 2073 5682 quoque

2635 4506 2797 4576 532
2848 4505 3167 4561 essurus
3207 4505 3312 4560 CL.

2253 4599 2431 4669 (Vers.
2466 4598 2517 4664 l,
2539 4595 2622 4667 2.)
2657 4597 2892 4650 Laudate
2918 4596 3193 4650 Dominum
3215 4598 3267 4650 in
3296 4598 3483 4650 sanctis
3514 4601 3650 4669 ejus.
3689 4598 3776 4653 Ad

2180 4691 2574 4748 confessionem
2606 4689 2839 4758 pertinet
2873 4689 3084 4757 gratiae,
3128 4688 3416 4742 Dominum
3466 4689 3518 4743 in
3562 4693 3782 4744 sanctis

2183 4784 2297 4839 suis
2353 4782 2619 4849 laudare,
2683 4778 2842 4851 cujus
2896 4778 3101 4834 habent
3151 4779 3580 4834 sanctiﬁcatione
3622 4781 3778 4850 quod

2184 4983 2465 5053 scripsisse
2493 4983 2549 5035 S.
2575 4979 2903 5044 Prospernm
2932 4980 3125 5037 suadet
3167 4981 3308 5053 quod
3340 4981 3394 5036 in
3421 4982 3782 5051 expositione

2182 5056 2349 5114 dicat,
2384 5051 2564 5123 Ipsum
2593 5054 2841 5115 exaltant,
2872 5060 2980 5123 etc.

2253 5124 2279 5161 ά
2313 5121 2491 5186 Forte,
2523 5123 2742 5182 timeris,
2774 5123 2893 5190 quia
2929 5121 3146 5174 Initium
3177 5123 3440 5189 sapientia'
3471 5123 3625 5175 timor
3653 5122 3781 5179 Do-

2183 5196 2307 5247 mini
2339 5192 2510 5258 (Psal.
2540 5207 2629 5256 cx,
2667 5190 2777 5260 ll),
2811 5203 2866 5246 et
2887 5203 2993 5245 tota
3021 5192 3180 5259 hujus
3215 5206 3399 5246 versus
3428 5195 3781 5262 expositione

2183 5265 2502 5318 timorinnui
2523 5264 2752 5325 videtur,
2777 5263 2875 5315 etsi
2899 5263 3028 5316 editi
3054 5276 3242 5315 omnes
3274 5263 3525 5324 habeant,
3553 5267 3780 5325 amaris;

2179 5345 2227 5386 et
2267 5335 2593 5401 Augustinus
2623 5333 2719 5395 ait,
2747 5331 2955 5402 Coepisti
2986 5350 3018 5386 a
3061 5335 3259 5399 timore,
3295 5337 3664 5386 consummaris
3701 5337 3782 5388 ad

2180 5404 2511 5468 sapientiam.

2256 5486 2277 5510 ε’
2313 5475 2475 5528 Duac.
2514 5481 2568 5530 et
2595 5473 2786 5530 Colon.
2829 5476 2996 5543 edit.,
3052 5486 3098 5529 et
3142 5476 3225 5528 sit.
3277 5475 3447 5544 Lugd.
3495 5483 3548 5530 et
3591 5474 3778 5542 ιον..

2177 5555 2221 5596 et
2248 5545 2326 5612 ﬁt.
