3978 6178
246 183 365 238 825

718 176 925 233 LIBER
967 177 1521 234 SENTENTIABUM
1566 177 1663 232 EX
1703 176 2051 234 OPERIBL‘S
2090 175 2148 231 S.
2190 170 2563 232 AUGUSTIN
2604 168 3116 226 DELIBATARUM.

3422 168 3523 224 4⁸26

246 296 423 352 sancti
457 301 601 350 sunt.
652 292 806 348 Unde
839 295 889 346 in
921 294 1027 347 alio
1066 297 1272 361 psalmo
1322 293 1541 359 dicitur,
1579 291 1835 346 Mirabilis
1864 298 1915 353 Α
1943 292 2006 344 ad
2039 288 2442 345 similitudinem
2467 286 2722 355 tympani,
2752 284 2892 354 quod
2924 284 2991 339 de
3018 285 3161 340 sicco
3190 291 3523 354 extensoqne

246 387 393 442 Deus
419 388 475 440 in
502 386 693 440 sanctis
720 386 825 439 suis
854 384 1025 457 (Psal.
1060 402 1225 453 vau,
1258 385 1383 456 56);
1417 395 1473 439 ut
1497 385 1752 455 quidquid
1784 385 1839 439 in

244 480 357 534 illis
396 479 654 533 virtutum
710 491 870 547 atque
902 480 1217 533 meritorum
1249 488 1372 545 est,
1410 487 1577 533 totum
1624 478 1692 533 ad
1746 478 1840 531 Dei

243 570 473 640 gloriam
502 568 789 623 referatur.
822 567 1053 621 Laudate
1072 586 1185 622 eum
1208 570 1260 621 in
1292 570 1617 637 ﬁrmamento
1641 569 1841 621 virtutis

243 662 383 731 ejus.
415 657 650 711 Laudate
672 675 785 711 eum
826 660 880 711 in
930 659 1273 727 potentatibus
1305 660 1448 728 ejus;
1490 658 1695 712 laudate
1727 674 1840 711 eunt

243 750 530 801 secundum
552 748 935 801 multitudinem
962 750 1329 819 magnitudinis
1360 751 1490 818 ejus.
1521 749 1707 805 Omnia
1737 749 1837 803 ista

241 838 607 894 instrumenta
638 838 853 891 laudum
887 838 1003 904 Dei,
1038 838 1139 907 ipsi
1171 840 1340 894 sancti
1372 848 1518 904 sunt,
1565 855 1661 908 per
1707 853 1840 907 quos

243 930 317 984 ad
387 931 559 984 Deum
634 930 912 999 multiplex
979 944 1146 984 sonus
1226 930 1564 984 concinentis
1626 929 1842 984 confes-

246 1021 426 1076 snonis
456 1020 746 1086 emittitur;
786 1029 840 1075 et
889 1020 1010 1075 ideo
1041 1022 1094 1075 in
1124 1022 1373 1076 omnibus
1421 1036 1606 1077 eorum
1648 1020 1843 1075 ofﬁciis

246 1111 505 1165 laudatur
535 1111 700 1177 Deus,
744 1111 867 1180 quia
917 1110 1091 1165 omnis
1120 1113 1427 1167 canentium
1470 1120 1673 1178 motus,
1725 1111 1843 1181 ejus

244 1201 456 1273 Spiritu
489 1217 648 1271 quem
678 1201 952 1268 praedicat,
986 1201 1272 1257 animatur.

319 1291 509 1361 (Vers.
543 1292 621 1363 5.)
681 1301 707 1329 ι
739 1292 974 1346 Laudent
1023 1293 1183 1363 igitur
1232 1310 1347 1348 eum
1402 1294 1457 1347 in
1506 1310 1630 1347 sono
1688 1294 1841 1349 tubae.

248 1381 483 1450 PrOpter
524 1382 1023 1437 excellentissimam
1086 1384 1357 1453 Evangelii
1417 1385 1467 1438 in
1511 1386 1727 1439 Christo
1755 1385 1848 1441 de-

245 1472 626 1527 clarationem.
676 1472 742 1526 In
786 1490 986 1527 omnem
1013 1474 1158 1529 enim
1192 1485 1377 1529 terram
1413 1477 1536 1529 exiit
1564 1492 1721 1530 sonus
1763 1493 1847 1531 eo-

247 1580 387 1629 rum,
421 1572 469 1617 et
502 1566 554 1617 in
607 1565 734 1634 ﬁnes
760 1565 894 1619 orbis
923 1577 1070 1620 terra:
1100 1565 1249 1620 verba
1278 1582 1456 1620 eorum
1486 1566 1659 1636 (Psal.
1692 1582 1843 1634 xvnt,

1949 384 2007 439 fit
2036 382 2204 448 corio,
2238 381 2304 436 ad
2330 380 2724 435 confessionem
2776 378 2870 432 Dei
2920 392 3111 432 sensus
3150 388 3313 431 muta:
3342 376 3527 432 carnis

1942 482 2215 543 aptantur,
2244 482 2298 528 et
2326 472 2393 526 ad
2422 471 2659 543 Speciem
2691 469 2843 524 chori
2869 470 3096 523 societas
3127 469 3434 524 canentium
3468 470 3527 525 in

1943 566 2087 619 omni
2119 563 2482 618 modulatione
2510 561 2537 600 δ
2569 560 2882 625 concordet,
2911 569 2969 614 ut
2994 558 3128 614 nihil
3157 558 3425 613 diversum
3456 558 3527 611 dc

1944 672 2007 711 eo
2044 657 2131 711 cui
2160 658 2397 720 canitur,
2430 655 2710 709 sentiatur.
2747 653 2977 705 Laudate
3018 667 3127 706 eum
3167 652 3220 703 in
3248 651 3451 705 chordis
3480 662 3529 704 et

1945 764 2172 819 organo;
2203 750 2253 802 id
2284 758 2389 811 est,
2420 745 2729 816 inqnolibct
2752 747 3107 800 instrumento
3140 744 3363 811 musico,
3382 743 3529 814 quod

1946 843 2028 895 vel
2064 840 2219 908 pulsu
2246 846 2426 909 potest
2451 852 2665 906 sonare,
2694 836 2778 891 vel
2807 835 2956 890 ﬂatu.

2017 932 2199 999 (Vers.
2227 931 2305 1000 5.)
2330 929 2564 983 Laudent
2581 945 2696 982 eum
2716 929 2770 981 in
2791 928 3035 998 cymbalis
3059 928 3182 981 bene
3205 926 3528 983 sonantibus.

1946 1023 2084 1077 Dum
2121 1022 2491 1091 unusquisque
2537 1024 2833 1075 honoratur
2872 1034 2902 1073 a
2947 1018 3211 1086 proximo,
3246 1033 3349 1072 non
3382 1032 3411 1071 a
3444 1031 3534 1072 se-

1946 1115 2087 1182 ipso.
2120 1110 2253 1167 Cum
2284 1122 2463 1167 autem
2491 1111 2709 1179 dicitur,
2751 1108 2985 1163 Laudate
3032 1126 3145 1163 eum
3184 1111 3235 1163 in
3284 1108 3533 1179 cymbalis

1939 1206 2291 1279 jubilationis,
2312 1205 2591 1259 evidenter
2610 1203 2912 1259 ostenditur
2936 1203 3219 1273 peremnia
3235 1218 3398 1271 opera
3414 1217 3537 1257 [nua

1950 1299 2059 1353 sica
2093 1311 2197 1350 non
2227 1311 2521 1364 corporeos
2550 1309 2744 1361 sonos,
2778 1295 2872 1350 sed
2919 1294 3146 1350 allectus
3174 1293 3338 1349 animi
3386 1292 3535 1349 desi-

1948 1397 2161 1459 gnatos,
2197 1388 2456 1458 siquidem
2490 1387 2637 1441 nulla
2682 1387 2821 1441 ratio
2851 1387 2991 1441 sinat
3030 1394 3089 1441 ut
3112 1386 3359 1455 jubilatio
3411 1400 3535 1442 esse

1952 1481 2125 1550 possit
2152 1479 2209 1534 in
2232 1479 2516 1550 cymbalis,
2545 1478 2645 1533 nisi
2674 1480 2787 1547 ipsa
2805 1478 3050 1549 cymbala
3072 1477 3138 1532 ad
3162 1486 3340 1533 motus
3368 1479 3537 1533 animi

1952 1570 2349 1626 transferantur
2393 1588 2405 1622 :
2460 1584 2583 1624 cum
2608 1569 2754 1623 enim
2793 1583 2947 1623 mens
2990 1576 3196 1638 coeptas
3229 1568 3322 1624 Dei
3354 1568 3538 1624 laudes

248 1656 323 1727 5).
362 1657 603 1711 Laudent
634 1674 753 1711 eum
776 1659 827 1712 in
859 1660 1103 1729 psalterio
1141 1669 1187 1713 et
1211 1660 1430 1713 cithara.
1480 1660 1555 1714 De
1604 1663 1847 1731 superio—
1879 1672 1923 1731 Β
1951 1664 2133 1719 verbis
2161 1677 2267 1717 non
2304 1671 2483 1731 potest
2525 1661 2818 1729 explicare,
2850 1660 3134 1715 admiratio
3185 1660 3303 1729 ejus
3341 1660 3537 1714 similis

248 1750 404 1803 ribus
431 1749 640 1804 scilicet
668 1760 723 1804 et
752 1750 1120 1816 interioribus,
1148 1759 1417 1822 tamquam
1448 1768 1571 1808 eum
1602 1755 1693 1823 qui
1722 1754 1848 1809 fecit

916 1851 972 1896 ut
1028 1842 1285 1912 psalterio
1342 1842 1604 1911 cmlestia,
1643 1844 1851 1899 cithara

251 1943 437 1988 autem
472 1941 687 1989 terrena
721 1933 1006 1989 laudentur
1038 1951 1051 1986 :
1083 1935 1207 2003 quia
1249 1951 1436 1990 cavum
1468 1935 1599 1990 illud
1646 1935 1849 2005 lignum

246 2040 416 2095 supra
448 2024 596 2096 quod
618 2024 940 2080 chordarum
970 2025 1201 2080 resultat
1220 2027 1486 2094 extensio,
1518 2027 1570 2082 in
1596 2027 1849 2097 psalterio

245 1840 449 1895 cmlum
496 1848 552 1895 et
604 1847 805 1894 terram
851 1858 863 1892 :

247 2117 532 2187 superius,
567 2117 622 2170 in
652 2115 860 2171 cithara
884 2116 1107 2171 habetur
1135 2115 1384 2173 inferius.

319 2209 511 2281 (Vers.
542 2207 621 2279 4.)
655 2206 887 2262 Laudent
911 2226 1025 2263 eum
1049 2210 1102 2263 in
1134 2219 1376 2283 tympano
1404 2221 1452 2267 et
1482 2213 1660 2268 choro.
1703 2213 1843 2268 Dum

318 2398 346 2427 ι
376 2386 631 2462 Lugdun.
665 2385 950 2462 ethLovan.
975 2387 1070 2462 _bic
1098 2398 1152 2462 et
1181 2403 1337 2445 versu
1393 2393 1660 2462 sequenti,
1708 2392 1846 2446 Lau-

241 2461 395 2512 dant.
416 2455 603 2531 Duac.
629 2467 690 2531 et
712 2455 930 2522 Colon.,
964 2457 1227 2531 Laudent;
1257 2462 1398 2530 quod
1432 2455 1656 2531 prouius
1692 2477 1847 2517 acce-

240 2531 322 2584 dit
356 2529 454 2592 ad,
490 2525 722 2600 Laudate
765 2543 897 2595 eum,
926 2531 1069 2597 quod
1097 2530 1149 2584 in
1174 2525 1475 2600 Aug'ustin'o
1512 2525 1567 2588 et
1595 2533 1844 2587 omnibus

240 2600 539 2654 codicibus
569 2597 712 2669 sacri
744 2600 1071 2669 psalmorum
1112 2597 1289 2654 textus
1330 2602 1579 2669 habetur,
1610 2603 1664 2657 in
1695 2603 1844 2658 omni

240 2684 417 2728 versu
457 2679 623 2738 atque
651 2667 705 2722 in
734 2668 985 2724 omnibus
1024 2669 1081 2726 S.
1122 2669 1433 2743 Hieronymi
1488 2667 1840 2729 editionibus.

1946 1754 2005 1809 fit
2030 1753 2354 1824 jubilationi,
2386 1752 2545 1825 533
2567 1766 2685 1822 qua:
2715 1751 2770 1805 in
2799 1764 2865 1806 eo
2893 1750 3124 1804 miratur
3147 1765 3282 1805 sono
3309 1750 3400 1819 qui
3419 1752 3539 1804 nul-

1952 1846 2023 1901 lis
2050 1845 2383 1917 syllabarum
2410 1841 2891 1913 comprehenditur
2928 1841 3187 1895 articulis.
3234 1839 3379 1896 Nihil
3404 1854 3536 1910 ergo

1951 1945 2108 1995 extra
2139 1938 2287 2007 ipsos
2312 1943 2548 2001 sanctos,
2578 1934 2773 2004 quibus
2800 1934 2921 1989 laus
2953 1934 3045 1988 Dei
3080 1934 3356 1999 indicitur,
3387 1934 3537 2004 cogi-

1954 2039 2120 2094 tetur,
2154 2043 2255 2083 nec
2286 2026 2391 2082 vile
2420 2027 2623 2097 aliquid
2651 2026 2983 2096 spiritalibus
3004 2024 3169 2097 535
3192 2024 3383 2081 ofliciis
3413 2039 3542 2080 scn-

1950 2123 2132 2177 tiatur.
2169 2121 2237 2175 Et
2275 2120 2401 2191 quia
2453 2134 2646 2191 sapere
2671 2119 2969 2176 secundum
3000 2133 3218 2174 carnem
3250 2132 3401 2174 mors
3429 2127 3538 2183 est,

1955 2213 2119 2269 omnis
2146 2212 2361 2283 spiritus
2382 2212 2557 2267 laudet
2577 2210 2879 2269 Dominum.
2912 2210 3209 2267 ALstu.

1949 2390 2067 2445 Vox
2098 2390 2241 2445 enim
2270 2387 2407 2443 forte
2437 2388 2608 2443 textui
2641 2389 2845 2442 inserta
2877 2398 2960 2443 est
2996 2404 3025 2442 a
3072 2388 3344 2457 Prosiiero
3371 2388 3548 2445 disse-

1948 2469 2105 2516 rente
2138 2461 2187 2514 in
2219 2460 2508 2514 Psalmum.

2023 2531 2047 2570 δ
2077 2531 2263 2596 Forte,
2302 2529 2577 2583 concordat
2598 2545 2618 2594 ;
2649 2538 2741 2582 aut
2791 2528 3102 2599 precedens
3138 2538 3185 2581 et
3230 2529 3543 2585 mutandum

1948 2603 2001 2656 in
2044 2610 2120 2655 ut.

779 3062 840 3113 1N
870 3064 921 3114 S.
946 3062 1257 3115 PBOSPERI
1282 3064 1522 3115 LIBRUM
1548 3062 2040 3117 SENTENTIARUM
2066 3062 2149 3114 EX
2174 3061 2539 3114 AUGUSTINO
2567 3060 3039 3113 DELIBATARUM.

316 3197 409 3250 Ea
440 3199 553 3246 erat
577 3187 741 3242 sancti
779 3186 1018 3256 Prosperi
1048 3188 1100 3241 in
1132 3189 1472 3258 Augustinum
1497 3189 1824 3259 singulasque
1850 3188 2099 3243 doctrina:
2127 3190 2190 3242 ab
2214 3189 2331 3260 ipso
2359 3188 2516 3242 variis
2555 3188 2608 3241 in
2636 3188 2777 3242 libris
2806 3188 3010 3242 traditae
3052 3196 3221 3256 partes
3248 3193 3545 3260 propensio,

237 3270 283 3322 is
314 3266 497 3326 zelus,
535 3272 590 3314 ut
610 3275 725 3312 cum
748 3260 895 3331 [tunc
916 3260 1081 3311 solum
1104 3275 1230 3329 pene
1258 3270 1518 3314 auctorem
1540 3262 1896 3329 doctoremque
1915 3277 1946 3313 a
1968 3275 2131 3331 puero
2157 3259 2252 3313 sibi
2280 3260 2599 3329 'sequendum
2631 3260 2992 3331 proposuisset,
3017 3261 3189 3331 omnia,
3208 3264 3320 3331 ejus
3347 3259 3550 3316 dictata

236 3340 341 3393 sibi
376 3341 583 3405 quanta
617 3330 777 3397 potuit
803 3329 1068 3397 diligentia
1098 3332 1488 3405 comparaverit,
1515 3340 1561 3384 et
1580 3329 1976 3405 so_s_t_udio_quo‘
2006 3332 2193 3405 major
2212 3331 2429 3383 inveniri
2472 3339 2706 3405 nequeat,
2735 3329 3267 3405 anim_i_penetralibus
3292 3332 3547 3392 imbuerit.

238 3410 357 3464 Sed
389 3400 458 3457 ne
487 3410 563 3454 tot
594 3410 953 3471 tantarumque
976 3416 1144 3451 rerum
1169 3400 1266 3453 sibi
1292 3401 1585 3469 subreperet
1610 3402 1815 3470 oblivio,
1841 3402 1997 3455 immo
2028 3414 2081 3454 ut
2103 3402 2325 3455 caelestes
2360 3400 2668 3454 sanctissimi
2705 3401 2947 3454 antistitis
2987 3402 3190 3471 regulas
3222 3418 3313 3471 pro
3343 3407 3550 3471 speculo

239 3481 343 3532 sibi
378 3482 578 3535 essent,
610 3469 944 3540 regendisque
984 3471 1199 3537 singulis
1252 3472 1368 3523 vita:
1413 3471 1643 3541 passibus
1686 3473 1996 3533 inservirent,
2033 3488 2148 3541 qua:
2186 3472 2351 3541 fusius
2381 3472 2573 3537 scripta
2616 3471 2824 3539 legerat,
2881 3469 3169 3541 sedulisque
3196 3469 3330 3525 curis
3370 3469 3551 3541 fuerat

240 3548 562 3605 meditatus,
588 3558 645 3593 ea
673 3543 724 3592 in
752 3555 1007 3613 summam
1034 3543 1328 3607 quamdam.
1358 3543 1624 3613 brevesque
1644 3544 1793 3612 quasi
1814 3543 2109 3606 sententias,
2142 3543 2399 3613 memoria:
2414 3542 2660 3613 juvandte
2685 3541 3093 3613 renovandaeque
3128 3543 3293 3612 gratia
3319 3544 3546 3612 collegit.

246 3620 370 3682 Quo
406 3617 461 3667 in
478 3627 635 3679 opere
660 3626 761 3682 non
781 3610 888 3682 suis
912 3618 1112 3682 tantum
1140 3612 1467 3681 profectibus,
1492 3611 1579 3665 sed
1610 3610 1899 3665 et‘aliorum
1928 3613 2154 3665 omnium
2177 3611 2385 3664 utilitati
2412 3610 2599 3664 inii-um
2618 3614 2670 3662 in
2692 3611 2898 3682 modum
2923 3610 3240 3665 consuluisse
3270 3610 3550 3668 invenitur.

244 3678 338 3743 Es;
365 3688 448 3739 his
472 3678 614 3737 enim
639 3681 726 3752 qui
754 3678 1027 3752 Augustini
1056 3678 1483 3751 Opera'legerint,
1508 3682 1794 3735 doctrinam
1818 3686 1928 3752 ejus
1948 3683 2040 3735 sub
2068 3698 2169 3734 uno
2205 3682 2359 3734 veluti
2385 3691 2659 3748 conspectu
2689 3681 2913 3733 exhiberi
2934 3682 3030 3752 sibi
3072 3683 3437 3750 gratulantur;
3463 3688 3550 3751 qui

247 3776 375 3814 vero
431 3758 489 3807 in
523 3753 589 3805 iis
615 3750 792 3822 adhuc
809 3750 957 3822 rudes
986 3759 1033 3822 et
1096 3750 1364 3821 inexperti,
1413 3768 1588 3805 eorum
1624 3750 1915 3821 prolixitate
1958 3754 2352 3822 deterrerentur,
2412 3752 2545 3804 brevi
2571 3751 2671 3803 ista
2707 3759 2819 3822 tam
2860 3751 3093 3804 sublimis
3137 3760 3339 3822 tamque
3368 3753 3551 3808 solida:

250 3829 521 3883 doctrinae
546 3824 692 3892 quasi
724 3819 929 3885 tabella,
957 3820 1023 3873 ad
1054 3819 1289 3875 sedulam
1312 3825 1542 3890 ipsarum
1562 3819 1827 3875 lectionem
1857 3824 2226 3875 accenduntur.
2262 3820 2327 3873 In
2360 3823 2450 3875 hoc
2481 3832 2651 3874 autem
2687 3819 2826 3892 libro
2853 3837 2913 3873 ea
2963 3823 3183 3874 maxime
3205 3819 3321 3891 qua:
3350 3840 3551 3877 morum

250 3890 666 3968 aediﬁcationem
692 3904 1035 3968 promoverent
1056 3894 1330 3968 collegisse
1349 3892 1569 3957 videtur,
1598 3908 1906 3968 quamquam
1930 3908 2033 3946 non
2074 3909 2267 3968 pauca,
2302 3895 2585 3968 prtesertim
2613 3890 2705 3944 sub
2732 3890 2888 3959 ﬁnem
2918 3892 3055 3960 libri,
3087 3890 3241 3945 etiam
3271 3894 3336 3947 de
3364 3896 3551 3964 praci-

255 3961 375 4040 puis
400 3967 669 4035 magisque
694 3961 890 4040 arcanis
919 3961 1179 4040 religionis
1210 3964 1425 4040 ﬁdeique
1447 3972 1635 4040 nostra:
1662 3961 1914 4040 ntgsteriis
1940 3980 2041 4040 non
2067 3961 2385 4040 prwterierit.

336 4030 629 4105 Quia'vero
655 4041 771 4084 sunt
796 4033 982 4105 litecin
1006 4030 1257 4102 plerisque
1277 4030 1351 4105 ita
1373 4033 1561 4097 brevia,
1589 4045 1642 4086 ut
1668 4030 1866 4102 aliquid
1896 4030 2111 4103 pleniori
2140 4049 2316 4086 eorum
2342 4033 2623 4105 intellectui
2648 4030 2785 4105 apud
2822 4031 3098 4105 nonnullos
3143 4032 3376 4089 homines
3403 4035 3555 4104 defu-

262 4101 442 4163 turum
465 4104 630 4159 videri
655 4110 849 4173 posset,
876 4101 989 4154 ideo
1009 4101 1189 4155 notata
1216 4104 1513 4156 exhibentur
1538 4107 1589 4156 in
1620 4101 1846 4173 margine
1872 4101 1985 4156 laca
2015 4105 2125 4172 ipsa
2164 4106 2216 4156 in
2246 4104 2421 4168 quibus
2471 4103 2649 4155 eadem
2677 4101 2809 4171 stylo
2848 4102 3106 4168 di/fnsiori
3133 4106 3326 4172 scripta
3357 4101 3552 4159 haben-

264 4192 370 4243 tur,
407 4186 458 4231 et
486 4174 626 4229 unde
647 4172 811 4226 breves
830 4172 942 4225 ista:
965 4174 1225 4226 sententia:
1260 4186 1376 4226 sunt
1400 4242 1403 4243 ν
1424 4183 1693 4242 excerpta.
1727 4172 1855 4240 Qum
1892 4190 1985 4227 nos
2026 4176 2077 4225 in
2100 4174 2407 4243 Appendicis
2451 4173 2671 4227 secunda
2711 4183 2856 4242 parte
2891 4174 3177 4227 exhibenda
3197 4175 3457 4240 duximus,
3488 4193 3555 4231 ne

266 4242 430 4304 lector
455 4247 676 4298 aliorum
704 4244 945 4295 librorum
966 4242 1041 4294 vel
1066 4244 1296 4313 indigus,
1330 4242 1405 4314 vel
1436 4244 1565 4311 forte
1589 4244 2018 4297 consulendornm
2051 4242 2212 4314 piger,
2236 4244 2317 4295 hic
2344 4246 2589 4314 lectorum
2617 4247 2789 4314 [ructu
2820 4246 2957 4297 omni
2985 4245 3135 4297 modo
3171 4247 3479 4314 privaretur.

342 4318 422 4371 De
443 4318 542 4368 hoc
566 4330 716 4382 opere
742 4322 980 4385 notarunt
1007 4314 1332 4385 eruditissimi
1363 4313 1587 4385 Operum
1612 4316 1773 4367 sancti
1797 4316 2071 4385 Augustini
2107 4312 2331 4367 editores
2371 4313 2606 4367 monac/ti
2648 4312 3112 4383 Sangernianenses
3149 4312 3472 4369 Benedictini
3498 4319 3555 4372 in

271 4388 587 4460 Appendicis
619 4385 739 4436 torni
768 4381 990 4460 X__parte
1014 4384 1189 4460 tertia;
1216 4402 1335 4460 pag.
1373 4384 1496 4445 5‘23,
1529 4386 1804 4438 sententias
1832 4381 1900 4460 ini
1917 4384 2068 4437 editis
2103 4384 2361 4439 codicibus
2389 4393 2709 4460 trecentasnet
2738 4381 3013 4460 nonaginta
3047 4386 3328 4460 contineris
3349 4385 3558 4460 Pr_iores

276 4453 495 4531 triginta
517 4467 727 4522 septem,
762 4454 991 4519 aliasque
1004 4453 1839 4531 lintersubsequentesperpaucas
1867 4456 2129 4531 decerptus
2159 4471 2268 4531 esse
2310 4472 2374 4508 ex
2408 4456 2571 4531 ipsius
2622 4453 2863 4522 Prosperi
2895 4453 3283 4508 Commentariis
3312 4458 3365 4510 in
3397 4457 3558 4531 ι’δαί-

272 4521 418 4593 mos,-
458 4521 670 4596 cceteras
711 4536 878 4596 autem
904 4521 1242 4596 cxHQperibus
1268 4521 1570 4596 Augustini,
1602 4521 1751 4595 cujus
1777 4526 1943 4579 sancti
1973 4521 2219 4591 doctoris,
2270 4541 2388 4579 cum
2420 4521 2569 4578 verba
2595 4540 2979 4591 nonnumquam
3015 4535 3211 4578 mutata
3238 4542 3343 4580 esse
3371 4529 3560 4596 depre-

274 4592 621 4667 hendamusl
653 4593 928 4667 subiiciunt
957 4592 1034 4644 illi
1058 4593 1308 4667 provide),
1341 4592 1452 4649 eam
1482 4596 1542 4649 ob
1571 4592 1784 4649 causam
1826 4597 2077 4667 Optimum
2115 4596 2272 4667 factu
2304 4596 2627 4667 judicamus,
2658 4596 2701 4647 si
2727 4606 3107 4667 maneamusut
3130 4592 3474 4665 inspiciuntur
3499 4617 3561 4654 ea

274 4673 391 4722 loca
417 4684 445 4719 e
474 4666 657 4735 quibus
686 4680 824 4737 mens
842 4663 1113 4737 Augustini
1138 4663 1316 4737 magis
1338 4674 1409 4718 est
1440 4683 1678 4733 expressa
1703 4663 1867 4731 quam
1894 4666 2071 4719 dictio.
2105 4663 2173 4718 Id
2221 4663 2336 4720 vero
2382 4675 2709 4737 prtestamus,
2724 4681 2765 4737 re
2794 4666 2996 4734 regione
3021 4664 3178 4737 huius
3208 4663 3404 4734 generis
3446 4686 3563 4724 sen-

276 4732 562 4792 tentiarum
589 4732 1013 4808 ascripta-verbo,
1035 4732 1192 4787 Vina.
1227 4732 1547 4808 Colbe‘rtintts
1576 4738 1738 4790 eodem
1774 4745 1979 4790 notatus
2010 4736 2115 4792 525
2147 4736 2304 4807 (quod
2330 4732 2488 4790 unum
2512 4737 2656 4808 istius
2691 4734 2809 4788 libri
2831 4732 3100 4802 exemplar
3129 4732 3282 4790 manu
3312 4740 3561 4808 scriptum

271 4809 503 4879 reperire
532 4804 673 4879 nobis
702 4804 865 4867 licuit,
888 4818 980 4879 nec
1000 4805 1169 4879 ipsum
1195 4805 1472 4879 admodum
1494 4808 1655 4872 vetus)
1684 4808 1956 4879 sententias
1978 4804 2303 4878 septuaginta
2327 4823 2440 4867 sex.
2464 4823 2565 4879 non
2591 4807 2764 4876 plures
2804 4816 3160 4874 repraesentat,
3190 4809 3381 4879 scilicet
3411 4804 3562 4863 octo-

276 4872 451 4932 decim
481 4876 693 4947 primas,
712 4880 765 4947 et
795 4872 1209 4947 omissadecima
1238 4891 1396 4947 nona,
1418 4878 1727 4945 vigesimum,
1780 4872 2075 4947 vigesimum
2108 4872 2345 4942 primum,
2396 4888 2441 4930 et
2471 4872 2601 4930 alias
2630 4892 2692 4929 e1:
2719 4872 3130 4947 subsequentinm
3171 4878 3302 4931 serie
3325 4879 3559 4946 selectas,

275 4965 401 5003 cum
431 4943 676 5019 haecead
704 4943 823 4995 illas
846 4943 1037 5019 praeuia
1058 4946 1391 5019 annotatione
1421 4961 1438 4998 :
1465 4943 1692 5019 Prosper
1714 4947 1806 5000 iste
1828 4943 2145 5019 Equitaneus
2168 4949 2289 5019 fuit,
2306 4948 2612 5019 Tolonensis
2629 4948 2768 5010 civis,
2793 4943 2904 5017 qui,
2945 4948 3136 5001 relictis
3174 4947 3324 5019 rebus
3344 4943 3562 5002 uacula-

271 5021 446 5080 ribus,
469 5015 547 5088 ad
567 5014 738 5067 divina
762 5013 1040 5088 s_e_omnino
1064 5016 1264 5088 negotia
1290 5017 1570 5082 transtulit,
1602 5025 1651 5070 et
1693 5013 1944 5086 quasdam
1984 5033 2047 5071 ea:
2102 5013 2235 5071 beati
2276 5018 2553 5088 Augustini
2597 5013 2860 5071 sententiis
2884 5034 3135 5086 carpens,
3180 5018 3337 5070 istum
3375 5019 3561 5072 librum

272 5086 592 5157 composuit.
621 5093 725 5157 e_tc.
760 5081 943 5157 Plures
973 5100 1036 5137 ea:
1060 5081 1155 5136 hoc
1180 5085 1307 5157 libro
1336 5081 1599 5157 sententiis
1621 5081 1753 5157 inter
1780 5088 2086 5141 Arausicani
2118 5089 2329 5141 secundi
2359 5081 2564 5141 concilii
2591 5103 2810 5142 canones
2840 5081 3018 5141 relata:
3042 5081 3193 5149 sunt;
3219 5098 3266 5140 et
3292 5089 3560 5157 permulto:

269 5159 376 5213 sub
398 5152 603 5226 nomine
630 5153 1126 5226 [frosperieitantur
1147 5171 1178 5205 a
1208 5152 1371 5226 Floro
1396 5155 1655 5226 seuBeda
1691 5156 1911 5226 Vulgata
1954 5162 2008 5210 in
2056 5159 2301 5212 Paulum.
2339 5159 2659 5225 Quibusdam
2682 5161 2834 5212 etiam
2863 5175 2925 5211 ex
2953 5158 3031 5210 Itis
3056 5152 3314 5212 sententiis
3338 5173 3458 5212 usus
3488 5172 3564 5214 est

270 5230 395 5291 ille,
421 5224 840 5299 quiAZepItgrini,
866 5221 1126 5299 Callisti]
1148 5234 1194 5278 et
1216 5225 1437 5299 aliorum
1477 5221 1828 5280 Romanorum
1852 5226 2150 5299 pontiﬁcum
2201 5221 2476 5283 decret'ales
2514 5230 2756 5299 epistolas
2792 5228 3057 5296 conﬁnxit.
3096 5226 3359 5281 Hactenus
3380 5228 3567 5287 doctis-

271 5300 402 5356 simi
435 5295 559 5360 viri,
590 5295 769 5361 quibus
793 5303 864 5347 tot
895 5295 1183 5349 nominibus
1203 5298 1442 5349 obstricta
1461 5299 1804 5352 studiosorum
1830 5295 2124 5352 multitudo.

354 5368 528 5424 Iidem
554 5368 647 5419 viri
691 5364 974 5438 doctissimi
1000 5381 1115 5438 cum
1141 5367 1278 5420 hunc
1304 5366 1685 5421 Sententiarum
1713 5367 1957 5432 Prosperi
1992 5369 2178 5422 librum
2226 5385 2409 5423 rursus
2459 5371 2643 5424 excudi
2690 5370 2744 5422 in
2792 5369 2893 5436 fine
2946 5368 3069 5420 tomi
3117 5367 3304 5438 decimi
3336 5368 3565 5438 Operum

275 5440 453 5495 sancti
480 5436 749 5505 Augustini
770 5444 1043 5509 curarent,_
1062 5435 1389 5490 observarunt
1417 5439 1470 5491 in
1492 5438 1800 5508 quibusdam
1828 5439 1972 5492 libris
2000 5440 2272 5494 sententias
2299 5443 2559 5493 numerari
2584 5435 2837 5509 octoginta
2868 5448 3003 5503 octo,
3036 5439 3091 5490 in
3120 5436 3238 5491 aliis
3265 5435 3566 5494 vero‘nona-

277 5512 455 5585 ginta,
484 5524 638 5585 supra
662 5516 934 5585 trecentas,
955 5507 1105 5585 cujus
1128 5509 1393 5585 varietatis
1416 5507 1532 5561 cum
1556 5510 1807 5585 originem
1829 5526 1936 5585 non
1971 5511 2219 5585 notarint,
2241 5525 2376 5585 unos,
2405 5525 2462 5563 re
2514 5507 2823 5585 examinata,
2840 5509 3180 5585 _hinc‘_ort_a_n‘t
3206 5510 3565 5585 animgd‘verti-

279 5576 426 5645 inus,
460 5576 597 5653 quad
655 5579 708 5629 in
721 5576 1484 5653 ‘editionibusuAugustiniana
1506 5576 1766 5653 prioribus
1791 5581 1865 5634 bis
1894 5582 2061 5653 notati
2085 5581 2650 5653 reperianturdnumeri
2678 5578 2801 5645 duo,
2832 5580 2887 5633 in
2933 5580 3053 5634 aliis
3075 5578 3178 5635 556
3198 5589 3245 5633 et
3272 5577 3376 5635 557
3403 5579 3567 5653 (Lug-

283 5644 448 5717 dun.,
472 5644 602 5703 'Lov.
632 5657 678 5700 et
710 5644 997 5716 Duae.),in
1022 5649 1140 5701 aliis
1160 5644 1275 5704 vero
1298 5649 1401 5706 540
1431 5660 1475 5706 et
1504 5644 1601 5708 3H
1636 5650 1947 5722 (Coloniensi
1971 5661 2017 5708 et
2043 5644 2573 5722 hac'recentioribus).

572 5743 849 5801 l’srsos.
899 5743 996 5802 Ll.
2956 5742 3029 5803 1's
