4028 6176
479 185 575 240 6‘37

544 297 655 353 Nos
681 307 853 352 autem
877 296 1076 366 quibus,
1099 303 1280 367 prtem
1311 293 1536 367 codicem
1557 292 1703 348 illum
1730 292 2094 367 Colbertinum,
2123 295 2201 361 fas
2222 292 2320 360 fuit
2369 292 2496 367 alios
2543 290 2826 367 duos,__tam

472 369 630 421 diosis
657 361 1208 434 omnibusbeneﬁcium
1237 366 1608 434 paratissimos,
1639 380 1791 433 quam
1820 380 1909 432 per
1939 379 2029 434 nos
2056 364 2190 434 ipsos
2231 363 2515 434 consulere,
2564 361 2796 434 videlicet

1275 383 1608 427 amussmtos,
1639 383 1791 420 altam
1820 383 1909 432 per
1939 383 2029 416 1108
2056 383 2070 414 τ
2114 383 2190 416 508
2236 383 2515 425 σοηειιιεϊε,
2564 383 2795 414 υιιιιιιιι-ρι
2849 383 3204 429 nemtgtanum
3233 383 3410 420 unum,
3445 383 3498 411 ια
3527 383 3619 424 (δι,
3649 383 3743 426 qu:

1237 383 1430 496 femigii
1460 425 1718 488 Remensis
1747 434 1942 486 ordinis
1975 432 2034 487 S.
2065 383 2329 487 Eenedicti
2350 447 2370 496 ;
2397 433 2617 484 alterum
2644 429 2942 493 Joliensem,
2970 433 3057 496 qui
3077 432 3267 484 scilicet
3293 431 3425 483 alias
3452 430 3614 496 fuerat
3641 431 3746 482 viri

471 449 542 490 est
563 437 995 491 archimonaslerii
1025 432 1190 489 sancti
1214 432 1430 503 Remigii
1460 432 1718 488 Remensis
1747 434 1942 486 ordinis
1975 432 2034 487 S.

1708 181 1763 235 s.
1809 178 2151 235 puosrnm
2191 177 2521 246 suntm:

3624 179 3735 227 4‘23

2908 306 2958 344 er
2976 291 3107 343 viros
3134 289 3201 343 ad
3238 289 3588 360 prmstandum
3623 298 3739 342 stu-

2877 362 3204 429 iemigianum
3233 377 3410 420 unum,
3445 361 3499 411 id
3527 369 3619 424 est,
3649 360 3743 426 qui

472 509 739 561 clarissimi
782 506 1006 577 Claudii
1015 504 1132 577 loli
1160 500 1485 577 prtecenioris
1513 514 1560 558 et
1610 504 1841 557 canonici
1887 503 2130 556 Ecclesiae
2161 501 2488 577 Parisiensis,
2513 517 2644 577 nunc
2665 517 2729 554 ex
2766 505 2878 572 ejus
2915 504 3084 569 legato
3113 503 3285 577 factus
3319 511 3400 577 est
3443 500 3746 577 venerabilis

471 579 680 647 capituli
707 578 935 646 ejusdem
985 570 1262 642 Ecclesia;
1319 574 1504 629 horum
1550 589 1960 647 Opegnumeruin
2007 574 2368 647 sententiarum
2410 573 2476 647 ad
2511 570 2617 647 ὅξξὲ
2668 570 2890 647 crescere
2934 588 3080 639 posse
3095 572 3747 640 judicavirnus,annotatis

473 643 640 700 tamen
665 643 894 717 priorum
920 648 1196 701 editionum
1228 647 1472 717 numeris,
1502 662 1564 699 ne
1592 645 1713 717 quid
1744 643 2016 717 lectoribus
2045 657 2108 717 ea:
2128 646 2223 695 hac
2251 643 2867 717 mutationejncommodi
2891 652 3166 717 crearetur.

543 709 675 772 Cum
719 719 952 786 denique,
977 733 1039 771 ea:
1064 715 1292 770 dicendis
1322 709 1467 784 infra
1495 718 1548 768 in
1575 709 1926 786 a'drrtonitione
1955 712 2351 786 Epigraminatis
2385 711 2466 786 _S.
2488 782 2497 786 _
2519 709 2766 786 Prosperi
2821 713 3154 786 prie/igenda,
3205 710 3391 786 conjici
3436 710 3593 786 possit
3632 710 3746 763 hac

471 791 700 842 carmina
728 789 791 842 ab
817 780 929 855 ipso
950 790 1086 841 circa
1113 795 1310 852 tempus
1336 780 1540 838 concilii
1569 780 2014 855 Chalcedonensis
2049 780 2199 855 anno
2226 784 2326 855 451
2375 780 2558 846 habiti,
2604 783 2757 850 fuisse
2806 780 3108 855 composita,
3131 783 3181 835 in
3213 780 3388 855 hisque
3407 783 3747 850 easdemqmz

471 857 550 910 hic
575 870 691 912 sunt
720 872 772 911 ut
791 851 1070 927 plurimum
1094 851 1391 927 sententias,
1421 857 1608 927 stricta;
1634 855 1882 927 orationis
1898 853 2154 927 limitibus
2182 853 2415 927 inclusas
2449 854 2715 927 observare
2759 869 2862 906 non
2891 851 2957 906 sit
2983 853 3204 927 arduum
3226 853 3342 903 hinc
3364 851 3518 927 istum
3543 867 3746 920 quoque

474 922 850 983 Sententarium
877 928 1059 982 librum
1093 926 1235 994 huic,
1264 936 1318 980 ut
1348 925 1619 980 verisimile
1652 925 1794 978 nobis
1824 922 2044 988 videtur,
2075 925 2337 992 prtevium,
2369 923 2508 979 circa
2529 923 2663 976 idem
2694 931 2892 990 tempus
2925 925 3283 976 concinnatum
3313 922 3645 975 arbitramur.

483 1050 3730 1080 W

1541 1151 1682 1266 S.
1761 1147 2676 1264 PBOSPEBI

1906 1329 1916 1333 '
1964 1318 2276 1380 AQUITANI

1139 1395 3085 1588 SENTENTIARUM

1222 1646 1336 1706 EX
1380 1642 1766 1707 OPERIBUS
1808 1641 1871 1704 S.
1921 1639 2353 1704 AUGUSTINI
2394 1642 2978 1710 DELIBATARUM

1734 1771 2074 1854 LIBER
2112 1770 2510 1857 UNUS‘.

837 2055 876 2109 l.
919 2051 946 2092 δ
994 2053 1120 2118 Qui:
1146 2052 1211 2104 sit
1243 2065 1361 2104 vera
1391 2048 1708 2102 innocentia.

557 2147 716 2220 543
766 2144 1078 2200 IIIHOCCﬂlla
1119 2156 1246 2198 vera
1298 2151 1404 2208 est,
1439 2155 1560 2210 quae
1591 2153 1694 2194 nec
1721 2138 1824 2193 sibi
1861 2151 1962 2194 nec
1989 2138 2070 2191 al-

486 2240 586 2293 tcri
638 2247 800 2292 nocet
843 2254 855 2287 :
905 2235 1159 2305 quoniam
1205 2233 1292 2300 qui
1338 2232 1510 2302 diligit
1556 2230 1917 2300 iniquitatem,
1966 2229 2073 2282 edit

485 2330 714 2382 animam
761 2342 926 2380 suam.
979 2324 1045 2378 Et
1094 2337 1257 2377 nemo
1300 2335 1407 2375 non
1452 2319 1601 2389 prius
1652 2320 1705 2374 in
1737 2333 1796 2374 se
1825 2335 1983 2388 quam
2019 2319 2070 2372 in

485 2419 712 2473 alterum
747 2423 932 2486 peccat
969 2413 1128 2486 (Aug.
1170 2413 1224 2467 in
1257 2412 1386 2482 psal.
1419 2425 1470 2478 c,
1511 2410 1576 2478 2;
1617 2408 1807 2482 Prosp.
1847 2411 1904 2464 in
1932 2424 2074 2463 eum-

486 2510 598 2565 dem
623 2511 750 2580 p.s.).

861 2599 922 2654 ll.
969 2598 1043 2653 De
1070 2595 1360 2651 hominibus
1386 2594 1681 2666 diligendis.

556 2694 646 2749 Sic
693 2689 950 2761 diligendi
999 2698 1124 2744 sunt
1172 2687 1446 2751 homines,
1477 2693 1537 2739 ut
1576 2699 1766 2738 eorum
1808 2698 1916 2737 non
1944 2682 2071 2736 dnt-

494 2798 687 2856 gantur
734 2796 988 2846 errores;
1039 2781 1162 2850 quia
1211 2778 1356 2832 aliud
1407 2785 1490 2831 est
1528 2791 1713 2830 amare
1759 2775 1902 2844 quod
1949 2775 2073 2828 lacti

486 2888 634 2942 sunt,
668 2876 810 2930 aliud
858 2874 1041 2930 odisse
1089 2871 1235 2940 quod
1280 2869 1489 2924 faciunt.
1518 2869 1675 2940 (Aug.
1717 2869 1770 2922 in
1808 2885 1888 2937 ps.
1921 2882 1972 2937 c,
2017 2872 2069 2931 .3;

488 2968 675 3024 Prosn.
703 2969 753 3022 in
783 2967 1010 3021 eumdem
1039 2962 1170 3036 ps.).

936 3059 1024 3114 Ill.
1069 3056 1148 3112 De
1176 3072 1293 3110 vera
1322 3056 1625 3111 aeternitate.

559 3155 692 3210 Vera
744 3153 1018 3208 aternitas
1063 3161 1119 3207 et
1167 3167 1293 3206 vera
1342 3161 1363 3189 ο
1409 3149 1815 3207 immutabilitas
1851 3163 1957 3205 non
1989 3157 2074 3204 est

486 3248 592 3303 nisi
642 3247 694 3300 in
735 3246 938 3300 deitate
969 3244 1275 3310 Trinitatis,
1306 3243 1393 3299 cui
1420 3243 1566 3314 quod
1597 3253 1680 3298 est
1719 3258 1859 3310 esse,
1892 3240 1918 3280 ἀ
1951 3258 2073 3313 per-

489 3351 709 3410 petuum
738 3345 823 3391 est
861 3352 874 3388 :
919 3335 1044 3406 quia
1072 3344 1263 3389 natura
1293 3335 1448 3388 initio
1490 3349 1707 3399 carens,
1738 3335 2074 3391 incremento

489 3445 594 3484 non
623 3427 894 3497 indigens,
929 3425 1072 3478 sicut
1098 3424 1302 3477 nullum
1337 3424 1522 3490 tinem,
1551 3424 1620 3477 ita
1654 3425 1856 3478 nullam
1884 3424 2073 3495 recipit
2102 3422 2149 3482 B

488 3520 919 3576 mutabilitatem.
947 3514 1220 3573 Creaturae
1261 3525 1464 3583 autem,
1499 3527 1521 3555 ο
1552 3518 1716 3573 etiam
1744 3518 1848 3574 illa:
1876 3519 2070 3589 quibus

488 3617 630 3672 Deus
673 3613 1034 3670 :eternitatem
1079 3610 1230 3667 dedit
1258 3612 1344 3667 vel
1375 3611 1602 3667 daturus
1630 3621 1735 3680 est,
1770 3627 1877 3667 non
1911 3613 2067 3678 peni-

489 3719 572 3762 tus
617 3705 794 3762 omnis
840 3705 961 3759 linis
1008 3702 1201 3758 alienas
1245 3713 1392 3770 sunt,
1441 3703 1565 3773 quia
1613 3719 1719 3758 non
1761 3713 1887 3758 sunt
1916 3714 2068 3759 extra

489 3795 998 3860 commutationem,
1026 3793 1154 3848 dmn
1198 3792 1320 3848 linis
1365 3793 1469 3848 illis
1510 3804 1622 3862 cst,
1675 3804 1731 3848 et
1761 3795 2072 3864 temporalis

485 3887 772 3954 institutio,
820 3895 876 3940 et
917 3884 1112 3939 localis
1155 3885 1344 3950 mctio,
1393 3893 1449 3939 et
1493 3884 1609 3953 ipsa
1638 3884 1690 3938 in
1723 3895 2070 3956 augmentum

487 3982 570 4036 sui
596 3980 737 4035 facta
766 3977 995 4032 mutatio
1024 3974 1243 4044 (Prosp.
1271 3976 1324 4028 in
1356 3973 1487 4044 psal.
1523 3991 1596 4040 (ιι,
1627 3975 1738 4045 ‘26).

967 4064 1054 4118 Π.
1099 4064 1174 4118 De
1203 4065 1451 4134 patientia
1477 4062 1594 4117 Dei.

561 4157 818 4212 Patientia
859 4155 1000 4220 Dei,
1052 4152 1071 4192 ί
1123 4170 1228 4222 qua
1276 4155 1446 4224 parcit
1487 4163 1850 4222 contemptus,
1904 4159 2076 4224 parcis

487 4251 647 4307 ctiam
680 4260 923 4319 negatus,
956 4257 1011 4304 et
1039 4248 1210 4317 magis
1236 4247 1355 4301 vult
1383 4248 1543 4300 vitam
1574 4248 1878 4315 peccatoris
1912 4264 2073 4319 quam

564 4375 590 4402 λ
617 4363 857 4432 Scriptus
881 4362 1020 4418 forte
1048 4362 1193 4417 circa
1218 4376 1416 4416 annum
1439 4359 1544 4415 450
1563 4370 1657 4414 aut
1685 4359 1811 4416 451.

562 4435 590 4475 δ
623 4436 720 4489 Ms.
754 4433 1029 4499 Joliensis,
1064 4433 1139 4486 De
1164 4450 1281 4487 vera
1309 4432 1620 4486 innocentia.

567 4516 588 4542 ε
619 4506 747 4558 Mss.
780 4504 1416 4571 [iemigiano-Remensis
1460 4512 1514 4557 et
1558 4500 1834 4563 Joliensis,
1868 4504 2078 4559 immor-

490 4576 685 4642 talitas,
735 4584 793 4628 ut
845 4575 898 4627 in
943 4575 1280 4641 expositione
1332 4574 1524 4643 psalmi
1573 4586 1626 4627 Ct
1671 4574 1887 4642 legitur,
1923 4585 1980 4629 et
2009 4578 2075 4632 ad

490 4660 642 4702 oram
676 4645 942 4697 editorum
975 4644 1210 4698 omnium
1242 4654 1479 4699 notatur.

484 4788 513 4857 ί
561 4717 587 4751 εί
619 4716 714 4769 Ms.
745 4714 978 4837 l’iemigq
1009 4730 1206 4783 semper
1237 4725 1344 4781 est;
1388 4714 1517 4769 editi
1565 4714 1615 4766 in
1661 4714 1928 4784 margine,
1962 4734 2076 4788 per-

511 4797 671 4842 εεηιιιι
695 4803 742 4837 es
775 4825 784 4835 .

511 4797 671 4842 cctnnt
695 4797 784 4837 est.

561 4868 584 4895 ο
613 4858 738 4910 Mss.
774 4853 983 4923 Remig.
1017 4863 1069 4906 et
1095 4854 1200 4926 Jol.
1220 4853 1439 4926 (addunt
1469 4852 1579 4926 hic,
1609 4854 1760 4908 etiam
1785 4895 1800 4920 ,
1829 4863 1886 4909 ut
1934 4855 2063 4926 legi-
2100 4847 2144 4908 C

487 4939 572 4982 tur
597 4927 650 4981 in
674 4927 1013 4995 expositione
1042 4925 1231 4991 psalmi
1258 4927 1307 4978 in
1337 4924 1576 4992 margine
1607 4925 1782 4992 citati;
1807 4940 1908 4994 qua
1933 4924 2066 4982 voce

485 5010 660 5052 tamen
697 4998 782 5050 hic
812 4998 909 5048 loci
938 5004 1123 5050 citent
1150 4995 1278 5047 editi
1309 4999 1477 5049 nostri
1506 5009 1719 5049 omnes.

562 5067 578 5105 τ
628 5067 802 5122 Editio
831 5064 1169 5119 Coloniensis
1199 5065 1326 5118 anni
1358 5065 1488 5119 1531
1525 5067 1688 5132 paulo
1728 5063 1906 5130 aliter,
1954 5065 2062 5121 Pa-

481 5139 658 5192 tientia
692 5138 787 5190 Dei
815 5152 1000 5206 magna
1027 5144 1141 5206 est,
1162 5150 1284 5206 qua,
1315 5142 1454 5206 etc.;r
1477 5135 1805 5206 eruditierst
1838 5140 2057 5201 paenitu-

479 5213 615 5263 dinis
642 5217 689 5262 et
722 5204 914 5261 oblatio
935 5205 1261 5259 correctionis
1286 5220 1302 5258 :
1343 5205 1489 5258 nulla
1517 5205 1650 5256 cnim
1684 5204 1876 5259 Christi
1905 5223 2060 5275 opera

480 5298 510 5330 a
544 5279 895 5332 misericordia
922 5286 1101 5330 vacant
1124 5292 1143 5329 :
1165 5276 1425 5342 quoniam,
1459 5287 1566 5328 etc.
1601 5275 1699 5329 Ms.
1725 5277 1827 5330 Jol.
1861 5280 2061 5333 omittit

479 5363 633 5402 etiam
683 5360 801 5418 post
851 5349 1132 5418 parcit;_et
1174 5346 1510 5418 mavult.llls.
1547 5344 1923 5418 Remigiensis,
1957 5365 2064 5404 non

479 5423 642 5484 parcit
672 5415 884 5488 negatus
908 5456 921 5468 .
951 5459 962 5470 .
995 5457 1007 5469 .
1035 5415 1278 5488 Eruditio
1321 5417 1457 5469 enim
1505 5426 1597 5468 est.
1645 5417 1896 5472 Nomium
1930 5418 2066 5486 legi-

480 5493 689 5564 tumin
733 5489 1149 5564 ium-gineedit.
1187 5487 1536 5564 Lovaniensis
1587 5497 1640 5539 et
1673 5490 2069 5564 posteriorum,

483 5561 718 5612 liruditio
759 5559 1085 5626 ptrnituu’inis
1131 5567 1202 5608 cst
1249 5558 1437 5609 oblatio
1486 5558 1829 5618 correctionis,
1866 5559 2051 5626 sicque

483 5630 582 5698 legi
620 5632 670 5683 in
704 5628 891 5681 codice
923 5629 1147 5694 scripto,
1182 5627 1273 5696 qui
1305 5636 1386 5680 est
1421 5627 1642 5681 Lovauii
1679 5629 1729 5682 iu
1768 5628 2072 5684 Cartliusia.

2096 2053 2142 2112 Α
2173 2057 2434 2119 mortem,
2477 2047 2709 2104 eruditio
2740 2056 2822 2104 est
2861 2049 3235 2121 paenitudinis,
3278 2052 3438 2128 544
3467 2064 3526 2113 et
3555 2057 3752 2114 oblatio

2172 2141 2528 2196 correctionis
2577 2156 2594 2196 :
2643 2155 2744 2197 nec
2793 2141 2899 2196 ulla
2951 2141 3120 2212 ipsius
3168 2159 3332 2214 opera
3376 2149 3752 2206 misericordia

2182 2240 2399 2296 vacant,
2431 2232 2648 2301 quando
2694 2232 2898 2287 homini
2941 2244 2995 2288 et
3038 2234 3367 2306 indulgentia
3415 2241 3674 2304 consulit,
3703 2255 3757 2296 et

2173 2321 2389 2393 ﬂagello
2416 2322 2576 2395 (Aug.
2605 2324 2658 2377 in
2683 2324 2815 2393 psal.
2847 2339 2939 2389 cn,
2963 2324 3026 2392 8;
3078 2325 3268 2399 Prosp.
3303 2330 3355 2382 in
3384 2332 3564 2386 eumd.
3593 2331 3720 2404 ps.).

2662 2414 2726 2469 V.
2771 2423 2796 2462 8
2827 2415 2902 2469 De
2930 2416 3125 2472 ultione
3155 2416 3271 2474 Dei.

2244 2504 2437 2560 Divina
2481 2505 2695 2560 bonitas
2743 2505 2864 2561 idco
2910 2510 3143 2564 maxime
3186 2510 3434 2567 irascitur
3483 2511 3511 2548 ιι
3545 2512 3598 2568 in
3649 2512 3754 2569 ho:

2173 2597 2394 2662 saeculo,
2445 2613 2514 2652 ne
2560 2598 2824 2653 irascatur
2874 2599 2928 2654 in
2980 2600 3193 2666 futuro;
3240 2613 3292 2657 et
3332 2604 3760 2660 misericorditer

2173 2687 2391 2742 adhibet
2425 2689 2777 2756 temporalem
2819 2689 3194 2758 severitatem,
3227 2707 3294 2746 ne
3323 2700 3585 2750 teternam
3613 2694 3760 2765 juste

2174 2778 2367 2834 inferat
2398 2779 2656 2834 ultionem
2689 2780 2905 2851 (Prosp.
2936 2782 2990 2835 in
3017 2783 3154 2851 psal.
3186 2800 3280 2849 cn,
3310 2783 3389 2854 9').

2527 2871 2618 2926 V'l.
2664 2869 2681 2908 ί
2718 2871 2796 2926 De
2821 2889 2939 2926 t'era
2962 2871 3056 2927 Dei
3086 2873 3382 2928 laudatione

2247 2964 2385 3020 Vera
2422 2974 2507 3020 est
2539 2965 2810 3021 confessio
2843 2951 3238 3035 benedicentis,
3268 2983 3388 3022 cum
3418 2966 3564 3023 idem
3593 2981 3764 3024 sonus

2173 3064 2260 3113 est
2281 3066 2335 3112 et
2365 3056 2476 3112 oris
2506 3067 2555 3112 et
2586 3056 2787 3111 cordis.
2820 3057 2966 3113 Bene
3007 3067 3186 3114 autem
3227 3059 3374 3129 loqui
3403 3067 3462 3114 et.
3497 3060 3646 3115 male
3674 3065 3756 3114 vi-

2174 3162 2301 3202 vere
2345 3147 2481 3202 nihil
2527 3147 2673 3201 aliud
2722 3155 2806 3203 est
2849 3162 3010 3218 quam
3060 3163 3158 3204 sua
3207 3163 3269 3205 se
3313 3164 3446 3205 voce
3495 3150 3762 3206 damnare

2175 3240 2399 3312 (Prosp.
2428 3242 2482 3295 in
2510 3243 2646 3312 psal.
2675 3255 2848 3306 CXLVI,
2875 3239 2929 3304 2,
2956 3250 3001 3293 et
3025 3254 3118 3307 Cll,
3139 3241 3253 3313 21).

2574 3333 2683 3390 Vll.
2726 3332 2805 3389 De
2846 3334 3031 3388 virtute
3064 3335 3346 3390 charitatis.

2249 3425 2529 3481 tDilectio
2581 3425 2676 3480 Dei
2731 3436 2786 3482 et
2839 3424 3070 3494 proximi
3127 3427 3346 3494 propria
3393 3434 3452 3480 et
3499 3426 3766 3494 specialis

2174 3517 2346 3572 virtus
2390 3525 2479 3572 est
2526 3518 2735 3586 piorum
2786 3524 2947 3586 atque
2993 3525 3325 3579 sanctorum,
3371 3529 3494 3570 cum
3545 3524 3766 3570 caetera:

2173 3611 2404 3666 virtutes
2453 3619 2510 3664 ct
2554 3608 2713 3665 bonis
2744 3617 2798 3663 et
2827 3609 2984 3664 malis
3032 3619 3236 3678 possunt
3279 3623 3400 3664 esse
3444 3624 3769 3665 communes

2173 3701 2332 3772 (Aug.
2357 3701 2410 3755 in
2436 3702 2571 3773 psal.
2601 3715 2715 3767 cm,
2739 3701 2802 3765 5;
2833 3698 3022 3769 Prosp.
3057 3701 3110 3753 in
3136 3700 3308 3754 eumd.
3341 3697 3473 3770 ps.).

2539 3792 2672 3847 Vlll.
2713 3790 2793 3847 De
2819 3792 3054 3846 doctrina
3081 3791 3390 3862 apostolica.

2247 3884 2503 3938 Doctrina
2528 3883 2825 3952 apostolica
2859 3879 2886 3920 κ
2916 3893 3021 3936 tam
3056 3882 3290 3936 salubris
3331 3892 3554 3951 tamque
3585 3881 3771 3936 vitalis

2175 3984 2280 4039 est,
2327 3983 2385 4028 ut
2416 3989 2511 4042 pro
2549 3974 2850 4041 capacitate
2884 3974 3150 4028 utentium
3192 3974 3461 4028 neminem
3497 3975 3583 4026 sui
3623 3971 3644 4011 ι
3683 3990 3771 4028 τεο

2175 4065 2387 4134 linquat
2435 4077 2708 4122 exsortem
2739 4083 2752 4119 :
2782 4066 2904 4135 quia
2955 4071 3073 4121 sive
3116 4068 3348 4136 parvuli,
3399 4066 3515 4120 sive
3559 4071 3771 4138 magni,

2177 4162 2292 4217 sive
2318 4162 2539 4229 inﬁrmi,
2565 4163 2679 4218 sive
2705 4162 2895 4230 fortes,
2923 4162 3124 4216 habent
3153 4163 3203 4217 in
3228 4179 3290 4216 ea
3316 4172 3356 4199 ιιι
3380 4163 3524 4218 unde
3545 4163 3774 4218 alantur

2176 4262 2234 4309 et
2262 4254 2404 4310 unde
2432 4257 2696 4310 satientur
2724 4256 2946 4323 (Prosp.
2976 4257 3027 4307 in
3052 4253 3186 4326 psal.
3218 4271 3331 4323 cui,
3364 4257 3476 4326 ll).

2255 4379 2280 4416 κ
2311 4370 2408 4425 Ms.
2439 4368 2714 4434 Joliensis,
2748 4368 2825 4424 De
2850 4371 3126 4424 ultionibus
3152 4371 3267 4425 Dei.

2253 4437 2280 4477 ¹³
2313 4442 2367 4495 In
2398 4456 2530 4495 mss.
2560 4441 2772 4511 Remig.
2802 4451 2857 4496 et
2885 4441 3105 4495 Joliensi
3148 4443 3342 4495 desunt
3388 4439 3524 4505 haec,
3566 4443 3627 4495 in
3676 4442 3775 4496 hoc

2181 4512 2395 4584 saeculo,
2443 4521 2496 4584 et
2545 4521 2752 4584 postea,
2804 4513 2858 4565 in
2889 4512 3096 4578 futuro;
3135 4527 3255 4582 qua:
3297 4527 3397 4567 nec
3437 4512 3494 4566 in
3539 4517 3773 4584 exposi-

2180 4583 2325 4653 tione
2350 4582 2541 4653 psalmj
2570 4597 2642 4636 cn
2675 4582 2946 4653 leguntur.

2258 4652 2273 4697 ἱ
2312 4650 2453 4706 Eilit.
2507 4650 2700 4708 Colon.
2733 4650 2926 4717 'velus,
2974 4651 3052 4707 De
3093 4668 3212 4706 vera
3259 4651 3617 4720 confessione,
3669 4653 3777 4710 sive

2182 4721 2498 4776 laudatione.

2257 4793 2272 4844 i
2312 4793 2413 4847 Ms.
2458 4791 2735 4858 Joliensis,
2786 4791 3027 4847 Charitas
3081 4791 3192 4856 Dei,
3229 4801 3280 4844 ut
3321 4792 3370 4843 in
3416 4794 3776 4861 eXpositioue

2179 4863 2367 4934 psalmi
2397 4863 2639 4934 ejusdem
2670 4863 2861 4930 legitur
2892 4861 3032 4931 apud
3055 4862 3407 4934 (Prosperum.

2244 4932 2271 4970 κ
2298 4932 2387 4988 Sic
2410 4949 2510 4988 ms.
2556 4932 2830 4988 Joliensis.
2870 4935 3010 4986 Edit.
3043 4933 3238 4987 Colon.
3278 4943 3452 4992 vetus,
3488 4942 3593 4986 tam
3625 4937 3779 4987 saltt-

2173 5003 2276 5055 bris
2320 5013 2473 5068 atque
2500 5003 2671 5056 vitalis
2701 5015 2791 5057 est.
2828 5003 2927 5057 Ms.
2959 5003 3198 5057 concinit
3229 5002 3418 5070 psalmi
3461 5007 3774 5072 expositio.

2175 5073 2317 5128 Edit.
2368 5073 2778 5144 Lugdunensis,
2822 5073 3174 5128 Lovaniensis
3202 5117 3215 5139 ,
3261 5074 3426 5127 Duae.
3468 5086 3524 5128 et
3565 5075 3774 5132 Colon.

2173 5145 2465 5213 recentior,
2498 5144 2716 5198 salubris
2741 5153 2895 5213 atque
2923 5145 3093 5197 vitalis
3117 5154 3210 5196 est.

2249 5210 2269 5250 1
2305 5214 2399 5268 Ms.
2430 5210 2817 5281 Remigianus,’
2842 5215 3089 5277 dimittat,
3121 5223 3177 5266 ut
3201 5214 3251 5267 in
3281 5212 3512 5280 exposit.
3542 5215 3772 5282 psalmi.

2244 5291 2284 5319 ιη
2315 5285 2390 5337 ita
2417 5285 2580 5338 editio
2605 5285 2850 5338 Senteut.
2879 5285 2932 5337 in
2964 5285 3101 5352 Aug.
3133 5283 3368 5352 append.
3399 5299 3462 5335 ex
3499 5300 3605 5338 ms.
3643 5285 3773 5340 Col-

2178 5352 2411 5407 bertino.
2445 5353 2622 5408 Editio
2649 5354 2840 5409 (Iolon.
2886 5364 3068 5418 vetus,
3092 5354 3230 5406 unde
3255 5352 3484 5417 alantur,
3519 5357 3667 5407 unde
3692 5375 3773 5407 sn-

2177 5425 2385 5484 ticntur,
2435 5436 2492 5478 nt
2519 5425 2572 5480 in
2623 5438 2814 5491 expos.
2855 5425 3071 5492 psalmi.
3106 5423 3386 5477 Editioncs
3413 5423 3583 5491 Lugd.
3623 5438 3679 5478 et
3713 5439 3780 5477 ea

2179 5499 2530 5559 recentiores,
2579 5498 2714 5551 unde
2746 5495 2952 5550 alantur
3000 5505 3046 5550 et
3076 5494 3214 5548 unde
3246 5493 3514 5561 satientur,
3557 5497 3780 5550 omisso

2178 5574 2222 5615 et
2255 5566 2369 5622 loco
2399 5567 2595 5637 priore.
