4028 6176
250 329 341 387 5‘29

679 436 771 492 IX.
818 437 889 490 De
910 436 1182 505 querendo
1211 434 1339 490 Deo.

308 533 469 587 Deum
498 544 764 601 quaerens,
797 528 1047 600 gaudium
1071 527 1281 597 quaerit.
1308 526 1399 582 Sic
1426 540 1557 597 ergo
1584 533 1813 597 quaerat,

245 632 423 678 utnon
454 622 507 676 in
552 636 635 687 se,
669 619 765 674 sed
793 621 846 673 in
880 618 1108 673 Domino
1154 617 1407 685 gaudeat.
1456 616 1616 689 555
1646 618 1816 670 Acce-

244 713 410 771 dendo
482 714 626 769 enim
698 711 763 765 ad
837 712 1044 777 Deum,
1105 710 1441 764 illuminatur
1518 710 1818 779 ignorantia

243 807 480 875 ‘ipsius,
525 815 581 860 et
622 804 1010 860 corroboratur
1060 802 1369 869 inﬁrmitas,
1426 802 1552 857 data
1610 802 1711 857 sibi
1766 811 1821 857 et

243 896 586 965 intelligentia
636 910 741 963 qua
789 893 988 957 videat,
1036 903 1090 947 et
1140 892 1406 947 charitate
1455 906 1560 962 qua
1609 890 1817 947 ferveat

248 985 459 1059 (Prosp.
492 987 544 1039 in
571 986 703 1057 psal.
736 999 843 1048 CIV,
868 982 947 1053 4).

678 1076 749 1130 Χ.
792 1076 867 1129 De
896 1074 1108 1144 fastidio
1129 1074 1371 1145 spiritali.

304 1171 455 1227 Sicut
484 1170 697 1239 corpori
736 1169 954 1222 noxium
1005 1176 1087 1221 est
1132 1180 1449 1235 corpoream
1494 1178 1670 1221 escam
1710 1178 1819 1220 non

244 1275 387 1329 posse
426 1260 730 1328 percipere,
761 1258 829 1312 ita
875 1257 1066 1310 animae
1094 1256 1456 1325 periculosum
1488 1265 1570 1311 est
1598 1254 1819 1324 Spirita-

239 1352 308 1406 les
329 1352 553 1406 delicias
584 1348 828 1404 fastidire
860 1347 1077 1419 (Prosp.
1109 1348 1163 1399 in
1201 1346 1384 1416 psalm.
1411 1362 1520 1412 ενι,
1546 1345 1657 1416 18).

454 1444 546 1499 XI.
586 1442 614 1481 δ
656 1443 733 1496 Dc
762 1442 1011 1496 bonorum
1035 1448 1081 1494 et
1108 1442 1364 1494 malorum
1396 1440 1603 1509 ﬁnibus.

300 1538 599 1605 Numquam
648 1535 802 1589 multi
832 1541 959 1587 sunt
990 1542 1010 1570 ο
1044 1532 1134 1601 qui
1165 1532 1231 1585 ad
1270 1544 1377 1585 non
1418 1546 1540 1585 esse
1573 1530 1815 1585 tendunt.

238 1628 361 1698 Quid
392 1628 538 1685 enim
570 1636 677 1682 tam
718 1632 803 1681 est
838 1623 1131 1678 obnoxium
1174 1622 1429 1691 paucitati
1472 1637 1633 1692 quam
1678 1621 1819 1691 quod

240 1730 314 1778 est
342 1720 586 1777 debitum
617 1716 904 1787 perditioni
936 1713 1152 1783 (Prosp.
1184 1714 1236 1766 in
1265 1713 1449 1783 psalm.
1481 1728 1588 1780 cvr,
1618 1712 1749 1784 59)?

481 1810 597 1865 XII.
639 1808 665 1846 ἀ
706 1808 784 1863 De
810 1807 1180 1876 tranquillitate
1204 1806 1413 1860 ultionis
1445 1804 1559 1859 Dei.

300 1904 415 1960 Non
448 1902 780 1972 concupiscit
818 1900 959 1955 Deus
988 1914 1202 1968 pmnam
1241 1912 1459 1952 reorum
1485 1938 1501 1964 ,
1549 1906 1820 1968 tamquam

241 1996 462 2053 saturari
502 1994 818 2050 desiderans
862 1991 1105 2055 ultione;
1159 1988 1254 2044 sed
1310 1989 1453 2058 quod
1493 1988 1697 2058 justum
1740 1996 1824 2044 est

241 2105 348 2145 cum
372 2086 766 2158 tranquillitate
788 2084 1051 2148 decernit,
1080 2090 1135 2137 et
1161 2090 1308 2135 recta
1333 2082 1614 2137 voluntate
1641 2082 1822 2150 dispo-

242 2182 327 2243 nit.
353 2191 412 2234 ιιι
437 2180 604 2234 etiam
634 2177 760 2232 mali
790 2190 898 2231 non
920 2174 1027 2229 sint
1050 2172 1340 2228 inordinati
1369 2172 1587 2244 (I’rasp.
1610 2175 1662 2227 in
1687 2174 1816 2244 psal.

243 2287 382 2341 cvm,
418 2273 500 2342 5).

658 2361 800 2417 XIII.
848 2359 927 2415 De
956 2358 1086 2413 bono
1112 2357 1390 2412 intellectu.

328 2458 537 2511 Bonum
587 2452 921 2508 intellectum
969 2450 1131 2504 habet
1174 2448 1265 2518 qui
1298 2457 1321 2485 ο
1351 2446 1493 2517 quod
1517 2446 1821 2503 faciendum

248 2557 354 2614 est,
394 2558 551 2602 recte
598 2543 845 2613 intelligit
873 2550 928 2597 et
954 2540 1101 2596 facit.
1150 2539 1366 2609 Alioqui
1409 2539 1529 2594 talis
1576 2549 1657 2595 est
1703 2541 1823 2595 sine

245 2654 389 2709 opere
409 2637 786 2708 intelligentia,
802 2634 973 2705 qualis
995 2633 1116 2687 sine
1136 2632 1327 2686 timore
1348 2630 1628 2701 sapientia,
1652 2628 1673 2667 τ
1697 2644 1820 2688 cum

248 2732 499 2803 scriptum
523 2732 593 2785 sit
624 2748 636 2783 :
672 2728 887 2783 Initium
906 2726 1171 2796 sapientite
1192 2725 1342 2779 timor
1370 2722 1579 2778 Domini
1606 2721 1820 2797 (Prosp.

245 2826 295 2879 in
320 2827 507 2896 psalm.
536 2839 631 2889 cx,
665 2822 776 2893 10).

401 2919 551 2974 XIV.
594 2916 672 2971 De
697 2916 873 2985 requie
900 2913 1071 2967 adhuc
1100 2912 1154 2965 in
1176 2926 1328 2965 carne
1357 2918 1383 2958 ι
1412 2909 1639 2964 viventis.

324 3009 500 3065 Habet
528 3007 558 3046 ³³
586 3018 640 3062 ει
670 3008 723 3062 in
756 3007 856 3060 hac
885 3006 997 3059 vita
1030 3002 1271 3071 requiem
1301 3016 1451 3057 suam
1482 3002 1659 3055 anima
1702 3016 1822 3070 qua

242 3100 299 3156 de
324 3110 504 3156 morte
533 3097 865 3155 infidelitatis
893 3104 1140 3164 exempta
1170 3100 1290 3158 est,
1326 3103 1379 3146 et
1410 3106 1515 3146 non
1547 3092 1614 3147 ab
1644 3092 1823 3161 operi-

685 320 889 378 LIBER
932 318 1475 380 SENTENTIARUM
1514 318 1608 377 EX
1646 318 1986 381 OPERIBUS
2020 322 2083 378 S.
2122 319 2492 379 AUGUSTINI
2531 320 3047 380 DELIBATARUH.

1847 1812 1895 1873 B

3391 324 3498 379 450

1837 444 1891 503 Α
1914 436 2149 492 dendum
2188 446 2271 490 est
2304 432 2325 473 ι
2368 434 2495 505 quid
2522 434 2717 490 alteras
2746 444 2799 491 et
2832 436 2916 491 cui
2957 435 3151 492 oﬂeras
3174 476 3189 502 ,
3231 441 3301 493 ita
3339 439 3501 495 etiam

1917 528 2370 584 considerandum
2408 536 2493 584 est
2534 528 2622 581 ubi
2654 528 2853 584 offeras
2886 546 2899 581 :
2932 529 3053 597 quia
3104 532 3215 586 veri
3251 531 3503 589 sacriﬁcii

1917 627 2069 675 extra
2096 620 2417 672 catholicam
2448 618 2743 673 Ecclesiam
2778 620 2926 674 locus
2958 636 3061 675 non
3092 630 3170 677 est
3206 621 3419 695 (Prosp.
3448 626 3503 680 in

1920 707 2111 781 psalm.
2144 706 2379 774 cxv,l8).

2307 800 2449 855 XVI.
2494 802 2567 855 De
2595 803 2801 872 justitia
2840 811 2885 857 et
2922 806 3105 876 gratia.

1994 892 2120 947 Dum
2172 902 2293 945 sunt
2342 893 2723 947 retributiones
2764 894 3028 964 justitia'e,
3056 912 3177 952 cum
3205 907 3299 953 aut

1920 984 2059 1039 bona
2092 999 2188 1053 pro
2219 984 2395 1053 bonis,
2427 996 2518 1039 aut
2550 986 2687 1039 mala
2719 986 3015 1041 redduntur
3042 1004 3139 1057 pro
3164 991 3339 1045 malis.
3371 992 3503 1046 Ter-

1922 1077 1995 1130 tia
2028 1084 2109 1130 est
2147 1076 2428 1131 retributio
2472 1077 2657 1146 gratiae
2683 1118 2698 1143 ,
2739 1092 2857 1131 cum
2904 1093 3001 1146 per
3037 1083 3501 1149 regenerationem

1921 1167 2268 1221 remittuntur
2312 1168 2483 1236 mala,
2515 1177 2569 1222 et
2607 1169 2975 1223 retribuuntur
3013 1171 3171 1226 bona.
3216 1175 3390 1243 Atque
3430 1177 3503 1231 ita

1920 1258 2293 1313 manifestatur
2315 1299 2328 1323 ,
2354 1258 2477 1328 quia
2504 1260 2752 1313 universa:
2785 1262 2879 1314 via:
2914 1261 3125 1315 Domini
3153 1264 3504 1320 misericordia

1920 1358 1969 1403 et
2032 1350 2237 1403 veritas.
2317 1348 2464 1403 Illam
2527 1360 2700 1405 autem
2766 1353 3167 1408 retributionem
3216 1355 3501 1425 impiorum

1920 1454 2024 1509 qna
2054 1454 2149 1508 pro
2177 1440 2334 1495 bonis
2360 1440 2495 1494 mala
2521 1449 2561 1477 ιιι
2594 1443 2985 1509 retribuuntur,
3010 1444 3150 1499 Deus
3179 1450 3377 1513 nescit;
3410 1451 3503 1521 qui

1920 1530 2023 1585 nisi
2055 1530 2379 1586 rctribueret
2417 1530 2556 1586 bona
2599 1547 2695 1601 pro
2728 1534 2879 1587 malis
2904 1573 2921 1599 ,
2962 1550 3067 1589 non
3096 1548 3281 1593 essent
3310 1542 3503 1610 quibus

1921 1632 1949 1659 ιι
1980 1624 2299 1679 retribueret
2326 1625 2465 1679 bona
2496 1640 2591 1694 pro
2617 1626 2771 1681 bonis
2800 1626 2959 1697 (Aug.
2992 1645 3145 1684 serm.
3179 1632 3209 1687 7
3234 1632 3287 1686 in
3312 1636 3498 1703 psalm.

1922 1729 2114 1782 cxvttt;
2146 1714 2337 1782 Prosp.
2368 1714 2624 1769 in'eumd.
2654 1718 2872 1787 ps.,I7).

2204 1807 2368 1862 XVII.
2413 1807 2492 1861 De
2524 1824 2757 1878 superne
2788 1810 2969 1877 patria
2996 1811 3209 1867 civibus.

1997 1896 2185 1953 Omnis
2214 1899 2304 1968 qui
2334 1899 2401 1952 ad
2430 1914 2714 1968 supernam
2745 1902 2977 1969 pertinet
2996 1902 3270 1961 civitatem
3296 1950 3309 1974 ,
3344 1925 3500 1979 pere.

1924 1991 2109 2060 grinus
2131 1998 2213 2045 est
2246 1990 2426 2045 mundi
2454 2032 2469 2058 ,
2502 1999 2556 2046 et
2591 1992 2716 2045 dum
2756 1996 3036 2063 temporali
3075 2000 3238 2053 utitur
3268 2002 3373 2057 vita
3399 2046 3414 2071 ,
3446 2006 3501 2060 in

1925 2083 2094 2151 patria
2143 2082 2275 2137 vivit
2314 2083 2485 2137 aliena
2512 2122 2527 2149 ,
2569 2084 2660 2137 ubi
2705 2084 2849 2140 inter
2892 2088 3056 2141 multa
3106 2090 3419 2151 illecebrosa
3449 2109 3504 2153 et

1926 2174 2093 2229 multa
2131 2174 2365 2241 fallacia,
2396 2175 2564 2231 Deum
2597 2191 2756 2232 nosse
2794 2186 2847 2232 et
2872 2193 3053 2235 amare
3077 2198 3367 2251 paucorum
3398 2201 3503 2255 est.

1926 2275 1952 2305 ο
1981 2267 2174 2337 quibus
2201 2270 2270 2323 sit
2306 2279 2615 2339 praereptum
2654 2269 2862 2325 Domini
2905 2272 3163 2344 lucidum,
3202 2278 3504 2337 illuminans

1924 2362 2099 2415 oculos
2148 2359 2371 2432 (Psalm.
2400 2377 2549 2431 xvm,
2583 2361 2664 2432 9),
2693 2371 2750 2417 ut
2779 2377 2881 2419 nec
2914 2364 2966 2418 in
2998 2364 3125 2435 Dei,
3169 2385 3269 2425 nec
3299 2373 3350 2427 in
3382 2388 3505 2442 pro-

1922 2452 2054 2507 ximi
2084 2462 2110 2501 ι’
2139 2451 2405 2508 charitate
2441 2452 2693 2511 fallantur
2742 2454 2958 2527 (Prosp.
3004 2456 3057 2510 in
3098 2462 3281 2530 psalm.
3308 2480 3501 2536 cxvnt,

1926 2541 1993 2600 to
2013 2543 2054 2614 ).

2136 2636 2323 2692 XVIII.
2375 2635 2454 2692 De
2494 2638 2663 2692 carnis
2704 2640 2983 2711 cupiditate
3019 2644 3286 2698 vincenda.

1993 2727 2164 2783 Nemo
2206 2737 2288 2783 est
2334 2728 2487 2799 cujus
2532 2731 2763 2784 animam
2811 2733 3163 2801 corruptibile
3207 2748 3404 2806 corpus
3450 2749 3506 2793 et

1928 2817 2249 2873 inhabitatio
2280 2827 2495 2875 terrena
2525 2836 2630 2874 non
2657 2832 2906 2891 aggravet
2935 2823 3085 2893 (Sap.
3109 2840 3183 2888 Ix.
3218 2825 3328 2898 I5).
3352 2838 3380 2878 ι
3399 2828 3506 2885 Sed

1923 2912 2271 2967 adnitendum
2304 2923 2384 2967 est
2415 2921 2474 2967 ut
2501 2913 2677 2967 carnis
2718 2914 3037 2983 cupiditates
3068 2918 3287 2987 spiritus
3320 2921 3508 2991 vigore

1924 3015 2269 3069 superentur,
2304 3014 2358 3057 et
2383 3004 2608 3058 interior
2635 3004 2817 3074 homo,
2850 3008 2939 3077 qui
2978 3022 3194 3079 semper
3219 3011 3321 3067 sibi
3348 3015 3509 3070 sentit

1926 3094 2104 3147 resisti
2132 3136 2145 3161 ,
2179 3108 2395 3161 semper
2424 3108 2482 3147 se
2509 3094 2692 3149 divino
2722 3096 2922 3152 auxilio
2962 3108 3238 3170 exspectet
3265 3101 3505 3172 adjuvari

247 3193 334 3249 bus
352 3194 579 3265 iustitiae
605 3234 620 3257 ,
651 3192 746 3247 sed
790 3190 858 3247 ab
888 3187 1187 3257 iniquitatis
1216 3201 1276 3242 se
1302 3186 1535 3241 abstinet
1562 3187 1773 3242 actione
1805 3204 1816 3238 :
1851 3190 1895 3252 (ἶ
1928 3182 2146 3255 (Prosp.
2180 3184 2232 3237 in
2258 3186 2444 3255 psalm.
2477 3200 2667 3252 omn,
2696 3186 2813 3259 25).

242 3298 290 3342 ut
313 3289 506 3343 vivens
530 3287 666 3351 Deo,
696 3293 749 3340 et
794 3292 1007 3337 mortua
1052 3279 1249 3334 mundo
1272 3320 1284 3341 ,
1326 3279 1379 3333 in
1420 3277 1737 3334 humilitatis
1767 3288 1821 3334 et

243 3376 667 3433 mansuetudinis
720 3372 739 3413 ί
790 3372 1000 3443 placida
1071 3370 1459 3439 tranquillitate
1518 3371 1822 3441 requiescat

242 3469 445 3541 (Prosp.
480 3470 535 3523 in
558 3468 739 3540 psalm.
770 3480 913 3531 cuv,
941 3460 1020 3534 8).

678 3558 795 3613 XV.
839 3556 914 3610 De
941 3554 1164 3610 vovendo
1194 3555 1207 3604 l
1251 3551 1380 3609 Deo.

300 3651 558 3723 Quisquis
586 3651 725 3706 bene
755 3648 952 3717 cogitat
972 3645 999 3685 ιι
1022 3662 1143 3717 quae
1166 3646 1276 3700 Deo
1298 3654 1486 3700 voveat
1507 3654 1560 3701 et
1582 3661 1702 3716 quae
1726 3660 1822 3703 vo-

240 3748 399 3800 vendo
425 3744 734 3816 persolvat,
768 3742 1002 3810 seipsum
1032 3748 1224 3793 voveat
1255 3747 1307 3791 et
1338 3736 1543 3792 reddat.
1572 3738 1683 3795 Hoc
1706 3740 1823 3794 exi-

237 3838 384 3905 gitur.
416 3838 528 3891 hoc
560 3835 807 3890 debetur.
849 3832 1028 3900 Imago
1058 3828 1290 3884 Cmsaris
1320 3828 1571 3883 reddatur
1598 3828 1817 3898 Caesari,

238 3931 399 4000 imago
428 3928 532 3986 Dei
560 3926 816 3983 reddatur
843 3924 953 3979 Deo
980 3921 1133 3994 (Luc.
1172 3937 1262 3986 xx,
1292 3919 1407 3991 25).
1442 3920 1549 3976 Sed
1577 3920 1716 3977 sicut
1746 3921 1821 3975 vi-

301 4175 325 4203 ι
364 4166 480 4221 Iloc
510 4162 1067 4235 pronomen,_ipsius,
1095 4159 1404 4235 additur-ert
1435 4172 1534 4213 ms.
1578 4158 1731 4213 Colb.
1766 4167 1822 4213 et

234 4236 355 4291 edit.
384 4229 624 4307 append.
658 4236 795 4302 Aug.
828 4229 923 4287 Ms}
956 4232 1164 4307 Remig.
1192 4229 1545 4307 eteditiones.
1567 4244 1632 4283 eo
1660 4244 1815 4307 care-

237 4309 374 4371 bant,
404 4299 533 4362 ctim
566 4299 1190 4363 tamen'corresnnndeat
1232 4302 1328 4371 sibi
1353 4341 1383 4371 ,Α
1430 4300 1734 4371 paulnpost
1762 4299 1816 4354 in

236 4368 472 4432 omnibus
501 4376 797 4431 codicibus.
820 4374 917 4427 Ms.
943 4371 1046 4426 101.
1075 4387 1191 4437 pro.
1216 4369 1514 4423 Accedendo
1536 4370 1603 4421 ad
1626 4368 1815 4435 Deum,

236 4447 405 4512 habet,
436 4446 745 4501 Accedendo
775 4446 843 4496 ad
880 4443 1185 4507 Dominum,
1215 4452 1262 4494 et
1293 4441 1637 4512 illuminatur.

299 4517 327 4555 ι’
366 4510 420 4570 In
452 4517 696 4571 editione
726 4515 914 4569 Colon.
939 4514 1137 4573 veteri,
1168 4512 1333 4576 Quam
1364 4511 1641 4563 obnoxium
1661 4510 1728 4563 sit
1750 4511 1817 4563 ad

233 4604 327 4659 ηρη
347 4604 456 4641 εδει
482 4586 1067 4659 ιεηάετεὶμάςηπιυςιξι
1095 4582 1337 4659 Engdun.
1362 4596 1423 4635 ac
1447 4598 1557 4659 ms.
1578 4582 1811 4659 Iiemig.,
1842 4598 1895 4659 D

234 4656 658 4724 Nonnumquam.
710 4655 895 4710 Melius
923 4655 1010 4707 alii
1039 4694 1055 4720 ,
1084 4652 1383 4723 Numquam
1407 4691 1421 4716 ,
1462 4659 1518 4704 ut
1548 4652 1599 4704 in
1624 4654 1813 4721 psalm.

232 4742 465 4918 facile.
496 4796 781 4861 Joliensis,
812 4794 899 4864 qui
934 4801 1174 4863 pereunt,
1205 4806 1331 4861 pro,
1361 4791 1452 4861 qui
1487 4790 1555 4844 ad
1580 4806 1681 4845 non
1712 4807 1818 4845 esse

250 4883 305 4918 en
348 4878 459 4918 unt.

230 4874 459 4919 tendunt.

250 4878 459 4920 endunt.

295 4939 323 4977 ἀ
365 4938 425 4990 I'n
453 4937 648 4991 Colon.
680 4944 789 4990 vet.
815 4978 830 5005 ,
883 4933 1035 5001 Quod
1072 4932 1211 4985 Deus
1250 4948 1450 5003 pinnam
1476 4947 1677 4984 reorum
1713 4946 1814 4984 non

230 5009 579 5074 concupiscat.

298 5086 321 5113 ⁸
364 5071 467 5131 bis.
502 5077 633 5141 Jol.,
685 5074 835 5142 Quod
868 5073 1163 5141 faciendum
1190 5083 1324 5125 recte
1352 5072 1631 5140 intelligit,
1665 5071 1811 5139 facit.

229 5145 572 5229 lisLRetnig.
595 5190 610 5215 ,
653 5156 786 5201 recte
824 5144 1117 5215 faciendum
1154 5143 1392 5213 intelligit
1418 5183 1434 5208 ,
1467 5151 1573 5197 etc.
1595 5178 1610 5203 ,
1639 5151 1699 5195 ut
1726 5143 1815 5195 alii

228 5218 344 5271 cedi
374 5264 377 5265 ν
416 5234 466 5271 s.

302 5234 468 5341 fcitis.
521 5286 792 5352 .Ioliensis,
844 5299 961 5337 cum
999 5284 1202 5336 initium
1244 5283 1308 5336 sit
1354 5281 1620 5347 sapientiw
1667 5282 1817 5334 timor

229 5354 458 5411 Domini.
494 5358 590 5411 Ms.
624 5358 855 5425 Remig.,
888 5371 1001 5407 cum
1030 5356 1176 5406 initio
1208 5354 1274 5405 sit
1305 5353 1580 5423 sapientia.

297 5438 323 5474 κ
366 5429 516 5481 Edit.
544 5428 736 5482 Colon.
769 5436 901 5487 vct.,
929 5426 1227 5478 viventium.

296 5496 324 5535 λ
366 5499 467 5550 Ms.
498 5499 628 5561 Jol.,
654 5501 767 5563 jam
794 5498 846 5548 in
887 5499 981 5546 hac
1005 5496 1124 5547 vita.
1168 5494 1366 5560 Expos.
1411 5493 1630 5560 psalm.,
1664 5494 1814 5547 etiam

232 5567 278 5618 in
305 5568 399 5620 hac
428 5568 561 5690 vita.l
589 5569 731 5623 Idem
756 5583 855 5623 ms.
888 5566 991 5620 Jol.
1026 5565 1224 5617 omittit
1252 5580 1305 5615 se
1336 5575 1459 5618 ante
1488 5565 1726 5630 abstinet,
1763 5576 1820 5617 ut

232 5653 415 5690 cruos.
446 5654 541 5690 usa
570 5654 638 5690 m.

374 5656 415 5690 ἶ.
446 5656 638 5691 DSRIID.

232 5653 415 5705 espos.
446 5653 638 5705 psatm.

308 5708 317 5743 ί
370 5710 519 5761 Ει1ιιί
552 5724 763 5767 omnes.
792 5709 998 5776 placita.
1034 5706 1160 5759 MSS.
1192 5703 1295 5757 Jol.
1326 5712 1379 5757 ct
1409 5702 1594 5776 cori»,
1621 5719 1685 5757 ex
1713 5720 1816 5770 IIII'I

232 5786 355 5836 ait.
399 5797 532 5848 app.
578 5784 731 5849 Aug,
781 5779 1002 5849 placida.
1050 5777 1105 5831 lu
1151 5789 1335 5844 expos.
1374 5775 1583 5844 psalmi,
1652 5780 1820 5843 quieta

2300 3274 2439 3329 XIX.
2484 3275 2561 3331 De
2590 3288 2809 3349 angusta
2838 3280 2954 3335 vite
2979 3290 3001 3319 τ
3034 3281 3136 3336 via.

1995 3368 2230 3440 Angusta
2255 3379 2327 3422 est
2353 3370 2434 3423 via
2454 3386 2568 3439 qut:
2588 3372 2726 3425 ducit
2748 3373 2816 3425 ad
2836 3374 2988 3427 vitam
3022 3374 3233 3445 (Matth.
3256 3392 3349 3447 vn,
3378 3378 3469 3453 15)
3491 3400 3507 3447 ;

1925 3469 1981 3517 et
2003 3471 2179 3517 tamen
2206 3476 2303 3531 per
2328 3461 2500 3531 ipsam
2530 3462 2631 3517 nisi
2660 3464 2882 3520 dilatato
2907 3467 3073 3523 corde
3101 3484 3208 3525 non
3238 3472 3469 3528 curritur
3494 3492 3508 3528 :

1926 3555 2047 3625 quia
2075 3554 2177 3613 iter
2204 3556 2481 3620 virtutum,
2512 3571 2618 3626 quo
2645 3556 2963 3626 gradiuntur
2991 3574 3251 3631 pauperes
3282 3563 3508 3631 Christi,

1926 3650 2160 3718 amplum
2204 3658 2287 3704 est
2311 3656 2332 3684 ⁸
2368 3648 2604 3703 fidelium
2632 3649 2769 3717 spei,
2799 3652 3007 3705 etiamsi
3038 3662 3242 3708 arctum
3291 3655 3361 3710 sit
3390 3656 3509 3712 inli~

1930 3739 2130 3796 delium
2162 3740 2381 3794 vanitati
2426 3738 2638 3810 (Prosp.
2668 3740 2721 3792 in
2743 3742 2929 3811 psalm.
2961 3756 3144 3810 cxvnt,
3179 3744 3294 3815 55).

2142 3828 2263 3883 XX.
2284 3829 2361 3881 De
2387 3829 2598 3898 prwmio
2633 3828 2648 3863 ⁸
2683 3828 2987 3883 Christiana:
3012 3832 3295 3901 religionis.

2000 3922 2112 3976 Hoc
2141 3920 2332 3975 aﬂectu
2360 3931 2414 3975 et
2442 3919 2712 3975 desiderio
2750 3920 3010 3975 colendus
3036 3932 3121 3976 est
3150 3922 3314 3989 Deus,
3341 3932 3397 3979 ut
3423 3925 3507 3981 sui

1922 4156 2312 4229 tranquillitate.

2000 4231 2014 4277 l
2053 4224 2163 4282 'Ms.
2188 4228 2292 4283 Jol.
2326 4227 2525 4281 omittit
2552 4224 2687 4281 Deo.

1994 4296 2021 4337 ι
2065 4300 2161 4372 Ms.
2192 4299 2440 4372 Qolb._e_t
2465 4298 2596 4372 edit.
2625 4301 2661 4372 ΔΑ
2674 4312 2759 4372 ug.
2784 4340 2798 4362 ,
2823 4300 2949 4366 quid
2970 4312 3165 4366 voveat,
3189 4312 3237 4355 et
3255 4320 3369 4372 quia
3392 4318 3509 4362 vota

1921 4370 2193 4445 persolvat.
2222 4369 2318 4423 Ms.
2347 4368 2481 4445 Jol.,
2509 4368 2633 4445 quid
2671 4368 2777 4445 Deo
2809 4379 3012 4437 voveat,
3040 4381 3087 4445 et
3113 4389 3225 4441 qua:
3243 4368 3358 4429 vota
3389 4396 3507 4445 per-

1919 4438 2119 4513 solvat;
2150 4439 2245 4513 lt_oc
2275 4438 2527 4511 exigitur,
2559 4439 2655 4491 hoc
2675 4438 2902 4501 debetur,
2929 4450 2983 4493 ut
3013 4438 3236 4513 seipsunt
3262 4438 3434 4500 voveat
3461 4460 3508 4503 et

1921 4512 2124 4579 reddat.
2156 4507 2493 4579 Imago,'etc.

1999 4578 2012 4617 ¹
2059 4580 2133 4634 Ita
2164 4578 2287 4633 ms.
2308 4580 2549 4657 ιὶειῃὶεἋ
2573 4579 2662 4657 qui
2704 4593 2801 4648 pro
2816 4578 3019 4657 offeras
3040 4620 3057 4646 ,
3091 4582 3248 4637 habet
3276 4585 3507 4657 afferas;

1922 4648 2058 4705 forte
2073 4666 2145 4725 es
2169 4664 2370 4725 errore.
2398 4651 2495 4704 Ms.
2511 4650 2663 4725 Quill.
2690 4659 2743 4702 et
2766 4648 2896 4703 edit.
2920 4650 3151 4720 August.
3173 4666 3292 4725 post.
3310 4648 3504 4717 Εοιοηζ

1920 4730 2027 4775 vet.
2058 4723 2212 4785 Aliae,
2239 4722 2361 4789 quid
2386 4729 2433 4773 et
2466 4720 2547 4773 cui
2576 4718 2784 4785 o/Teras.

1996 4801 2036 4867 ιιξ
2076 4790 2165 4846 Sic
2202 4790 2487 4867 insntiolb,
2534 4799 2587 4844 et
2632 4791 2759 4867 edit.
2791 4789 3016 4867 August.
3051 4807 3181 4867 app.
3225 4795 3280 4850 In
3312 4812 3499 4867 expos.

1918 4862 2110 4927 psalm.
2145 4879 2157 4913 :
2192 4860 2342 4914 Nulli
2367 4858 2558 4912 malum
2582 4876 2672 4927 pro
2697 4859 2828 4913 bono
2860 4858 3341 4921 retribuit'fTamen
3371 4858 3501 4926 editi

1918 4947 2139 5005 omnes,
2173 4933 2538 4995 restituuntur,
2583 4941 2636 4984 et
2664 4945 2767 4985 ms.
2817 4931 3027 5004 Remig.
3071 4934 3175 4989 Jol.
3205 4953 3335 4993 vero
3369 4956 3497 5005 ms.,

1922 5004 2211 5054 restituunt.

1990 5081 2019 5107 ιι
2056 5072 2154 5124 Ms.
2185 5070 2415 5139 Remig,
2444 5071 2867 5127 retribuerentur.

1994 5151 2019 5178 ο
2064 5143 2160 5196 Ms.
2191 5140 2462 5209 Joliensis,
2495 5142 2680 5213 quibus
2710 5144 2788 5210 fit.

1990 5221 2019 5260 P
2060 5214 2161 5285 Ms.
2190 5213 2346 5268 Coll).
2391 5224 2444 5267 et
2473 5211 2604 5269 edit.
2636 5228 2759 5285 app.
2798 5211 3056 5281 August.,
3088 5216 3335 5285 fallantur
3375 5221 3505 5274 dite.

1919 5285 2105 5337 ctione.
2139 5283 2229 5340 Sic
2258 5293 2312 5337 et
2341 5298 2529 5352 expos.
2565 5283 2755 5351 psalmi
2777 5325 2789 5348 ,
2825 5299 2944 5337 cum
2974 5283 3153 5340 caeteri
3186 5302 3373 5344 omnes
3414 5293 3507 5345 ha-

1921 5355 2103 5419 beant,
2132 5355 2379 5407 charitate
2411 5354 2688 5422 falluntur.

1993 5436 2019 5474 (ι
2066 5426 2204 5477 Edit.
2238 5424 2427 5478 Colon.
2469 5434 2577 5477 vet.
2603 5465 2618 5487 ,
2662 5424 2922 5476 nitendum
2966 5433 3157 5478 est.....
3204 5444 3406 5494 senmcr
3447 5434 3508 5483 de

1921 5496 2114 5548 divino.
2145 5494 2240 5566 Ms.
2274 5494 2405 5566 Jol.,
2430 5502 2631 5564 expetat
2653 5495 2907 5563 adjuvari.
2938 5494 3147 5565 Reliqui
3176 5514 3392 5566 OllltteS,
3425 5519 3509 5556 ex-

1921 5573 2106 5634 spectet
2136 5564 2395 5631 adjuvari.

1996 5644 2016 5670 τ
2060 5634 2155 5687 Ms.
2183 5633 2453 5699 Joliensis,
2482 5633 2557 5686 De
2577 5642 2793 5702 angusta
2818 5632 2936 5698 via;
2967 5635 3164 5690 omissa
3214 5655 3346 5696 vccc
3376 5644 3510 5701 vita»,

1996 5712 2016 5738 ⁸
2073 5705 2215 5756 1ε1ι1ιι.
2246 5704 2433 5757 Colon.
2464 5713 2570 5757 γει.
2592 5746 2605 5761 ,
2641 5704 2778 5771 ﬁdeli
2813 5708 2938 5771 spei.

1999 5778 2015 5808 ι
2068 5776 2163 5833 itis.
2198 5774 2296 5830 Jol.
2332 5790 2438 5829 non
2471 5775 2629 5830 habet
2660 5790 2842 5831 vocem
2876 5777 3041 5841 hanc,
3075 5778 3399 5838 Christianis.
