3978 6178
480 229 585 304 έδι

1724 230 1779 286 S.
1825 228 2159 285 PROSPERI
2204 229 2531 298 AQUITANI

3660 226 3766 287 ἂνδῖ

491 346 665 402 cultus
696 347 810 417 ipse
838 345 907 400 sit
938 358 1145 400 merces
1176 362 1190 399 ι
1232 359 1353 399 nam
1381 346 1470 414 qui
1506 344 1670 399 Deum
1701 344 1823 399 ideo
1863 344 1994 399 colit
2021 352 2077 398 ut
2101 348 2152 403 Α
2180 344 2268 397 alii
2301 342 2673 398 misericordia
2699 342 2835 397 salvi
2862 340 3013 409 fiunt,
3042 342 3132 397 alii
3161 341 3388 397 veritate
3415 341 3767 410 damnantur,

494 437 640 495 aliud
668 439 837 509 magis
881 453 1042 509 quam
1074 439 1245 507 ipsum
1296 448 1706 507 promereatur,
1756 454 1862 492 non
1910 438 2073 492 Deum

491 532 644 598 colit,
678 530 774 585 sed
805 531 934 585 illud
961 530 1103 599 quod
1138 530 1352 599 assequi
1382 532 1712 597 concupiscit
1736 529 1892 601 (Aug.
1920 545 2073 583 serm.

493 622 555 676 11
587 623 639 676 in
666 622 851 693 psalm.
884 635 1074 685 cxvni,
1100 621 1167 684 6;
1214 619 1402 691 Prosp.
1434 624 1485 673 in
1517 620 1688 674 eumd.
1718 624 1929 691 psalm.,
1957 621 2075 690 56).

788 713 929 768 XXI.
974 715 1048 767 De
1077 713 1291 767 occultis
1322 731 1423 767 non
1444 713 1767 785 judicandis.

557 804 636 859 De
662 806 889 859 occultis
914 805 1096 859 cordis
1124 805 1286 859 alieni
1312 804 1771 872 teincrejudicare
1798 812 2077 873 peccatum

490 907 606 962 est,
665 908 716 953 et
758 912 884 953 eum
914 912 937 939 α
973 898 1126 966 cujus
1158 913 1264 951 non
1298 898 1545 951 videntur
1576 912 1740 964 opera
1770 897 1871 950 nisi
1912 898 2072 965 bona,

490 989 733 1059 iniquum
765 998 845 1043 est
870 1004 933 1045 ex
961 989 1265 1056 suspicione
1286 986 1713 1056 reprehendere;
1746 1002 1866 1040 cum
1890 1002 2075 1042 eorum

488 1096 609 1152 qua:
640 1079 843 1136 homini
889 1088 1015 1135 sunt
1043 1078 1201 1151 547
1235 1078 1501 1147 incognita
1526 1121 1541 1144 ,
1574 1079 1721 1132 solus
1751 1078 1888 1132 Deus
1911 1077 2074 1147 judex

486 1174 557 1230 sit
582 1173 781 1242 justus,
815 1173 903 1239 qui
937 1185 991 1228 et
1037 1171 1312 1240 inspector
1337 1179 1419 1225 est
1460 1184 1620 1225 verus
1664 1168 1967 1240 (Zephirini
1991 1185 2072 1239 ep.

488 1265 555 1329 I;
592 1263 781 1333 Prosp.
808 1263 1068 1335 inpsalm.
1096 1277 1283 1325 cxvut,
1316 1261 1433 1330 59).

918 1352 1087 1407 XXII.
1125 1351 1205 1405 De
1228 1351 1492 1423 adjutorio
1531 1348 1648 1405 Dei.

564 1445 738 1500 Divini
770 1456 854 1501 est
878 1445 1118 1500 muneris
1141 1484 1156 1510 ,
1200 1460 1323 1498 cum
1370 1454 1424 1499 et
1470 1457 1616 1499 recta
1655 1446 1949 1513 cogitamus
1972 1486 1989 1511 ,
2021 1451 2077 1499 et

487 1537 653 1605 pedes
684 1546 897 1592 nostros
930 1552 958 1591 a
991 1537 1227 1591 falsitate
1254 1534 1281 1574 δ
1322 1545 1377 1591 et
1418 1535 1677 1605 iniustitia
1708 1537 2071 1591 continemus.

484 1628 705 1695 Quoties
735 1628 878 1684 enim
908 1629 1048 1683 bona
1079 1628 1286 1698 agimus
1306 1668 1321 1693 ,
1356 1628 1496 1681 Deus
1522 1628 1574 1680 in
1610 1626 1764 1681 nobis
1790 1637 1949 1697 atque
1978 1642 2075 1681 no-

483 1723 723 1786 biscum,
772 1731 830 1777 ut
867 1737 1155 1793 operemur
1202 1730 1457 1791 operatur
1509 1718 1764 1791 (Prosper
1798 1722 1850 1774 in
1880 1719 2069 1791 psalm.
2102 1718 2148 1778 B

482 1831 667 1882 cxvttt,
699 1815 797 1881 59;
830 1824 877 1869 et
916 1832 1101 1869 canon.
1135 1813 1170 1870 9
1199 1830 1343 1867 conc.
1376 1815 1563 1866 Araus.
1593 1812 1678 1883 Il).

731 1905 920 1961 XXIII.
964 1905 1043 1960 De
1077 1904 1399 1974 pussionibus
1433 1913 1727 1957 sanctorum
1759 1913 1806 1956 °.

553 1999 709 2055 Justo
751 1998 954 2069 judicio
1000 1996 1094 2051 Dei
1138 1996 1295 2051 datur
1340 1996 1656 2065 plerumque
1694 1992 2072 2063 peccatoribus

482 2098 724 2159 potestas
762 2104 865 2158 qua
911 2097 1123 2142 sanctos
1162 2086 1330 2156 ipsius
1371 2094 1762 2156 persequantur
1793 2102 1808 2143 :
1840 2083 1867 2123 ἀ
1894 2093 1954 2140 ut
1980 2085 2071 2154 qui

482 2180 688 2251 Spiritu
724 2180 817 2235 Dei
851 2180 1107 2251 juvantur
1142 2188 1197 2233 et
1227 2191 1455 2248 aguntur
1479 2220 1495 2244 ,
1545 2178 1672 2232 ﬁant
1701 2194 1795 2247 per
1823 2178 2069 2233 laborum

483 2270 740 2329 exercitia
770 2270 1031 2325 clariores
1061 2268 1312 2339 (Prosper
1335 2270 1389 2322 in
1419 2269 1605 2337 psatm.
1637 2283 1825 2334 cxvm,
1849 2267 1960 2339 62).

874 2360 1061 2417 XXIV.
1102 2360 1182 2416 De
1220 2361 1434 2415 scientia
1473 2362 1591 2415 boni
1623 2370 1669 2413 ο.

553 2455 670 2511 Νοη
705 2465 787 2511 est
816 2470 941 2510 vera
982 2454 1202 2509 scientia
1250 2454 1379 2509 boni
1404 2494 1419 2519 ,
1461 2454 1562 2508 nisi
1602 2453 1667 2507 ad
1701 2452 1801 2509 hoc
1827 2468 2070 2521 compre—

484 2548 765 2612 hendatur,
796 2556 852 2601 ut
879 2556 1066 2615 agatur
1100 2564 1113 2599 :
1151 2544 1169 2583 τ
1202 2560 1310 2600 non
1342 2546 1490 2599 enim
1539 2546 1741 2600 utiliter
1783 2544 2071 2599 meditatur

482 2638 653 2708 legem
709 2638 843 2703 Dei,
913 2638 1001 2707 qui
1050 2638 1254 2691 laborat
1310 2644 1367 2690 ut
1412 2637 1668 2691 memoria
1709 2645 1887 2692 teneat
1927 2635 2069 2705 quod

480 2730 692 2785 actione
719 2746 824 2785 non
857 2729 1039 2796 implet
1083 2727 1300 2800 (Prosp.
1330 2728 1381 2781 in
1406 2730 1590 2800 psalm.
1621 2744 1801 2793 cxvin,
1836 2729 1926 2793 7t,
1953 2727 2065 2799 77).

907 2818 1072 2873 XXV.
1116 2818 1192 2872 De
1221 2835 1392 2872 amore
1424 2820 1552 2889 legis
1594 2829 1641 2871 ε.

551 2910 652 2979 Qui
692 2910 866 2979 legem
906 2910 1000 2964 Dei
1042 2909 1245 2976 diligit,
1282 2907 1475 2978 probat
1504 2924 1563 2963 se
1598 2906 1623 2944 ιι
1665 2911 1713 2962 in
1763 2909 2069 2966 hominibus

482 3001 677 3071 iniquis
705 3002 756 3055 id
786 3000 927 3070 quod
951 3008 1137 3055 contra
1161 3000 1334 3069 legem
1366 3008 1448 3053 est
1476 2998 1799 3065 odisse,non
1824 2999 2070 3056 homines

482 3094 697 3165 (Prosp.
729 3094 779 3145 in
809 3092 995 3159 psalm.
1022 3106 1214 3160 cxvttt,
1252 3088 1398 3159 115).

702 3184 889 3239 XXVI.
932 3182 1009 3237 De
1052 3185 1341 3237 scrutandis
1378 3184 1635 3237 mandatis
1675 3182 1772 3237 Dei
1806 3184 1849 3237 ί.

556 3276 799 3331 Mandata
825 3275 919 3329 Dei
944 3277 1194 3337 serutari,
1220 3276 1319 3328 nisi
1344 3275 1520 3341 quieta
1546 3290 1718 3341 mens,
1744 3290 1846 3328 non
1871 3282 2066 3344 potest.

484 3367 556 3423 Ut
598 3381 727 3435 ergo
774 3366 1083 3435 religiosum
1134 3376 1454 3420 exerceatur
1493 3365 1729 3418 studium
1759 3407 1774 3430 ,
1808 3365 2069 3434 abigenda

484 3466 609 3511 sunt
649 3456 825 3527 jurgia
872 3457 1224 3526 malignorum
1276 3455 1511 3526 (I’rosp.
1553 3457 1607 3509 in
1652 3458 1838 3527 psalm.
1881 3472 2067 3528 cxvnt,

486 3552 631 3621 ηδ).

893 3642 1108 3697 XXVII.
1151 3641 1228 3697 De
1257 3643 1572 3714 proﬁciendo
1600 3646 1647 3698 i.

554 3735 724 3792 Nemo
750 3744 858 3791 tam
887 3736 1161 3803 eruditus,
1195 3752 1353 3793 nemo
1383 3749 1490 3792 tam
1516 3738 1710 3793 doctus
1744 3746 1829 3795 est
1864 3740 1952 3811 qui
1982 3756 2073 3796 su-

486 3844 650 3896 perna
690 3829 1045 3883 illustratione
1077 3845 1182 3884 non
1220 3839 1373 3899 egeat
1407 3847 1419 3882 :
1452 3828 1478 3867 ¹ι
1511 3846 1616 3885 non
1649 3833 1793 3886 enim
1824 3834 1897 3887 ita
1928 3833 2071 3889 nulla

486 3923 787 3977 divinorum
809 3918 1070 3974 bonorum
1093 3928 1377 3988 augmenta
1404 3920 1697 3989 sufﬁciunt,
1725 3930 1783 3977 ut
1805 3938 1908 3977 non
1930 3937 2073 3977 sem-

487 4028 583 4081 per
611 4010 848 4081 supersit
884 4014 1026 4080 quod
1060 4025 1211 4064 mens
1252 4012 1529 4067 rationalis
1558 4023 1615 4068 et
1670 4014 2069 4083 intelligendum

489 4100 764 4157 desideret
801 4108 857 4156 et
900 4099 1191 4170 gerendum
1253 4101 1272 4172 (
1297 4100 1487 4174 Prosp.
1541 4104 1597 4157 in
1650 4105 1835 4161 malm.
1882 4121 2069 4171 cxvnt,

487 4191 635 4263 iss).

790 4280 1028 4337 XXVIII.
1072 4279 1147 4337 De
1175 4281 1376 4354 duplici
1402 4298 1555 4352 opere
1584 4280 1681 4337 Dei
1714 4281 1761 4337 ι.

554 4374 613 4431 Si
648 4389 838 4431 omnes
868 4373 1115 4430 homines
1141 4374 1302 4428 simul
1344 4374 1753 4432 consideremus
1778 4416 1795 4446 ,
1840 4393 2070 4451 quorum

2181 434 2447 489 universa:
2477 434 2582 487 viae
2603 433 2835 500 Domini,
2862 434 2913 487 id
2941 442 3042 502 est,
3067 433 3433 489 misericordia
3462 444 3517 489 et
3542 435 3767 501 veritas,

2178 540 2276 578 suo
2306 527 2411 580 fine
2439 525 2708 580 distinctae
2746 534 2890 580 sunt.
2935 524 2990 581 Si
3020 535 3199 580 autem
3238 526 3384 579 solos
3415 535 3641 581 sanctos
3682 527 3766 581 in-

2180 626 2458 681 tueamur,
2487 632 2591 671 non
2622 617 2998 673 discernuntur
3027 617 3111 671 ha:
3139 619 3241 670 via:
3270 626 3309 653 ω
3345 617 3586 673 Domini.
3619 617 3768 672 Indi-

2180 707 2337 761 vidua
2374 709 2517 761 enim
2552 709 2620 762 ibi
2656 716 2740 762 est
2764 752 2777 775 ,
2816 718 2870 763 et
2903 724 2933 762 a
2974 708 3343 763 misericordia
3382 710 3586 764 veritas
3612 750 3629 774 ,
3657 720 3765 765 ets

2180 800 2405 854 veritate
2438 800 2805 855 misericordia
2838 816 2855 859 :
2898 799 3019 870 quia
3060 800 3334 856 beatitudo
3364 809 3684 856 sanctorum
3716 811 3767 855 et

2179 890 2246 944 de
2296 905 2521 944 munere
2572 892 2756 959 gratim
2804 902 2909 956 est,
2955 900 3011 945 et
3046 891 3113 946 de
3155 892 3509 947 retributione
3546 892 3767 962 iustitia

2181 981 2393 1053 (Prosp.
2425 984 2478 1035 in
2506 983 2693 1055 psalm.
2724 998 2913 1050 cxvm,
2949 982 3099 1053 151).

2508 1074 2704 1128 XXIX.
2746 1072 2825 1128 De
2855 1074 3174 1129 obseruantia
3197 1074 3337 1146 pacis
3361 1083 3409 1128 ’³.

2246 1165 2568 1222 Christianae
2618 1166 2968 1236 perfectionis
3018 1176 3101 1222 est
3140 1168 3417 1237 paciﬁcum
3450 1183 3574 1222 esse
3607 1167 3766 1240 55.8

2177 1263 2338 1317 etiam
2360 1277 2483 1317 cum
2513 1262 2657 1329 pacis
2682 1261 2935 1326 inimicis,
2968 1274 3063 1329 spe
3092 1259 3468 1327 correctionis,
3499 1276 3615 1315 non
3643 1278 3767 1315 con-

2182 1366 2345 1406 sensu
2387 1351 2737 1422 malignitatis
2764 1369 2777 1403 :
2816 1352 2935 1405 utsi
2967 1364 3067 1405 nec
3103 1350 3412 1419 exemplum
3433 1396 3450 1416 ,
3480 1359 3507 1387 °
3541 1366 3647 1406 nec
3674 1367 3763 1406 co-

2178 1441 2535 1498 bortationem
2559 1441 2863 1497 dilectionis
2884 1450 3179 1511 sequantur
3196 1484 3210 1508 ,
3242 1456 3431 1495 causas
3456 1452 3641 1497 tamen
3664 1459 3762 1497 non

2179 1536 2410 1591 habeant
2442 1535 2637 1604 quibus
2669 1534 2852 1591 odisse
2883 1549 2980 1589 nos
3000 1534 3234 1589 debeant
3260 1534 3470 1607 (Prosp.
3497 1536 3555 1590 in
3577 1537 3760 1605 psalm.

2176 1644 2323 1695 cxtx,
2356 1629 2430 1698 7).

2601 1718 2771 1773 XXX.
2805 1718 2877 1773 De
2906 1718 3141 1773 custodia
3161 1718 3258 1772 Dei
3280 1729 3329 1773 Ρ.

2249 1815 2497 1871 Custodit
2526 1831 2624 1870 nos
2653 1817 2911 1870 Dominus
2938 1816 3007 1869 ab
3036 1818 3178 1869 omni
3213 1815 3377 1883 malo,
3410 1830 3519 1870 non
3544 1824 3605 1872 ut
3633 1817 3760 1873 nihil

2174 1910 2444 1979 patiamur
2472 1907 2687 1962 adversi
2714 1947 2728 1971 ,
2769 1907 2865 1962 sed
2896 1917 2953 1961 ut
2984 1908 3114 1976 ipsis
3141 1907 3561 1963 adversitatibus
3588 1910 3755 1964 anima

2173 2016 2279 2057 non
2314 2002 2563 2055 tradatur.
2619 2000 2754 2053 Cum
2787 2000 2929 2054 enim
2973 2002 3200 2055 tentatio
3229 1999 3417 2064 adest,
3457 2000 3515 2054 ﬁt
3545 2002 3757 2071 quidam

2173 2094 2225 2147 in
2256 2090 2307 2147 id
2338 2091 2480 2161 quod
2523 2105 2621 2145 nos
2664 2090 2940 2160 impugnat
2969 2089 3261 2154 introitus;
3310 2103 3338 2142 ιι
3376 2100 3430 2146 et
3467 2107 3592 2147 cum
3623 2094 3757 2149 bono

2174 2184 2281 2239 ﬁne
2306 2227 2321 2252 ,
2354 2183 2405 2237 id
2435 2190 2550 2251 est,
2576 2182 2694 2237 sine
2725 2182 2944 2237 vulnere
2968 2183 3161 2237 animae
3190 2224 3204 2249 ,
3250 2186 3475 2238 tt‘nlalit)
3503 2200 3756 2240 consum-

2172 2287 2376 2341 matur,
2398 2274 2463 2327 ad
2494 2284 2750 2328 aeternam
2779 2273 3043 2343 requiem,
3070 2274 3136 2328 de
3160 2275 3427 2342 profundo
3454 2277 3760 2347 temporalis

2174 2367 2377 2422 laboris
2403 2366 2587 2421 exitur
2631 2364 2843 2435 (Prosp.
2873 2367 2924 2418 in
2954 2365 3140 2434 psalm.
3168 2381 3293 2429 cxx,
3326 2366 3399 2438 7).

2580 2454 2774 2509 XXXI.
2812 2465 2833 2492 τ
2860 2453 2937 2508 De
2960 2455 3219 2528 adjutorio
3248 2456 3364 2511 Dei.

2244 2556 2267 2586 ³
2310 2547 2389 2603 Ad
2418 2547 2656 2603 caelestis
2696 2546 2996 2600 Jerusalem
3044 2548 3375 2602 consortium
3425 2565 3533 2604 non
3573 2564 3757 2605 ascen-

2171 2640 2345 2706 dunt,
2378 2638 2483 2694 nisi
2534 2638 2627 2708 qui
2660 2646 2772 2691 toto
2820 2637 2983 2692 corde
3029 2637 3352 2706 proﬁtentur
3378 2681 3392 2700 .
3420 2655 3526 2693 non
3559 2644 3756 2711 proprii

2172 2731 2350 2799 operis
2376 2770 2392 2796 ,
2443 2728 2538 2783 sed
2569 2728 2737 2783 divini
2785 2742 2909 2783 esse
2953 2730 3231 2796 muneris,
3276 2731 3417 2799 quod
3464 2733 3758 2787 ascendunt

2174 2821 2396 2893 (Prosp.
2424 2821 2476 2873 in
2508 2819 2692 2890 psalm.
2721 2834 2867 2883 cur,
2894 2818 2971 2889 4).

2342 2910 2559 2965 XXXII.
2605 2911 2624 2946 ί
2668 2909 2748 2963 De
2791 2910 2923 2963 odiis
2951 2911 3133 2963 mundi
3161 2910 3213 2964 in
3243 2909 3591 2965 Christianos.

2242 3004 2447 3061 Omnes
2492 3004 2581 3072 qui
2615 3004 2666 3056 in
2707 3002 2925 3057 Christo
2956 3003 3045 3070 pie
3076 3004 3260 3058 volunt
3287 3005 3506 3070 vivere,
3544 3020 3761 3062 necesse

2100 3091 2146 3155 C
2177 3107 2340 3154 estut
2364 3098 2433 3152 ab
2463 3098 2642 3166 impiis
2670 3105 2724 3151 et
2751 3096 3105 3151 dissimilibus
3155 3100 3421 3166 patiantur
3444 3101 3758 3168 opprobria,

2170 3200 2227 3245 et
2252 3191 2620 3259 despiciantur
2652 3195 2922 3256 tamquam
2951 3187 3097 3241 stulti
3129 3198 3183 3241 ct
3219 3189 3415 3255 insani,
3444 3190 3539 3259 qui
3566 3198 3595 3226 υ
3625 3206 3760 3259 pras-

2173 3283 2347 3336 sentia
2400 3281 2540 3335 bona
2586 3278 2852 3347 perdant,
2903 3286 2957 3332 et
3004 3278 3291 3331 invisibilia
3335 3280 3451 3333 sibi‘
3483 3296 3546 3333 ac
3584 3281 3761 3335 futura

2171 3382 2200 3414 τ
2227 3371 2566 3444 promittant.
2592 3371 2697 3425 Sed
2723 3372 2837 3423 haec
2859 3370 3137 3439 despectio
3158 3380 3212 3424 et
3233 3372 3410 3426 irrisio
3434 3382 3460 3409 ι
3489 3374 3543 3427 in
3571 3374 3761 3444 impios

2171 3462 2595 3533 retorquebitur,
2628 3475 2749 3514 cum
2781 3468 2838 3513 et.
2872 3459 3200 3513 abundantia
3243 3476 3431 3515 eorum
3468 3465 3519 3515 in
3550 3476 3761 3533 egesta.

2173 3565 2281 3609 tem
2308 3594 2323 3619 ,
2350 3563 2405 3607 et
2434 3552 2684 3621 superbia
2717 3551 2992 3605 transierit
3034 3552 3087 3605 in
3118 3552 3493 3608 confusionem
3542 3557 3761 3625 (Prosp.

2170 3649 2225 3703 in
2246 3648 2429 3719 psalm.
2453 3661 2618 3707 cuti,
2646 3646 2725 3714 '5).

2456 3734 2697 3790 XXXIII.
2739 3744 2770 3784 γ
2822 3734 2899 3789 De
2938 3736 3187 3804 patientia
3225 3735 3480 3806 ﬁdelium.

2244 3831 2377 3887 Tota
2403 3829 2647 3884 ﬁdelium
2679 3827 2824 3881 salus
2848 3870 2862 3893 ,
2894 3835 3003 3880 tota
3051 3829 3322 3896 patientia:
3365 3828 3625 3883 fortitudo
3651 3869 3666 3893 ,
3698 3829 3763 3882 ad

2174 3940 2298 3983 cuin
2327 3923 2419 3993 qui
2448 3923 2501 3976 in
2528 3919 2727 3976 sanctis
2756 3920 2869 3972 suis
2896 3928 2980 3973 est
3016 3918 3276 3973 mirabilis
3315 3918 3597 3975 referenda
3630 3930 3717 3975 est
3748 3940 3761 3973 :

2171 4017 2296 4087 quia
2322 4013 2424 4069 nisi
2458 4014 2510 4067 in
2562 4011 2669 4066 illis
2708 4008 2970 4064 Dominus
3015 4017 3202 4075 esset,
3245 4008 3413 4064 furori
3467 4011 3762 4081 impiorum

2172 4108 2434 4178 fragilitas
2481 4105 2713 4159 humana
2756 4101 3136 4158 succumberet
3198 4100 3425 4176 (Prosp.
3477 4105 3530 4155 in
3574 4106 3760 4175 psalm.

2172 4214 2360 4265 cum,
2388 4196 2472 4267 2).

2526 4287 2772 4343 XXXIV.
2818 4283 2900 4341 De
2921 4286 3174 4355 obsequiis
3204 4285 3402 4340 debitis.

2243 4384 2320 4441 Ita
2345 4390 2400 4440 et
2419 4398 2448 4439 a
2476 4381 2724 4455 plebibus
2754 4380 3045 4450 principes,
3075 4387 3131 4435 et
3156 4394 3186 4433 a
3210 4379 3381 4435 servis
3404 4377 3609 4433 domini
3634 4386 3764 4434 sunt

555 4542 583 4571 ι
625 4530 989 4615 Edit._Colon.
1018 4539 1154 4615 vet.,
1184 4534 1333 4615 cujus
1358 4547 1514 4615 opera
1536 4550 1645 4615 non
1677 4536 1936 4615 videntur,
1967 4540 2069 4596 nisi
2094 4547 2147 4607 ι)
2244 4540 2274 4571 ο
2314 4540 2454 4596 Edit.
2479 4538 2837 4615 (ξριοῃηγεῑηΔ
2853 4554 2944 4593 nec
2969 4538 3369 4615 cohortationem
3395 4539 3763 4615 discretionum

483 4605 848 4683 t‘ona..._sotu_s
868 4603 1002 4683 Deus
1015 4606 1183 4683 ἀπέρω
1201 4603 1288 4669 sit,
1301 4606 1424 4674 quia
1441 4605 1609 4683 iustus
1628 4616 1722 4683 est,
1748 4616 1796 4683 et
1816 4610 2070 4677 inspector
2098 4603 2128 4607 ⁷
2170 4620 2470 4682 sequantur.
2501 4610 2599 4665 Ms.
2618 4603 2891 4675 Joliensis,
2911 4624 3002 4663 nec
3022 4610 3278 4681 exemplo,
3302 4626 3391 4664 nec
3408 4612 3762 4667 cohortatione

483 4690 650 4728 verus.
684 4673 780 4727 Ms.
809 4670 1043 4742 Reinigi,
1072 4670 1202 4727 Cum
1229 4670 1403 4727 eorum
1430 4670 1794 4743 quwrhominis
1828 4670 1950 4733 sunt
1989 4683 2071 4736 in-

482 4745 684 4815 cognita
704 4745 843 4797 solus
860 4743 994 4796 Deus
1008 4744 1249 4815 judexsit
1262 4747 1558 4815 justus,qui
1580 4749 1831 4818 inspector
1852 4760 1925 4805 est
1942 4754 2067 4809 veri.

555 4819 582 4856 δ
624 4815 723 4869 Ms.
755 4814 984 4885 licinig.,
1014 4831 1047 4867 a
1083 4815 1308 4885 falsitate
1336 4817 1621 4885 injustitiw.

709 4854 723 4867 .
755 4831 984 4879 netnlg.,
1014 4831 1047 4867 a
1083 4831 1308 4879 [atsuate
1336 4831 1621 4879 tnjusltltw.

558 4836 582 4856 ν
624 4836 723 4869 M5.
755 4836 984 4882 “Cllllg.,
1014 4836 1047 4867 a
1083 4836 1308 4885 [atsuaw
1336 4836 1595 4886 ιιψιδιιιιω

558 4898 583 4926 α
628 4887 771 4939 Edit.
810 4883 1001 4939 Colon.
1034 4894 1140 4938 vet.
1167 4886 1335 4949 addit,
1364 4903 1397 4939 a
1427 4888 1595 4941 malis.

555 4957 582 4994 ά
624 4957 722 5030 Ms.
749 4955 906 5030 Ctilb.
930 4966 985 5009 et
1013 4955 1143 5030 edit.
1170 4971 1295 5030 app.
1325 4958 1577 5030 Angust.,
1614 4968 1671 5013 ut
1705 4960 1785 5015 illi
1812 4962 1917 5030 qui.

559 5038 582 5064 ο
624 5025 766 5079 Edit.
794 5027 911 5080 Col.
943 5034 1048 5079 vet.
1080 5028 1247 5091 addit,
1281 5037 1328 5078 et
1368 5029 1588 5083 actione.

562 5100 577 5133 τ
628 5096 800 5149 Editio
830 5095 946 5149 Col.
977 5108 1114 5160 vet.,
1145 5097 1396 5149 inutiliter
1428 5108 1618 5151 autent.

556 5179 579 5214 κ
626 5168 801 5220 Editio
826 5167 1013 5221 Colon.
1044 5177 1153 5221 vet.
1186 5166 1361 5230 addit,
1393 5168 1446 5218 in
1471 5166 1782 5224 hominibus.

554 5237 581 5310 lt
622 5238 749 5310 Mss.
776 5238 983 5310 Remig.
1009 5246 1063 5292 et
1088 5238 1220 5310 Joh,
1247 5238 1301 5289 in
1326 5237 1781 5310 omnibusiniquis.

561 5308 577 5344 ί
616 5308 804 5379 βιίίιίο
830 5306 953 5379 Col.
973 5318 1080 5362 vet.
1103 5307 1633 5379 addit,_siriejurgiis.

558 5379 572 5449 i
615 5378 794 5449 Edttio
820 5377 1014 5433 Colon.
1042 5388 1154 5433 vel.
1185 5377 1336 5449 addit
1364 5377 1695 5449 hic,semper.

550 5445 577 5519 ξι
614 5448 713 5519 bis.
750 5450 983 5513 Itemig.,
1009 5466 1112 5501 non
1137 5451 1269 5503 enim
1299 5447 1390 5501 illa
1414 5449 1505 5500 ita.
1536 5445 1651 5504 Cal.
1684 5460 1814 5519 vet.,
1836 5453 1943 5509 ulla
1968 5456 2059 5511 ita.

548 5516 574 5555 οι
612 5517 791 5573 Edilio
820 5520 1007 5573 Colon.
1033 5530 1141 5573 vet.
1164 5520 1330 5585 addit,
1357 5520 1719 5574 misericordia:
1745 5533 1789 5576 et
1804 5516 2061 5581 ueritatis.

549 5598 589 5625 ω
612 5587 712 5643 Ms.
740 5589 846 5643 .lol.
878 5606 981 5643 non
1013 5590 1170 5645 habet
1203 5606 1389 5645 vocem
1420 5591 1557 5643 hanc
1584 5632 1597 5653 ,
1634 5592 1861 5647 Domini.

542 5664 576 5692 ευ
617 5657 794 5713 Editio
819 5659 1009 5713 Colon.
1034 5670 1140 5715 vet.
1173 5662 1353 5726 addit,
1389 5678 1501 5713 cum
1534 5663 1707 5717 matis.

2171 4683 2479 4737 dilectionis.

2244 4763 2271 4803 ιι
2317 4752 2491 4806 Editio
2517 4750 2710 4805 Colon.
2744 4759 2849 4805 vet.
2876 4748 3060 4813 addit,
3089 4749 3143 4802 in
3176 4751 3469 4804 tentatione.

2241 4832 2269 4872 ει
2310 4824 2500 4876 Colon.
2533 4832 2641 4875 vet.
2669 4820 2836 4875 editio
2856 4860 2869 4881 .
2905 4832 2951 4873 et
2979 4821 3109 4875 sicut
3139 4820 3267 4875 bono
3291 4824 3394 4889 ﬁne
3414 4862 3429 4882 ,
3459 4822 3517 4873 id
3552 4832 3626 4875 est
3653 4825 3764 4878 sine

2166 4894 2397 4959 uulnere,
2429 4893 2614 4945 anima
2639 4892 2849 4945 tentatio
2869 4902 3270 4944 consummatur.
3298 4892 3395 4945 Ms.
3417 4891 3551 4958 Joh,
3578 4905 3761 4947 etcum

2168 4965 2321 5017 bono.

2246 5045 2268 5071 τ
2314 5034 2458 5088 Edit.
2488 5031 2604 5087 Col.
2642 5042 2778 5097 vet.,
2809 5031 2884 5085 De
2913 5047 3121 5085 munere
3150 5030 3247 5085 Dei
3273 5033 3324 5084 in
3355 5047 3577 5085 ascensu
3604 5029 3762 5086 Jeru-

2169 5106 2349 5158 salem.

2243 5184 2267 5212 ⁸
2313 5174 2410 5228 Ms.
2441 5173 2649 5241 Remig.
2675 5213 2689 5238 ,
2721 5173 2801 5224 Ad
2834 5170 3047 5225 caelestis
3076 5169 3433 5223 Israelitarum
3465 5170 3758 5225 Jerusalem

2170 5246 2486 5299 consortium
2512 5260 2611 5295 non
2635 5244 2951 5306 ascendunt,
2980 5243 3080 5293 nisi
3108 5242 3194 5309 qui
3214 5242 3555 5311 confitentur,
3580 5256 3683 5297 etc.

2247 5316 2265 5353 ι
2312 5314 2500 5369 Colon.
2533 5322 2642 5368 vet.
2675 5315 2830 5378 edit.,
2864 5313 2938 5366 De
2964 5313 3102 5364 odio.

2241 5392 2271 5421 ιι
2314 5386 2455 5438 Edit.
2485 5384 2677 5438 Colon.
2706 5394 2848 5449 vet.,
2882 5385 2935 5435 in
2963 5383 3256 5450 pra'sentia.

2242 5465 2270 5494 τ
2310 5456 2408 5509 Ms.
2438 5455 2692 5509 Joliensis
2713 5497 2727 5521 ,
2762 5454 3082 5524 perqttirant:

2240 5536 2265 5563 ι
2310 5526 2407 5580 Ms.
2441 5524 2583 5591 .lol.,
2628 5526 2680 5577 in
2712 5522 2872 5590 ipsos.
2911 5523 3011 5577 Ms.
3049 5522 3295 5593 Remig,
3335 5524 3388 5577 in
3420 5524 3587 5593 ipsis,
3620 5522 3764 5581 forte

2167 5610 2264 5666 pro
2296 5598 2347 5647 in
2380 5598 2537 5664 ipsos.

2239 5676 2265 5717 I
2306 5662 2496 5722 Colon.
2532 5676 2639 5723 vet.
2668 5666 2822 5730 edit.,
2856 5662 2933 5719 De
2954 5664 3208 5732 patientia
3232 5708 3247 5730 ,
3274 5664 3327 5717 in
3356 5680 3456 5731 quo
3484 5665 3757 5723 consistat.
