4028 6176
234 286 324 342 ιῦὂ
664 280 866 338 LIBER
904 280 1446 339 SENTENTIARUM
1484 280 1580 336 EX
1620 277 1962 336 OPERIBUS
2004 279 2058 336 S.
2103 281 2476 338 AUGUSTINI
2518 283 3029 343 DELIBATARUM.

232 399 440 463 ferendi,
469 408 527 454 ut
551 400 650 454 sub
679 400 1071 455 exercitatione
1100 399 1402 456 tolerantia:
1430 397 1801 454 sustineantur
1828 402 1883 458 Α
2188 400 2347 457 XLII.
2394 402 2468 457 De
2517 405 2825 475 impunitate
2866 409 3203 477 peccantium.

232 492 548 562 temporalia,
580 504 633 546 et
663 502 951 562 Sperentur
975 502 1198 547 aeterna.
1242 495 1419 562 Auget
1457 492 1601 547 enim
1634 500 1659 528 α
1688 506 1805 547 mc-
1978 494 2119 549 Nihil
2174 495 2439 551 infelicius
2480 506 2563 553 est
2615 500 2867 555 felicitate
2916 502 3279 568 peccantium,
3316 508 3353 536 ω
3385 516 3487 567 qua

232 587 317 641 rita
345 586 556 638 virtutis
580 625 595 649 ,
642 584 785 651 quod
825 584 1158 654 propositum
1191 598 1299 639 non
1330 584 1497 639 violat
1524 583 1806 653 religionis
1905 588 2134 657 pmualis
2161 589 2403 643 nutritur
2453 591 2774 659 impunitas,
2811 603 2863 646 et
2904 594 3040 647 mala
3069 594 3316 648 voluntas
3343 592 3492 647 velut

235 678 431 749 (Prosp.
462 680 515 731 in
540 678 726 748 psalm.
759 693 947 745 cxxnv,
976 680 1055 748 5).
1886 679 2079 736 'hostis
2111 681 2338 737 interior
2364 683 2651 737 roboratur
2684 686 2839 755 (Aug.
2867 687 3017 751 ibid.,
3049 704 3103 740 η.
3137 687 3244 756 14).

3380 289 3486 345 454

356 771 572 827 XXXV.
605 771 632 809 δ
667 771 742 826 De
778 773 1049 827 toleranda
1086 775 1330 828 varietate
1379 772 1661 825 mundana.

291 866 437 921 [lecti
481 866 644 920 corde
682 866 748 921 de
792 866 1079 935 praeceptis
1110 868 1205 922 Dei
1246 877 1300 921 et
1327 864 1807 922 c0ustitutiouibus

238 975 325 1016 non
352 967 652 1027 queruntur
684 975 700 1012 :
732 958 855 1026 quia
888 957 1089 1027 justum
1116 969 1200 1015 est
1227 960 1404 1013 omnia
1435 957 1808 1028 aequanimiter

237 1051 413 1120 accipi,
444 1066 564 1119 quae
590 1050 929 1117 iudicaturus
961 1060 985 1088 ο
1010 1050 1178 1106 voluit
1227 1050 1447 1106 tolerari
1492 1049 1705 1120 (Prosp.
1752 1049 1809 1103 in

238 1142 407 1212 psalm.
436 1157 619 1205 cxxiv,
648 1139 730 1211 4).

447 1232 690 1288 XXXVI.
734 1232 813 1287 De
842 1233 1186 1305 wdiﬁcatione
1213 1234 1394 1288 domus
1436 1232 1556 1287 Dei.

295 1328 457 1403 55.9
480 1330 664 1384 Omnis
685 1330 854 1383 sancti
878 1329 1091 1384 aedilicii
1112 1340 1310 1399 status,
1338 1330 1479 1384 sicut
1500 1329 1612 1384 Deo
1629 1326 1657 1367 ά
1681 1342 1810 1398 ope-

237 1433 377 1480 nate
428 1423 672 1492 prolicit,
707 1422 778 1477 ita
812 1422 923 1478 Deo
970 1423 1312 1479 custodiente
1352 1423 1617 1478 consistit.
1662 1422 1809 1488 Quo-

240 1514 365 1567 niam
417 1523 541 1567 tunc
591 1514 740 1567 utilis
788 1513 1199 1582 praepositorum
1240 1512 1485 1567 custodia
1537 1520 1641 1576 est,
1686 1527 1808 1567 cum

244 1608 465 1675 Spiritus
486 1607 581 1661 Dei
613 1608 811 1676 populo
842 1622 941 1661 suo
965 1606 1239 1675 prznsidet,
1272 1614 1329 1661 et
1352 1622 1458 1660 non
1483 1606 1655 1660 solum
1691 1620 1813 1675 gre-

240 1716 338 1769 ges,
396 1702 491 1755 sed
544 1702 706 1756 etiam
756 1703 903 1769 ipsos
949 1702 1203 1771 dignatur
1242 1700 1517 1757 custodire
1568 1710 1812 1771 pastores

241 1794 441 1865 (Prosp.
464 1796 515 1847 in
538 1812 617 1865 ps.
646 1809 824 1857 cxxvt,
856 1793 932 1864 1).

584 1890 850 1945 XXXVII.
893 1890 968 1944 De
989 1892 1193 1945 (sternis
1229 1892 1454 1962 gaudiis.

301 1980 544 2036 lEternre
594 1982 828 2037 civitatis
879 1993 1079 2036 :eterna
1113 1992 1238 2036 sunt
1264 1982 1479 2052 gaudia,
1513 1991 1535 2019 θ
1566 1990 1618 2036 et
1658 1990 1811 2035 stan-

246 2077 355 2129 tium
384 2076 597 2129 dierum
636 2074 878 2144 fperpes
910 2076 1146 2129 inﬁnitas
1196 2090 1296 2129 nec
1344 2074 1658 2137 variabitur,
1715 2089 1814 2129 nec

243 2167 436 2220 labetur
466 2182 479 2219 :
506 2169 627 2234 quia
653 2166 1075 2220 incommutabili
1103 2181 1234 2234 pace
1266 2166 1558 2232 potientur,
1582 2182 1810 2234 quorum

245 2259 467 2311 umnium
502 2260 605 2311 erit
638 2259 857 2316 bonum.
893 2259 1033 2326 quod
1067 2259 1228 2313 fuerit
1273 2258 1435 2313 etiam
1474 2258 1811 2328 singulorum

245 2350 443 2418 (Prosp.
478 2353 529 2403 in
564 2369 641 2420 ps.
676 2368 871 2411 cxxvu,
898 2350 973 2423 5).

590 2443 877 2499 XXXVIII.
919 2443 996 2498 De
1026 2445 1135 2513 lege
1170 2444 1455 2498 charitatis.

305 2536 403 2590 Lex
460 2535 659 2591 Christi
689 2546 714 2583 8
758 2536 1018 2603 perfectio
1048 2538 1328 2592 charitatis
1372 2546 1476 2603 est,
1518 2551 1622 2604 qua
1676 2536 1816 2592 Deus

247 2627 624 2692 proximusque
646 2627 910 2695 diligitur,
930 2637 983 2681 et
1008 2643 1104 2696 per
1126 2644 1285 2698 quam
1312 2628 1510 2683 dicitur
1537 2628 1813 2683 Conditori

244 2719 383 2788 legis,
416 2718 446 2757 ιι
486 2719 693 2774 Dimitte
718 2722 860 2775 nobis
889 2722 1057 2774 debita
1079 2730 1255 2776 nostra
1283 2723 1415 2776 sicut
1444 2732 1491 2775 et
1518 2738 1610 2775 nos
1639 2722 1817 2775 dimit-

245 2813 379 2867 timus
404 2815 718 2867 debitoribus
746 2816 953 2868 nostris.
988 2815 1203 2885 (Mattlt.
1229 2832 1303 2880 Vt,
1339 2816 1454 2883 12.)
1502 2815 1646 2869 Bene
1671 2815 1813 2870 enim

245 2914 511 2973 exspectat
538 2906 947 2973 promissionem
984 2906 1099 2971 Dei,
1122 2909 1211 2976 qui
1239 2907 1486 2961 mandata
1516 2907 1635 2975 ejus
1662 2920 1817 2961 exse-

245 2998 447 3062 quitur;
482 3014 580 3052 nec
611 2999 811 3053 frustra
844 3009 1028 3066 sperat
1060 3001 1387 3069 parcendum
1425 3003 1659 3069 peccatis
1678 3000 1811 3068 suis,

244 3091 319 3160 qui
347 3092 579 3162 ignoscit
604 3092 792 3145 alienis
816 3092 1030 3162 (Prosp.
1064 3095 1115 3146 in
1145 3110 1222 3163 ps.
1248 3109 1428 3159 cxxm,
1459 3092 1539 3161 4).

597 3184 843 3239 XXXIX.
884 3184 961 3237 De
980 3186 1303 3254 jussionibus
1339 3185 1454 3239 Dei.

301 3276 437 3331 Nihil
470 3276 615 3331 Deus
640 3276 791 3344 jubet
834 3276 975 3343 quod
1001 3277 1101 3329 sibi
1142 3278 1333 3345 prosit,
1378 3276 1471 3331 sed
1503 3274 1581 3330 illi
1612 3275 1695 3330 cui
1722 3274 1814 3345 ju-

243 3366 338 3421 bet.
368 3368 504 3423 ldco
537 3383 698 3421 vcrus
727 3378 804 3421 est
831 3368 1109 3434 Dominus,
1144 3368 1231 3437 qui
1259 3382 1416 3421 servo
1450 3383 1557 3421 non
1588 3368 1816 3436 indiget,

240 3466 288 3511 et
310 3474 411 3528 quo
450 3472 649 3513 servus
675 3457 875 3527 indiget
904 3457 1060 3529 (Aug.
1108 3473 1191 3527 ep.
1222 3458 1343 3524 158,
1390 3458 1458 3511 ad
1490 3457 1816 3523 Marcellin.,

239 3564 369 3602 num.
395 3549 476 3619 6).

473 3640 592 3695 XL.
642 3639 658 3678 ί
709 3640 785 3694 De
829 3641 1155 3710 intemperati
1192 3642 1402 3696 scientia
1453 3641 1566 3696 Dei.

301 3731 353 3785 Id
383 3732 535 3802 quod
563 3733 617 3786 in
665 3741 907 3802 tempore
946 3749 1142 3786 novum
1186 3742 1299 3798 est,
1349 3748 1454 3787 non
1500 3743 1586 3788 est
1624 3746 1818 3787 novum

241 3819 257 3872 i
286 3825 417 3891 apud
443 3826 645 3890 Deum,
670 3822 771 3893 qui
792 3824 1032 3880 condidit
1055 3835 1321 3892 tempora,
1343 3834 1396 3879 et
1430 3825 1548 3880 sine
1577 3833 1821 3893 tempore

236 3911 387 3969 habet
418 3914 443 3952 κ
466 3916 674 3978 omnia,
703 3932 820 3983 qum
848 3917 961 3969 suis
1001 3917 1304 3984 quibusque
1334 3916 1696 3984 temporibus,
1726 3930 1821 3985 pro

236 4020 412 4061 eorum
437 4005 733 4071 varietate,
770 4007 1042 4060 distribuit
1068 4006 1228 4075 (Aug.
1262 4006 1413 4073 ibid.,
1447 4023 1500 4060 η.
1530 4007 1605 4075 7).

628 4094 765 4149 XLI.
817 4094 897 4149 De
944 4096 1265 4164 providentia
1308 4094 1424 4148 Dei.

297 4185 642 4240 Mutabilium
668 4186 1075 4253 dispositionem
1106 4183 1122 4222 ι
1149 4185 1503 4240 immutabilis
1524 4186 1661 4239 ratio
1689 4200 1824 4239 con-

233 4275 377 4341 tinet,
410 4277 511 4331 ubi
545 4278 665 4331 sine
697 4284 935 4345 tempore
963 4277 1119 4330 simul
1148 4285 1292 4341 sunt,
1324 4292 1443 4344 quae
1473 4277 1525 4331 in
1559 4277 1822 4346 tempori-

234 4365 322 4420 bus
353 4385 461 4422 nun
516 4368 678 4421 simul
723 4370 875 4433 fiunt,
928 4368 1052 4437 quia
1101 4375 1342 4437 tempora
1373 4383 1479 4422 non
1509 4368 1671 4423 simul
1700 4383 1825 4424 cura

230 4471 343 4515 runt
367 4463 537 4533 (Aug.
566 4463 720 4528 ibid.,
752 4480 805 4517 η.
836 4460 914 4528 8).

294 4694 320 4722 ⁸
359 4687 461 4741 Ms.
496 4686 655 4742 Colb.
684 4696 738 4741 et
771 4686 899 4741 edit.
932 4686 1187 4754 August.,
1219 4689 1475 4741 meritum.

292 4755 321 4793 ι’
358 4758 513 4811 Edit.
551 4758 742 4812 Colon.
782 4766 892 4812 vet.
917 4799 932 4825 ,
962 4758 1085 4812 Non
1134 4760 1379 4829 conqueri
1408 4758 1471 4813 de
1499 4758 1825 4812 constitutio-

224 4830 370 4882 nibus
401 4829 525 4882 Dei.

292 4908 315 4937 ο
356 4899 563 4953 Colon.
593 4908 702 4953 vet.
736 4898 891 4957 edit..
923 4900 1155 4952 voluerit.

287 4966 312 5006 δ
342 4970 505 5024 Colb.
540 4970 662 5023 cod.
691 4984 815 5031 ms.,
848 4979 1149 5040 cooperante
1172 4985 1191 5035 ;
1213 4970 1388 5026 acini.
1416 4970 1558 5036 loco,
1591 4969 1823 5023 custodia

222 5050 308 5107 est,
342 5042 475 5093 ordo
500 5050 595 5093 est.

288 5122 311 5148 ε
346 5112 450 5166 Ms.
486 5110 766 5175 Jolieusis,
792 5119 840 5181 et
863 5110 1160 5164 instantium
1188 5111 1406 5166 dierum.
1450 5110 1547 5165 Ms.
1581 5110 1814 5181 Remig.,

218 5191 260 5234 et
277 5184 538 5235 instantia
565 5182 780 5235 dierum.
819 5180 1029 5234 Postea.

285 5251 305 5288 ί
336 5253 543 5304 Colon.
574 5262 677 5304 vet.
712 5251 868 5311 edit.,
894 5253 1200 5319 perpetuitas
1242 5252 1479 5317 inﬁnita.
1502 5294 1513 5307 .
1534 5291 1545 5303 .
1571 5289 1580 5299 .
1604 5268 1816 5318 quorum

218 5322 304 5373 erit
336 5323 577 5374 omnium
607 5325 811 5383 bonum,
844 5325 994 5375 etiam
1035 5338 1146 5389 qua:
1174 5322 1299 5389 ﬁunt
1328 5324 1670 5392 singulorum.

284 5401 309 5458 ε
340 5392 529 5444 Editio
555 5392 742 5445 Colon.
770 5402 905 5453 vet.,
932 5394 1173 5458 perfectio
1206 5401 1277 5445 est
1307 5394 1591 5446 charitatis.

282 5457 312 5497 ιι
338 5463 441 5534 llis.
477 5461 732 5534 Jolicnsis
759 5462 909 5514 addit
934 5457 1213 5529 'hic,Deo;
1241 5472 1296 5518 et
1322 5475 1441 5534 post
1470 5465 1675 5534 aliquot
1697 5479 1819 5520 ver-

217 5527 299 5591 ba,
326 5533 415 5600 qui
440 5532 746 5584 mandatum
782 5534 912 5602 ejus.

290 5601 305 5638 ί
342 5602 711 5656 Emendauius
734 5601 811 5657 ex'
831 5621 931 5656 ms.
961 5601 1204 5667 Joliensi,
1237 5603 1289 5657 in
1317 5620 1421 5674 quo
1443 5603 1639 5659 melius
1664 5604 1818 5660 exhi-

218 5667 373 5746 betur
425 5676 730 5746 sententiae
759 5674 1014 5746 subjecta;
1056 5687 1249 5746 sensus
1294 5667 1453 5746 quam
1485 5677 1536 5730 iu
1568 5678 1812 5743 caeteris,

221 5741 327 5799 ubi.
361 5751 425 5798 de
458 5742 731 5811 temporali
756 5744 965 5799 scientia
987 5743 1199 5813 legitur.

2336 775 2520 830 XLIII.
2553 776 2628 829 De
2656 776 2781 847 legis
2824 780 2988 831 littera
3011 786 3060 832 ο.

1977 865 2136 935 Legis
2166 867 2363 935 littera,
2412 886 2533 940 qua:
2563 871 2721 925 docet
2746 887 2850 925 ηοιι
2898 887 3018 926 esse
3060 871 3410 940 peccandum,
3440 872 3487 928 si

1908 959 2140 1029 Spiritus
2168 962 2446 1018 vivificans
2475 963 2635 1031 desit,
2663 965 2883 1019 occidit.
2912 973 2937 1001 ο
2967 965 3101 1020 Sciri
3126 966 3269 1020 cnim
3301 980 3488 1035 pecca-

1911 1060 2021 1105 tum
2054 1051 2180 1107 facit
2207 1053 2385 1121 potius
2420 1069 2578 1122 quam
2623 1057 2803 1110 caveri
2831 1073 2843 1108 :
2903 1057 3066 1128 550
3087 1066 3140 1111 et
3168 1057 3288 1111 ideo
3318 1057 3495 1127 magis

1909 1144 2091 1213 augeri
2115 1158 2274 1213 quam
2296 1143 2495 1209 minui;
2516 1146 2642 1216 quia
2667 1148 2823 1202 malas
2854 1151 3309 1219 euncupiscentiae
3330 1152 3492 1206 etiam

1910 1238 2281 1305 prmvaricatio
2305 1238 2439 1310 legis
2467 1242 2676 1297 accedit
2701 1240 2859 1314 (Aug.
2888 1243 2953 1296 de
2976 1243 3123 1312 Spir.
3146 1254 3194 1298 et
3224 1243 3351 1298 Litt.
3374 1261 3422 1299 c.
3438 1246 3489 1310 5,

1915 1329 2027 1397 14).

2346 1423 2529 1479 XLIV.
2573 1424 2650 1481 De
2674 1427 2783 1496 lege
2809 1437 2856 1481 et
2880 1429 3066 1497 gratia.

1984 1515 2094 1569 Lex
2138 1515 2258 1569 data
2308 1526 2391 1571 est
2438 1527 2498 1571 ut
2536 1520 2702 1588 gratia
2739 1530 3114 1589 quzereretur:
3158 1521 3329 1592 gratia
3375 1524 3498 1578 data

1915 1616 1999 1661 est
2025 1617 2079 1661 ut
2122 1608 2206 1663 lex
2242 1609 2577 1677 impleretur.
2607 1611 2789 1682 Neque
2816 1614 2958 1667 enim
2996 1629 3094 1669 suo
3119 1615 3250 1669 vitio
3272 1632 3376 1669 non
3400 1617 3499 1670 im.

1916 1696 2183 1765 plebatur,
2213 1699 2307 1754 sed
2348 1701 2479 1755 vitio
2524 1703 2825 1771 prudentiae
2868 1705 3088 1759 carnis:
3119 1705 3265 1775 quod
3310 1707 3496 1761 vitium

1841 1773 1888 1833 Β
1917 1806 2011 1859 per
2039 1791 2210 1861 legem
2242 1794 2743 1861 demonstrandum,
2800 1812 2896 1866 per
2932 1773 3161 1869 gratiam
3200 1800 3497 1856 sanandum

1913 1880 2012 1935 fuit
2041 1882 2196 1953 (Aug.
2234 1885 2384 1945 ibid.,
2419 1902 2465 1937 ε.
2495 1885 2605 1956 19).

2306 1976 2465 2031 XLV.
2510 1978 2586 2031 De
2616 1980 2949 2050 prbmissioue
2990 1980 3104 2035 Dei.

1984 2065 2097 2120 lloc
2127 2069 2391 2135 promittit
2437 2069 2601 2131 Deus,
2647 2070 2789 2139 quod
2830 2069 2947 2139 ipse
3000 2070 3147 2125 facit.
3195 2069 3313 2126 Non
3354 2073 3497 2128 enim

1915 2162 2029 2230 ipse
2070 2164 2334 2229 promittit
2357 2172 2409 2218 ct
2434 2164 2571 2218 alius
2605 2164 2769 2219 facit:
2798 2165 2939 2233 quod
2973 2166 3083 2233 jam
3122 2181 3226 2219 non
3256 2174 3341 2221 est
3372 2182 3493 2233 pro-

1915 2256 2151 2317 mittere,
2181 2258 2273 2311 sed
2302 2259 2620 2326 prmdicere.
2649 2257 2775 2311 Ideo
2806 2275 2907 2311 non
2939 2275 3000 2311 ea;
3039 2258 3291 2329 operibus,
3326 2259 3416 2312 sed
3439 2275 3499 2312 ea:

1915 2356 2125 2402 vocante
2153 2347 2329 2417 (Rom.
2357 2366 2435 2415 ix,
2465 2350 2569 2413 1‘2;
2603 2359 2652 2404 et
2682 2366 2755 2413 IV,
2785 2349 2841 2419 4)
2869 2368 2883 2415 ;
2913 2365 2980 2404 ne
3004 2352 3241 2417 ipsorum
3274 2350 3363 2413 sit,
3392 2366 3499 2405 non

1915 2440 2043 2505 Dei;
2088 2451 2143 2495 et
2170 2458 2377 2495 merces
2422 2459 2525 2495 non
2559 2442 2857 2511 imputetur
2903 2444 3196 2499 secundum
3237 2446 3459 2513 gratiam
3485 2490 3497 2509 ,

1916 2533 2009 2587 sed
2031 2534 2330 2587 secundum
2355 2535 2631 2598 debitum;
2660 2543 2822 2604 atque
2852 2536 2922 2590 ita
2955 2537 3125 2606 gratia
3150 2537 3260 2606 jam
3293 2553 3402 2593 non
3432 2540 3502 2593 sit

1917 2624 2086 2694 gratia
2118 2624 2273 2694 (Aug.
2302 2626 2453 2689 ibid.,
2486 2643 2529 2678 ε.
2556 2624 2673 2694 21).

2026 2718 2210 2772 XLVI.
2255 2717 2331 2772 De
2359 2720 2592 2787 fidelium
2640 2720 2805 2791 culpis
2836 2731 2883 2774 et
2912 2721 3202 2787 inﬁdelium
3231 2722 3396 2777 bonis.

1991 2812 2144 2867 Sicut
2169 2828 2275 2865 non
2310 2811 2612 2880 impediunt
2654 2813 2719 2867 ab
2748 2821 2948 2867 arterna
2981 2813 3087 2867 vita
3115 2815 3317 2883 justum
3352 2830 3501 2883 quar-

1920 2904 2042 2958 dam
2075 2914 2293 2973 peccata
2328 2904 2578 2969 venialia,
2610 2906 2727 2960 sine
2758 2906 2953 2973 quibus
2998 2908 3113 2962 hmc
3136 2909 3240 2961 vita
3269 2922 3375 2963 non
3402 2907 3502 2962 du-

1919 2995 2061 3047 citur
2086 3034 2101 3058 ,
2151 2995 2228 3049 sic
2252 2994 2316 3048 ad
2343 2995 2572 3049 salutem
2603 3005 2862 3049 zeternam
2913 2998 3042 3051 nihil
3094 3008 3313 3066 prosunt
3340 2999 3506 3067 impio

1922 3086 2099 3153 aliqua
2136 3086 2275 3139 bona
2325 3101 2511 3154 opera,
2556 3088 2675 3142 sine
2702 3089 2893 3157 quibus
2933 3089 3253 3144 difficillime
3280 3091 3387 3144 vita
3413 3104 3506 3143 cu-

1920 3177 2139 3247 juslibet
2167 3178 2384 3247 pessimi
2407 3179 2640 3233 hominis
2662 3180 2934 3235 invenitur
2959 3178 3114 3251 (Aug.
3147 3181 3298 3251 ibid.,
3319 3195 3367 3235 ο.
3387 3180 3502 3251 27).

2160 3269 2363 3323 XLVII.
2406 3280 2435 3319 Ρ
2463 3269 2541 3323 De
2568 3270 2719 3324 mulce
2753 3271 3033 3324 voluntatis
3059 3270 3265 3338 effectu.

1993 3362 2123 3416 Cum
2157 3362 2407 3416 voluntas
2443 3363 2581 3417 mala
2622 3372 2938 3431 potestatem
2970 3364 3214 3432 accipitq
3238 3362 3508 3421 utefficiat

1922 3455 2062 3523 quod
2086 3458 2254 3524 cupit,
2300 3472 2362 3510 ex
2393 3455 2593 3525 judicio
2616 3457 2710 3511 Dei
2737 3457 2905 3521 venit,
2939 3462 3079 3523 apud
3113 3472 3270 3527 quem
3297 3473 3402 3512 non
3428 3470 3511 3513 est

1923 3547 2197 3616 iniquitas.
2238 3547 2399 3602 Punit
2424 3548 2567 3602 enim
2596 3549 2758 3603 etiam
2790 3548 2897 3603 isto
2928 3548 3122 3604 modo:
3148 3563 3251 3603 nec
3280 3548 3402 3603 ideo
3428 3549 3508 3601 in-

1917 3636 2084 3705 juste,
2108 3637 2231 3706 quia
2269 3638 2499 3692 occulte.
2526 3637 2795 3692 Cancrum
2822 3637 3037 3707 iniquus
3068 3636 3243 3705 puniri
3266 3650 3327 3690 se
3355 3635 3505 3705 igno-

1923 3738 2028 3798 rat,
2058 3728 2162 3783 nisi
2186 3744 2305 3783 cum
2340 3740 2363 3766 ι’
2394 3730 2681 3783 manifesto
2723 3730 2987 3799 supplicio
3019 3730 3250 3785 senserit
3280 3728 3471 3782 nolens
3491 3769 3506 3792 ,

1923 3831 2185 3891 quantum
2214 3821 2339 3876 mali
2369 3822 2438 3876 sit
2466 3822 2605 3891 quod
2625 3822 3151 3892 perpetravitvolens
3172 3820 3331 3893 (Aug.
3354 3820 3508 3886 ibid.,

1924 3930 1971 3966 ε.
2003 3914 2116 3982 51).

2374 4003 2606 4059 XLVIII.
2648 4002 2727 4059 De
2754 4006 2991 4076 superbia
3013 4013 3060 4058 ³.

1995 4094 2186 4151 Omnia
2208 4095 2337 4149 vitia
2371 4096 2422 4149 in
2448 4096 2746 4151 malefactis
2767 4096 3140 4151 tantummodo
3163 4096 3372 4153 valent:
3394 4096 3510 4153 sola

1925 4187 2176 4257 superbia
2206 4188 2367 4242 etiam
2393 4189 2445 4242 in
2479 4198 2625 4242 recte
2647 4189 2805 4244 factis
2832 4189 3066 4245 cavenda
3098 4199 3183 4246 est
3214 4189 3372 4261 (Aug.
3415 4189 3507 4245 lib.

1925 4280 1990 4334 de
2022 4278 2152 4334 Nat.
2184 4289 2229 4334 et
2255 4279 2346 4333 Gr.
2383 4296 2429 4333 ιτ.
2460 4278 2574 4347 ‘27).

2250 4370 2436 4425 XLIX.
2466 4372 2485 4407 τ
2516 4370 2593 4424 De
2617 4372 2807 4440 impari
2833 4388 2928 4425 usu
2949 4376 3189 4443 fortunae.

2000 4465 2233 4519 Interest
2261 4462 2550 4534 plurimum
2579 4463 2754 4534 qualis
2781 4463 2852 4517 sit
2895 4477 3045 4527 usus,
3081 4462 3162 4519 vel
3189 4476 3375 4519 earum
3418 4474 3510 4519 re-

1852 4690 1904 4749 D
2003 4687 2017 4756 ᾗ
2056 4687 2154 4741 Ms.
2178 4687 2446 4754 Jnliensis,
2483 4692 2622 4750 apud
2650 4704 2766 4741 eum
2794 4692 2883 4756 qui

2001 4754 2027 4822 ξε
2061 4758 2203 4811 Edit.
2237 4758 2429 4812 Colon.
2463 4760 2630 4822 addit,
2668 4754 2911 4814 omnium.

2000 4815 2015 4848 ¹
2049 4828 2147 4900 tus.
2177 4828 2447 4900 .Iuliensis,
2473 4815 2804 4884 immutabilis
2833 4832 3122 4900 dispositio.

1997 4906 2037 4934 ω
2062 4898 2157 4951 Ms.
2184 4898 2550 4966 Remigianus,
2580 4902 2723 4966 quia.

1995 4967 2025 4996 ¹¹
2052 4968 2194 5022 Edit.
2221 4969 2407 5023 Colon.
2435 4969 2601 5036 addit,
2632 4972 2742 5023 sine
2780 4972 2902 5024 vita.

1998 5047 2023 5073 ο
2053 5040 2313 5113 MsLJolq
2339 5041 2495 5113 Sciri,
2526 5049 2585 5092 ut
2614 5040 2665 5093 iu
2699 5041 2818 5113 loco
2844 5043 3126 5111 Augustini
3170 5042 3222 5098 in
3268 5044 3512 5113 margine

1923 5112 2107 5236 ﬁiiato.
2134 5112 2363 5193 (lodices
2386 5111 2475 5165 alii
2496 5112 2687 5175 nostri,
2706 5112 2874 5181 Scire,
2899 5116 2982 5169 cui
3007 5131 3110 5169 non
3136 5115 3272 5171 bene
3288 5111 3510 5185 respou-

1965 5191 2010 5236 Ci
2045 5197 2229 5235 caveri.

1965 5191 2010 5237 et
2045 5184 2229 5235 caveri.

1996 5262 2024 5301 Ρ
2053 5250 2171 5323 Col.
2196 5262 2306 5306 vet.
2333 5251 2485 5317 edit.,
2522 5252 2597 5306 De
2622 5255 2756 5307 mala
2786 5256 3044 5307 voluntate
3073 5262 3120 5306 et
3145 5262 3412 5323 potestate.

1996 5333 2023 5371 τι
2050 5322 2190 5396 Edit.
2219 5323 2409 5377 Colon.
2444 5333 2578 5396 vet.,
2608 5325 2849 5393 eﬂiciendi
2870 5326 3005 5396 quod
3032 5322 3187 5395 cupit,
3222 5342 3289 5379 ex
3305 5325 3512 5396 judicio

1924 5394 2229 5465 ejuspenit.
2253 5433 2267 5446 .
2366 5394 2543 5462 quanti
2570 5396 2697 5447 mali
2723 5399 2788 5448 sit
2812 5394 2949 5465 quod
2978 5394 3284 5460 perpetravit
3306 5394 3509 5452 'volens.

1996 5473 2018 5499 τ
2043 5462 2141 5515 Ms.
2175 5461 2409 5531 Remig.,
2437 5466 2711 5532 mnifesto
2746 5461 2999 5536 supplicia
3037 5466 3249 5518 senserit
3288 5466 3467 5520 nolens
3492 5505 3510 5532 ,

1922 5543 2043 5587 tunc
2067 5536 2295 5599 agnoscit
2313 5544 2576 5603 quantum,
2618 5546 2721 5589 etc.

1997 5614 2019 5642 ι
2050 5603 2190 5656 Edit.
2216 5605 2410 5659 Colon.
2442 5615 2551 5659 vet.
2578 5605 2745 5663 addit,
2764 5605 2814 5656 in
2840 5602 3004 5659 bonis.

1997 5674 2016 5709 ι
2043 5671 2233 5749 _Colon_.
2263 5685 2398 5749 vet_.,
2441 5673 2519 5730 De
2559 5676 2675 5745 pari
2704 5691 2816 5731 usu.
2849 5676 2947 5732 Ms.
2974 5675 3106 5743 Jol.,
3156 5674 3234 5729 De
3260 5691 3356 5732 usu
3383 5691 3508 5749 pro-

1920 5744 2056 5813 speri
2084 5753 2131 5798 et
2158 5745 2378 5799 adversi.
