3978 6178
434 212 537 266 435

437 339 555 379 rum
579 337 699 393 qua:
724 338 1015 395 prosperae,
1045 323 1125 378 vel
1146 337 1328 377 earum
1352 335 1473 391 qum
1493 319 1743 375 dicuntur
1756 319 2019 375 adversae.
2048 321 2104 381 Α

446 415 581 470 Nam
612 415 785 471 bonus
816 415 1229 486 temporalibus,
1278 429 1379 469 nec
1406 413 1563 468 bonis
1589 411 1885 477 extollitur,
1917 426 2018 467 nec

441 505 599 559 malis
629 504 892 575 frangitur
922 524 933 560 :
984 506 1159 562 malus
1191 518 1369 561 autem
1404 505 1525 560 ideo
1548 513 1572 541 ⁸
1601 503 1905 574 huiusmodi
1934 503 2018 557 in-

442 597 699 651 felicitate
748 598 987 666 punitur,
1017 600 1138 665 quia
1167 598 1423 653 felicitate
1470 596 1828 665 corrumpitur
1860 594 2016 666 (Aug.

437 685 527 738 lib.
552 700 569 739 ι
599 687 661 740 de
688 684 838 741 Civit.
870 705 995 759 cap.
1026 688 1105 759 8).

828 776 887 832 L.
932 778 1011 831 De
1046 786 1208 831 morte
1246 783 1540 832 sanctorum
1576 772 1627 827 δ.

510 867 647 922 Mala
677 883 820 924 mors
851 870 1081 939 putanda
1108 886 1214 924 non
1244 877 1348 937 est,
1376 883 1535 939 quam
1578 868 1716 922 bona
1745 866 1851 921 vita
1885 882 2023 935 prae—

443 960 685 1013 cesserit.
730 961 844 1021 Non
878 964 1021 1015 enim
1053 960 1179 1015 facit
1207 960 1401 1014 malam
1446 965 1692 1021 mortem,
1729 958 1888 1029 551
1922 956 2022 1011 nisi

443 1050 584 1119 quod
614 1053 858 1120 sequitur
888 1062 1139 1108 mortem.
1188 1052 1306 1107 Non
1348 1052 1529 1121 itaque
1571 1049 1799 1104 multum
1829 1062 2023 1103 curan-

441 1142 567 1197 dum
601 1153 681 1197 est
712 1147 1021 1201 necessario
1066 1144 1366 1210 morituris,
1415 1142 1542 1213 quid
1580 1142 1787 1197 accidat
1816 1150 1875 1195 ut
1913 1155 2027 1195 mo-

441 1234 670 1303 riantur,
700 1235 796 1290 sed
822 1236 1103 1292 moriendo
1132 1252 1240 1307 quo
1270 1236 1351 1292 ire
1379 1244 1642 1307 cogantur
1682 1235 1841 1306 (Aug.
1870 1233 2017 1304 ibid.,

445 1342 494 1377 c.
531 1322 643 1395 11).

610 1414 698 1470 LI.
740 1414 817 1469 De
842 1416 1065 1485 puritate
1090 1425 1112 1456 ⁸
1143 1432 1297 1485 quam
1326 1432 1429 1470 non
1463 1417 1627 1485 perdit
1658 1415 1859 1469 invitus.

514 1504 591 1560 Ita
622 1519 729 1562 non
754 1508 1022 1563 amittitur
1046 1508 1291 1576 corporis
1322 1510 1600 1575 sanctitas,
1629 1516 1882 1564 manente
1910 1505 2028 1560 ani-

449 1598 523 1653 mi
546 1600 856 1668 sanctitate,
871 1601 1031 1654 etiam
1056 1614 1285 1669 corpore
1298 1615 1556 1669 Oppresso
1575 1617 1590 1666 ;
1610 1602 1748 1656 sicut
1764 1598 2031 1654 amittitur

1666 206 1724 263 S.
1766 204 2105 264 PROSPERI
2140 201 2469 271 AQUITAM

3600 201 3716 257 ιδθ

2271 318 2456 374 LVIII.
2497 318 2577 375 De
2604 317 2882 391 principali
2915 317 3145 372 omnium
3182 331 3358 372 rerum
3387 332 3562 371 causa.

2193 409 2455 466 Voluntas
2480 410 2573 466 Dei
2615 418 2699 465 est
2737 409 2907 479 prima
2936 418 2990 464 et
3019 421 3229 463 summa
3266 420 3430 461 causa
3462 407 3715 462 omnium

2123 502 2484 572 corporalium
2533 500 2966 571 spiritaliumque
3010 500 3332 555 motionum.
3375 498 3517 553 Nihil
3563 501 3715 554 enim

2123 592 2183 647 ﬁt
2212 593 2494 647 visibiliter
2532 604 2587 647 et
2625 592 2972 657 sensibiliter,
3007 589 3152 660 quod
3195 605 3300 644 non
3339 588 3408 643 de
3458 589 3721 644 invisibili

2124 693 2284 751 atque
2335 684 2654 754 intelligibili
2686 684 2883 738 summi
2928 682 3273 753 imperatoris
3310 681 3458 746 aula,
3499 690 3591 736 aut
3627 682 3727 751 ju-

2123 773 2340 840 beatur,
2388 783 2478 829 aut
2529 774 2909 845 permittatur,
2953 772 3249 829 secundum
3279 770 3604 827 ineffabilem
3626 772 3723 841 ju-

2125 865 2334 921 stitiam
2365 867 2733 937 praemiorum,
2780 866 2941 937 552
2972 874 3135 936 atque
3165 879 3472 934 poenarum,
3519 865 3727 933 gratia-

2127 974 2245 1014 rum
2276 969 2330 1014 et
2360 959 2777 1014 rctributionum
2801 999 2817 1023 ,
2854 958 2909 1012 in
2945 957 3047 1013 ista
3098 957 3263 1011 totius
3292 965 3555 1012 creatum
3598 971 3725 1011 am-

2134 1051 2375 1121 plissima
2405 1050 2634 1118 quadam
2665 1051 3032 1119 immensaque
3077 1047 3353 1119 republica
3391 1047 3545 1118 (Aug.
3578 1046 3619 1103 ι.
3661 1063 3726 1103 ιιι

2129 1145 2192 1199 de
2213 1143 2359 1199 Trin.
2387 1159 2437 1197 c.
2459 1141 2542 1213 4).

2199 1234 2336 1291 LIX.
2365 1231 2394 1272 ιι
2417 1233 2495 1289 De
2539 1233 2777 1300 superbia
2805 1230 2999 1287 diaboli
3024 1240 3071 1285 et
3104 1227 3300 1285 Christi
3328 1228 3646 1284 humilitate.

2202 1316 2459 1380 Diabolus
2499 1324 2769 1394 superbus
2821 1324 3094 1378 hominem
3149 1321 3548 1390 superbientem
3598 1336 3729 1391 per-

2132 1416 2286 1470 duxit
2312 1416 2377 1469 ad
2407 1414 2676 1480 mortem;
2714 1414 2962 1469 Christus
3012 1411 3237 1466 humilis
3280 1410 3551 1466 hominem
3593 1411 3730 1467 obe-

2131 1506 2366 1562 dientcm
2412 1504 2631 1561 reduxit
2677 1505 2744 1560 ad
2792 1505 2977 1561 vitam.
3031 1503 3166 1571 Quia
3216 1502 3361 1557 sicut
3415 1503 3503 1557 ille
3550 1503 3729 1557 elatus

2133 1598 2349 1663 cecidit,
2377 1606 2432 1651 et
2462 1596 2661 1665 dejecit
2687 1596 3118 1651 consentientem
3145 1609 3160 1659 ;
3186 1595 3265 1647 sic
3294 1594 3395 1647 iste
3419 1592 3729 1647 humiliatus

446 1688 703 1744 sanctitas
748 1689 991 1759 corporis
1018 1732 1031 1757 ,
1088 1690 1286 1743 violata
1339 1689 1505 1744 animi
1553 1692 1820 1759 puritate,
1869 1688 2029 1744 etiam
2064 1694 2109 1754 Β
2138 1690 2402 1757 surrexit,
2444 1698 2499 1745 et
2521 1688 2692 1745 erexit
2729 1687 3043 1743 credentem
3085 1684 3241 1756 (Aug.
3272 1682 3363 1737 lib.
3393 1700 3446 1740 tv
3483 1683 3545 1737 de
3577 1682 3727 1738 Trin.

449 1796 676 1851 corpore
706 1780 907 1835 intacto
939 1780 1093 1853 (Aug.
1120 1781 1271 1847 ibid.,
1303 1797 1349 1834 e.
1382 1779 1494 1853 18).

802 1872 909 1927 LII.
940 1870 1019 1926 De
1043 1873 1347 1942 fortitudine
1367 1873 1669 1927 tolerantia.

521 1963 690 2034 Major
742 1964 953 2017 animus
1005 1964 1200 2018 merito
1254 1964 1512 2019 dicendus
1572 1972 1683 2027 est.
1733 1964 1821 2034 qui
1866 1964 2031 2018 vitam

449 2068 808 2109 aerumnosam
836 2054 1004 2125 magis
1029 2055 1178 2125 eligit
1212 2054 1375 2120 ferre,
1414 2069 1575 2124 quam
1607 2054 1824 2125 fugere;
1855 2063 1910 2109 et
1937 2054 2037 2108 hu-

450 2162 669 2201 manum
695 2145 955 2215 judicium
975 2187 990 2211 ,
1018 2146 1046 2183 ει
1090 2146 1428 2216 maximeque
1451 2148 1669 2218 vulgare
1694 2187 1709 2214 ,
1748 2150 1891 2218 quod
1925 2149 2037 2217 ple-

451 2252 681 2306 rumque
706 2236 936 2305 caligine
978 2236 1179 2291 erroris
1211 2237 1523 2303 involvitur,
1558 2254 1669 2308 prae
1691 2240 2036 2295 conscientia:

449 2329 568 2384 luce
597 2342 659 2382 ac
686 2328 919 2397 puritate
955 2339 1307 2383 contemnere
1338 2329 1494 2400 (Aug.
1524 2330 1677 2397 ibid.,
1706 2348 1751 2385 c.
1775 2330 1888 2402 22).

559 2418 695 2475 LIII.
730 2429 754 2457 ο
795 2419 875 2473 De
904 2419 1063 2473 libera
1091 2420 1331 2474 seruitute
1366 2430 1410 2472 et
1465 2422 1691 2475 dominio
1736 2422 1927 2476 servili.

519 2511 688 2568 iustis
718 2511 978 2581 quidquid
1019 2510 1282 2565 malorum
1320 2509 1338 2549 ί
1367 2512 1434 2565 ab
1476 2511 1673 2581 iniquis
1700 2512 1931 2567 dominis
1959 2512 2036 2567 ir-

452 2614 695 2674 rogatur,
720 2617 827 2657 non
851 2618 1009 2672 poena
1041 2612 1123 2658 est
1143 2602 1407 2667 criminis,
1429 2604 1524 2658 sed
1550 2604 1760 2658 virtutis
1786 2620 2034 2659 examen.

452 2695 585 2749 Nam
612 2694 785 2750 bonus
816 2694 1025 2749 etiamsi
1052 2693 1249 2749 serviat
1284 2734 1299 2759 ,
1331 2694 1471 2749 liber
1486 2704 1606 2749 est:
1639 2696 1809 2749 malus
1836 2704 2036 2760 autem,

458 2785 562 2840 etsi
584 2794 797 2855 regnet,
818 2799 1007 2841 servus
1034 2796 1145 2850 e51;
1170 2799 1270 2839 nec
1289 2786 1448 2839 unius
1475 2785 1727 2851 hominis,
1751 2786 1866 2851 sed,
1897 2788 2037 2855 quod

452 2886 535 2930 est
555 2877 792 2945 gravius,
826 2886 904 2929 tot
931 2876 1274 2931 dominorum
1323 2885 1455 2946 quot
1477 2876 1726 2931 vitiorum
1763 2877 1917 2949 (Aug.
1946 2878 2035 2931 tib.

455 2980 507 3019 tv
536 2966 600 3022 de
627 2964 736 3021 Civ.
767 2982 813 3019 υ.
849 2964 928 3034 5).

835 3056 970 3114 LIV.
1010 3056 1090 3113 De
1120 3058 1377 3113 oblatione
1402 3068 1655 3114 votorum.

526 3146 697 3203 Nemo
720 3149 1009 3218 quidquam
1033 3150 1258 3204 Domino
1282 3160 1427 3204 recte
1447 3160 1687 3215 voveret,
1713 3150 1813 3204 nisi
1836 3149 1901 3205 ab
1924 3149 2040 3217 ipso

459 3241 732 3308 acciperet
753 3240 894 3309 quod
924 3250 1146 3296 voveret
1177 3240 1334 3313 (Aug.
1360 3241 1448 3293 lib.
1484 3256 1593 3294 xvu
1625 3242 1687 3294 de
1714 3241 1817 3295 Civ.
1844 3240 2035 3313 θυμοί,

455 3338 503 3382 et
529 3345 645 3384 can.
680 3330 740 3384 11
775 3345 920 3385 conc.
954 3331 1258 3385 Arausicani
1285 3340 1366 3399 ll).

872 3422 983 3477 LV.
1027 3421 1105 3475 De
1134 3424 1354 3476 essentia
1383 3423 1617 3480 Deitatis.

528 3513 721 3569 Omnis
750 3513 1045 3570 substantia
1070 3530 1189 3584 quae
1212 3514 1355 3569 Dens
1381 3530 1489 3568 non
1520 3525 1621 3579 est,
1664 3524 1905 3570 creatura
1938 3525 2039 3584 est,

459 3613 515 3659 et
538 3620 657 3675 qua:
684 3614 931 3661 creatura
963 3622 1068 3661 non
1101 3615 1203 3671 est,
1251 3606 1390 3660 Deus
1418 3614 1522 3661 est.
1546 3605 1697 3659 Nulla
1725 3622 1852 3675 ergo
1884 3608 2041 3664 (litie-

457 3698 630 3752 rentia
663 3700 824 3753 estin
860 3698 1068 3752 Deitate
1108 3697 1412 3764 Trinitatis,
1464 3700 1715 3768 quoniam
1741 3700 1882 3767 quod
1931 3699 2041 3755 Deo

458 3790 636 3845 minus
666 3799 788 3861 est,
824 3792 966 3847 Deus
1011 3806 1115 3846 non
1142 3800 1227 3846 est
1270 3789 1431 3863 (Can.
1468 3792 1535 3846 12
1575 3809 1721 3846 conc.
1768 3794 2039 3848 Arausica-

458 3883 511 3937 ni
538 3882 620 3950 ιι).
1222 3933 1232 3938 .

776 3977 915 4031 LVI.
961 3978 1152 4043 Quales
1195 3994 1286 4031 nos
1333 3977 1520 4047 diligat
1563 3977 1721 4031 Deus.

527 4066 687 4121 Tales
710 4081 809 4121 nos
854 4076 999 4121 amat
1037 4067 1201 4132 Deus,
1235 4067 1423 4134 quales
1454 4067 1621 4121 futuri
1668 4082 1848 4121 smnus
1877 4070 2044 4126 iusius

458 4157 624 4224 dono,
653 4174 760 4213 non
796 4160 984 4227 quales
1008 4174 1192 4212 sumus
1225 4169 1411 4213 nostro
1440 4160 1655 4214 merito.

745 4248 903 4303 LVII.
935 4258 960 4297 Β
992 4248 1069 4303 De
1096 4250 1427 4316 intemperati
1463 4267 1614 4319 apere
1644 4249 1759 4304 Dei.

529 4342 676 4399 Ordo
706 4352 1009 4412 temporum
1037 4342 1089 4394 in
1122 4349 1321 4395 (eterna
1344 4340 1439 4396 Dei
1472 4342 1730 4411 sapientia
1760 4344 1875 4398 sine
1906 4353 2041 4401 tem-

2067 3056 2114 3120 C

2138 1798 2186 1835 c.
2208 1780 2317 1852 10).

2472 1871 2586 1928 LX.
2629 1869 2708 1925 De
2744 1868 3058 1943 spiritalibus
3085 1867 3392 1940 augmentis.

2210 1964 2268 2019 In
2293 1965 2455 2020 rebus
2498 1961 2831 2031 spiritalibus
2861 1975 2983 2015 cum
3020 1960 3198 2014 minor
3244 1956 3435 2027 majori
3462 1955 3724 2023 adhmret,

2139 2057 2278 2113 sicut
2300 2056 2542 2112 Creatori
2564 2062 2832 2115 creatura,
2864 2053 2951 2107 illa
2987 2053 3043 2107 Iit
3074 2050 3245 2121 major
3271 2065 3432 2120 quam
3452 2058 3591 2116 erat,
3619 2064 3732 2103 non

2141 2148 2264 2215 ille;
2306 2157 2363 2202 et
2403 2147 2506 2201 hoc
2534 2155 2618 2201 est
2661 2145 2836 2213 majus
2873 2158 3020 2207 esse,
3072 2142 3214 2212 quod
3252 2151 3334 2195 est
3363 2139 3555 2195 melius
3586 2154 3729 2205 esse,

2143 2240 2263 2308 quia
2292 2238 2580 2293 adhazrens
2609 2246 2853 2291 creatura
2885 2235 3149 2299 Creatori,
3192 2250 3296 2289 non
3334 2234 3477 2288 mole
3501 2233 3733 2298 auctior,

2141 2330 2238 2385 sed
2269 2330 2465 2383 virtute
2494 2328 2552 2382 ﬁt
2581 2328 2751 2395 major
2781 2325 2941 2397 (Aug.
2977 2324 3014 2377 ι.
3068 2340 3122 2378 vr
3154 2325 3217 2377 de
3246 2323 3395 2377 Trin.
3430 2338 3477 2374 ο.
3505 2322 3586 2391 8).

2378 2424 2519 2478 LXI.
2552 2421 2630 2475 De
2660 2421 2910 2487 inelfabili
2934 2419 3233 2474 excellentia
3258 2417 3497 2472 Deitatis.

2214 2517 2440 2572 Excedit
2463 2514 2921 2585 supereminentia
2948 2512 3167 2566 Deitatis
3192 2526 3298 2565 non
3324 2510 3499 2565 solum
3525 2508 3736 2564 visitati

2144 2610 2344 2679 eloquii
2387 2608 2579 2673 nostri,
2631 2605 2726 2661 sed
2769 2605 2928 2659 etiam
2974 2601 3345 2673 intelligentia:
3396 2600 3738 2656 facultatem.

2150 2701 2340 2755 Verius
2390 2701 2533 2753 enim
2564 2700 2829 2767 cogitatur
2856 2696 2999 2750 Deus
3041 2710 3198 2764 quam
3228 2692 3439 2757 dicitur,
3465 2699 3519 2746 et
3549 2690 3739 2745 verius

2141 2802 2224 2848 est
2247 2807 2407 2861 quam
2431 2791 2719 2859 cogitatur.
2751 2789 2866 2843 Non
2926 2785 2942 2824 ί
2976 2802 3141 2856 parva
3171 2794 3349 2839 autem
3384 2784 3590 2839 notitiae
3612 2797 3742 2853 pars

2139 2892 2245 2950 est,
2276 2882 2321 2936 si
2350 2892 2632 2951 antequam
2669 2880 2811 2934 scire
2842 2879 3111 2947 possimus
3142 2875 3265 2944 quid
3308 2876 3377 2930 sit
3406 2874 3570 2939 Deus,
3608 2886 3742 2941 pos-

2144 2987 2331 3027 sumus
2362 2971 2500 3026 seire
2530 2969 2655 3040 quid
2685 2985 2791 3024 non
2817 2970 2887 3022 sit
2914 2970 2931 3038 (
2960 2969 3091 3038 Aug.
3121 2968 3158 3021 ι.
3184 2981 3277 3019 vui
3305 2966 3367 3018 de
3400 2963 3543 3019 Trin.
3568 2980 3617 3018 c.
3652 2962 3741 3028 Ξ).

2540 3061 2702 3118 LXII.
2748 3062 2825 3115 De
2854 3078 2968 3115 vera
2999 3059 3333 3114 beatitudine.
3684 3072 3781 3096 αρν

2214 3156 2413 3211 Omnes
2456 3154 2599 3209 beati
2629 3153 2831 3208 habent
2878 3152 3020 3220 quod
3072 3150 3280 3217 volunt,
3330 3145 3579 3217 quamvis
3628 3162 3741 3203 non

2143 3261 2333 3302 omnes
2358 3245 2449 3313 qui
2480 3245 2678 3299 habent
2704 3242 2846 3313 quod
2879 3242 3089 3309 volunt,
3134 3240 3391 3295 continuo
3433 3239 3543 3292 sint
3568 3238 3741 3293 beati.

2145 3338 2415 3394 Continuo
2462 3344 2640 3392 autem
2680 3344 2807 3391 sunt.
2859 3334 3068 3399 miseri,
3124 3334 3216 3402 qui
3248 3332 3335 3387 vel
3379 3347 3485 3385 non
3537 3331 3745 3386 habent

2142 3433 2287 3500 quod
2319 3434 2524 3497 volunt,
2561 3432 2643 3487 vel
2690 3431 2741 3485 id
2787 3430 2986 3485 habent
3019 3428 3162 3498 quod
3193 3442 3299 3482 non
3348 3438 3494 3483 recte
3525 3427 3786 3509 voluti;

2142 3522 2369 3592 Propior
2398 3538 2528 3593 ergo
2552 3521 2868 3576 beatitudini
2897 3522 3141 3576 voluntas
3171 3530 3338 3583 recta,
3370 3520 3532 3572 etiam
3572 3519 3588 3567 ι
3629 3534 3741 3572 non

2151 3615 2341 3686 adepta
2375 3615 2517 3683 quod
2550 3616 2716 3684 cupit,
2742 3630 2897 3683 quam
2932 3629 3119 3681 prava,
3161 3612 3372 3667 etiamsi
3403 3608 3548 3681 Quod
3587 3612 3742 3679 cupit

2145 3710 2376 3765 obtinuit
2402 3708 2560 3781 (Aug.
2590 3709 2626 3761 ι.
2661 3722 2757 3760 xm
2784 3707 2848 3759 de
2888 3705 3033 3759 Trin.
3066 3721 3112 3759 c.
3138 3705 3218 3774 5).

2461 3798 2642 3854 LXIII.
2671 3800 2694 3835 κ
2724 3798 2863 3865 Quid
2893 3798 2956 3852 sit
2988 3813 3093 3851 esse
3131 3811 3248 3849 cum
3279 3794 3407 3853 Deo.

2233 3891 2420 3959 Magna
2472 3890 2706 3944 hominis
2754 3890 2969 3944 miseria
3013 3896 3096 3942 est
3138 3902 3261 3941 cum
3312 3886 3405 3940 illo
3455 3900 3560 3939 non
3604 3899 3748 3941 esse

2146 3984 2263 4038 sine
2285 3998 2392 4051 quo
2424 3997 2529 4035 non
2562 3990 2740 4051 potest
2777 3995 2919 4035 esse.
2952 3980 3007 4034 In
3036 3995 3145 4049 quo
3167 3986 3251 4033 est
3296 3978 3463 4041 enim,
3492 3978 3612 4031 sine
3644 3976 3747 4031 du-

2146 4074 2234 4129 bio
2255 4074 2373 4129 sine
2405 4076 2497 4127 illo
2524 4090 2627 4127 non
2653 4080 2770 4127 est:
2801 4081 2858 4126 et
2886 4080 3065 4125 tamen
3099 4070 3141 4124 si
3168 4071 3283 4137 ejus
3326 4086 3433 4121 non
3467 4068 3744 4129 meminit,

2145 4184 2378 4237 eumque
2409 4184 2512 4221 non
2559 4166 2828 4239 intelligit,
2855 4180 3031 4235 neque
3057 4164 3249 4233 diligit,
3280 4177 3399 4217 cum
3428 4177 3494 4219 eo
3525 4178 3636 4217 non
3659 4173 3746 4218 cst

2145 4261 2303 4334 (Aug.
2339 4260 2374 4314 ι.
2402 4276 2487 4314 xw
2513 4260 2573 4312 de
2602 4257 2749 4312 Trin.
2773 4274 2819 4310 c.
2859 4257 2973 4327 1‘2).

2427 4352 2613 4407 LXIV.
2656 4352 2734 4405 De
2764 4350 3118 4404 incarnatione
3149 4347 3303 4402 Verbi
3338 4345 3450 4400 Dei.

458 4448 591 4501 Ροτθ
624 4445 727 4501 θεῖν
760 4449 861 4489 nec
900 4433 1074 4504 aliqua
1099 4441 1225 4488 sum
1252 4433 1392 4502 ³1)υά
1432 4434 1581 4488 ἰηιιηὶ
1614 4449 1770 4501 "Ova,
1801 4436 1890 4505 qui
1923 4438 2047 4494 fecit
2079 4424 2127 4483 D
2227 4445 2485 4499 Diviuitas
2522 4443 2683 4499 Verbi
2713 4443 2931 4513 aequalis
2973 4442 3114 4495 Patri
3164 4440 3300 4493 facta
3341 4445 3425 4493 est
3466 4437 3748 4507 particeps

459 4538 578 4592 quae
603 4523 782 4579 futura
808 4532 953 4579 sunt.

530 4740 557 4769 ⁸
581 4729 680 4786 Ms.
708 4728 979 4797 Joliensis,
1015 4730 1170 4799 hujus
1198 4728 1397 4799 mundi.

526 4800 555 4841 δ
591 4796 1093 4856 Edit.Co|on.vet.'
1140 4799 1308 4861 addit,
1358 4797 1507 4851 bona.
1541 4797 1641 4853 bis.
1694 4796 1829 4863 Jol.,
1886 4799 2038 4866 Quod

458 4889 559 4928 non
580 4873 739 4945 possit
766 4868 901 4945 male
920 4870 1049 4945 mori
1067 4870 1153 4937 qui
1180 4868 1301 4945 liene
1321 4870 1518 4945 uixerit.

532 4955 553 4983 ε
581 4939 726 4999 Edit.
749 4941 965 5007 Colon.,
982 4939 1067 5011 De
1092 4939 1309 5011 puritate
1333 4940 1509 5011 animi,
1532 4954 1777 5011 appresso
1803 4954 2036 5009 corpore.

526 5014 555 5050 ά
584 5013 777 5068 Colon.
796 5021 905 5066 vet.
931 5009 1333 5073 edit.,'maxime
1352 5010 1487 5075 quod
1512 5018 1585 5063 est
1611 5009 1843 5077 vulgare.

530 5094 554 5121 ε
582 5082 726 5138 Edit.
758 5080 970 5149 Colum,
1011 5080 1085 5134 De
1111 5080 1270 5133 libera
1311 5080 1551 5132 servitute
1590 5080 1642 5131 in
1684 5081 1891 5132 domino
1933 5097 2042 5133 ser-

457 5155 590 5217 vili;
631 5153 770 5208 forte
816 5165 938 5222 pro,
970 5160 1017 5206 et
1062 5150 1291 5203 dominio
1320 5150 1522 5222 servili;
1576 5149 1759 5203 caueri
1800 5151 2036 5217 codices,

464 5224 536 5279 De
554 5219 1142 5292 humilitatejustorum:
1164 5236 1277 5292 non
1313 5229 1418 5292 tam
1452 5219 1607 5292 bene.

532 5294 553 5332 ί
594 5295 732 5349 Edit.
761 5289 980 5358 Colon”
1012 5291 1199 5360 aliquis
1245 5290 1482 5343 dominus
1504 5359 1507 5360 ν
1532 5290 1755 5359 irregat.
1777 5327 1791 5340 .
1811 5326 1825 5342 .
1850 5327 1877 5360 ,ν
1900 5289 2037 5343 Nam

455 5367 611 5420 etiam
642 5367 798 5418 bonus
824 5365 869 5417 si
905 5363 1111 5429 serviat,
1142 5369 1248 5416 etc.
1283 5362 1379 5413 Ms.
1430 5359 1561 5425 JoI.,
1608 5360 1775 5412 malus
1814 5359 2037 5415 etiamsi.

463 5438 564 5492 Ms.
587 5434 691 5489 Jol.
721 5436 894 5498 initio,
916 5432 1081 5486 Iustis
1109 5432 1360 5500 quidquid
1394 5430 1539 5483 mali.

530 5516 558 5554 ε
599 5505 825 5561 Codices
851 5518 1039 5558 omnes
1084 5499 1195 5568 alii,
1224 5499 1420 5570 prazter
1453 5515 1554 5553 ms.
1599 5499 1927 5565 .Iolicnsem,
1963 5501 2040 5555 De

461 5577 765 5643 temporali:
810 5576 963 5642 cujus
992 5573 1151 5628 lectio
1202 5574 1387 5643 magis
1418 5586 1717 5640 congruere
1758 5576 2040 5643 sententiae

456 5642 573 5703 visa
606 5655 707 5712 est,
738 5646 829 5699 ubi
879 5645 988 5697 sine
1036 5654 1259 5712 tempore
1288 5642 1485 5698 dicitur
1526 5658 1645 5699 esse
1677 5642 1729 5696 in
1778 5642 1883 5696 Deo
1915 5645 2039 5697 ordo

2154 4537 2497 4591 mortalitatis
2527 4545 2747 4601 nostrae,
2790 4548 2894 4588 non
2942 4536 3008 4588 de
3046 4547 3166 4596 suo,
3204 4530 3297 4585 sed
3326 4530 3393 4585 de
3434 4540 3660 4585 nostro:
3690 4544 3749 4587 ut

2151 4748 2456 4791 tenmornm.

2220 4757 2540 4863 munich
2572 4823 2672 4861 ms.
2693 4807 2813 4861 cod.
2850 4806 3002 4859 Colh.
3028 4805 3349 4859 sententiam
3382 4802 3527 4855 illam
3555 4801 3747 4856 addit:

2152 4879 2229 4931 De
2266 4880 2452 4946 ﬁnibus
2494 4879 2746 4931 malorum
2776 4887 2822 4929 et
2855 4877 3123 4929 bonorum.
3155 4876 3300 4946 Scire
3348 4876 3517 4946 uolens
3554 4875 3606 4926 in
3639 4890 3748 4946 qua

2148 4944 2318 5002 rerum
2347 4952 2415 5004 sis
2442 4959 2587 5021 parte
2618 4948 2870 5021 locandus
2897 4990 2910 5015 ,
2942 4948 3151 5021 discute
3170 4945 3526 5021 quid_ti_meas,
3559 4944 3751 5010 quidve

2149 5022 2211 5072 sit
2240 5021 2377 5087 quod
2403 5016 2567 5075 antas.
2611 5020 2832 5089 Sumpta
2872 5027 2955 5073 est
2997 5033 3068 5072 ex
3101 5017 3237 5071 libro
3276 5016 3745 5083 Epigramlnatum

2149 5090 2423 5157 Prosperi,
2456 5107 2505 5144 c.
2540 5090 2629 5145 59.

2225 5160 2241 5198 ί
2270 5153 2371 5215 Ms.
2402 5153 2677 5222 Joliensis,
2711 5158 2835 5213 Non
2868 5172 3052 5225 parua.
3072 5196 3083 5210 .
3105 5195 3119 5209 .
3143 5196 3157 5209 .
3187 5156 3231 5209 si
3275 5164 3545 5225 antequam
3573 5153 3749 5222 possi-

2144 5248 2255 5285 mus
2284 5234 2430 5295 scire.
2464 5243 2569 5285 etc.
2599 5230 2713 5287 Nec
2738 5222 2900 5284 distat
2940 5228 3222 5301 Augustini
3248 5222 3415 5301 liber.
3438 5222 3561 5276 Non
3594 5225 3739 5301 enim

2146 5317 2315 5371 parua:
2345 5304 2539 5357 notitia:
2566 5319 2686 5373 pars
2712 5312 2803 5354 est.
2825 5340 2839 5353 .
2855 5339 2868 5354 .
2887 5338 2900 5352 .
2920 5339 2934 5352 .
2971 5300 3013 5351 si
3033 5296 3304 5373 antequam
3326 5296 3456 5348 scire
3476 5296 3744 5373 possimus

2144 5367 2267 5443 quid
2299 5376 2361 5425 sit
2386 5373 2544 5437 Deus,
2566 5367 2845 5442 possumus
2879 5373 2997 5442 jam
3016 5372 3148 5443 scire
3177 5367 3304 5443 quid
3324 5382 3423 5443 non
3455 5367 3541 5443 sit:

2225 5442 2237 5492 i
2277 5445 2420 5497 Edit.
2446 5434 2635 5497 Colon.
2662 5451 2791 5497 νει..
2822 5434 2924 5493 non
2956 5440 3166 5509 adepto.
3191 5434 3292 5492 Ms.
3317 5434 3594 5499 Juliettsis,
3622 5450 3747 5505 qua

2148 5516 2314 5574 cupit.
2342 5554 2357 5566 .
2378 5553 2388 5565 .
2410 5552 2422 5565 .
2451 5514 2587 5583 quod
2613 5512 2921 5583 concupiuit.

2220 5583 2242 5621 ¹ί
2277 5573 2473 5640 Colon:
2498 5593 2605 5639 vel.
2630 5573 2786 5649 edin,
2820 5580 3051 5648 Quorum
3078 5581 3144 5635 sit
3168 5595 3276 5634 me
3309 5594 3421 5631 cum
3462 5573 3586 5629 Deo.

3707 3758 3837 3771 ρει--ιΠῖ
