4028 6176
269 257 362 309 έὸἳ

717 254 917 310 LIBER
957 256 1499 316 SENTENTIARUM
1541 259 1633 317 EX
1674 262 2012 321 OI‘ERIBUS
2051 268 2108 324 S.
2149 255 2529 329 AUGUSTINI
2564 273 3081 332 DELIBATARUM.

3423 284 3528 338 ‘3'6

265 381 319 423 et
345 382 442 422 nos
463 369 802 424 eiliceremnr
826 368 1116 439 participes
1139 370 1435 425 divinitatis
1463 373 1601 441 ejus,
1624 391 1730 430 non
1770 375 1835 431 de
1865 377 1913 438 A
1944 381 2209 448 promisit,
2243 382 2604 439 dissimulanti
2631 385 2770 441 diem
2798 388 3090 443 crastinum
3115 401 3220 442 non
3243 383 3531 458 spopondit

263 471 468 522 nostro,
494 461 588 514 sed
615 460 683 514 de
710 460 877 529 ipsius
901 460 1059 532 (Aug.
1089 462 1140 514 in
1163 477 1244 532 ps.
1266 477 1428 517 cxvm
1450 480 1551 518 ser.
1573 466 1659 532 16,
1685 483 1736 521 n.
1772 467 1834 531 6;

261 559 426 605 siser.
459 550 545 615 19,
574 567 629 602 n.
661 550 737 620 6).

507 639 668 694 LXV.
709 649 736 678 ι
771 640 886 707 Quo
917 640 1036 694 odio
1068 641 1279 695 odiendi
1315 645 1415 698 sint
1442 647 1586 700 mali.

262 711 274 721 ’
333 732 632 786 Periecmm
659 732 842 787 odium
870 744 972 798 est,
997 733 1137 802 quod
1170 750 1268 789 nec
1288 735 1519 804 justitia,
1545 755 1644 794 nec
1665 755 1841 796 scien-

259 825 331 879 tia
352 833 533 880 caret:
561 825 612 879 id
641 835 746 892 est,
775 833 837 881 ut
866 840 965 880 nec
987 834 1214 896 propter
1253 829 1378 883 vitia
1409 829 1570 902 553
1596 833 1839 890 homines

255 915 442 971 oderis
468 955 485 981 ,
525 931 626 971 nec
667 917 797 970 vitia
835 927 1058 986 propter
1105 919 1352 976 homines
1401 924 1610 993 diligas.
1673 926 1839 985 Recte

266 1024 401 1079 ergo
424 1009 478 1063 in
518 1009 674 1063 malis
703 1009 915 1064 odimus
942 1010 1218 1077 malitiam,
1250 1021 1303 1067 et
1327 1013 1599 1085 diligimus
1619 1027 1837 1074 creatu-

260 1117 378 1156 ram
408 1121 422 1157 :
463 1113 522 1157 ut
561 1117 661 1158 nec
687 1111 907 1172 propter
950 1102 1137 1157 vitium
1186 1113 1376 1160 natura
1404 1107 1710 1175 damnetur,
1742 1127 1840 1168 nec

257 1205 482 1266 propter
503 1204 745 1250 naturam
766 1195 956 1248 vitium
984 1193 1234 1265 diligatur
1263 1199 1418 1272 (Aug.
1452 1201 1490 1255 l.
1520 1218 1608 1258 xw
1639 1204 1702 1259 de
1727 1204 1834 1260 Civ.

254 1305 298 1340 ς.
331 1289 399 1352 6;
429 1287 616 1360 Prosp.
647 1289 698 1342 in
728 1307 806 1357 ps.
832 1301 1095 1355 cxxxvm,
1122 1289 1238 1362 εἰ).

455 1378 638 1434 LXVI.
669 1380 746 1434 De
771 1381 944 1438 labore
964 1384 993 1424 δ
1023 1385 1323 1456 ﬁngentium
1352 1388 1638 1443 mendacia.

325 1469 575 1525 Difficilis
603 1480 662 1525 et
685 1471 950 1529 laboriosa
981 1485 1107 1531 sunt
1136 1475 1388 1546 ligtnenta
1417 1481 1702 1536 mendacii.
1736 1483 1838 1551 Qui

253 1574 435 1615 autem
478 1577 664 1616 verum
710 1566 820 1620 vult
858 1567 1060 1634 dicere,
1104 1585 1210 1624 non
1256 1569 1491 1634 laborat;
1544 1577 1838 1644 quietiores

250 1654 399 1706 enim
450 1661 580 1708 sunt
622 1655 745 1711 boni
793 1673 951 1725 quam
1007 1661 1166 1726 mali;
1223 1669 1278 1716 et
1321 1664 1651 1720 absolutoria
1707 1679 1838 1724 sunt
1933 1675 1936 1677 λ

1942 470 2100 545 (Aug.
2131 473 2280 539 ibid.,
2308 491 2362 528 η.
2400 475 2513 544 11).

2270 566 2482 621 LXXII.
2517 569 2588 622 De
2615 570 2899 624 humilitate
2931 575 3195 628 orandi”.

2010 653 2209 709 Rectus
2237 667 2320 711 est
2363 665 2417 712 et
2449 659 2587 713 bene
2616 659 2828 715 inVocat
2859 661 3047 726 Deum,
3069 665 3156 732 qui
3185 666 3238 718 in
3267 666 3520 721 omnibus

1942 747 2096 800 malis
2126 763 2245 815 qua:
2273 751 2472 818 patitur
2501 766 2558 804 se
2581 761 2819 817 accusat,
2844 769 2948 808 non
2979 755 3176 822 Deum;
3209 767 3264 812 et
3287 760 3340 813 in
3369 760 3522 814 bonis

1941 851 2060 907 qua:
2091 839 2234 905 lacit,
2267 857 2375 897 non
2406 859 2466 896 se
2497 843 2700 908 laudat,
2723 846 2817 899 sed
2842 845 3035 901 Deum.
3068 847 3220 903 Sicut
3259 850 3402 905 enim
3431 867 3518 906 re-

1943 932 2087 1001 pellit
2117 933 2260 988 Deus
2286 945 2502 1002 peccata
2526 952 2618 988 sua
2648 936 3046 1006 defendentem,
3072 941 3149 995 sic
3175 941 3365 1011 recipit
3390 958 3519 998 con-

1941 1022 2184 1078 ﬁtentem
2216 1024 2372 1097 (Aug.
2397 1027 2549 1089 ibid.,
2585 1044 2637 1080 n.
2665 1027 2779 1100 12).

2141 1114 2373 1170 LXXIII.
2407 1115 2486 1172 De
2522 1118 2864 1174 admiratione
2890 1129 3243 1176 creaturarum
3270 1130 3318 1174 ιι.

2013 1205 2174 1277 554
2204 1206 2459 1262 Mirabilis
2492 1219 2575 1263 est
2611 1209 2808 1266 fabrica
2841 1214 3049 1280 mundi,
3082 1215 3176 1269 sed
3222 1216 3522 1270 mirabilior

1940 1293 2250 1350 fabricator.
2280 1297 2348 1350 Et
2391 1299 2530 1354 male
2559 1311 2854 1368 occupatur
2877 1304 3095 1367 creatis,
3125 1305 3213 1374 qui
3246 1314 3269 1340 ο
3302 1323 3329 1360 a
3360 1308 3521 1362 Crea-

1941 1395 2056 1442 tore
2092 1388 2355 1443 discedit:
2402 1399 2428 1438 P
2471 1389 2562 1460 qui
2602 1391 2647 1444 si
2687 1392 2903 1446 bzcserit
2947 1396 3233 1462 superiori,
3270 1395 3521 1452 inferiora

1938 1477 2193 1540 calt-abit;
2229 1493 2297 1532 ne
2324 1478 2467 1546 quod
2496 1479 2749 1535 dilexerit
2774 1490 2962 1536 contra
2993 1494 3260 1551 naturam,
3295 1501 3524 1543 conver-

1939 1576 2079 1622 tatur
2107 1567 2157 1621 in
2191 1583 2401 1638 penam
2423 1570 2584 1641 ,(Aug.
2621 1573 2674 1624 in
2704 1589 2784 1643 ps.
2813 1587 2971 1641 CXLV,
3000 1591 3054 1626 η.
3085 1575 3165 1644 5).

2290 1661 2526 1718 LXXIV.
2554 1662 2630 1717 De
2652 1665 2823 1718 anima
2847 1666 3163 1720 inordinata.

251 1745 470 1800 verba'
497 1747 855 1803 veridicorum
879 1768 1037 1820 quam
1060 1764 1361 1809 commenta
1383 1755 1650 1814 fallacium
1678 1760 1833 1832 (Aug.
1868 1735 1912 1794 Β
2011 1752 2207 1807 Anima
2261 1754 2537 1808 Talionalis
2585 1757 2952 1822 Superioribus
3000 1759 3253 1814 Ῐιιίθνίοτθ
3307 1776 3521 1832 NEPO-

248 1837 299 1889 iu
323 1854 408 1906 ps.
438 1851 660 1903 cxxxrx,
687 1856 741 1893 η.
771 1840 882 1910 15).

589 1930 799 1985 LXVII.
832 1932 857 1969 ά
888 1933 966 1988 De
994 1933 1178 1990 divinis
1208 1935 1515 2010 Scripturis.

319 2015 490 2071 Bonae
520 2030 644 2072 sunt
674 2018 727 2074 in
759 2020 1050 2092 Scripturis
1077 2027 1276 2080 sanctis
1308 2030 1685 2099 mysteriorum
1711 2046 1842 2100 pro-

251 2107 571 2173 Innditates,
609 2127 728 2179 qnze
765 2113 836 2168 ob
876 2115 979 2170 hoc
1022 2124 1296 2184 teguntur,
1329 2137 1398 2176 ne
1439 2123 1734 2190 vilescant;
1769 2128 1838 2183 ob

252 2197 353 2252 hoc
398 2210 732 2269 qua-runtur,
768 2213 824 2257 ut
855 2219 1176 2274 exerceant;
1206 2210 1276 2265 ob
1316 2210 1420 2266 hoc
1452 2222 1476 2250 θ
1497 2227 1676 2271 autem
1704 2232 1836 2288 ape-

250 2291 486 2358 riuntur,
521 2301 580 2346 ut
608 2305 829 2360 pascant
857 2297 996 2368 (Aug
1023 2299 1075 2351 in
1109 2316 1188 2368 ps.
1223 2317 1344 2369 cn,
1371 2320 1424 2358 n.
1451 2303 1524 2374 1).

583 2382 817 2439 LXVIII.
856 2383 874 2424 τ
913 2385 994 2442 De
1019 2391 1249 2444 oratione
1279 2391 1508 2448 Domini.

316 2470 495 2526 Orans
527 2488 647 2526 cum
679 2475 878 2530 sudore
898 2479 1196 2546 sanguineo
1221 2480 1478 2538 Dominus
1505 2484 1661 2542 Iesus
1681 2488 1841 2545 Citri-

249 2571 361 2617 stus
417 2564 756 2632 signiﬁcabat
798 2567 866 2622 de
913 2577 1026 2624 toto
1071 2586 1298 2640 corpore
1330 2582 1355 2620 ε
1405 2589 1524 2642 suo,
1570 2580 1709 2648 quod
1755 2593 1838 2636 cst

249 2654 528 2720 Ecclesia,
593 2668 935 2714 emanaturas
990 2673 1286 2732 martyrum
1345 2667 1624 2734 passiones
1675 2672 1832 2745 (Aug.

248 2745 399 2809 ibid.,
435 2761 488 2798 n.
525 2744 588 2805 4:
618 2757 665 2798 et
694 2748 744 2800 in
773 2765 851 2819 ps.
885 2764 1080 2812 Lxxxv,
1113 2767 1166 2805 n.
1203 2745 1278 2821 1).

453 2834 642 2892 LXIX.
673 2833 701 2873 δ
732 2837 810 2892 De
833 2850 1273 2896 sacramentorum
1300 2848 1636 2918 perceptione.

313 2923 731 2981 Sacramentnm
763 2929 976 2996 pietatis
1006 2932 1057 2983 in
1087 2931 1347 3000 judicium
1378 2936 1479 2991 sibi
1507 2940 1668 2994 sumit
1699 2941 1836 2996 indi-

245 3029 405 3082 gnus.
449 3015 594 3070 Bene
637 3018 782 3072 enim
828 3034 950 3075 esse
993 3037 1099 3075 non
1142 3032 1319 3092 potest
1368 3028 1508 3083 male
1548 3032 1834 3104 accipienti

247 3109 383 3176 quod
413 3108 618 3164 bonum
648 3121 724 3164 est
759 3109 913 3183 (Aug.
943 3114 993 3167 in
1021 3132 1098 3185 ps.
1119 3131 1288 3180 CXLII,
1317 3134 1371 3172 n.
1408 3119 1518 3190 16).

627 3201 790 3257 LXX.
819 3204 894 3258 De
916 3205 1179 3261 laudando
1215 3208 1230 3245 ι
1266 3208 1454 3266 Deum.

311 3291 416 3360 Qui
461 3293 640 3348 laudat
685 3295 851 3350 Deum
884 3297 937 3352 in
975 3299 1250 3356 miraculis
1280 3302 1686 3373 beneficiorum,
1723 3324 1838 3364 tau-

245 3393 331 3436 oet
360 3383 532 3438 etiam
558 3385 607 3439 in
635 3387 931 3442 terroribus
953 3390 1240 3447 ultionum.
1272 3395 1289 3444 l
1326 3395 1459 3450 Nam
1483 3407 1539 3452 et
1567 3399 1836 3456 blanditur
1922 3455 1937 3464 ,

244 3485 294 3526 ct
323 3477 587 3530 minatur.
621 3476 677 3532 Si
726 3493 832 3533 non
882 3478 1239 3548 blandiretur,
1273 3485 1418 3541 nulla
1458 3498 1604 3543 esset
1632 3493 1833 3546 exhor-

246 3566 405 3630 tatio;
451 3566 497 3620 si
545 3583 651 3620 non
679 3572 994 3638 minaretur,
1028 3574 1169 3628 nulla
1200 3584 1344 3630 esset
1373 3580 1640 3636 correctio
1668 3582 1827 3658 (Aug.

244 3657 292 3709 in
321 3675 401 3726 ps.
436 3672 613 3720 cxuv.
646 3676 699 3712 n.
741 3662 814 3726 8;
845 3660 1033 3730 Prosp.
1056 3665 1109 3717 in
1134 3669 1306 3722 eumd.
1337 3686 1442 3740 ps.,
1473 3671 1554 3741 5).

498 3748 689 3804 LXXI.
720 3750 795 3804 De
821 3754 1154 3810 acceleranda
1181 3762 1502 3816 conversione
1530 3761 1578 3817 ιε.

335 3837 601 3895 Remedia
657 3839 674 3880 ι
726 3847 1098 3904 conversionis
1148 3849 1214 3904 ad
1273 3851 1444 3907 Deum
1493 3857 1657 3914 nullis
1708 3871 1835 3918 sunt

243 3933 683 3989 cunctationibus
721 3936 1049 4006 diil'erenda;
1104 3958 1170 3997 ne
1221 3954 1431 4011 tempus
1480 3955 1833 4013 correctionis

245 4034 431 4090 pereat
477 4027 747 4084 tarditate.
791 4031 891 4097 Qui
932 4035 1076 4089 enim
1119 4036 1400 4105 poenitenti
1444 4040 1832 4115 indulgentiam

312 4281 335 4346 fl
367 4269 738 4346 Eflit._Colon._
761 4272 1002 4346 vet.,_De
1019 4275 1306 4333 hominibus
1324 4281 1475 4338 malis
1504 4287 1756 4346 odiendis.

312 4342 340 4379 δ
381 4342 487 4394 Ms.
518 4342 790 4413 Joliensis,
821 4343 1136 4413 fallentium.

314 4421 336 4449 ο
376 4412 711 4494 Μεδηιριιη).
759 4412 942 4494 enini.
981 4419 1268 4494 cntncdit.
1316 4437 1442 4490 app.
1491 4426 1720 4494 August.
1777 4441 1833 4487 ct

244 4497 434 4535 omnes
451 4483 598 4558 _editi
622 4484 672 4536 in
701 4499 793 4558 ora
825 4485 969 4551 libri,
997 4490 1333 4544 veridicorum
1392 4483 1497 4550 etsi
1521 4483 1830 4557 1ιῗίιι1υχῖι1

246 4552 548 4620 posuerint,
579 4556 862 4608 veracium.

312 4619 340 4658 ά
510 4621 782 4704 ,ιοιίιίιιείε2
811 4624 886 4678 De
905 4627 1269 4704 qutestionibus
1302 4632 1709 4704 Scriptum-um.

1943 1855 2100 1907 nens,
2143 1856 2248 1895 non
2299 1853 2478 1911 potest
2520 1860 2708 1914 regere
2756 1848 2900 1916 quod
2948 1851 3191 1917 regebat,
3243 1852 3365 1921 quia
3414 1853 3523 1923 regi

1943 1942 1970 1982 ιι
2003 1935 2176 1990 noluit
2203 1951 2234 1991 a
2261 1951 2369 2005 quo
2397 1937 2682 2006 regebatur
2708 1941 2863 2011 (Aug.
2892 1943 3041 2007 ibid.,
3069 1960 3124 1997 η.
3157 1944 3237 2014 5).

2332 2027 2543 2084 LXXV.
2576 2030 2655 2084 De
2684 2049 2831 2101 paena
2857 2037 3050 2104 peccati
3082 2037 3130 2090 '.

2012 2115 2221 2188 Corpus
2267 2121 2446 2174 carnis
2495 2129 2694 2176 nostra:
2736 2136 3113 2180 ornamentum
3166 2129 3319 2184 nobis
3370 2132 3465 2185 init
3510 2151 3519 2184 :

1941 2212 2303 2281 peccavimus,
2335 2224 2389 2267 et
2432 2214 2722 2282 compedes
2771 2217 2895 2270 inde
2942 2221 3269 2287 accepimus,
3303 2232 3360 2275 ut
3404 2225 3523 2276 vin-

1939 2303 2073 2358 culis
2097 2303 2438 2360 mortalitatis
2459 2306 2634 2361 omnis
2658 2307 3014 2364 humanarum
3038 2315 3312 2370 actionum
3335 2297 3524 2371 eursns

1939 2395 2322 2465 praepeditetur
2348 2396 2504 2467 (Aug.
2536 2396 2690 2467 ibid.,
2722 2415 2776 2452 n.
2811 2401 2926 2469 l7).

2260 2507 2500 2563 LXXVI.
2538 2508 2615 2563 De
2658 2511 2858 2566 ratione
2885 2521 2906 2549 ⁵
2933 2515 3204 2584 psallendi.

2010 2596 2177 2652 Recte
2199 2599 2251 2653 in
2284 2599 2380 2653 Dei
2406 2600 2617 2654 laudem
2644 2602 2842 2670 psallit,
2869 2605 3021 2672 cujus
3051 2622 3214 2675 opera
3244 2624 3363 2663 cum
3395 2625 3524 2665 voco

1938 2689 2287 2743 concordant.
2321 2689 2450 2744 Nam
2481 2691 2629 2744 linito
2651 2695 2912 2762 carmine,
2946 2711 3045 2750 vox
3078 2707 3216 2753 tacet
3246 2715 3260 2752 :
3294 2701 3396 2755 vita
3427 2717 3522 2756 au-

1939 2787 2046 2833 tem
2079 2779 2130 2832 in
2164 2779 2318 2834 bonis
2343 2781 2552 2836 actibus
2584 2781 2603 2818 ί
2639 2797 2978 2851 permanens,
3013 2803 3298 2859 numquam
3331 2793 3518 2848 reticet

1939 2868 2054 2937 ejus
2097 2868 2347 2938 gloriam,
2390 2885 2548 2940 quem
2596 2872 2650 2926 in
2691 2887 2751 2928 se
2789 2875 2987 2944 gaudet
3023 2880 3232 2948 operari
3268 2881 3425 2954 (Aug.
3471 2885 3522 2936 in

1938 2978 2017 3030 ps.
2048 2975 2231 3028 cum,
2265 2978 2317 3014 η.
2350 2961 2429 3033 2).

2401 3053 2662 3111 LXXVII.
2695 3055 2770 3110 De
2798 3057 2975 3112 timore
2995 3068 3043 3114 η.

2011 3140 2198 3196 Omnia
2227 3158 2347 3213 quae
2388 3145 2662 3214 timentur,
2710 3149 3105 3206 rationabiliter
3133 3151 3471 3210 declinantur
3506 3173 3516 3208 :

1940 3231 2082 3286 Deus
2110 3232 2186 3288 sic
2217 3236 2481 3290 timendus
2509 3246 2611 3302 est,
2643 3246 2701 3291 ut
2735 3239 2803 3294 ab
2834 3240 2950 3310 ipso
2981 3242 3045 3297 ad
3077 3245 3246 3315 ipsum
3273 3256 3300 3284 τ
3331 3249 3519 3303 conlu-

1939 3324 2113 3393 giatur
2141 3332 2168 3360 κ
2196 3326 2352 3395 (Aug.
2389 3327 2539 3392 ibid.,
2566 3345 2617 3380 η.
2644 3326 2760 3398 20).

2238 3439 2517 3495 LXXVIII.
2545 3441 2623 3496 De
2645 3454 2785 3498 recta
2807 3445 3152 3504 sollicitudine
3181 3459 3229 3503 γ.

2009 3551 2160 3605 Sicut
2190 3563 2516 3621 praepostera
2547 3555 2811 3609 securitas
2838 3557 2890 3611 in
2926 3560 3221 3625 periculum
3252 3564 3481 3634 impellit
3511 3586 3518 3616 ;

1939 3643 2010 3699 ita
2057 3645 2300 3699 ordinata
2344 3647 2650 3703 sollicitudo
2698 3655 3042 3710 securitatem
3091 3658 3228 3724 parit
3271 3658 3424 3730 (Aug.
3470 3664 3518 3714 in

1935 3756 2014 3807 ps.
2048 3752 2242 3803 cxavn,
2267 3754 2321 3792 n.
2355 3735 2433 3806 5).

2364 3848 2603 3906 LXXIX.
2637 3851 2717 3907 De
2747 3854 3030 3926 virginitate
3062 3867 3105 3912 '.

2009 3963 2298 4034 Virginitas
2324 3964 2526 4028 carnis,
2555 3980 2750 4034 corpus
2784 3969 3068 4036 intactum;
3092 3971 3371 4043 virginitas
3402 3979 3516 4032 ani-

1940 4072 2064 4124 mai,
2093 4057 2222 4111 ﬁdes
2248 4057 2551 4128 incorrupta
2576 4059 2732 4130 (Aug.
2760 4059 2911 4132 ibid.,
2944 4080 3000 4117 n.
3035 4063 3126 4134 10)

2005 4304 2044 4332 ω
2073 4294 2216 4367 Edit.
2247 4293 2438 4349 Colon.
2465 4307 2574 4351 vet.
2597 4298 2766 4367 addit,
2795 4301 2847 4353 in
2878 4300 3022 4355 bonis
3043 4319 3105 4356 ac
3135 4306 3304 4362 malis.

2007 4374 2033 4402 η
2063 4366 2256 4420 Colon.
2282 4375 2390 4421 vet.
2423 4367 2556 4422 edit.
2581 4370 2728 4423 addit
2758 4380 2804 4424 et
2834 4373 3136 4428 calcatione.

2008 4445 2039 4514 °_
2061 4438 2190 4514 Mss.
2234 4437 2453 4514 lietnig.
2481 4449 2532 4492 et
2561 4441 2693 4514 ινιτ,
2725 4443 2788 4494 ab
2816 4453 3058 4508 auctore;
3091 4444 3346 4514 idemque
3376 4465 3514 4505 mar-

1931 4505 2042 4572 gini
2085 4505 2495 4563 inscribitur'in
2539 4510 2698 4565 editis
2737 4505 3288 4587 omnibuspdcmpto
3324 4521 3509 4575 Colon.

1935 4584 2044 4630 νει.

2007 4655 2035 4695 ι)
2066 4644 2257 4700 Colon.
2281 4656 2388 4701 vet.
2408 4648 2565 4714 edit.,
2591 4649 2674 4702 cui
2703 4650 2747 4703 si
2775 4651 3052 4706 inha'serit.

315 4701 340 4794 Γ
385 4693 445 4772 In
477 4707 604 4794 miss.
633 4693 1171 4794 RpmigLetololiensi
1199 4703 1352 4758 deest
1377 4693 1546 4761 autem
1567 4725 1586 4764 :
1615 4693 1712 4765 nec
1733 4711 1830 4767 Ita-
1857 4702 1907 4763 D
1971 4693 2033 4794 "il
2591 4693 3166 4794 éi'L'ug'ti'IiiiHéiuu;
3189 4744 3374 4787 errore
3400 4750 3514 4787 ma-

245 4760 404 4834 betur
431 4763 483 4815 in
513 4763 632 4818 loco
666 4760 971 4834 Augustini.

317 4832 563 4913 fCoion.
621 4846 726 4889 vet.
759 4832 914 4904 edit.,
966 4835 1045 4892 De
1098 4840 1326 4896 oratione
1374 4843 1564 4901 Christi
1611 4850 1665 4903 in
1704 4867 1826 4906 sart-

278 4919 422 4956 111118.

315 4920 364 4954 ιη
408 4945 422 4956 .

244 4920 341 5018 aus
372 4920 487 5059 ξμς..
507 4972 759 5059 Joliensis
788 4976 936 5058 addit
967 4991 1258 5059 pronomen
1283 4999 1378 5059 suo
1399 5000 1417 5038 :
1440 4987 1525 5041 cui
1553 4993 1665 5059 ejus
1711 5008 1825 5050 res-

246 5043 526 5118 pondetin
556 5045 676 5098 loco
708 5043 988 5118 posteriori
1017 5048 1322 5118 Augustini.

314 5110 342 5183 ξι
377 5113 568 5167 (Solon.
597 5110 896 5181 vct.'ctlit.,
932 5118 1006 5170 De
1032 5110 1365 5176 sacramentis
1395 5125 1463 5177 ad
1497 5127 1678 5183 malos.

317 5179 335 5219 ί
373 5183 474 5257 llis.
501 5183 754 5257 Jcrliensis
779 5179 890 5239 Deo
920 5189 1063 5257 legit,
1095 5192 1183 5244 ubi
1214 5196 1391 5247 casteri
1421 5179 1817 5256 DemnXC-olon.

242 5261 348 5328 vet.
375 5252 620 5328 eilit._De
642 5255 797 5328 laude
822 5257 935 5324 Dei,
959 5252 1010 5310 in
1042 5261 1297 5328 beneﬁciis
1323 5276 1369 5317 et
1397 5268 1567 5322 minis.

317 5326 330 5357 ⁴
374 5323 474 5399 ΞΙΞ.
507 5324 782 5399 ξυιίθῃβίε,
816 5323 950 5380 nunc
991 5323 1271 5395 blanditur,
1314 5346 1360 5387 et
1403 5353 1536 5395 nunc
1576 5342 1821 5399 minatur,

371 5391 606 5464 Ιίθιιιὶεη
640 5396 761 5450 Νυη
790 5400 924 5450 enim
961 5399 1223 5475 blanditur
1249 5389 1296 5457 et
1334 5389 1828 5475 ntinatur,"ulii—It'ic;

244 5463 526 5554 sidentur
545 5483 667 5554 non,
695 5477 740 5520 et
770 5485 870 5522 non
903 5469 1151 5538 minatur,
1178 5483 1233 5528 ut
1257 5476 1310 5529 in
1335 5478 1463 5534 locis
1494 5463 1825 5554 I’rospet'i—et

244 5533 529 5601 Augustini
559 5537 803 5593 habetur.

316 5603 339 5674 ξ
374 5603 563 5658 Colon.
596 5617 706 5661 vet.
732 5610 866 5663 edit.
891 5609 1062 5674 addit,
1093 5613 1145 5668 in
1168 5617 1410 5672 remedio.

325 5669 341 5710 ι
380 5674 480 5727 Ms.
507 5675 740 5744 Retnig.,
769 5669 1117 5737 correctionis.

1930 4786 2128 4859 nilesto
2149 4804 2213 4842 ex
2237 4788 2338 4842 loci
2363 4803 2524 4842 sensu
2547 4799 2601 4843 et
2629 4786 2909 4859 Augustini
2936 4794 3093 4849 libro.

2005 4868 2026 4895 ι’
2059 4858 2259 4930 Colon.
2281 4867 2386 4912 vet.
2417 4859 2547 4913 edit.
2583 4858 2754 4926 addit,
2788 4865 2842 4915 in
2871 4868 3218 4930 compedibus.

2002 4933 2024 4962 ⁸
2061 4928 2418 4982 Emendamus
2446 4944 2510 4982 ex
2538 4945 2639 4984 ms.
2672 4932 2798 4998 Jol.,
2834 4947 2956 4988 cum
2987 4928 3041 4990 in
3061 4938 3220 4993 editis
3250 4940 3362 4995 fere
3392 4961 3506 4994 nm-

1930 4997 2086 5081 nibus
2119 4998 2407 5052 haberetur
2431 4997 2792 5081 psallentium.
2813 5005 2931 5062 Col.
2959 5019 3069 5063 vet.
3098 5009 3256 5078 edit.,
3281 5010 3354 5066 De
3371 5017 3506 5081 psal-

1928 5069 2146 5120 lentibus
2172 5085 2286 5120 cum
2307 5086 2458 5138 opere
2483 5079 2530 5123 el
2559 5088 2698 5127 voce.

2009 5140 2028 5174 ι
2064 5139 2160 5192 Ms.
2193 5139 2466 5207 Joliensis,
2498 5147 2860 5207 permanentia.

2001 5216 2029 5244 υ
2052 5209 2244 5262 Colon.
2277 5222 2386 5264 vet.
2420 5211 2549 5264 edit.
2575 5215 2724 5268 addit
2749 5227 2884 5271 recto

2003 5287 2031 5316 ν
2194 5280 2428 5349 Ilemig.,
2456 5283 2834 5354 confugiamus.

2001 5357 2028 5385 ³
2060 5349 2403 5423 Colbertinus
2442 5349 2786 5408 codexvaddit
2815 5356 2936 5409 utile
2982 5358 3218 5423 prudenti
3246 5371 3318 5413 est
3356 5380 3508 5417 mint-

1929 5421 2064 5500 daua
2084 5422 2298 5500 aduersa
2323 5439 2514 5476 cavere.
2539 5423 2750 5479 Initium
2772 5433 2855 5480 est
2881 5421 3220 5495 I’ro'speriani
3241 5434 3503 5500 epigram-

1928 5493 2087 5544 matis
2118 5492 2203 5544 75.

2001 5569 2027 5606 γ
2059 5561 2196 5614 Edit.
2226 5560 2420 5616 Colon.
2454 5571 2560 5616 vet.
2584 5563 2752 5627 addit,
2779 5574 2828 5617 et
2848 5566 3136 5622 securitate.

2005 5638 2025 5666 ι
2057 5630 2243 5684 Gelon.
2279 5643 2386 5687 vet.
2416 5633 2546 5686 edit.
2576 5633 2974 5707 addit,corporis
2996 5647 3042 5691 et
3072 5643 3279 5696 anima.
