4028 6176
323 226 412 280 ιιι
764 226 967 283 LIBER
1006 228 1545 287 SENTENTIARUM
1586 228 1683 285 EX
1719 228 2057 288 OPERIBUS
2094 229 2154 287 S.
2196 229 2572 289 AUGUSTINI
2610 231 3103 290 DELIDATARUM

3473 234 3581 287 6ιῖ

313 340 480 409 deles,
525 351 579 396 et
620 351 644 377 η
690 352 1008 399 exortorum
1062 345 1202 399 inter
1245 345 1516 399 frumenta
1564 344 1893 399 zizaniorum
1922 348 1969 406 Α
2000 353 2103 400 est.
2137 344 2377 401 Terrena
2409 346 2693 403 aedificatio
2722 364 2752 403 a
2783 356 2927 405 terra
2959 351 3176 423 incipit,
3218 352 3454 408 cailestis
3491 370 3581 409 ex-

315 433 521 488 svulsio
546 432 843 489 differatur.
874 435 1278 503 Quantumlibet
1317 436 1545 491 saeviant
1570 436 1743 505 impii,
1777 450 1891 491 me-

313 525 416 579 lior
450 535 533 580 est
571 526 733 581 etiam
770 526 824 581 in
867 528 967 582 hoc
1008 537 1251 598 tempore
1281 544 1443 583 causa
1483 528 1772 598 iustorum,
1806 528 1895 595 qui

309 627 513 685 quanto
563 619 743 673 acrius
803 618 1153 687 impetuntur,
1205 630 1351 673 tanto
1398 620 1687 689 gloriosius
1739 634 1898 675 coro-

308 716 505 762 nantur
534 708 694 780 (Aug.
728 725 878 763 serm.
909 709 944 763 '5
973 710 1027 762 in
1055 727 1132 779 ps.
1167 726 1349 774 xxx",
1382 727 1436 763 n.
1470 709 1584 777 I7).

662 802 726 855 C.
762 801 900 868 Quid
936 804 1002 857 sit
1033 805 1228 856 clamor
1254 804 1322 855 ad
1352 803 1537 856 Deum.

376 890 595 947 Clamor
621 892 688 947 ad
717 894 886 947 Deum
921 905 1004 948 est
1036 894 1267 949 intentio
1297 894 1495 960 cordis,
1529 902 1584 949 et
1613 893 1894 957 ﬂagrantia

302 985 616 1041 dilectionis
642 1004 657 1044 :
688 987 811 1057 quia
838 1001 1053 1056 semper
1084 989 1301 1057 petitur,
1330 986 1471 1057 quod
1502 1002 1715 1056 semper
1737 995 1894 1055 Opta-

304 1087 421 1131 tur.
455 1077 567 1133 Hoc
606 1087 783 1132 autem
818 1080 925 1133 Deo
954 1079 1325 1133 absconditum
1364 1093 1469 1133 non
1500 1088 1609 1144 est;
1640 1082 1893 1149 quoniam

302 1169 377 1223 ad
410 1169 585 1237 ipsum
624 1170 766 1224 redit
806 1170 949 1240 quod
994 1171 1061 1226 ab
1091 1172 1209 1241 ipso
1236 1170 1502 1241 processit
1532 1171 1701 1244 (Aug.
1733 1171 1785 1225 in
1812 1187 1894 1243 ps.

298 1275 536 1331 xxxvm,
565 1279 619 1316 η.
654 1261 764 1331 is).

713 1352 802 1407 CI.
836 1351 915 1406 De
949 1353 1239 1421 conﬁtendo
1266 1363 1490 1425 peccato.

380 1444 522 1499 Bona
550 1453 634 1499 est
665 1444 691 1482 δ
723 1446 928 1514 peccati
961 1447 1252 1510 confessio,
1292 1448 1335 1501 si
1365 1448 1570 1501 curatio
1600 1440 1897 1517 cnnsequa-

296 1543 416 1587 tur.
448 1533 577 1587 Nam
604 1536 727 1603 quid
762 1537 979 1603 prodest
1012 1538 1260 1606 detegere
1284 1538 1491 1606 plagam
1515 1549 1558 1603 ο,
1588 1548 1642 1592 et
1674 1553 1779 1592 non
1803 1538 1897 1591 ad-

294 1625 498 1681 hibere
530 1627 853 1681 medicinam
884 1628 1051 1699 (Aug.
1090 1630 1241 1690 ibid.,
1275 1646 1327 1681 n.
1351 1629 1481 1698 24)?

782 1718 892 1773 CII.
926 1716 953 1755 ἀ
984 1719 1060 1772 De
1090 1720 1419 1789 perfectione.

381 1807 437 1860 In
465 1806 566 1862 hac
595 1809 727 1873 vita,
759 1825 876 1877 quae
907 1818 1014 1865 tota
1052 1811 1275 1864 tentatio
1313 1819 1417 1878 est,
1453 1811 1614 1866 etiam
1647 1812 1698 1865 in
1730 1811 1893 1866 subli-

295 1900 565 1954 missimis
593 1902 827 1966 sanctis,
870 1916 975 1955 non
1008 1902 1430 1970 apprehenditur
1474 1903 1563 1958 illa
1611 1902 1891 1973 perfectio,

293 1994 389 2050 cui
423 2006 529 2047 non
561 1994 797 2061 supersit
823 1994 1094 2048 ascensio.

589 2086 718 2142 CIII.
752 2097 776 2125 ⁸
800 2085 878 2141 De
901 2088 1157 2143 laboribus
1182 2091 1448 2161 prtesentis
1475 2091 1608 2145 vitae.

375 2181 511 2234 Dum
557 2179 837 2249 prmsentis
877 2181 1000 2235 vitae
1026 2195 1216 2235 cursus
1243 2182 1439 2251 agitur,
1482 2181 1643 2236 etiam
1669 2182 1712 2235 si
1742 2180 1917 2235 valde;

298 2272 557 2340 proficiat
590 2269 607 2308 ί
633 2271 785 2340 cujus
807 2273 1044 2327 exterior
1068 2272 1229 2327 homo
1253 2272 1641 2341 corrumpitur,
1674 2282 1728 2327 et
1756 2273 1897 2327 inte-

296 2366 416 2418 rior
444 2373 781 2431 renovatur,
832 2379 1055 2419 necesse
1086 2373 1170 2419 est
1201 2375 1399 2430 tamen,
1440 2374 1499 2418 ut
1539 2364 1664 2418 dum
1702 2366 1893 2420 condi-

299 2458 439 2512 tioni
465 2458 704 2526 suhjacet
729 2458 940 2525 mortis,
973 2458 1187 2513 labores
1211 2459 1405 2514 toleret
1428 2461 1708 2514 vetustatis
1735 2459 1891 2530 (Aug.

298 2552 360 2603 in
387 2568 467 2621 ps.
499 2566 723 2614 xxxvnt,
759 2567 813 2602 η.
844 2551 877 2605 8
904 2560 949 2603 et
977 2550 1056 2618 9).

374 2641 510 2696 CIV.
556 2642 707 2707 Quod
749 2643 920 2712 imago
950 2640 1048 2694 Dei
1076 2640 1230 2696 homo
1255 2643 1342 2709 sit,
1376 2650 1403 2690 Β
1440 2658 1576 2696 nunc
1604 2642 1824 2697 obnoxia

986 2733 1221 2785 vanitati.

376 2820 561 2892 Imago
590 2821 803 2891 quidem
836 2820 931 2876 Dei
974 2832 1059 2877 est
1102 2822 1305 2889 homo;
1337 2832 1391 2878 et
1417 2822 1511 2894 qui
1553 2837 1650 2892 per
1672 2822 1894 2892 justitite

298 2912 543 2966 ambulat
571 2916 706 2979 vias,
735 2923 789 2967 et
812 2913 877 2967 ad
901 2913 1306 2969 similitudinem
1333 2915 1415 2969 sui
1439 2915 1610 2970 tendit
1628 2916 1891 2970 auctoris:

297 3012 362 3057 et
384 3012 567 3057 tamen
595 3004 720 3057 dum
754 3004 805 3057 in
834 3004 935 3059 hac
959 3004 1066 3058 vita
1095 3006 1261 3075 degit,
1284 3008 1722 3061 conturbationes
1743 3006 1895 3061 vani-

299 3097 434 3150 tatis
464 3097 691 3151 incurrit
716 3097 876 3167 (Aug.
903 3097 1056 3165 ibid.,
1089 3114 1144 3151 n.
1178 3096 1291 3167 Η).

714 3186 825 3242 CV.
858 3186 937 3241 De
971 3189 1257 3244 eruditione
1285 3190 1487 3245 divina.

377 3277 555 3332 Prima
588 3278 754 3333 divini
782 3281 1025 3334 muneris
1048 3281 1220 3350 gratia
1253 3289 1356 3347 est,
1387 3291 1443 3335 ut
1469 3281 1681 3337 erudiat
1705 3294 1801 3336 nos
1827 3282 1893 3337 ad

296 3376 508 3425 nostra:
531 3368 848 3424 humilitatis
868 3370 1288 3433 confessionem,
1313 3379 1369 3426 et
1392 3386 1685 3441 agnoscere
1711 3371 1890 3438 faciat,

298 3463 449 3532 quod
477 3462 520 3517 si
553 3462 679 3532 quid
713 3461 841 3516 boni
870 3464 1099 3533 agimus,
1134 3478 1231 3533 per
1258 3463 1408 3518 illum
1451 3478 1735 3533 possumus
1777 3466 1894 3520 sine

298 3569 415 3625 quo
444 3553 576 3607 nihil
609 3568 899 3623 possumus
929 3553 1089 3624 (Aug.
1120 3553 1274 3620 ibid.,
1299 3570 1353 3607 η.
1388 3550 1500 3624 18).

412 3646 548 3701 CVI.
583 3647 733 3712 Quod
755 3656 862 3700 tota
902 3646 1184 3715 inﬁdelium
1212 3646 1317 3700 vita
1344 3654 1611 3715 peccatum
1638 3646 1703 3701 sit
1735 3643 1785 3701 h.

379 3735 573 3791 Omnis
604 3736 902 3791 infidelium
946 3738 1052 3791 vita
1084 3746 1363 3807 peccatum
1396 3746 1510 3800 est,
1541 3744 1596 3793 et
1642 3737 1771 3793 nihil
1815 3749 1899 3794 est

297 3843 509 3883 nonum
543 3829 664 3883 sine
710 3843 924 3883 summo
954 3828 1116 3883 bono.
1159 3828 1263 3885 Ubi
1310 3829 1454 3884 enim
1500 3829 1653 3884 deest
1696 3829 1898 3898 agnitio

297 3931 529 3975 :eternze
569 3931 622 3975 et
649 3920 1104 3976 incommutabilis
1137 3922 1403 3988 veritatis,
1436 3921 1567 3976 falsa
1600 3921 1769 3977 virtus
1790 3930 1892 3989 est,

297 4016 470 4068 etiam
503 4012 557 4065 in
587 4012 806 4081 Optimis
838 4013 1096 4069 moribus.

613 4102 770 4158 CVII.
811 4101 827 4140 ί
867 4105 941 4158 De
970 4106 1303 4174 fundamento
1337 4105 1585 4173 spiritali.

375 4197 529 4253 Sicut
553 4194 963 4251 fundamentum
988 4212 1267 4266 corporea:
1288 4197 1506 4253 fabrica:
1528 4200 1581 4252 in
1606 4197 1770 4269 558
1790 4197 1898 4253 imo

298 4299 411 4354 est,
447 4290 523 4344 ita
565 4289 972 4345 fundamentum
1015 4292 1230 4346 fabrica:
1278 4291 1537 4361 spiritalis
1579 4292 1633 4346 in
1682 4305 1895 4346 summo

378 4437 405 4464 ⁸
439 4426 538 4481 Ms.
569 4426 800 4496 Remig.,
830 4435 881 4480 et
922 4428 1053 4480 inter
1092 4426 1358 4480 hortorum
1386 4431 1644 4498 frumenta
1672 4427 1895 4479 zizanio-
1923 4427 1976 4486 D

300 4515 444 4552 rum.
478 4498 755 4551 Editiones
792 4514 979 4552 omnes
1010 4499 1088 4551 sic
1116 4498 1528 4563 distinguebant,
1562 4498 1761 4550 avulsio
1793 4498 1899 4567 dif-

302 4572 529 4638 feratur,
558 4568 924 4637 quantumlibet
954 4568 1163 4621 sazviant
1204 4569 1366 4637 impii.
1400 4567 1586 4620 Melior
1623 4578 1693 4621 est
1722 4573 1895 4633 etiam,

303 4650 416 4693 etc.
447 4640 671 4704 August.
698 4655 823 4706 app.
857 4639 1025 4692 editio
1055 4638 1457 4691 distinctionem
1488 4650 1749 4706 nostram,
1777 4653 1897 4708 qua:

306 4709 649 4765 commodior
677 4710 787 4761 visa
818 4718 919 4773 est,
950 4710 1119 4777 prima
1148 4708 1397 4762 instituit.

383 4779 409 4815 δ
438 4780 580 4832 Edit.
605 4779 792 4832 Colon.
813 4788 867 4832 et
889 4783 1236 4847 posteriores,
1264 4779 1537 4846 peccatori.

385 4860 408 4919 ς
434 4849 529 4901 Ms.
556 4850 924 4918 Remigianns,
952 4865 1097 4919 suam
1128 4851 1355 4919 plagam.

381 4916 408 4954 ἀ
433 4918 624 4991 Colon.
668 4916 775 4971 vel.
818 4920 972 4988 cdit.,
1000 4918 1075 4971 De
1114 4916 1440 4991 profectionis
1465 4920 1630 4986 (forte
1657 4933 1755 4989 pro
1785 4934 1902 4989 per-

305 4990 571 5061 fectionis)
594 5005 827 5042 ascensu.

386 5070 410 5096 ε’
435 5061 623 5113 Colon.
648 5071 759 5113 vet.
784 5060 912 5113 edit.
940 5060 1087 5113 addit
1114 5060 1287 5122 titulo,
1308 5060 1360 5112 in
1385 5067 1644 5113 retustale.
1673 5060 1771 5114 Ms.
1790 5059 1895 5114 Jul.

307 5140 485 5183 totum
516 5131 593 5182 sic
623 5129 810 5192 habet,
843 5130 917 5183 De
952 5131 1183 5198 profectu
1217 5131 1332 5183 vita:
1362 5131 1642 5196 prwsentis.

386 5198 409 5237 τ
446 5200 622 5253 Editio
637 5200 826 5253 Colon.
850 5212 983 5262 vet.,
1006 5205 1151 5271 cujus
1172 5201 1409 5253 exercitio
1436 5201 1585 5271 homo
1612 5201 1898 5266 corrumpi-

308 5280 397 5323 tur
424 5271 666 5323 exterior.
700 5272 811 5325 Sub
840 5271 997 5325 ﬁnem
1031 5270 1132 5325 ms.
1166 5271 1511 5340 [temigianus
1540 5270 1720 5335 habet,
1754 5272 1897 5323 labo—

307 5357 441 5400 rem,
475 5356 584 5393 non
610 5340 827 5394 labores;

387 5419 413 5457 ι
434 5412 801 5481 Posteriorem
831 5411 971 5465 hanc
1001 5412 1134 5465 tituli
1165 5422 1368 5481 partem
1401 5411 1755 5480 prtetermittit
1781 5411 1896 5465 edi-

312 5482 393 5533 tio
417 5480 729 5536 Coloniens.
757 5494 865 5536 vet.
904 5482 1003 5536 Ms.
1036 5480 1312 5551 Jolieusis,
1341 5482 1419 5537 De
1448 5484 1652 5537 homine
1672 5483 1738 5535 ad
1767 5484 1898 5536 ima-

312 5552 484 5622 ginem
517 5551 609 5607 Dei
638 5556 794 5622 facta.

353 5617 415 5744 ,ὑλ
448 5617 848 5681 ΕὐίιὶυὈοιοη.
882 5635 988 5680 vet.
1015 5625 1163 5681 addit
1192 5626 1300 5694 hic,
1342 5626 1497 5679 etiam
1541 5625 1743 5696 optimis
1786 5641 1895 5678 m0-

353 5708 361 5741 l
396 5710 474 5744 us.

314 5707 474 5748 ηοω.

1998 439 2229 492 structio
2254 452 2285 492 a
2310 451 2545 507 superno
2569 442 2767 494 crescit
2791 442 3034 497 exordio.

1998 529 2176 586 CVIII.
2222 529 2238 580 i
2282 530 2431 597 Quod
2477 533 2764 587 recordatio
2793 535 2870 588 vel
2915 536 3099 591 oblivio
3145 554 3248 592 non
3293 538 3482 594 cadant
3524 539 3582 595 in

2695 626 2883 682 Deum.

2068 712 2217 770 'I‘unc
2250 714 2449 770 dicitur
2474 716 2616 772 Deus
2646 720 2976 785 meminisse,
3019 722 3234 791 quando
3263 722 3417 789 facit;
3452 730 3582 781 tunc

1998 804 2265 871 oblivisci,
2290 807 2504 876 quando
2532 824 2637 862 non
2670 809 2815 865 facit.
2850 811 2981 865 Nam
3008 827 3181 879 neque
3211 814 3408 868 oblivio
3435 815 3580 869 cadit

1998 896 2053 950 in
2083 898 2271 963 Deum,
2297 901 2419 968 quia
2447 901 2595 955 nullo
2624 903 2784 956 modo
2814 913 3084 971 mutatur;
3116 920 3288 976 neque
3319 908 3575 961 recorda-

1998 987 2091 1053 tio,
2119 988 2242 1057 quia
2276 989 2411 1045 nihil
2452 992 2786 1048 obliviscitur
2807 994 2959 1067 (Aug.
2988 1011 3130 1052 enar.
3151 996 3203 1049 in
3222 1013 3302 1068 ps.
3326 1013 3574 1061 Lxxxvn.

1996 1096 2051 1136 η.
2076 1079 2165 1150 5).

2282 1171 2420 1227 CIX.
2450 1172 2476 1211 ιε
2510 1173 2612 1239 Qui
2643 1175 2743 1229 Dei
2774 1177 3026 1232 miracula
3066 1179 3290 1235 uideant.

2071 1260 2135 1315 Ili
2167 1261 2343 1315 vident
2367 1265 2631 1319 mirabilia
2652 1266 2768 1333 Dei,
2792 1268 2987 1337 quibus
3010 1280 3255 1337 prosunt.
3282 1269 3411 1324 Nam
3434 1270 3577 1341 quod

1999 1369 2104 1408 non
2139 1356 2468 1425 intelligitur,
2497 1360 2587 1413 vel
2610 1361 2755 1415 unde
2780 1376 2884 1416 non
2915 1362 3207 1431 proficitur,
3232 1379 3338 1418 non
3369 1363 3581 1420 videtur

1996 1445 2164 1516 (Aug.
2193 1447 2340 1512 ibid,
2375 1464 2428 1500 η.
2458 1448 2566 1515 10).

2141 1539 2253 1592 CX.
2286 1539 2361 1591 De
2401 1541 2750 1594 misericordia
2776 1552 2822 1595 et
2852 1544 3061 1597 veritate
3091 1541 3434 1616 1jungendis.

2068 1629 2184 1683 Non
2214 1629 2422 1683 auferat
2448 1630 2650 1683 veritas
2676 1632 3121 1699 misericordiam,
3152 1649 3252 1689 nec
3276 1637 3583 1690 misericor-

1925 1726 1970 1785 B
1999 1721 2083 1774 dia
2134 1721 2392 1788 impediat
2439 1723 2743 1776 veritatem.
2777 1723 2831 1777 Si
2877 1726 3019 1778 enim
3068 1741 3165 1795 pro
3214 1728 3581 1784 misericordia

2000 1813 2322 1881 judicaveris
2340 1823 2526 1865 contra
2549 1814 2852 1879 veritatem,
2874 1825 2965 1869 aut
2988 1817 3136 1885 quasi
3164 1817 3329 1887 rigida
3356 1819 3583 1874 veritate

2000 1903 2201 1957 oblitus
2235 1902 2399 1957 fueris
2432 1903 2875 1971 misericordiam,
2912 1922 3017 1960 non
3061 1908 3357 1964 ambulabis
3402 1910 3451 1962 in
3495 1912 3583 1964 via

2000 1993 2236 2056 Domini,
2267 1994 2317 2046 in
2348 2010 2451 2062 qua
2497 1995 2866 2048 misericordia
2908 2007 2962 2049 et
3004 1999 3199 2051 veritas
3230 1998 3583 2055 obviaverunt

1998 2085 2097 2139 sibi
2127 2086 2288 2156 (Aug.
2310 2101 2462 2138 serm.
2500 2085 2526 2138 1
2556 2087 2609 2137 in
2638 2103 2715 2153 ps.
2747 2102 3003 2147 Lxxxvnt,
3030 2105 3082 2140 η.
3113 2088 3227 2157 25).

2177 2174 2313 2229 CXI.
2348 2174 2424 2229 De
2453 2181 2729 2230 tentatione
2748 2187 2794 2229 et
2826 2178 3109 2231 imitatione
3133 2177 3399 2234 Christi“.

2071 2268 2319 2323 Tentatio
2375 2268 2570 2323 Christi
2614 2269 2845 2325 eruditio
2874 2279 2900 2305 ο
2932 2270 3216 2325 Christiani
3263 2281 3366 2327 est.
3397 2272 3582 2329 Imita-

2002 2367 2148 2414 tores
2177 2360 2320 2413 enim
2370 2360 2612 2429 magistri
2661 2361 2859 2415 debent
2887 2377 3008 2416 esse
3054 2363 3322 2431 discipuli,
3373 2379 3479 2419 non
3530 2368 3583 2421 in

1998 2452 2258 2506 faciendis
2302 2453 2595 2519 miraculis,
2625 2469 2742 2522 qua:
2786 2468 2945 2507 nemo
2972 2456 3171 2523 exigit;
3202 2456 3293 2509 sed
3325 2457 3378 2511 in
3404 2468 3584 2512 custo-

2000 2543 2193 2598 dienda
2248 2543 2553 2597 humilitate
2607 2553 2768 2612 atque
2821 2544 3098 2614 patientia,
3137 2553 3161 2580 ο
3202 2546 3267 2599 ad
3316 2562 3435 2614 quae
3484 2561 3583 2600 nos

1999 2636 2260 2691 Dominus
2311 2651 2409 2691 suo
2462 2637 2708 2691 invitavit
2755 2638 3005 2706 exemplo
3040 2639 3202 2709 (Aug.
3251 2655 3407 2695 serm.
3452 2640 3480 2695 I
3529 2641 3583 2694 in

1997 2745 2079 2800 ps.
2105 2725 2228 2799 xc).

2315 2816 2469 2872 CXII.
2503 2816 2582 2872 De
2610 2819 2889 2886 cupiditate
2916 2827 2962 2872 et
2992 2820 3262 2873 charitate.

2071 2908 2352 2978 Quomodo
2398 2908 2548 2963 radix
2587 2909 2826 2962 omnimn
2861 2911 3124 2963 malorum
3177 2922 3258 2965 est
3293 2911 3580 2982 cupiditas,

1997 3003 2076 3058 sic
2105 3003 2254 3057 radix
2284 3002 2522 3057 omnium
2555 3002 2815 3057 bonorum
2855 3011 2938 3057 est
2966 3003 3202 3059 Charitas
3237 3005 3406 3076 (Aug.
3432 3005 3582 3071 ibid.,

1925 3104 1970 3164 (ς
2003 3113 2055 3150 n.
2080 3094 2157 3167 8).

2344 3183 2527 3239 CXIII.
2560 3195 2589 3234 Ρ
2620 3185 2697 3240 De
2731 3186 2919 3257 gaudio
2946 3186 3243 3242 Christiani.

2073 3275 2378 3332 Christiano
2419 3288 2448 3327 τι
2492 3284 2639 3332 recte
2683 3278 2947 3346 gaudendi
2995 3294 3156 3334 causa
3198 3294 3302 3334 non
3348 3294 3588 3349 presens

2001 3371 2283 3434 smeulum,
2316 3369 2409 3424 sed
2442 3370 2681 3424 futurum
2706 3380 2823 3423 est:
2854 3382 2907 3426 et
2939 3373 3008 3426 ita
3037 3382 3121 3428 est
3151 3373 3409 3428 utendum
3451 3383 3586 3428 tem-

2001 3464 2296 3533 poralibus,
2327 3478 2397 3517 ne
2435 3463 2617 3517 obsint
2659 3468 2906 3531 aeternis;
2956 3476 3015 3520 ut
3055 3466 3106 3521 in
3152 3467 3234 3521 via
3286 3483 3389 3537 qua
3433 3482 3588 3535 pere-

1997 3556 2134 3625 grini
2184 3554 2481 3622 ambulant,
2522 3564 2544 3591 ι
2590 3555 2694 3610 hoc
2745 3556 2953 3625 placeat
2998 3557 3140 3628 quod
3191 3557 3337 3613 ducit
3380 3558 3447 3613 ad
3495 3574 3589 3628 pa-

2003 3644 2179 3699 triam.

2520 3735 2705 3791 CXIV.
2738 3736 2815 3789 De
2845 3736 3073 3791 sabbato.

2071 3825 2207 3881 Male
2248 3826 2489 3881 celebrat
2540 3828 2821 3881 sabbatum
2865 3829 2954 3896 qui
3005 3828 3075 3881 ab
3126 3828 3378 3896 operibus
3432 3828 3588 3884 bonis

2000 3927 2177 3973 vacat.
2202 3919 2377 3973 Otium
2410 3930 2585 3974 autem
2624 3920 2690 3973 ab
2721 3918 2998 3989 iniquitate
3040 3920 3200 3976 debet
3242 3936 3366 3977 esse
3396 3936 3588 3992 perpe-

2003 4020 2177 4080 tuum,
2202 4014 2324 4082 quia
2356 4012 2493 4066 bona
2517 4013 2843 4066 conscientia
2872 4026 2975 4066 non
2997 4012 3312 4081 inquietum,
3331 4014 3424 4068 sed
3445 4025 3590 4069 tran-

2001 4104 2223 4176 quillum
2251 4112 2272 4139 ³
2300 4102 2424 4157 facit
2447 4102 2602 4175 (Aug.
2638 4120 2780 4157 enar.
2814 4105 2865 4158 in
2895 4121 2973 4175 ps.
3003 4119 3110 4169 XCI,
3136 4122 3192 4158 η.
3224 4106 3314 4177 2).

2071 4196 2234 4251 CXV.
2272 4196 2292 4232 ί
2333 4195 2482 4263 Quod
2521 4198 2707 4250 bonum
2745 4213 2861 4248 cum
2889 4198 3080 4267 gaudio
3110 4197 3176 4250 sit
3206 4197 3516 4267 faciendum.

2075 4288 2238 4363 559
2266 4286 2397 4342 Cum
2429 4288 2629 4342 bonum
2657 4288 2918 4357 operaris,
2948 4288 3137 4344 hilaris
3165 4304 3413 4359 operare.
3454 4289 3587 4345 Nam

2080 4420 2097 4459 ί
2134 4423 2234 4477 Ms.
2259 4422 2529 4487 Joliensis,
2566 4422 2639 4476 De
2662 4423 2852 4477 calesti
2876 4430 2922 4475 et
2948 4432 3145 4475 terrena
3174 4422 3533 4489 wdiﬁeatione.

2080 4494 2094 4542 i
2134 4493 2322 4547 Colon.
2349 4505 2455 4547 vet.
2490 4494 2619 4546 edit.
2646 4496 2814 4555 addit,
2838 4504 2885 4546 et
2908 4495 3183 4561 quomodo.
3210 4493 3310 4547 Ms.
3340 4493 3591 4551 Joliensis

2005 4564 2163 4617 aliter
2186 4573 2355 4635 totum
2381 4564 2621 4629 exhibet,
2650 4565 2879 4630 Qualiter
2898 4564 3062 4632 accipi
3082 4564 3281 4631 debeat,
3304 4566 3442 4635 quod
3462 4566 3592 4620 obli-

2001 4634 2127 4687 uisci
2134 4643 2214 4685 tur
2246 4634 2397 4687 Deus.

2072 4702 2099 4774 If
2128 4704 2223 4756 Ms.
2240 4704 2515 4769 Joliensis,
2538 4705 2771 4771 Qualiter
2787 4703 2945 4757 videri
2971 4704 3166 4774 possint
3192 4706 3447 4759 mirabilia
3471 4706 3586 4762 Dei.

2076 4772 2095 4811 Ῑ
2130 4775 2273 4828 Edit.
2318 4774 2508 4828 Colon.
2539 4786 2671 4837 vet.,
2700 4772 3012 4827 obriantibus
3040 4777 3157 4829 sibi.
3182 4776 3277 4829 Ms.
3298 4776 3425 4841 Joh,
3448 4778 3591 4845 Qua-

2000 4844 2118 4897 liter
2147 4845 2370 4915 intelligi
2401 4846 2573 4899 debeat
2606 4846 2957 4898 misericordia
2983 4856 3029 4898 et
3056 4849 3263 4899 veritas.

2076 4924 2116 4951 ω
2144 4913 2334 4968 Colon.
2368 4928 2474 4970 vet.
2500 4917 2630 4969 edit.
2662 4916 2830 4981 addit,
2864 4933 2963 4968 non
2990 4917 3041 4968 in
3068 4917 3347 4969 miraculis.

2076 4993 2105 5021 ιλ
2134 4985 2231 5040 his.
2260 4985 2468 5056 Remig.
2494 4986 2797 5041 Christianis
2822 4998 2926 5053 est;
2948 4996 3003 5040 et
3027 4989 3126 5042 sub
3150 4988 3332 5051 linem,
3351 4986 3589 5058 adquam

2006 5071 2118 5108 nos.

2079 5134 2103 5160 ο
2134 5126 2231 5198 Ms.
2261 5126 2533 5193 Joliensis,
2562 5138 2608 5181 et
2632 5128 2901 5198 patientia,
2935 5128 3003 5179 ad
3028 5143 3180 5197 quam
3211 5144 3303 5181 nos
3330 5126 3467 5181 Deus
3496 5145 3592 5183 suo

2004 5197 2235 5261 exemplo
2264 5199 2460 5249 invitat.

2074 5277 2102 5316 Ρ
2125 5268 2220 5320 Ms.
2253 5268 2528 5331 Jolieusis,
2557 5273 2684 5334 Quae
2709 5270 2773 5322 sit
2805 5285 2957 5320 causa
2987 5278 3121 5321 recte
3146 5268 3425 5338 gaudendi.

2074 5347 2102 5386 (ι
2153 5339 2296 5392 Edit.
2356 5340 2548 5394 Colon.
2600 5349 2655 5394 et
2711 5340 3078 5408 posteriores,
3142 5337 3278 5391 recta
3334 5337 3593 5409 gaudendi

2002 5422 2178 5462 causa.

2078 5488 2099 5516 τ
2130 5479 2322 5533 Colon.
2356 5487 2462 5532 vet.
2498 5477 2652 5545 edit.,
2687 5478 2784 5531 hoc
2820 5478 3002 5544 placet,
3028 5492 3133 5530 non
3160 5478 3302 5533 malo
3329 5494 3494 5533 sensu

2080 5558 2102 5585 '
2136 5550 2314 5604 Editio
2342 5550 2535 5605 Colon.
2562 5559 2696 5610 vet.,
2728 5548 3067 5618 tranquillum
3098 5552 3219 5617 facit
3250 5551 3499 5605 animum.

2079 5620 2099 5655 ¹
2127 5619 2319 5693 Colon.
2348 5620 2623 5693 vetgditq
2656 5618 2808 5682 Quod
2840 5620 3022 5693 bonum
3054 5636 3170 5693 cum
3200 5621 3388 5693 gaudio
3414 5622 3482 5674 sit
3507 5623 3590 5693 ἷαρ

2005 5690 2261 5746 ciendum.
2299 5691 2423 5758 Alii,
2448 5689 2647 5743 Bonum
2674 5706 2789 5744 cum
2810 5690 2999 5763 gaudio
3031 5701 3102 5746 est
3133 5691 3444 5761 faciendum.
