3978 6178
451 166 553 219 ΗΞ

1682 161 1739 214 s.
1787 153 2115 210 muscum
2157 153 2486 221 AQUITANI

3622 144 3726 197 ιιι

453 277 496 329 si
525 276 647 347 quid
679 276 803 332 boni
837 276 1001 331 tristis
1028 277 1244 341 feceris,
1274 277 1333 330 ﬁt
1354 276 1421 331 de
1447 284 1498 329 te
1526 273 1695 344 magis
1718 287 1873 342 quam
1898 269 2027 324 facis
2057 268 2106 329 Α
2133 268 2219 322 vel
2247 266 2517 323 receditur
2549 264 2617 320 ab
2647 280 2743 328 eo;
2788 262 2881 320 sed
2913 258 3207 317 similitudo
3235 256 3363 318 facit
3392 257 3721 328 proximum,

455 368 609 440 (Aug.
632 385 776 423 enar.
807 368 859 421 in
890 387 968 439 ps.
1002 384 1109 431 xei.
1141 386 1193 422 η.
1225 370 1307 439 5).

454 458 637 512 CXVI.
672 470 694 496 ⁸
727 459 875 525 Quod
900 476 1002 513 non
1023 459 1275 524 homines,
1301 460 1390 513 sed
1417 460 1676 512 hominum
1697 456 1760 510 sit
1787 453 2032 527 fugienda

1089 554 1407 623 perversitas.

527 640 583 696 Si
629 641 681 695 in
712 658 893 697 mores
922 644 1182 697 malorum
1236 661 1341 697 non
1386 650 1663 698 transeant
1691 640 1837 703 boni,
1872 638 2032 694 etiam

456 731 597 786 inter
622 733 992 788 cohabitantes
1018 751 1205 805 magna
1229 734 1423 790 divisio
1444 742 1549 790 est.
1573 735 1685 788 Nan
1710 748 1837 800 ergo
1866 730 2036 784 homi-

456 838 573 890 nes,
590 825 678 893 qui
705 824 985 878 meliorum
1012 827 1262 894 exemplo
1286 826 1483 897 corrigi
1505 832 1727 895 queunt,
1745 822 1839 877 sed
1861 822 2033 875 homi-

456 928 581 966 num
614 923 696 967 est
722 914 964 982 fugienda
1000 916 1270 984 iniquitas.

457 1004 662 1060 CXVII.
694 1002 721 1043 ι)
749 1006 899 1073 Quod
927 1008 1026 1061 sint
1062 1008 1267 1060 vitanda
1291 1017 1499 1073 peccata
1525 1024 1626 1062 non
1656 1008 1833 1062 timore
1856 1023 2038 1075 paena,

972 1102 1062 1152 sed
1090 1116 1267 1152 amore
1286 1100 1523 1169 justitiw.

533 1189 661 1243 Eam
691 1189 834 1246 Deus
883 1189 1247 1246 innocentiam
1295 1192 1510 1260 probat,
1564 1207 1665 1261 qua
1722 1191 1883 1245 homo
1929 1206 2039 1245 non

463 1292 486 1320 ο
518 1294 658 1336 metu
690 1296 859 1351 paena:
904 1285 961 1336 ﬁt
991 1284 1271 1351 innocens,
1296 1284 1391 1338 sed
1420 1298 1605 1337 amore
1646 1284 1879 1352 justitiam
1908 1282 2037 1336 Nam

460 1376 551 1443 qui
585 1374 778 1428 timore
804 1392 910 1429 non
939 1386 1146 1445 peccat,
1173 1376 1418 1445 quamvis
1448 1393 1554 1431 non
1584 1386 1774 1431 noceat
1812 1377 1893 1430 cui
1927 1378 2041 1430 vult

460 1480 680 1533 nocere,
713 1466 817 1520 sibi
850 1477 1025 1522 tamen
1054 1468 1344 1537 plurimum
1378 1478 1563 1535 nocet;
1596 1479 1649 1523 et
1675 1469 1947 1523 abstinens
1972 1470 2041 1523 ab

461 1557 647 1627 iniquo
691 1574 887 1627 opere,
936 1560 1051 1613 sola
1081 1569 1256 1616 tamen
1299 1576 1423 1617 reus
1452 1570 1536 1616 est
1574 1561 1849 1617 voluntate
1880 1560 2039 1633 (Aug.

461 1667 605 1706 cnur.
637 1651 689 1704 in
716 1668 794 1718 ps.
825 1666 970 1709 scut.
1000 1670 1052 1705 n.
1087 1653 1159 1723 1).

461 1740 689 1796 CXVIII.
722 1741 749 1779 ά
778 1742 854 1797 De
884 1742 1065 1796 humili
1114 1744 1430 1815 confessione
1458 1755 1505 1799 et
1527 1746 1743 1816 superba
1763 1747 2041 1818 jactantia.

534 1836 722 1889 Melior
746 1845 829 1889 est
859 1839 907 1888 in
939 1837 1100 1890 malis
1123 1836 1277 1891 factis
1306 1838 1596 1905 confessio,
1624 1854 1781 1908 quam
1814 1841 1865 1892 in
1891 1839 2045 1893 bouis

462 1925 691 1995 superba
716 1926 966 1991 gloriatio
999 1926 1156 1996 (Aug.
1189 1928 1339 1993 ibid.,
1374 1946 1428 1981 n.
1465 1928 1582 1998 15).

635 2016 819 2070 CXIX.
858 2026 881 2054 °
914 2017 1065 2083 Quod
1093 2018 1255 2083 iniqui
1285 2018 1483 2071 malitia
1512 2022 1671 2086 prosit
1707 2020 1873 2076 bonis.

535 2107 612 2160 De
660 2108 863 2161 malitia
915 2110 1039 2161 tnali
1086 2109 1385 2177 ﬂagellatur
1432 2111 1632 2177 bonus;
1679 2123 1732 2167 et
1777 2112 1845 2167 de
1890 2127 2047 2167 servo

464 2198 778 2253 emendatur
808 2199 946 2252 ﬁlius
980 2199 1137 2270 (Aug.
1168 2200 1321 2267 ibid.,
1353 2219 1407 2255 η.
1439 2202 1554 2272 9.5).

780 2289 945 2345 CXX.
970 2290 989 2329 τ
1026 2292 1102 2347 De
1125 2293 1357 2361 ﬁdelium
1382 2296 1773 2365 perseverantia.

537 2383 688 2440 Sicut
716 2386 901 2440 stellas
946 2385 1065 2440 caeli
1096 2401 1201 2439 non
1232 2390 1522 2455 exstinguit
1554 2403 1687 2454 nox,
1723 2391 1799 2443 sic
1841 2398 2050 2443 mentes

466 2476 729 2545 ﬁdelium,
763 2475 1104 2531 adhmrenles
1135 2476 1476 2531 ﬁrmamento
1502 2490 1699 2531 sancta:
1730 2478 2047 2546 Scripturte,

468 2582 573 2620 non
604 2567 856 2623 obscurat
882 2568 1146 2622 mundana
1180 2568 1430 2637 iniquitas
1471 2570 1489 2640 (
1532 2568 1797 2642 Zephirin.
1838 2587 1921 2638 ep.
1976 2570 1998 2623 I
2033 2584 2047 2634 ;

469 2663 600 2732 Aug.
634 2676 777 2713 enar.
808 2662 858 2712 in
889 2677 966 2731 ps.
996 2676 1143 2725 xcm,
1172 2679 1225 2713 η.
1260 2662 1376 2729 29).

685 2750 877 2804 CXXI.
911 2760 935 2798 Β
976 2751 1049 2803 De
1080 2752 1289 2819 propria
1319 2752 1567 2820 facultate
1594 2749 1837 2804 hominis.

541 2841 622 2895 Ad
661 2842 991 2910 peccandum
1040 2844 1201 2896 homo
1230 2844 1471 2895 abundat
1511 2844 1723 2911 propria
1758 2842 2046 2898 facultate:

470 2931 534 2984 ad
563 2934 825 3001 agendum
856 2942 1035 2988 autem
1066 2934 1263 2987 boouui
1306 2948 1411 2987 non
1453 2934 1552 2987 sibi
1594 2934 1810 3001 SUIIIt'II,
1856 2934 1953 2988 nisi
1984 2934 2051 2989 ab

470 3026 563 3079 illo
589 3026 916 3094 justiﬁcetur
956 3028 1045 3096 qui
1092 3026 1239 3081 solus
1275 3025 1454 3095 justus
1493 3035 1575 3080 est
1614 3024 1778 3097 (Aug.
1810 3042 1951 3079 enar.
1996 3027 2049 3081 in
2077 3008 2121 3068 Π

470 3130 549 3185 ps.
578 3129 761 3179 xcvui,
794 3132 849 3173 n.
882 3114 959 3184 7).

784 3204 995 3261 CXXII.
1027 3203 1054 3242 δ
1088 3204 1161 3258 De
1189 3207 1457 3261 contrariis
1483 3207 1729 3260 moribus.

538 3294 760 3364 Magnus
787 3296 1050 3350 bonorum
1084 3297 1232 3350 labor
1251 3306 1353 3362 est,
1380 3313 1556 3351 mores
1580 3299 1813 3352 tolerare
1836 3306 2053 3352 contra-

470 3388 577 3440 rios
619 3402 633 3438 :
678 3386 871 3455 quibus
917 3388 1004 3455 qui
1053 3403 1159 3439 non
1214 3388 1524 3453 offenditur,
1579 3403 1763 3455 parum
1822 3389 2048 3456 prolicit.

470 3474 697 3530 Tantum
751 3478 893 3531 enim
951 3486 1166 3547 torquet
1207 3477 1409 3546 jUstttm
1460 3476 1486 3521 νί
1548 3478 1799 3548 iniquitas
1852 3477 2046 3545 aliena,

471 3577 723 3635 quantum
756 3569 957 3625 recedit
986 3586 1016 3623 a
1044 3584 1136 3623 sua
1161 3569 1319 3641 (Aug.
1345 3570 1495 3631 ibid.
1527 3586 1581 3623 η.
1618 3569 1729 3639 1‘2).

472 3656 701 3715 CXXIII.
736 3660 749 3711 i
793 3661 1025 3727 Qualiter
1054 3662 1328 3714 accedatur
1356 3662 1425 3713 ad
1468 3661 1649 3729 Deum,
1684 3662 1759 3715 vel
1788 3661 2054 3717 recedatur

1164 3768 1195 3803 α
1224 3750 1353 3805 Deo.

544 3840 707 3913 560
738 3842 850 3897 Non
886 3843 1126 3898 locorum
1154 3844 1455 3899 intervallis
1473 3844 1749 3899 acceditur
1773 3845 1839 3899 ad
1862 3844 2052 3913 Deum,

549 4052 573 4079 °
602 4043 698 4096 Ms.
727 4043 857 4103 .lol..
890 4044 965 4097 De
991 4046 1263 4099 consortio.
1283 4046 1474 4101 Colon.
1503 4044 1656 4110 edit.,
1692 4043 1765 4098 De
1794 4042 2054 4097 cohabita-

479 4117 615 4166 tione
641 4114 887 4166 bonorum
916 4125 961 4167 et
992 4118 1262 4167 malorum.

521 4184 577 4256 Α)
612 4184 817 4256 Colon.
843 4193 947 4256 vet.
981 4186 1109 4239 edit.
1147 4202 1250 4238 non
1282 4185 1439 4239 habet
1476 4200 1659 4256 paenae,
1692 4198 1789 4237 nec
1809 4184 2049 4251 justitia’.

481 4254 581 4309 Ms.
600 4253 872 4317 .lolicnsis,
896 4254 1023 4319 Qua:
1050 4258 1112 4308 sit
1139 4272 1253 4309 vera
1280 4253 1589 4309 innocentia.
1623 4255 1753 4307 lluic
1775 4256 2056 4307 sententia:

481 4324 675 4378 similia
710 4325 852 4393 leges
884 4326 1018 4394 apud
1048 4327 1272 4395 August.
1308 4328 1399 4381 lib.
1430 4328 1497 4379 de
1539 4325 1682 4392 Spir.
1716 4334 1771 4379 et
1801 4324 1900 4376 l.it.
1934 4340 2052 4391 cap.

483 4396 516 4465 8
545 4407 597 4449 et
628 4395 707 4459 t4,
734 4397 822 4450 lib.
848 4396 915 4450 de
935 4397 1052 4451 Nat.
1085 4409 1138 4451 et
1164 4397 1311 4452 Grat.
1341 4412 1460 4465 cap.
1484 4397 1572 4459 57,
1606 4406 1661 4449 et
1681 4396 1773 4449 lib.
1802 4410 1839 4449 tt
1869 4405 2057 4450 contra

481 4464 517 4517 2
543 4467 711 4534 Epist.
745 4467 921 4536 Pelag.
952 4483 1000 4521 c.
1033 4469 1157 4535 9,ct
1186 4468 1280 4520 lib.
1313 4484 1369 4522 III
1398 4464 1515 4535 cap.
1546 4465 1598 4518 4.

561 4546 583 4573 ε
615 4537 800 4589 Colon.
834 4542 1099 4592 recentior
1125 4538 1289 4594 editio
1320 4548 1374 4593 et
1402 4536 1759 4605 posteriores,
1788 4544 1927 4588 ηιοιιι
1958 4544 2063 4606 1⁵03⁸

486 4622 585 4677 me.
611 4606 709 4660 Ms.
741 4608 949 4673 Remig.
978 4621 1097 4676 post
1133 4625 1318 4677 pauca,
1354 4611 1415 4662 sit
1439 4610 1701 4661 innocens.

561 4674 589 4714 τι
620 4678 827 4749 Ita_ms.
853 4674 1203 4749 ‘Joliénsis,et
1229 4674 1437 4748 quidem
1471 4681 1645 4749 aptius
1673 4692 1827 4746 quam
1858 4676 2067 4749 aliico-

489 4746 658 4809 dices,
689 4747 764 4800 De
808 4746 1063 4817 phariswo
1103 4762 1148 4801 et
1193 4746 1627 4818 publicanofctsi
1657 4746 1921 4802 sententia
1952 4747 2068 4800 ha'c

489 4835 554 4872 ex
608 4818 829 4873 Ιιὶεευτὶίι
883 4820 1162 4889 utriusque
1230 4824 1566 4875 occasionem
1631 4822 1929 4887 sumpsisse
1983 4818 2067 4871 vi-

490 4890 698 4943 deatur.

567 4969 591 4995 ε
622 4960 719 5013 Ms.
752 4958 1024 5026 Jolicnsis,
1058 4958 1134 5012 De
1160 4964 1467 5015 correctione
1495 4958 1801 5024 disciplinae.
1894 4958 1909 4965 ’

570 5029 589 5066 ί
622 5032 717 5082 Ms.
755 5030 1008 5083 Joliensis
1046 5032 1257 5083 titulum
1306 5032 1677 5084 substituimus
1719 5029 1958 5097 antiquo,
1991 5025 2070 5081 De

493 5102 757 5155 mundana
784 5102 1068 5169 iniquitate,
1099 5116 1256 5169 quem
1284 5102 1477 5153 habent
1503 5102 1591 5154 alii
1618 5101 1851 5153 codices.

568 5182 592 5240 β
624 5172 717 5224 Ms.
750 5171 1020 5234 Joliensis,
1053 5172 1282 5238 Qualiter
1309 5174 1463 5239 possit
1488 5173 1570 5240 agi
1609 5171 1745 5239 quod
1768 5176 1949 5221 bonum
1974 5177 2065 5221 est.

569 5239 596 5277 ιι
625 5242 724 5294 Ms.
759 5244 1029 5305 Jolicnsis,
1062 5244 1292 5308 Qualiter
1319 5242 1435 5294 boni
1463 5244 1707 5294 sustinere
1737 5241 1946 5294 debeant
1971 5256 2073 5292 ma~

502 5313 597 5367 los.
626 5310 814 5365 Colon.
845 5324 953 5367 vet.
980 5314 1127 5366 addit
1152 5314 1302 5367 titulo
1326 5328 1505 5366 vocem
1534 5312 1695 5363 bouis.

578 5382 595 5420 ί
628 5382 769 5435 Edit.
802 5384 989 5437 Colon.
1022 5394 1150 5449 vet.,
1179 5385 1333 5437 alieni
1368 5382 1557 5449 peccati
1589 5380 1852 5449 iniquitas.

576 5451 591 5502 ἱ
633 5451 730 5505 Ms.
760 5453 1032 5511 Joliensis.
1072 5457 1204 5520 Quid
1230 5458 1295 5507 sit
1320 5455 1584 5507 adluerere
1618 5453 1745 5503 Deo.

571 5521 601 5558 ι
627 5524 817 5576 Colon.
852 5536 956 5575 vet.
996 5526 1123 5577 edit.
1149 5566 1165 5589 ,
1211 5525 1285 5579 De
1332 5526 1600 5579 tolerantia
1642 5521 1922 5575 hominum.
1974 5519 2070 5574 MS.

508 5590 637 5655 ἔοι..
673 5592 745 5647 De
773 5594 1033 5647 tolerando
1058 5596 1269 5649 nemine.

2137 358 2521 415 dissimilitudo
2549 356 2918 425 longinquum.
2959 355 3022 409 Et
3055 352 3217 407 nimia
3271 352 3492 405 miseria
3539 359 3626 403 est
3660 349 3725 404 ab

2134 463 2200 501 eo
2227 449 2367 502 bono
2408 448 2565 513 longe
2592 461 2734 510 esse,
2767 443 2911 514 quod
2941 443 3137 502 ubique
3171 451 3252 497 est
3282 441 3450 511 (Aug.
3483 456 3632 494 enar.
3675 441 3725 493 in

2137 556 2217 609 ps.
2246 555 2391 603 xcrx,
2419 556 2475 593 η.
2512 538 2589 607 5).

2550 625 2785 683 CXXIV.
2822 623 2899 678 De
2925 640 3043 677 vero
3070 625 3321 678 libertate.

2209 719 2402 774 Libera
2434 732 2651 786 semper
2680 725 2764 771 est
2805 716 3035 770 servitus
3081 714 3221 783 apud
3253 713 3440 777 Deum,
3486 711 3581 766 cui
3622 725 3722 765 nou

2138 811 2431 866 necessitas
2452 810 2639 871 servit,
2669 806 2762 862 sed
2791 808 3025 861 cliaritas
3047 805 3205 876 (Aug.
3228 804 3386 870 ibid.,
3417 820 3471 858 n.
3502 804 3589 873 7).

2581 898 2791 954 CXXV.
2824 896 2851 935 I‘
2893 898 2967 950 De
3008 896 3299 950 tolerantia.

2212 990 2314 1059 Qui
2348 990 2470 1045 ideo
2515 990 2784 1043 neminem
2822 988 2931 1041 vult
2966 986 3239 1042 hominem
3270 985 3399 1055 pati,
3432 984 3562 1053 quia
3594 984 3727 1039 mul-

2141 1095 2277 1149 tum,
2327 1094 2386 1138 ut
2426 1084 2739 1147 arbitratur,
2794 1079 3037 1149 proﬁcit;
3091 1093 3190 1148 per
3221 1078 3323 1131 hoc
3366 1079 3539 1145 ipsum
3594 1077 3726 1146 quod

2141 1178 2276 1231 alios
2308 1190 2410 1229 non
2456 1175 2678 1239 tolerat,
2710 1171 2943 1227 ostendit
2972 1170 3115 1240 quod
3160 1168 3333 1238 potius
3373 1185 3480 1223 non
3524 1168 3731 1238 proﬁcit

2146 1270 2310 1340 (Aug.
2344 1268 2492 1329 me,
2527 1284 2581 1322 η.
2609 1264 2697 1337 9).

2390 1358 2627 1415 CXXVI.
2670 1355 2689 1397 ι
2739 1355 2888 1413 Unde
2916 1358 2979 1409 sit
3011 1355 3202 1410 bonum
3232 1363 3491 1408 nostrum.

2213 1459 2413 1513 Totum
2446 1459 2646 1511 bonum
2673 1454 2815 1526 quod
2862 1453 3141 1513 habemus.
3190 1450 3260 1504 ab
3308 1448 3518 1503 artiﬁce
3551 1458 3729 1503 nostro

2145 1548 2431 1602 habemus.
2458 1547 2566 1601 Sed
2596 1546 2642 1599 si
2674 1546 2773 1598 hoc
2804 1546 2857 1597 in
2890 1542 3043 1597 nobis
3070 1541 3321 1610 estquod
3361 1540 3460 1608 ipsi
3491 1541 3727 1604 iecimus,

2074 1637 2272 1705 Biﬂtie
2311 1635 2714 1699 damnabimur;
2771 1634 2817 1687 si
2868 1645 3045 1686 autem
3095 1632 3199 1685 hoc
3227 1629 3369 1700 quod
3400 1630 3545 1685 Deus
3595 1629 3728 1694 fecit,

2146 1729 2270 1785 inde
2298 1727 2679 1782 coronabimur
2711 1727 2866 1797 (Aug.
2898 1726 3051 1789 ibid,
3083 1742 3136 1778 η.
3173 1724 3288 1791 lii).

2431 1818 2685 1873 CXXVII.
2717 1827 2757 1854 ω
2784 1818 2858 1872 De
2880 1816 3244 1870 Incarnotione
3276 1814 3450 1869 Verbi.

2219 1909 2455 1965 Verbum
2508 1909 2623 1972 Dei,
2664 1924 2761 1977 per
2797 1908 2935 1977 quod
2972 1907 3107 1960 facta
3148 1917 3272 1961 sunt
3296 1907 3497 1971 omnia,
3531 1912 3730 1972 tempus

2147 1999 2527 2071 praeordinavit
2548 2014 2653 2068 quo
2680 2000 2981 2067 susciperet
3004 2013 3261 2061 carnem;
3314 2005 3343 2032 ιι
3375 2012 3483 2050 non
3514 1996 3731 2065 tempori

2147 2093 2311 2147 cessit
2333 2110 2438 2162 quo
2466 2100 2766 2146 verteretur
2806 2093 2857 2145 iu
2898 2105 3137 2145 carnem.
3192 2090 3370 2143 IIomo
3396 2088 3598 2157 quippe
3632 2089 3728 2140 Deo

2148 2187 2401 2249 accessit,
2462 2200 2569 2240 non
2628 2187 2769 2239 Deus
2818 2199 2851 2237 a
2903 2199 2962 2239 se
3013 2182 3446 2254 recessit.(Aug.
3481 2195 3571 2252 ep.
3616 2181 3729 2246 157,

2150 2295 2203 2333 n.
2241 2278 2368 2347 10).

2468 2366 2749 2423 CXXVIII.
2773 2376 2797 2403 ο
2830 2366 2906 2420 De
2934 2367 3035 2433 ﬁde
3064 2375 3109 2418 et
3140 2364 3421 2418 inteliectu.

2220 2490 2247 2531 ρ
2277 2481 2569 2535 Intellectui
2624 2482 2757 2535 ﬁdes
2797 2480 2937 2535 viain
2969 2478 3171 2549 aperit,
3226 2476 3517 2532 inﬁdelitas
3544 2476 3735 2531 cla;dit

2152 2571 2310 2643 (Aug.
2342 2574 2492 2638 ibid.,
2521 2589 2575 2627 η.
2604 2572 2715 2634 15).

2606 2661 2844 2717 CXXIX.
2882 2671 2910 2710 tt
2945 2660 3017 2713 De
3042 2660 3296 2731 superbia.

2222 2752 2339 2819 Quo
2364 2751 2594 2821 primum
2629 2752 2761 2805 vitio
2789 2761 2811 2789 τ
2848 2758 3133 2819 superatus
3162 2756 3244 2803 est
3275 2748 3457 2813 homo,
3493 2747 3594 2802 hoc
3619 2747 3735 2801 ulti-

2152 2860 2297 2898 mum
2326 2844 2512 2899 vincit.
2535 2844 2665 2896 Cum
2693 2842 2839 2895 enim
2869 2849 2891 2876 '
2923 2840 3103 2895 omnia
3128 2849 3347 2908 peccata
3376 2841 3731 2907 superaverit,

2152 2946 2337 2990 manet
2379 2935 2675 3005 periculum
2718 2950 2785 2988 ne
2826 2934 2967 2990 bene
3010 2934 3110 2987 sibi
3139 2948 3291 2986 mens
3332 2935 3571 2995 conscia,
3602 2932 3649 2985 in
3682 2948 3735 2986 se

2158 3029 2332 3096 potius
2370 3042 2527 3097 quam
2564 3027 2616 3081 in
2642 3026 2869 3081 Domino
2895 3025 3155 3095 glorietur
3177 3026 3334 3095 (Aug.
3361 3041 3504 3078 enur.
3531 3026 3582 3076 in
3604 3025 3729 3092 psal.

2156 3136 2248 3184 vn,
2277 3137 2330 3173 η.
2358 3118 2437 3187 4).

2366 3207 2580 3263 CXXX.
2614 3209 2635 3246 ί
2672 3208 2749 3263 De
2779 3208 3087 3279 perfectione
3126 3206 3519 3259 desideriorum.

2226 3299 2375 3353 Finis
2408 3314 2656 3353 curarum
2684 3308 2711 3336 τι
2744 3299 3000 3369 perfectio
3030 3308 3111 3352 est
3138 3296 3562 3359 desideriorum;
3602 3304 3655 3350 et
3686 3297 3732 3349 in

2157 3389 2208 3445 id
2238 3391 2466 3460 quisque
2484 3390 2654 3445 tendit
2677 3405 2740 3445 ac
2768 3390 2973 3455 nititur,
3006 3397 3061 3442 ut
3087 3388 3153 3441 ad
3176 3388 3303 3441 illud
3338 3389 3609 3455 perveniat
3635 3404 3736 3456 quc

2158 3481 2475 3536 delectatur.
2506 3492 2533 3522 Υ
2562 3482 2835 3551 Sapientis
2863 3495 2992 3548 ergo
3021 3488 3105 3533 est
3148 3478 3249 3532 hoc
3292 3487 3555 3546 appetere
3598 3474 3736 3544 quod

2158 3574 2359 3627 bonum
2390 3572 2538 3643 facit,
2566 3589 2670 3628 non
2698 3572 2750 3628 id
2790 3586 2973 3626 amare
2997 3569 3139 3641 quod
3168 3569 3367 3640 decipit
3398 3568 3555 3639 (Aug.
3585 3569 3737 3631 ibid.,

2160 3682 2213 3719 η.
2239 3666 2324 3734 9).

2425 3752 2667 3810 CXXXI.
2708 3753 2782 3809 De
2806 3754 3003 3806 duobus
3029 3761 3057 3789 ι
3083 3750 3234 3805 donis
3264 3763 3464 3824 gratia.

2235 3847 2393 3918 561
2422 3846 2573 3901 Sicut
2593 3846 2699 3900 duo
2728 3846 2855 3899 eunt
2888 3844 3067 3898 ofﬁcia
3100 3843 3415 3911 medicinas,
3448 3860 3604 3897 unum
3633 3860 3739 3913 quo

2238 4041 2256 4082 ι
2292 4044 2521 4097 Codices
2542 4058 2731 4097 omnes
2756 4044 3035 4103 hactenus,
3070 4039 3147 4094 De
3174 4042 3373 4107 artiﬁce
3403 4060 3617 4107 summa;
3644 4045 3733 4096 sed

2161 4115 2356 4169 clarior
2388 4119 2496 4167 visa
2524 4124 2607 4168 est
2636 4116 2795 4168 lectio
2828 4132 2929 4166 ms.
2960 4114 3237 4179 .lolicusis,
3273 4129 3431 4182 quam
3460 4118 3726 4169 substitui-

2162 4202 2301 4241 "IIIS.

2235 4266 2273 4291 πη
2310 4256 2398 4311 Sic
2424 4271 2527 4309 ms.
2572 4254 2677 4309 Jol.
2721 4258 2919 4321 Antea,
2954 4252 3029 4307 De
3057 4252 3225 4307 Verbo
3258 4253 3394 4321 Dei;
3426 4256 3734 4324 generaliori

2162 4326 2572 4393 signiﬁcatione.

2234 4407 2260 4432 υ
2294 4399 2387 4449 Ms.
2416 4398 2649 4466 Reinig.,
2681 4412 2780 4449 non
2809 4405 3033 4464 tempore
3076 4396 3326 4460 accessit;
3358 4406 3416 4450 et
3446 4396 3573 4451 inira
3599 4438 3610 4459 ,
3641 4412 3737 4463 quo

2092 4468 2143 4528 Ι)
2168 4468 2421 4520 rideretur
2451 4469 2500 4519 in
2532 4484 2704 4520 carne.

2240 4548 2263 4572 υ
2298 4540 2393 4591 Me.
2422 4538 2701 4601 .loliensis,
2738 4536 2812 4589 De
2838 4535 3099 4589 intellectu
3128 4536 3400 4603 capiendo.

2242 4619 2268 4656 P
2300 4610 2396 4661 Ms.
2426 4608 2528 4661 Jul.
2555 4652 2567 4672 ,
2603 4606 2925 4660 Intellectum
2975 4608 3099 4671 ﬁdes
3148 4610 3335 4677 aperit.
3373 4607 3475 4661 Ms.
3512 4606 3735 4675 Remig.,

2170 4678 2461 4731 Intellectui
2487 4679 2718 4731 auditum
2750 4678 2876 4745 ﬁdes
2906 4680 3088 4745 aperit.

2243 4760 2270 4797 ει
2302 4749 2373 4801 lia
2410 4765 2511 4801 ms.
2542 4749 2813 4801 Joliensis.
2868 4746 3020 4814 Quod
3052 4748 3229 4817 aptius
3260 4748 3434 4801 visum
3470 4748 3616 4801 titulo
3650 4763 3738 4799 vc-

2171 4823 2291 4881 tcri,
2325 4818 2399 4871 De
2428 4819 2631 4872 homine
2652 4820 2801 4871 victo.

2248 4901 2269 4926 ι’
2302 4889 2493 4943 Colon.
2528 4900 2634 4941 vel.
2658 4890 2810 4952 edit.,
2845 4898 3149 4958 superatur;
3172 4896 3223 4941 et
3252 4898 3373 4956 post
3408 4890 3590 4951 multa,
3616 4887 3739 4940 nihil

2174 4961 2379 5014 conscia
2411 4975 2504 5029 pro
2537 4962 2658 5012 bene
2682 4960 2905 5011 conscia.

2246 5040 2266 5067 ε
2298 5030 2396 5084 Ms.
2427 5030 2697 5094 Joliensis,
2729 5032 2898 5081 omnia
2924 5030 3045 5081 vitia
3074 5030 3410 5098 superaverit.

2247 5102 2265 5136 ί
2301 5102 2398 5154 Ms.
2428 5103 2645 5159 .lolieu..
2680 5102 2751 5151 De
2781 5101 3100 5166 perceptione
3130 5100 3525 5153 desideriorum.
3558 5098 3734 5153 Colon.

2174 5181 2278 5225 vet.
2307 5172 2417 5235 ed.,
2452 5170 2529 5225 De
2561 5171 2886 5239 perfectione.
2920 5170 3029 5224 Nec
3059 5172 3197 5224 male
3239 5170 3477 5225 fortasse
3502 5214 3516 5238 ,
3556 5172 3598 5224 si
3626 5170 3738 5221 linis

2172 5246 2451 5297 sententia:
2478 5241 2815 5309 respiciatur.

2243 5322 2268 5349 ιι
2288 5314 2399 5365 Ms.
2429 5313 2558 5373 Jol.,
2583 5323 2653 5363 est
2678 5313 2929 5379 perceptio
2951 5311 3351 5365 desideriorum.
3383 5311 3627 5379 Idemque
3650 5323 3737 5376 p0-

2177 5395 2305 5446 stca,
2342 5383 2476 5447 quod
2507 5383 2703 5433 beatum
2738 5384 2875 5449 facit.

2249 5465 2275 5491 ν
2308 5454 2401 5504 Ms.
2432 5452 2641 5521 Remig.
2676 5461 2729 5505 et
2757 5452 2944 5505 Colon.
2980 5461 3087 5507 vet.
3118 5452 3307 5510 editio.
3340 5452 3576 5523 Sapiens.

2250 5531 2273 5556 ⁸
2306 5524 2403 5576 Ms.
2450 5524 2697 5579 Joliensis
2740 5523 3015 5577 interserit
3060 5523 3209 5590 lucc,
3242 5524 3419 5593 oﬂ'iciis
3465 5525 3732 5582 medicine,

2184 5608 2285 5659 seu,
2312 5602 2419 5645 etc.
