3978 6178
252 197 344 252 MS
659 189 866 245 LIBER
904 188 1441 249 SENTENTIARUM
1486 192 1575 248 EX
1617 193 1957 252 OI‘EIlIBUS
1998 194 2057 251 S.
2098 196 2467 254 AUCUS’I‘INI
2510 200 2998 259 DELIBXTAIIUM

3371 208 3480 265 HG

246 317 438 367 satiatur
459 303 755 368 inﬁrmitas.
774 304 919 360 aliud
945 321 1055 376 quo
1085 307 1386 362 custoditur
1422 309 1623 365 sanitas
1648 326 1663 375 ;
1716 312 1791 365 ita
1816 315 1867 373 Α
1899 308 1917 348 ι
1955 319 2013 365 ut
2042 326 2147 366 non
2184 313 2353 381 possit
2382 314 2481 368 nisi
2506 329 2706 370 nocere
2737 324 2964 372 naturae.
2989 317 3103 374 Non
3134 320 3311 390 itaque
3334 332 3479 381 esset

246 402 337 456 duo
361 406 473 453 sunt
498 394 633 450 dona
661 395 880 465 gratim,
912 410 1077 450 unum
1109 397 1253 467 quod
1282 399 1459 454 aufert
1486 402 1667 456 carnis
1693 418 1787 458 cu-

246 491 514 561 piditatem,
544 486 691 541 aliud
719 488 860 555 quod
909 488 1037 543 facit
1064 490 1229 545 animi
1279 506 1627 561 perseverare
1673 496 1787 550 vir-

245 592 388 637 tutam
418 578 569 649 (Aug.
612 576 766 643 £954.,
798 594 852 630 η.
884 578 999 649 tu).

584 667 848 724 CXXXII.
901 679 928 708 ⁸
961 670 1038 726 De
1064 672 1254 728 laboris
1284 674 1407 743 ﬁne.

300 764 401 818 Non
424 762 611 831 poterit
638 762 872 816 hominis
904 762 1057 817 labor
1103 765 1266 833 ﬁniri,
1328 770 1428 823 nisi
1461 770 1563 825 hoc
1601 771 1783 843 diligat

239 857 360 929 quod
390 857 434 910 ei
464 869 562 908 non
594 854 762 922 possit
791 854 989 909 auferri
1017 857 1034 924 (
1070 858 1205 928 Aug.
1234 860 1384 928 ibid.,
1418 879 1470 914 η.
1509 861 1632 933 16).

456 944 741 1002 CXXXIII.
795 944 822 985 δ
872 946 950 1001 De
991 950 1276 1017 iniquitatis
1304 953 1530 1009 laesione.

295 1037 614 1109 Impossibile
641 1046 725 1092 est
749 1046 805 1092 ut
834 1038 1091 1107 iniquitas
1124 1042 1271 1109 prius
1316 1042 1474 1097 laedat
1512 1046 1782 1102 hominem

234 1134 410 1203 justum
462 1131 513 1185 in
558 1148 718 1201 quem
768 1132 976 1199 tendit,
1026 1148 1186 1203 quam
1227 1150 1323 1191 cor
1358 1137 1611 1208 injustam
1644 1140 1785 1197 unde

237 1224 449 1296 procedit
480 1223 647 1294 (Aug.
674 1224 825 1289 ibid.,
857 1242 910 1278 n.
944 1226 1055 1294 17).

262 1314 522 1372 CXXXIV.
559 1313 636 1369 De
656 1316 921 1370 miraculis
953 1326 975 1354 θ
1006 1318 1284 1372 visibilibus
1312 1330 1358 1373 et
1386 1321 1746 1378 inuisibilibus.

295 1406 499 1460 Visibile
528 1407 845 1460 miraculum
879 1408 946 1462 ad
994 1408 1444 1468 illuminationem
1478 1426 1667 1481 vocat;
1703 1416 1785 1469 in-

233 1498 416 1553 visibile
441 1506 652 1567 autem,
697 1513 821 1553 eum
853 1500 941 1568 qni
991 1511 1217 1556 vocatus
1265 1503 1447 1570 venit,
1498 1504 1780 1562 illuminat.

233 1591 398 1643 Omnia
427 1603 553 1658 ergo
588 1600 765 1643 narrat
789 1591 1053 1645 mirabilia
1092 1593 1219 1653 Dei.
1252 1595 1340 1663 qui
1383 1596 1615 1651 credens
1656 1599 1784 1653 visi-

232 1681 429 1744 bilibus,
479 1680 541 1733 ad
590 1679 933 1748 intelligenda
992 1681 1278 1739 invisibilia
1323 1686 1611 1743 transitum
1659 1687 1784 1744 facit
1814 1685 1863 1744 B

232 1770 361 1842 (Aug.
388 1787 522 1824 enar.
550 1771 609 1822 in
648 1787 727 1837 ps.
754 1785 831 1835 ιχ,
866 1788 918 1826 η.
953 1771 1034 1843 2).

432 1859 700 1916 CXXXV.
734 1861 813 1916 De
856 1864 1175 1935 fugientibus
1202 1867 1462 1923 diabolum
1486 1866 1536 1924 ά.

286 1950 452 2007 Ilelior
477 1967 647 2006 causa
676 1961 758 2007 est
786 1967 973 2008 eorum
1025 1956 1116 2023 qui
1156 1957 1426 2013 diabolum
1456 1975 1787 2032 persequen-

233 2050 321 2097 tem
351 2045 567 2114 fugiunt,
610 2060 767 2115 quam
799 2045 893 2115 qui
923 2058 1249 2116 prmeuntem
1288 2062 1611 2125 sequuntur,
1661 2058 1786 2125 quia

231 2134 381 2189 utilius
406 2146 483 2190 est
522 2150 653 2190 eum
703 2136 912 2192 hostem
950 2137 1157 2196 habere
1208 2151 1233 2178 ο
1282 2158 1440 2211 quam
1486 2148 1782 2226 principem

232 2223 549 2296 (Aug.ibid.,
586 2243 647 2280 ﬂ.
682 2225 761 2295 4).

433 2316 723 2372 CXXXVI.
764 2316 783 2356 ί
822 2318 897 2373 De
927 2323 1097 2389 prauis
1136 2324 1527 2396 cupiditatibus.

282 2408 457 2463 Omnes
486 2425 575 2479 pra
596 2425 679 2465 va:
708 2412 1037 2480 cupiditates
1075 2424 1202 2470 sunt
1234 2427 1401 2486 portae
1447 2419 1635 2487 inferi,
1688 2437 1787 2491 per

227 2513 334 2568 quas
359 2500 455 2555 itur
482 2502 532 2556 in
560 2513 838 2565 mortem.
889 2506 1043 2575 cujus
1089 2508 1423 2564 dominatum
1471 2516 1646 2581 subit,
1692 2518 1783 2584 qui

232 2592 443 2660 adeptum
484 2609 542 2649 se
602 2594 669 2649 ad
716 2594 1099 2664 perfruendnm
1154 2601 1395 2671 laetatur,
1433 2613 1457 2652 Β
1488 2606 1630 2674 quod
1662 2622 1785 2677 pero

230 2684 317 2741 dite
340 2689 636 2758 concupivit
672 2686 830 2759 (Aug.
863 2690 1012 2756 ibid.,
1037 2710 1093 2745 η.
1128 2693 1241 2766 14).

585 2778 908 2835 CXXXVII.
940 2778 969 2818 δ
997 2783 1075 2836 De
1096 2786 1420 2842 adulatione.

292 2868 615 2927 Adnlantium
646 2873 846 2942 lingua:
877 2875 1103 2945 alligant
1150 2881 1359 2935 animas
1408 2882 1461 2937 in
1513 2885 1781 2953 peccatis:

232 2955 425 3015 delectat
449 2964 588 3018 enim
621 2980 689 3017 ea
729 2966 907 3021 facere
963 2968 1014 3022 in
1049 2970 1243 3037 quibus
1298 2988 1404 3028 non
1445 2975 1620 3030 solum
1672 2994 1780 3031 non

1891 403 2082 459 vitium
2114 404 2371 460 recedere
2400 420 2428 459 a
2460 406 2598 469 Deo,
2649 408 2751 461 nisi
2796 419 3031 475 naturm,
3062 412 3217 481 cujus
3265 413 3366 467 IIOC
3397 418 3471 469 vi-

1887 496 2018 550 tium
2049 506 2151 562 est,
2178 498 2353 566 potius
2384 508 2713 566 competeret
2742 515 2862 556 esse
2902 518 3024 557 cum
3071 505 3181 560 Deo
3211 505 3231 577 (
3262 509 3396 580 Aug.
3432 510 3473 567 ι.

1891 602 1949 641 ιι
1976 587 2041 641 de
2067 586 2177 642 Civ.
2212 586 2332 653 Dei,
2366 605 2411 642 ε.
2448 589 2512 642 I7
2537 592 2576 658 ).

2098 699 2256 756 CXL.
2290 701 2365 755 De
2393 703 2588 773 angelis
2624 714 2671 757 et
2712 705 3002 761 hominibus
3024 717 3064 744 ω
3089 710 3259 764 malis.

1934 793 2169 849 .Nullum
2193 795 2332 850 Deus
2361 796 2442 850 vel
2472 798 2809 867 angelorum,
2833 801 2919 854 vel
2944 801 3220 857 hominum
3244 816 3474 872 crearet,

1888 900 2045 955 quem
2078 887 2279 939 malum
2327 886 2561 941 futurum
2608 904 2728 945 esse
2758 893 3104 960 praescisset,
3137 894 3239 948 nisi
3277 898 3477 964 pariter

1886 985 2072 1029 nosset
2097 978 2285 1043 quibus
2321 992 2415 1031 eos
2463 978 2726 1033 bonorum
2760 983 2944 1036 usibus
2990 992 3017 1019 η
3064 986 3471 1043 commodaret:

1883 1076 2044 1135 atque
2071 1067 2141 1120 ita
2169 1067 2414 1121 ordinem
2448 1071 2807 1135 saeculorum.
2841 1075 2993 1143 quasi
3041 1076 3469 1143 pulcherrimum

1885 1169 2126 1220 carmen,
2158 1159 2321 1213 etiam
2350 1175 2414 1215 ex
2447 1160 2766 1229 quibusdam
2800 1165 3078 1220 antithetis
3105 1175 3128 1202 ο
3154 1168 3470 1226 honestaret

1886 1248 2043 1320 (Aug.
2072 1248 2194 1303 ibid.
2230 1292 2244 1315 ,
2285 1265 2330 1304 c.
2368 1251 2481 1322 I8).

2194 1360 2374 1416 CXLI.
2408 1372 2435 1412 Ρ
2466 1362 2546 1418 De
2582 1367 2873 1421 conditione
2906 1379 3177 1426 creature.

1957 1448 2082 1504 Tria
2108 1453 2352 1521 qntedam
2386 1456 2541 1509 nobis
2570 1459 2805 1512 maxime
2850 1460 3068 1516 scienda
3108 1463 3176 1517 de
3204 1462 3471 1519 conditio-

1888 1556 1956 1595 ne
2002 1556 2264 1597 creaturae
2305 1548 2543 1614 oportuit
2588 1548 2866 1605 intimari:
2909 1555 3030 1622 quis
3074 1570 3192 1609 eam
3245 1556 3475 1622 lecert,

1887 1646 1985 1700 per
2014 1635 2139 1701 quid
2172 1635 2389 1704 fecerit,
2424 1654 2589 1706 quare
2636 1640 2844 1694 fecerit.
2885 1642 3029 1697 Dixit
3062 1646 3197 1700 Deus
3219 1687 3235 1713 ,
3282 1649 3474 1716 inquit,

1891 1723 2014 1778 Fiat
2039 1724 2155 1790 lux,
2200 1736 2245 1780 et
2277 1729 2413 1796 facta
2442 1740 2517 1783 est
2548 1731 2639 1785 lux
2664 1749 2683 1797 ;
2713 1742 2759 1785 et
2802 1734 2929 1786 vidit
2970 1735 3109 1791 Deus
3151 1738 3315 1792 lucem
3340 1742 3479 1810 quod

1891 1820 2024 1871 bona
2049 1830 2174 1873 esset
2200 1820 2408 1890 (Cenes.
2437 1840 2475 1887 ι,
2508 1825 2581 1893 5).
2620 1834 2647 1876 (ι
2681 1825 2737 1880 Si
2767 1840 2896 1893 ergo
2932 1830 3222 1897 quatrimus
3255 1832 3373 1901 quis
3400 1830 3479 1886 fe-

1890 1912 2056 1971 cerit:
2092 1912 2230 1966 Deus
2259 1925 2358 1968 est.
2386 1915 2464 1983 Si,
2501 1932 2596 1983 per
2627 1918 2755 1986 quid
2788 1918 3002 1974 fecerit:
3052 1922 3224 1989 Dixit,
3257 1934 3311 1978 et
3340 1923 3476 1978 facta

1889 2011 1992 2056 est.
2026 2002 2105 2067 Si,
2129 2020 2297 2073 quare
2324 2006 2543 2062 fecerit:
2577 2011 2698 2077 quia
2725 2011 2861 2063 bona
2894 2022 2997 2067 est.
3032 2013 3142 2068 Nec
3169 2024 3357 2070 auctor
3386 2032 3479 2070 ex-

1888 2094 2167 2149 cellentior
2197 2106 2279 2150 est
2311 2098 2440 2165 Deo,
2477 2114 2578 2154 nec
2617 2115 2705 2155 ars
2735 2100 3003 2157 efficacior
3030 2105 3119 2158 Dei
3147 2106 3348 2161 verbo:
3380 2122 3479 2161 nec

1888 2200 2048 2241 causa
2108 2190 2337 2255 melior,
2368 2208 2528 2260 quant
2576 2202 2637 2248 ut
2684 2194 2886 2250 bonum
2939 2206 3220 2254 crearetur
3260 2216 3289 2253 a
3336 2201 3481 2255 bono

1890 2277 2067 2350 (Aug.
2100 2278 2253 2346 ibid.,
2286 2299 2331 2336 c.
2360 2282 2476 2354 ῆι).

2205 2394 2404 2450 CXLII.
2440 2395 2515 2450 De
2555 2396 2688 2452 bono
2716 2408 2763 2453 et
2790 2402 2926 2454 malo
2952 2417 3151 2457 amore.

1960 2482 2054 2537 Est
2082 2500 2236 2539 amor
2257 2502 2365 2555 quo
2394 2498 2605 2543 amatur
2641 2498 2695 2545 et
2722 2492 2864 2561 quod
2895 2494 3186 2547 amandum
3218 2508 3326 2547 non
3350 2506 3432 2549 est
3463 2510 3477 2546 :

1887 2585 1941 2632 ct
1973 2578 2130 2631 istum
2165 2595 2407 2634 amorem
2439 2581 2551 2636 odit
2591 2582 2643 2637 in
2669 2598 2726 2637 se
2775 2585 2865 2654 qui
2898 2585 3047 2638 illum
3092 2585 3265 2651 diligit
3307 2594 3330 2624 π
3373 2600 3479 2654 quo

1886 2680 2098 2721 amatur
2118 2670 2257 2738 quod
2289 2672 2577 2726 amandum
2607 2682 2706 2728 est.
2736 2674 2969 2729 Possunt
2996 2677 3138 2729 enim
3166 2676 3326 2729 ambo
3344 2690 3465 2729 esse

1890 2766 1911 2795 ³
1948 2761 1999 2813 in
2028 2776 2134 2813 uno
2164 2761 2402 2830 homine,
2434 2774 2488 2817 et
2518 2764 2622 2818 hoc
2653 2766 2851 2819 bonum
2883 2778 2969 2821 est
3002 2767 3238 2830 homini,
3278 2777 3336 2821 ut
3383 2768 3475 2820 illo

1888 2852 2202 2920 proliciente
2249 2868 2356 2923 quo
2427 2855 2565 2911 bene
2620 2856 2888 2922 vivimus,
2961 2858 3061 2911 iste
3113 2858 3327 2912 deficiat
3373 2873 3478 2925 quo

1890 2943 2028 2997 male
2052 2944 2323 3011 vivimus;
2376 2947 2549 3002 donec
2576 2948 2642 3002 ad
2691 2949 2989 3019 perfectum
3027 2960 3266 3015 sanetur,
3315 2960 3367 3005 et
3421 2952 3471 3003 in

231 3054 450 3109 metuitur
478 3056 863 3127 reprehensor,
895 3042 989 3115 sed
1022 3063 1185 3118 etiam
1230 3062 1246 3101 ί
1280 3067 1496 3123 auditur
1535 3069 1783 3126 laudator
1812 3066 1856 3127 C
1892 3034 2086 3127 99“.“
2137 3036 2165 3127 τί
2207 3050 2573 3095 commmemr
2621 3056 2782 3096 "mne
2826 3042 2971 3111 quoa
3030 3057 3255 3097 "mnus
3290 3040 3310 3111 (
3343 3041 3473 3112 Auy'

232 3140 383 3215 (Aug.
412 3145 531 3200 ibid.
566 3164 619 3200 η.
656 3145 775 3218 2t).

420 3237 754 3293 CXXXVIII.
791 3240 805 3290 ἰ
850 3239 928 3294 De
955 3243 1090 3298 male
1116 3248 1316 3301 conscio
1340 3250 1534 3306 animo.

286 3326 486 3384 Animus
510 3331 654 3386 male
698 3330 796 3385 sibi
824 3336 1105 3406 conscius,
1128 3338 1253 3392 dum
1287 3340 1499 3398 videtur
1530 3344 1631 3399 sibi
1662 3346 1782 3401 nul-

228 3411 313 3469 lam
340 3434 537 3486 poenam
564 3423 701 3491 μιιὶ,
736 3424 908 3478 credit
935 3427 1059 3495 quia
1082 3445 1187 3484 non
1214 3431 1418 3499 judicet
1452 3436 1624 3492 Deus:
1658 3455 1781 3494 cum

230 3506 350 3562 abuti
391 3513 644 3581 patientia
681 3513 802 3577 Dei,
833 3524 886 3567 et
917 3532 1020 3571 non
1053 3517 1357 3591 intelligere
1389 3530 1660 3593 parcentis
1684 3531 1781 3585 be-

226 3598 535 3671 nignitatem,
581 3606 700 3674 jam
744 3605 813 3659 sit
852 3622 1042 3678 magna
1089 3611 1361 3668 damnatio
1403 3616 1584 3689 (Aug.
1617 3620 1778 3686 ibid,

225 3702 269 3741 η.
302 3688 401 3757 25).

278 3778 545 3838 CXXXIX.
576 3786 601 3823 κ
633 3786 789 3850 Quod
824 3790 967 3860 prior
993 3790 1057 3845 sit
1088 3803 1273 3847 natura
1301 3811 1454 3865 quam
1484 3797 1679 3853 vitium.

278 3870 421 3945 562
451 3875 503 3928 In
534 3889 813 3944 creatura,
845 3897 966 3950 quae
1005 3883 1233 3939 arbitrio
1263 3902 1361 3939 suo
1387 3897 1609 3956 peccat,
1632 3892 1780 3961 prior

219 3974 473 4020 catnatura
490 3985 649 4038 quam
669 3970 1042 4042 vitiumzquod
1062 3974 1136 4029 ita
1164 3988 1352 4031 contra
1382 3989 1627 4035 naturam
1656 3993 1759 4053 est,

278 4107 301 4183 ς
330 4100 414 4183 518.
439 4102 718 4183 Joliensis,
749 4106 887 4183 Quid
918 4112 1173 4183 pra'cipue
1193 4112 1511 4183 diligendum
1539 4118 1625 4169 sit.

220 4254 246 4291 η
276 4168 299 4207 δ
324 4174 428 4293 zbis.
471 4176 613 4244 Jol.,
650 4168 805 4243 Quod
850 4168 1094 4247 iniquitas
1135 4168 1420 4253 priusaribi
1458 4168 1623 4257 quam,
1653 4188 1775 4243 aliis

250 4255 355 4293 oce.

279 4321 299 4349 ε
331 4312 507 4385 Colon.
539 4327 652 4371 vet.
686 4317 817 4371 edit.
844 4319 1010 4383 addit,
1044 4322 1324 4377 visibilibus
1351 4335 1397 4378 et
1418 4328 1777 4385 inuisibilibus.

228 4378 312 4452 us,
340 4383 461 4447 10L,
490 4388 569 4441 1).:
597 4391 851 4441 miraculo
879 4378 1128 4445 uisib'itiet
1154 4396 1416 4452 invisibili.

283 4447 645 4534 d.COI0ll._W_3-I.
681 4460 1021 4534 edit._addit,
1066 4473 1112 4514 et
1151 4447 1603 4534 participii-ritibus.
1627 4470 1780 4525 Titu-

225 4517 294 4575 lus
317 4524 368 4599 in
386 4542 483 4599 ms.
510 4528 767 4599 .luliensi,
813 4529 892 4581 De
918 4517 1270 4599 persecutione
1299 4517 1524 4593 diaboli.

285 4600 304 4673 ξ
333 4595 479 4673 ξᾱὶιζ
494 4598 689 4673 Colon.
719 4608 849 4673 vet.,
876 4595 1030 4668 quam
1052 4607 1379 4673 participem.

285 4657 303 4743 ξ
330 4663 422 4743 his.
451 4666 581 4743 Jul,
614 4670 747 4735 Qua:
776 4657 1063 4741 sin/porta;
1092 4657 1298 4743 interni;

279 4740 302 4812 ξ
330 4735 687 4812 ῌςιίιηϐριυητ
722 4751 858 4812 vet,
892 4735 1027 4811 quod
1054 4735 1358 4812 periturum.

274 4796 301 4878 ξι
333 4806 431 4878 ns.
464 4809 743 4875 Joliensis,
782 4796 857 4862 ne'
883 4796 1003 4865 ιτέιίυ
1039 4796 1374 4874 adulationis.

274 4876 409 4954 [Sic
449 4895 549 4954 ms.
583 4882 839 4954 Joliensis
879 4894 932 4937 ct
962 4884 1094 4938 edit.
1146 4886 1335 4942 Colon.
1385 4902 1492 4949 vet.
1534 4896 1779 4954 Antehac

214 4941 343 5017 editi,
362 4948 606 5017 laudatur
633 4952 858 5005 auditor.

276 5016 290 5103 Ξ
323 5016 422 5103 linis.
449 5019 732 5103 1Iollienf‘is,
766 5021 842 5076 De
868 5027 1088 5089 perversi
1122 5029 1283 5103 animi
1318 5033 1659 5103 malignitate.

269 5079 291 5177 ξ
322 5086 409 5177 Elis.
439 5088 591 5177 iol,
616 5089 701 5144 De
723 5079 964 5174 creatura
984 5134 1000 5160 ,
1051 5112 1166 5165 qua:
1203 5099 1417 5157 arbitrio
1444 5079 1541 5158 ῖξιιο
1573 5079 1767 5177 peccat.

242 5221 251 5228 _
324 5149 741 5243 his.nltettiig..ut
758 5164 856 5243 nisi
876 5149 1076 5219 nocenti
1097 5176 1312 5232 naturaz,
1335 5191 1436 5226 non
1454 5149 1622 5243 utique
1646 5150 1772 5232 esset

212 5228 386 5303 cuium.
411 5228 744 5285 Colon.'vet.
773 5233 903 5287 edit.
933 5246 1051 5302 post
1082 5240 1203 5302 ista,
1224 5228 1321 5293 nisi
1341 5228 1769 5303 maerenti-turre;

212 5296 332 5376 quod
353 5299 423 5380 ita
448 5317 549 5380 non
568 5313 707 5380 esset
735 5306 912 5357 uitium
934 5296 985 5380 ia
1006 5305 1114 5360 Deo
1137 5296 1371 5367 recedere
1390 5359 1403 5380 ,
1418 5296 1772 5372 inisivvnatura:

214 5365 460 5484 ﬁtjuslibet
492 5371 673 5424 uitium
695 5385 841 5440 esset,
875 5376 956 5428 cui
987 5380 1157 5448 potius
1189 5365 1493 5452 competeret
1518 5405 1626 5443 esse
1651 5409 1767 5445 cum

260 5450 329 5484 eo.

260 5450 329 5489 ιο.

274 5513 311 5589 ᾗ
334 5506 653 5589 Colon._vet.
699 5513 825 5589 edit.
866 5517 1013 5589 addit
1047 5518 1183 5577 hanc
1214 5537 1402 5577 vocem
1424 5566 1438 5589 ,
1462 5527 1632 5583 malis.
1668 5529 1766 5585 Ms.

220 5570 444 5653 loliensis
470 5584 827 5653 alitergnabet,
864 5588 937 5641 De
967 5570 1433 5653 prteseientiu—Dei.‘

283 5654 305 5679 ιι
336 5648 403 5703 Ita
444 5668 571 5707 mss.
605 5651 761 5710 Colb.
796 5648 1029 5723 Remigu
1075 5670 1129 5714 et
1178 5661 1285 5720 Jol.
1324 5648 1447 5722 cum
1479 5668 1769 5737 edit.Aug.

1876 5604 2158 5659 uoluntatis
2194 5610 2317 5660 vitio
2351 5610 2538 5663 uitiata:
2582 5620 2738 5664 sunt.
2774 5651 2787 5664 .
2826 5652 2838 5663 .

1877 5692 2007 5730 uerte
2029 5687 2145 5731 sunt
2173 5677 2316 5736 bona:
2348 5688 2488 5735 sunt.
2529 5680 2587 5736 In
2627 5681 2765 5739 libro
2805 5677 3016 5751 quoilue
3052 5686 3118 5740 de
3160 5688 3314 5741 Civit.
3360 5688 3452 5742 Dei

1887 3124 2038 3191 ibid.,
2064 3140 2111 3178 c.
2145 3126 2262 3194 28).

2243 3219 2471 3275 CXLIII.
2500 3229 2530 3258 ιι
2564 3222 2639 3276 De
2670 3222 2801 3276 bono
2828 3234 3097 3278 creatum.

1958 3305 2233 3364 Creaturte
2265 3312 2544 3367 rationalis
2572 3314 2654 3367 vel
2688 3315 3068 3371 intellectualis
3098 3316 3296 3371 bonum
3329 3357 3344 3382 ,
3368 3330 3477 3385 quo

1885 3399 2040 3454 beata
2071 3403 2164 3468 sit,
2200 3418 2305 3457 non
2334 3414 2412 3457 est
2446 3405 2547 3458 nisi
2574 3407 2717 3461 Deus
2743 3427 2755 3462 :
2785 3409 2929 3477 quod
2970 3411 3017 3463 ci
3051 3424 3162 3462 non
3191 3426 3254 3462 ex
3282 3425 3339 3465 se
3364 3411 3477 3478 ipsa

1886 3501 1992 3555 est,
2033 3492 2156 3560 quia
2194 3508 2262 3547 cx
2303 3494 2474 3548 nihilo
2515 3506 2699 3551 creata
2743 3508 2859 3564 est;
2910 3499 3005 3553 sed
3050 3514 3121 3555 ex
3169 3500 3262 3554 illo
3300 3515 3330 3553 a
3374 3516 3478 3569 quo

1887 3593 2069 3636 ereata
2100 3594 2201 3638 est.
2232 3585 2343 3639 lloc
2372 3586 2513 3640 enim
2561 3589 2757 3659 adepto
2789 3592 2844 3644 lit
2874 3592 3031 3646 beata
3054 3633 3069 3660 ,
3124 3608 3232 3663 quo
3277 3593 3478 3648 amisso

1886 3673 2081 3727 misera
2111 3674 2283 3746 (Aug.
2312 3677 2350 3730 Ι.
2379 3692 2452 3730 xu
2483 3679 2545 3732 de
2564 3679 2673 3732 Civ.
2698 3721 2712 3745 ,
2747 3696 2793 3732 c.
2827 3682 2904 3750 I).

2292 3806 2522 3862 CXLIV.
2550 3819 2578 3848 ν
2612 3810 2688 3863 De
2717 3812 2837 3865 t'itio
2864 3823 3087 3867 natura.

1964 3897 2124 3968 563
2160 3897 2357 3952 Vitium
2388 3915 2512 3954 esse
2542 3916 2640 3954 nec
2672 3903 2722 3954 in
2751 3916 2963 3957 Summo
2995 3915 3169 3972 potest
3189 3906 3351 3971 hono,
3376 3922 3475 3960 nec

1888 3989 1990 4043 nisi
2015 3990 2070 4043 in
2108 3990 2287 4059 aliquo
2334 3991 2498 4046 bono.
2549 3992 2677 4047 Sola
2720 4010 2847 4064 ergo
2889 3996 3027 4050 bona
3059 4005 3085 4033 ³
3116 3998 3313 4052 alicubi
3353 4012 3475 4054 csso

1882 4134 1987 4201 tam
2018 4126 2069 4178 in
2116 4125 2253 4201 libro
2281 4125 2349 4181 de
2381 4126 2542 4181 Civit.
2575 4129 2667 4184 Dei
2698 4146 2857 4200 quam
2901 4132 2953 4186 in
2987 4134 3215 4201 append.
3246 4136 3462 4191 Atediti

1881 4195 2132 4269 Prosperi
2166 4238 2179 4261 ,
2226 4201 2624 4269 commendaret.
2653 4195 2748 4254 Ms.
2774 4203 2878 4256 JOI.
2921 4195 3109 4269 habet,
3152 4208 3247 4259 nisi
3291 4210 3468 4260 scisset

1882 4282 1998 4335 pro,
2033 4268 2131 4319 nisi
2158 4278 2348 4321 noscet.
2374 4267 2575 4341 (Colon.
2618 4284 2727 4325 vet.
2763 4274 2891 4327 edit.
2915 4315 2928 4336 ,
2954 4267 3105 4341 atque
3138 4278 3192 4328 in
3234 4280 3469 4332 ordinem

1882 4340 2211 4401 steculornm,
2233 4340 2381 4405 quasi
2402 4343 2806 4419 pulcherrimum
2821 4415 2829 4419 _
2845 4340 3069 4404 carmen,
3089 4349 3241 4399 etiam
3268 4364 3332 4401 ex
3356 4356 3470 4419 qui-

1883 4408 2095 4460 busdam
2127 4408 2491 4476 pulcherrimis
2522 4413 2787 4465 antithetis
2810 4415 3119 4469 honestaret.

1956 4487 1980 4514 ο
2012 4478 2108 4532 Ms.
2135 4480 2370 4548 Remig.,
2405 4481 2801 4536 demonstraret.

1954 4558 1983 4597 Ρ
2018 4549 2115 4602 Ms.
2146 4550 2421 4617 Joliensis,
2457 4553 2534 4606 De
2570 4553 2865 4607 conditione
2897 4556 3046 4609 lucis.

1960 4629 1986 4668 ιι
2024 4619 2081 4673 In
2123 4619 2288 4698 Edit._
2316 4622 2505 4674 Colon.
2548 4634 2655 4677 vet.
2701 4640 2809 4698 non
2859 4628 3109 4689 leguntur
3149 4632 3465 4698 sequentia.

1888 4688 1949 4764 βξ
1974 4706 2096 4764 μέν·θο
2126 4692 2422 4764 qiuarimns.
2560 4733 2573 4746 .
2620 4695 2743 4764 quia
2774 4688 3036 4753 bonaiest.
3067 4699 3177 4754 Nec
3204 4688 3468 4758 habentur

1887 4760 1940 4813 in
1972 4762 2104 4812 libro
2127 4763 2355 4830 August.
2382 4763 2447 4814 de
2470 4763 2587 4816 Civ.
2627 4760 2739 4818 Dei.

1961 4840 1982 4908 ξ
2014 4830 2339 4908 Colon._vet.
2366 4833 2519 4908 edit.,
2552 4852 2651 4902 quo
2685 4846 2847 4891 amat.
2890 4838 2989 4893 Ms.
3032 4839 3161 4905 ,101Ἷ
3202 4842 3287 4908 qui
3333 4841 3467 4896 illud

1885 4900 2055 4969 diligit
2091 4902 2228 4970 quod
2259 4907 2538 4957 amandum
2563 4900 2659 4959 est.

1960 4980 1981 5006 ⁸
2017 4971 2185 5029 Luud.
2219 4978 2616 5041 etposteriores
2633 4978 2994 5043 editiones,in
3015 4981 3461 5036 unmnhominem.

1872 5041 1999 5096 MSS.
2016 5042 2194 5119 (ξυιι›.,
2215 5043 2420 5119 Rerum.
2443 5058 2495 5099 et
2514 5047 2640 5113 10L,
2664 5049 2792 5102 edit.
2815 5041 3033 5111 AuﬁttSl.
3058 5067 3181 5119 app.
3201 5054 3459 5107 etCoIon.

1873 5124 2004 5171 γει..
2032 5113 2083 5165 in
2114 5129 2215 5165 uno
2244 5112 2464 5181 homine,
2494 5126 2550 5170 ut
2576 5120 2626 5171 in
2660 5121 2752 5172 lib.
2780 5121 2847 5174 de
2875 5122 2987 5175 Civ.
3020 5112 3134 5175 Dei.

1949 5184 1968 5219 ι
1996 5184 2095 5236 Ms.
2125 5185 2360 5253 Retnig.,
2390 5199 2736 5242 consumetur.

1945 5262 1973 5288 ιι
2007 5256 2104 5307 Ms.
2136 5254 2406 5318 Joliensis,
2440 5258 2587 5323 Quod
2637 5277 2737 5313 non
2779 5260 2841 5312 sit
2888 5277 3060 5314 verum
3102 5261 3323 5331 bonum,
3360 5264 3460 5318 nisi

1876 5321 2110 5475 .ngusllls.
2143 5394 2273 5461 .Iol.,
2302 5397 2379 5452 De
2417 5416 2533 5453 vero
2572 5410 2621 5453 et
2652 5417 2850 5454 summo
2880 5401 3043 5465 bona,
3087 5411 3135 5456 et
3174 5403 3238 5456 de
3278 5405 3456 5475 aliqua

1876 5465 2153 5611 Ingemit,
2188 5537 2393 5611 Colon.
2416 5546 2546 5611 vet.,
2578 5539 2839 5595 Aticui....
2872 5540 2937 5594 Et
2962 5540 3066 5596 illa:
3090 5561 3203 5611 qua:
3222 5561 3286 5597 ea:
3306 5546 3458 5599 mala:

2869 5652 2881 5665 .
2918 5614 2973 5665 in
2996 5624 3241 5683 quantum
3288 5627 3455 5669 autem
