4028 6176
462 263 566 318 ΗῚ

1709 253 1763 311 S.
1805 249 2140 307 PROSPERI
2182 247 2506 317 AQUITANI

3623 254 3731 309 με

463 382 709 446 possunt,
734 372 849 427 sola
871 380 1048 429 autem
1068 369 1208 425 mala
1229 381 1515 436 nusquam.
1538 365 1804 434 Quoniam
1836 374 2042 419 natura:
2068 371 2118 428 Α
2140 365 2351 433 justitia
2380 364 2518 419 bene
2556 362 2744 429 utitur,
2776 377 2887 418 non
2915 369 3122 421 tantum
3152 364 3329 433 bonis,
3355 380 3544 422 verum
3566 368 3735 423 etiam

464 466 627 522 etiam
661 463 763 518 illa:
818 477 939 532 qua:
995 476 1061 515 ex
1108 459 1265 513 malae
1306 459 1597 513 voluntatis
1641 456 1796 511 initio
1841 456 2049 509 vitiata:

463 566 612 622 sunt,
642 555 694 609 in
726 563 984 621 quantum
1009 552 1217 605 vitiosa:
1247 559 1390 612 sunt,
1421 547 1575 601 malae
1607 554 1770 601 sunt:
1806 547 1857 600 in
1881 561 2049 614 quan-

465 654 579 701 tum
595 650 772 698 autem
790 652 999 695 naturae
1015 648 1162 704 sunt,
1182 639 1336 693 bona:
1360 644 1485 692 sunt
1507 635 1665 707 (Aug.
1690 636 1726 689 Ι.
1749 651 1819 689 sn
1833 635 1894 689 de
1910 634 2045 703 Civ.,

468 754 519 792 ε.
547 736 626 807 5).

465 844 671 902 CXLV.
704 854 731 882 ι
759 842 910 909 Quod
954 857 1057 894 non
1084 840 1149 894 sit
1179 840 1231 892 in
1255 837 1363 891 Deo
1392 847 1485 890 aut
1505 837 1654 908 pigra
1680 835 1879 889 vacatio
1900 874 1913 897 ,
1959 842 2053 889 aut

970 911 1230 965 laboriosa
1280 908 1552 961 industria.

538 1005 650 1060 Non
679 1014 762 1059 est
795 1002 873 1057 fas
901 1003 1122 1057 credere
1148 1000 1303 1054 aliter
1332 997 1471 1052 allici
1502 997 1671 1051 Deum
1711 1011 1832 1051 cum
1860 1004 2048 1062 vacat,

468 1099 628 1153 aliter
652 1112 773 1152 cum
816 1102 1100 1163 operatur,
1147 1092 1271 1161 quia
1316 1104 1414 1144 nec
1453 1088 1596 1143 allici
1641 1087 1902 1143 dicendus
1947 1095 2048 1153 est,

469 1198 741 1257 tamquam
771 1185 823 1239 in
852 1184 968 1253 ejus
998 1194 1185 1236 natura
1228 1181 1320 1234 Iiat
1358 1178 1556 1248 aliquid
1605 1179 1747 1248 quod
1791 1186 1917 1231 ante
1945 1191 2053 1231 non

471 1280 657 1335 fuerit.
700 1277 906 1332 Patitur
945 1277 1143 1344 quippe
1175 1275 1264 1342 qui
1298 1271 1554 1340 allicitur,
1584 1280 1638 1325 et
1680 1270 1931 1324 mutabile
1972 1278 2057 1324 est

470 1386 632 1426 omne
657 1370 799 1440 quod
824 1369 1035 1437 patitur.
1073 1367 1186 1420 Non
1220 1381 1346 1433 ergo
1370 1365 1425 1419 in
1458 1363 1572 1419 Deo
1601 1375 1690 1417 aut
1722 1364 1866 1431 pigra
1894 1377 2054 1416 vaca-

475 1467 571 1528 tio,
598 1475 690 1517 aut
723 1463 988 1516 laboriosa
1032 1459 1296 1529 cogitetur
1327 1456 1585 1511 industria
1612 1500 1626 1525 ,
1661 1457 1784 1522 quia
1818 1454 1967 1509 novit
2002 1464 2056 1510 et

474 1557 758 1626 quiescens
782 1568 964 1620 agerc,
995 1561 1046 1605 et
1077 1564 1240 1619 agens
1268 1550 1546 1617 quiescere
1575 1564 1586 1600 :
1612 1557 1667 1602 et
1692 1547 1831 1616 quod
1853 1548 1902 1600 in
1930 1561 2060 1615 ope-

475 1646 627 1701 ribus
654 1643 680 1681 b
708 1644 822 1712 ejus
858 1642 1004 1711 prius
1035 1639 1251 1709 quidem
1286 1646 1389 1697 est,
1420 1646 1511 1690 aut
1534 1637 1825 1705 posterius,
1859 1651 1962 1689 non
1991 1635 2057 1689 ad

2152 455 2310 509 malis
2337 456 2493 529 (Aug.
2525 453 2677 518 ibid.,
2703 471 2749 507 c.
2779 454 2857 525 5).

2366 546 2598 601 CXLIX.
2642 544 2720 600 De
2764 548 3073 618 martyribus
3097 564 3199 602 non
3228 548 3518 621 baptizatis.

2222 637 2321 705 Qui
2358 640 2566 693 Setiam
2595 653 2699 692 non
2750 651 3003 707 percepto
3052 642 3481 709 regenerationis
3516 641 3737 697 lavacro

2152 744 2252 799 pro
2283 729 2479 783 Christi
2500 727 2843 783 confessione
2872 730 3176 783 moriuntur
3197 774 3211 797 ,
3245 740 3451 785 tantum
3479 732 3557 786 eis
3586 732 3737 788 valet

2153 820 2220 875 ad
2249 820 2508 875 abolenda
2534 831 2773 890 peccata,
2806 831 3067 890 quantum
3108 821 3152 874 si
3196 821 3548 877 abluerentur
3587 823 3738 879 fonte

2151 912 2487 982 baptismatis
2513 911 2671 985 (Aug.
2698 912 2849 981 ibid.,
2874 929 2920 967 c.
2945 911 3022 982 7).

2151 1026 2258 1082 CL.
2285 1020 2315 1063 ιι
2342 1025 2492 1093 Quod
2533 1041 2635 1079 non
2674 1023 2955 1078 secundum
3003 1024 3281 1091 hominem,
3313 1025 3402 1080 sed
3456 1024 3742 1080 secundum

2643 1094 2806 1148 Deum
2850 1096 3115 1148 vivendum
3165 1096 3252 1148 sit.

2224 1187 2358 1241 Cum
2403 1187 2565 1241 homo
2610 1184 2902 1241 secundum
2945 1200 3005 1240 se
3060 1186 3229 1251 vivit,
3278 1200 3387 1239 non
3440 1185 3740 1241 secundum

2156 1280 2345 1346 Deum,
2372 1278 2564 1334 similis
2585 1287 2668 1333 est
2687 1277 2922 1343 diabolo,
2947 1277 3072 1346 quia
3097 1292 3197 1332 nec
3218 1277 3413 1345 angelo
3435 1278 3740 1332 secundum

2156 1372 2441 1442 angelum,
2482 1371 2576 1425 sed
2622 1369 2917 1425 secundum
2954 1370 3118 1423 Deum
3158 1369 3449 1423 vivendum
3497 1370 3625 1435 luit,
3678 1379 3741 1422 ut

2157 1474 2325 1521 staret
2345 1466 2396 1519 in
2420 1464 2677 1528 veritate,
2719 1472 2774 1517 et
2820 1463 3095 1515 veritatem
3137 1461 3206 1515 de
3250 1461 3421 1525 illius,
3472 1476 3578 1515 non
3611 1458 3627 1497 ί
3665 1459 3738 1514 de

2159 1570 2260 1610 suo
2289 1554 2626 1609 mendacium
2656 1554 2989 1623 loqueretur.
3022 1551 3177 1606 Unde
3220 1566 3329 1606 non
3371 1551 3567 1606 frustra
3594 1551 3734 1605 dici-

2161 1658 2250 1703 tur
2287 1664 2449 1703 omne
2489 1657 2765 1717 peccatum
2797 1661 2916 1701 esse
2946 1646 3305 1712 mendacium,
3331 1648 3453 1716 quia
3480 1661 3584 1700 non
3609 1662 3737 1713 pec-

473 1737 797 1801 t‘acientem,
838 1733 931 1787 sed
984 1733 1048 1784 ad
1105 1733 1241 1783 facta
1299 1728 1639 1783 referendum
1689 1737 1789 1781 est.
1835 1726 2056 1781 IEterna

2188 1751 2333 1805 :atur,
2365 1742 2467 1795 nisi
2498 1756 2558 1794 ea
2588 1741 2885 1806 voluntate,
2910 1755 3031 1809 qua:
3062 1747 3143 1791 est
3174 1740 3441 1792 contraria
3487 1741 3725 1805 veritati,

476 1830 620 1883 enim
654 1837 734 1882 est
756 1837 808 1880 et
830 1821 1288 1878 incommutabilis
1318 1820 1565 1873 voluntas
1594 1818 1732 1887 ejus,
1760 1832 1858 1871 nec
1880 1818 2060 1871 consi-

478 1921 554 1977 lio
578 1921 879 1974 alternante
911 1917 1189 1975 variatur;
1225 1913 1275 1965 in
1316 1926 1419 1980 qua
1461 1909 1619 1963 simul
1671 1916 1757 1963 est.
1801 1906 2059 1976 quidquid

478 2012 530 2065 in
569 2011 723 2064 rebus
752 2006 998 2061 creandis
1022 2004 1104 2056 vel
1130 2000 1443 2055 ordinandis
1463 2040 1477 2065 ,
1514 2007 1606 2053 aut
1635 1999 1935 2067 pratcessit,
1969 2005 2063 2051 aut

477 2103 719 2171 sequitur
754 2099 907 2168 (Aug.
939 2095 1091 2158 ibid,
1122 2109 1169 2145 c.
1206 2091 1316 2162 I7).

675 2208 852 2264 CLVI.
901 2218 921 2245 ε
972 2204 1124 2272 Quod
1153 2204 1291 2258 Deus
1320 2210 1518 2256 tantum
1544 2210 1617 2256 est
1646 2210 1866 2256 creator.

552 2304 785 2367 Nullius,
811 2301 1061 2370 quamvis
1086 2296 1319 2350 minimae
1342 2306 1564 2361 naturae,
1589 2295 1691 2349 nisi
1720 2294 1887 2347 Deum
1914 2308 2068 2348 crea-

482 2407 654 2451 torem
687 2394 834 2447 credi
863 2403 955 2447 aut
992 2390 1098 2445 dici
1125 2391 1249 2444 licet
1288 2387 1316 2426 ά
1348 2389 1415 2443 ab
1462 2389 1666 2458 aliquo.
1700 2389 1831 2454 Quia
1869 2389 2066 2442 etiam-

484 2489 533 2542 si
559 2486 733 2556 angeli
770 2485 909 2555 jttssi
951 2484 1035 2538 vel
1090 2480 1344 2552 permissi
1393 2480 1652 2535 adhibent
1694 2480 2065 2548 Operationem

484 2595 635 2635 suam
665 2579 823 2633 rebus
863 2592 983 2646 quae
1011 2575 1300 2645 gignuntur
1322 2573 1375 2627 in
1407 2571 1637 2639 mundo;
1670 2582 1775 2625 tam
1800 2587 1904 2625 non
1940 2578 2068 2625 sunt

481 2678 758 2726 creatures
798 2668 1109 2721 animalium
1138 2680 1300 2734 quam
1337 2678 1437 2717 nec
1465 2662 1715 2733 agricola:
1746 2661 1958 2733 frugum
1984 2672 2068 2717 at-

483 2777 588 2833 que
617 2761 867 2814 arborum
902 2759 1078 2829 (Aug.
1111 2757 1265 2820 ibid.,
1298 2773 1343 2808 c.
1369 2753 1484 2824 24).

552 2851 806 2907 CXLVII.
842 2860 865 2887 θ
896 2850 971 2904 De
999 2851 1167 2920 prima
1203 2856 1249 2900 et
1289 2846 1517 2900 secunda
1548 2844 1781 2916 corporis
1813 2855 1995 2898 morte.

556 2945 633 2999 De
658 2945 828 3013 prima
854 2941 1100 3010 corporis
1128 2948 1302 2993 morte
1330 2938 1436 2991 dici
1465 2947 1641 3006 potest
1667 2975 1683 3001 ,
1724 2934 1865 3003 quod
1909 2933 2069 2989 bonis

482 3036 622 3093 bona
653 3036 741 3100 sit,
772 3035 930 3087 malis
952 3033 1109 3086 mala.
1134 3029 1383 3086 Secunda
1411 3044 1540 3084 vero
1566 3028 1684 3083 sine
1707 3027 1893 3095 dubio,
1926 3030 2066 3082 sicut

2163 1834 2216 1889 id
2245 1841 2345 1899 est,
2371 1833 2481 1886 Deo
2520 1832 2673 1904 (Aug.
2705 1832 2792 1885 lib.
2824 1846 2913 1884 xw
2942 1833 3003 1883 de
3031 1829 3138 1883 Civ.
3169 1829 3282 1895 Dei,
3313 1846 3357 1882 c.
3388 1828 3465 1895 4).

2337 1922 2471 1977 CLI.
2508 1921 2520 1972 i
2566 1923 2637 1973 De
2665 1922 2954 1974 diversitate
2986 1919 3227 1973 humana:
3262 1918 3570 1985 affectionis.

2235 2018 2531 2073 Diversitas
2573 2017 2818 2068 humanae
2852 2012 3185 2078 affectionis,
3212 2026 3277 2066 ex
3319 2011 3634 2065 diversitate
3664 2022 3747 2064 est

2165 2109 2456 2165 voluntatis
2486 2127 2497 2161 :
2531 2123 2649 2178 quae
2675 2108 2719 2160 si
2760 2122 2921 2176 prava
2950 2114 3052 2169 est,
3079 2105 3353 2173 perversis
3384 2104 3490 2159 erit
3520 2102 3545 2140 ιι
3582 2106 3748 2158 mori-

2166 2201 2268 2255 bus
2295 2199 2527 2267 inquieta
2554 2213 2569 2262 ;
2596 2197 2845 2251 siautem
2884 2203 3053 2259 recta,
3086 2210 3191 2247 non
3226 2194 3398 2247 solum
3425 2208 3529 2247 non
3557 2194 3746 2261 culpa-

2168 2290 2291 2345 bilis
2319 2289 2531 2343 allectio
2553 2286 2803 2351 hominis,
2828 2286 2921 2339 sed
2944 2284 3106 2339 etiam
3134 2282 3422 2336 laudabilis
3448 2284 3553 2337 erit
3580 2283 3745 2353 (Aug.

2168 2382 2330 2451 ibid.,
2360 2398 2406 2436 c.
2436 2381 2515 2450 ο).

2475 2472 2626 2529 CLII.
2662 2469 2678 2510 ἱ
2712 2471 2788 2526 De
2819 2470 3019 2524 arbitrii
3051 2468 3283 2523 libertate
3303 2484 3441 2522 vera.

2240 2564 2536 2620 Arbitrium
2568 2561 2857 2615 voluntatis
2884 2572 3008 2613 tunc
3052 2570 3131 2611 est
3160 2573 3289 2611 vere
3321 2557 3580 2624 liberum,
3629 2570 3754 2610 cum

2172 2658 2319 2711 vitiis
2344 2655 2686 2723 peccatisque
2716 2668 2820 2707 non
2848 2653 3035 2705 servit.
3064 2650 3196 2704 Tale
3223 2650 3406 2703 datum
3435 2658 3523 2703 est
3550 2664 3578 2701 a
3611 2649 3746 2715 Deo,

2172 2748 2315 2817 quod
2342 2746 2622 2809 amissum,
2658 2743 2759 2796 nisi
2788 2759 2812 2793 a
2846 2758 2952 2810 quo
2993 2740 3169 2811 potuit
3197 2740 3336 2802 dari,
3374 2748 3414 2774 ω
3445 2755 3549 2792 non
3578 2747 3759 2808 potest

2172 2840 2344 2895 reddi.
2376 2837 2530 2894 Unde
2561 2837 2769 2890 Veritas
2795 2835 2946 2897 dicit,
2997 2834 3059 2887 Si
3100 2848 3184 2885 vos
3232 2830 3404 2883 Filius
3434 2830 3758 2895 liberaverit,

2173 2942 2201 2970 ιι
2233 2946 2352 2987 tunc
2379 2948 2489 2985 vere
2517 2930 2660 2983 liberi
2685 2928 2825 2982 eritis
2849 2929 3007 2997 (Aug.
3038 2925 3191 2990 ibid.,
3222 2941 3265 2976 c.
3298 2923 3406 2993 II).

2331 3024 2507 3079 CLIII.
2554 3031 2578 3058 ο
2609 3020 2761 3086 Quod
2789 3037 2877 3073 cor
2905 3018 2974 3071 ad
3001 3016 3163 3070 Deum
3192 3018 3258 3070 sit
3293 3015 3607 3069 habendum.

484 3124 757 3185 nullorum
788 3129 1050 3182 bonorum
1082 3131 1184 3191 est,
1217 3123 1287 3178 ita
1319 3122 1453 3177 ttulli
1497 3121 1639 3176 bona
1679 3120 1836 3191 (Aug.
1884 3119 1923 3173 l.
1974 3135 2070 3176 xm
2099 3106 2144 3168 Ο
2246 3120 2451 3173 Bonum
2499 3124 2581 3171 est
2626 3128 2838 3169 sursum
2887 3111 3087 3165 habere
3133 3126 3259 3169 cor.
3309 3125 3414 3162 non
3458 3120 3635 3163 tamen
3686 3110 3758 3163 ad

488 3222 550 3275 de
570 3219 700 3277 ςίυ..
732 3235 778 3273 ε.
807 3218 885 3287 2).

846 3308 1123 3366 CXLVIII.
1150 3306 1229 3362 De
1267 3314 1427 3361 morte
1456 3306 1683 3375 piorum.

556 3405 705 3459 Mors
741 3401 900 3457 etiam
930 3402 1142 3470 piorum
1186 3414 1340 3467 poena
1388 3397 1595 3465 peccati
1643 3403 1743 3450 est.
1798 3394 1905 3449 Sed
1949 3392 2074 3448 ideo

488 3499 627 3554 bona
681 3496 810 3565 ipsis
865 3493 1087 3559 dicitur,
1146 3491 1269 3561 quia
1319 3490 1406 3542 illa
1436 3488 1574 3542 bene
1630 3495 1868 3554 utuntur,
1908 3484 2074 3557 565.

488 3589 685 3660 quibus
717 3586 839 3640 ﬁnis
867 3593 950 3639 est
975 3583 1041 3636 ad
1073 3581 1214 3634 mala
1243 3578 1582 3647 temporalia,
1618 3584 1671 3631 et
1716 3578 1972 3630 transitus
2002 3575 2070 3629 ad

486 3684 651 3738 vitam
690 3689 969 3734 aeternam.
1019 3675 1168 3731 Sicut
1215 3674 1358 3728 enim
1409 3670 1668 3739 injustitia
1709 3671 1853 3725 male
1898 3669 2068 3724 utitur

487 3792 594 3833 non
626 3783 829 3830 tantum
856 3770 1030 3839 malis,
1060 3783 1247 3823 verum
1279 3765 1441 3822 etiam
1471 3763 1627 3819 bonis
1657 3778 1671 3829 ;
1721 3764 1795 3817 ita
1844 3760 1863 3800 ί
1902 3763 2066 3818 etiam

489 3978 730 4041 habetur,
761 3992 824 4029 ea:
848 3975 1000 4029 malta
1028 3969 1299 4027 voluntatis
1340 3966 1496 4034 vitio,
1548 3964 1973 4041 observatttrque
2009 3961 2061 4018 in

489 4035 729 4118 margine
750 4045 1145 4118 inferiorimss.
1177 4042 1362 4118 plures
1386 4046 1439 4090 et
1470 4036 1651 4118 proba}
1688 4046 1833 4088 notae
1864 4035 2065 4118 habere

490 4103 677 4183 iuitib;
716 4116 858 4183 quod
890 4115 1104 4169 codices
1141 4103 1307 4164 nostri
1353 4103 1575 4173 omnes,
1614 4105 1831 4173 dempto
1870 4103 2063 4157 Colon.

490 4200 624 4255 vet.,
656 4187 942 4241 exhibent.

565 4242 864 4312 ll'Antehac
897 4251 1026 4308 editi
1057 4247 1373 4319 generaliori
1416 4261 1600 4319 sensu,
1629 4243 1767 4319 Quid
1797 4242 1939 4296 credi
1977 4243 2072 4296 dc-

490 4328 621 4383 beat.
654 4329 751 4382 Ms.
780 4325 1030 4380 Joliensis
1053 4315 1296 4375 exhibuit
1319 4316 1458 4387 quod
1487 4315 1883 4387 substituimus.

562 4398 588 4438 ὶ)
617 4397 935 4464 Ms.Remig.
954 4392 1099 4448 addit
1122 4383 1414 4466 pronomen
1445 4389 1589 4455 ejus;
1618 4384 1892 4466 idemque,
1911 4398 2067 4466 ‘prtus
2092 4406 2147 4466 D
2173 4383 2330 4466 cium;

490 4480 567 4525 est
593 4480 741 4538 atque
761 4453 1015 4538 posterius
1043 4501 1056 4514 .
1194 4460 1308 4538 .__ad
1352 4453 1581 4538 factum.
1611 4469 1732 4538 pro;
1771 4455 1852 4538 .ad
1902 4453 2061 4538 facta.

493 4542 595 4595 Ms.
651 4526 934 4602 Joliensis,
983 4537 1038 4588 in
1078 4532 1312 4603 operibus
1345 4531 1458 4595 eius
1499 4528 1645 4594 prius
1679 4526 1870 4579 dicitur
1915 4533 2068 4592 atque

531 4612 763 4663 osterius.
1920 4649 1931 4658 _

637 4630 661 4658 Γ
750 4648 763 4660 ι

493 4630 876 4739 Ροῖιεὺίἕδᾶοιη
913 4673 1062 4738 Quod
1089 4671 1251 4725 omnis
1277 4676 1513 4723 creatura
1543 4682 1577 4720 a
1607 4664 1715 4739 Deo
1741 4664 1809 4739 sit
1835 4649 2065 4739 condita.

564 4748 592 4787 ἀ
623 4750 748 4803 Mss.
780 4734 987 4811 Remig.
1028 4754 1082 4797 et
1123 4744 1229 4795 Jol.
1267 4735 1712 4811 nonnhabenbab
1738 4736 1928 4811 aliqua.
1960 4734 2067 4811 Sed

494 4830 617 4892 post
643 4804 1093 4892 paucaadhibent,
1130 4827 1231 4878 pro
1256 4809 1572 4892 adhibeant.
1621 4804 2068 4892 Idemuloliensis

494 4874 853 4946 initio‘scribit
878 4874 1098 4938 minima:
1127 4874 1392 4943 creaturas,
1420 4893 1522 4947 pro
1565 4892 1671 4946 quo
1708 4874 1820 4941 alii,
1844 4875 2069 4929 minima:

496 4971 711 5015 notarat.
745 4958 933 5012 Colon.
962 4964 1070 5008 vet.
1106 4952 1234 5013 edit,
1269 4946 1488 5017 Quodsi
1513 4946 1681 5019 angeli
1709 4984 1722 4997 .
1751 4984 1772 5019 ,Α
1798 4985 1810 4997 .
1839 4984 1854 5019 ._
1897 4956 2067 4998 tamen

494 5049 597 5087 non
625 5038 743 5084 sunt
766 5038 1016 5083 creatores
1046 5016 1367 5083 animalium,
1388 5021 1519 5073 sicut
1549 5016 1636 5071 nec
1660 5016 1920 5087 agricola’,
1957 5026 2064 5087 etc.

568 5112 591 5139 α
626 5102 895 5155 Hactenus
924 5095 1074 5159 editi,
1110 5092 1185 5146 De
1216 5094 1381 5160 prima
1408 5085 1704 5160 conditione
1732 5085 2064 5160 mo_rtis._M_s.

499 5154 727 5235 lol.,iDe
747 5170 911 5240 prima
934 5154 1170 5240 corporis
1191 5154 1369 5240 molle.
1404 5160 1579 5240 Sensu
1608 5157 1856 5226 pleuiori,
1885 5154 2067 5208 addita

492 5258 523 5297 a
557 5229 709 5296 nobis
738 5229 890 5302 voce,
914 5246 961 5289 et
982 5229 1226 5289 secunda.
1254 5232 1361 5302 Per
1400 5229 1624 5296 primam
1657 5236 2067 5302 autemﬁcorpo-

493 5295 568 5367 ris
601 5320 828 5365 mortem
857 5295 1103 5374 intelligit
1144 5295 1511 5374 Augustinus,
1562 5314 1627 5353 ex
1653 5311 1789 5374 _quo_
1829 5295 2063 5361 Prosper

495 5382 812 5437 sententiam
844 5368 1186 5440 hausitIeam
1209 5368 1322 5440 qua:
1341 5371 1567 5422 animum
1590 5368 1810 5440 sejungit
1832 5381 1864 5417 a
1884 5380 2068 5430 corpo-

493 5435 547 5505 re
569 5467 589 5518 ;
632 5466 725 5516 per
746 5435 1037 5503 secundani
1064 5461 1189 5518 vero
1208 5435 1352 5495 illam
1374 5442 1479 5492 sine
1505 5440 1600 5518 (ine
1629 5435 1895 5505 poenalem,
1922 5447 2061 5503 qua),

495 5510 702 5577 ut'alibi
734 5520 828 5584 ait,
861 5518 1069 5570 inritant
1101 5516 1334 5584 animum
1358 5521 1489 5563 tenet
1515 5510 1566 5560 in
1600 5521 1828 5584 corpore.

568 5572 715 5644 (Ms.
750 5572 882 5653 JoI.,
915 5589 986 5638 ita
1004 5586 1210 5655 justitia
1240 5582 1383 5646 bene,
1411 5596 1513 5655 non
1555 5572 1751 5655 tantum
1781 5574 1945 5655 bonis,
1977 5572 2067 5627 sed

493 5662 648 5715 etiam
680 5659 850 5711 malis.
870 5645 1246 5724 'Quo'propius
1272 5651 1531 5707 accedere
1559 5648 1765 5703 videtur
1789 5645 1855 5700 ad
1888 5647 2063 5700 locum

492 5730 615 5787 libri
638 5729 703 5785 de
730 5727 887 5782 Civit.
926 5725 1041 5781 Dei.

2173 3208 2432 3276 seipsum,
2461 3204 2601 3275 quod
2630 3211 2715 3258 est
2736 3202 3002 3269 superbiae
3027 3218 3041 3266 ;
3076 3200 3170 3253 sed
3196 3199 3260 3253 ad
3294 3199 3483 3262 Deum,
3515 3201 3656 3268 quod
3674 3212 3765 3256 est

2173 3297 2513 3353 obedientice.
2550 3296 2677 3350 Plus
2714 3302 2893 3348 autem
2937 3291 3241 3360 appetendo
3272 3292 3450 3345 minus
3497 3298 3611 3353 est,
3665 3295 3761 3360 qui

2172 3390 2297 3444 dum
2330 3404 2389 3444 se
2411 3388 2510 3443 sibi
2536 3385 2787 3440 sufficere
2807 3382 3057 3449 conﬁdit,
3085 3384 3152 3437 ab
3173 3398 3239 3439 eo
3271 3382 3359 3453 qui
3384 3397 3511 3439 vere
3536 3385 3585 3438 ei
3609 3383 3765 3438 sufﬁ-

2175 3483 2249 3538 cit
2272 3481 2453 3536 deﬁcit
2482 3478 2637 3551 (Aug.
2668 3477 2819 3542 ibid.,
2850 3493 2898 3529 c.
2932 3475 3047 3545 15).

2636 3566 2812 3623 CLIV.
2863 3565 2943 3619 De
2970 3568 3073 3619 vita
3103 3565 3267 3619 beata.

2251 3664 2410 3739 565
2435 3665 2597 3719 Beata
2620 3663 2727 3717 vita
2750 3661 2793 3715 si
2820 3676 2925 3713 non
2952 3670 3183 3724 amatur,
3213 3673 3319 3710 non
3350 3655 3594 3710 habetur.
3631 3655 3769 3709 Por-

2182 3773 2242 3814 ro
2273 3759 2320 3812 si
2344 3764 2573 3824 amatur,
2607 3764 2634 3803 ι)
2656 3762 2711 3806 et
2740 3750 2969 3805 habetur
2992 3790 3006 3815 ,
3036 3747 3252 3803 caeteris
3299 3745 3548 3801 omnibus
3603 3745 3771 3801 rebus

2242 3967 2267 4006 ε
2296 3958 2425 4012 Mss.
2450 3952 2662 4019 Remig.
2688 3962 2739 4006 et
2761 3950 2918 4005 Corb.
2967 3957 3022 4004 et
3060 3964 3124 4003 es
3171 3947 3266 4001 illo
3289 3946 3417 4001 edit.
3444 3945 3607 4014 Aug.,
3642 3961 3771 4019 nam

2169 4029 2311 4081 dum.
2349 4031 2402 4080 In
2446 4026 2580 4077 libro
2614 4016 2684 4079 de
2712 4022 2828 4077 Civ.
2864 4020 2976 4086 Dei,
3008 4021 3160 4073 etiam
3189 4035 3313 4083 non,
3343 4025 3403 4071 ut
3442 4031 3634 4070 omnes
3668 4016 3768 4070 alii

2169 4099 2335 4153 nostri
2369 4095 2603 4150 codices.

2242 4166 2272 4205 ιι
2300 4168 2450 4221 Iluuc
2474 4165 2686 4217 titulum
2719 4161 2995 4215 hausimus
3021 4175 3085 4214 ex
3112 4172 3215 4212 ms.
3243 4154 3489 4219 Joliensi,
3517 4154 3607 4221 qui
3634 4156 3770 4209 sub-

2166 4239 2325 4308 jecta:
2350 4232 2825 4308 sententignmgﬂis
2855 4231 3144 4308 convenire
3178 4228 3322 4282 visus
3351 4236 3434 4280 est
3462 4241 3640 4307 quam
3671 4226 3770 4308 qui

2171 4297 2223 4364 in
2257 4308 2482 4361 antehac
2526 4304 2715 4370 editis,
2748 4297 2902 4366 Quod
2941 4316 3088 4354 omne
3125 4307 3391 4370 peccatum
3430 4298 3493 4349 sit
3538 4297 3769 4349 menda-

2248 4448 2265 4486 ί
2301 4448 2374 4502 Ita
2402 4444 2748 4500 emendamus
2776 4458 2840 4496 ex
2866 4456 2967 4494 ms.
2993 4437 3239 4503 .loliensi,
3260 4438 3448 4491 Colon.
3477 4443 3585 4489 vet.
3621 4435 3767 4489 edit.

2169 4531 2223 4575 et
2264 4520 2400 4573 libro
2426 4518 2541 4585 ipso
2582 4518 2633 4568 in
2679 4514 2924 4585 margine
2957 4513 3147 4585 citato,
3184 4524 3305 4585 cum
3334 4507 3462 4585 editi
3512 4505 3602 4559 alii
3662 4506 3771 4559 ha-

2169 4590 2351 4655 beant,
2379 4579 2557 4640 de'suo
2587 4583 2874 4649 mendacio,
2898 4583 3059 4635 etiam
3091 4579 3323 4647 append.
3357 4580 3493 4645 Aug.
3534 4586 3591 4630 et
3618 4590 3768 4632 mss.

2168 4661 2323 4715 Colb.
2358 4668 2409 4711 et
2440 4656 2650 4722 Remig.

2246 4734 2260 4780 ι
2303 4730 2402 4782 Ms.
2454 4714 2726 4787 Jolieusis,
2753 4721 2831 4776 De
2861 4720 3129 4788 a/fectione
3160 4718 3400 4771 hominis.
3425 4714 3572 4788 Alias
3589 4714 3769 4788 editi,

2170 4801 2247 4855 De
2274 4800 2471 4851 diversa
2498 4785 2760 4847 voluntate
2789 4785 3135 4858 aﬂ'ectionum.
3186 4788 3427 4842 Titulum
3472 4785 3769 4841 clariorem

2170 4887 2237 4926 ex
2265 4869 2448 4933 primis
2493 4867 2777 4919 sententia:
2806 4864 2983 4914 verbis
3017 4874 3411 4933 expressimus.

2241 4927 2397 4994 k'Ms.
2439 4936 2722 4997 .loIiensis,
2760 4933 2996 4985 motibus.
3036 4930 3130 4984 Sat
3170 4930 3334 4994 bene,
3373 4940 3496 4981 cum
3526 4927 3767 4995 August.

2170 5010 2307 5063 libro
2360 5010 2451 5061 illo
2498 5007 2659 5068 dicat,
2723 5019 2980 5073 perversos
3033 4999 3234 5052 habebit
3260 4999 3357 5052 hoc
3416 5007 3605 5049 motus.
3651 4997 3770 5052 Alii

2170 5096 2381 5142 omnes,
2413 5076 2662 5129 moribus.

2245 5148 2264 5188 ι
2296 5136 2395 5203 Ms.
2428 5146 2682 5201 Joliensis
2702 5184 2716 5203 .
2749 5141 2823 5194 De
2852 5140 3178 5208 reparatione
3205 5137 3353 5192 liberi
3384 5136 3609 5191 arbitrii.

2242 5231 2282 5256 ω
2309 5220 2407 5272 Ms.
2437 5217 2567 5281 Jol.,
2601 5230 2701 5267 non
2730 5214 2895 5283 potuit
2924 5211 3090 5265 reddi.

2241 5299 2269 5327 τι
2306 5275 2568 5341 Particula
2593 5296 2710 5336 tunc
2730 5275 2936 5337 abesla
2978 5296 3107 5334 tnss.
3153 5278 3367 5347 Remig.
3428 5284 3485 5332 et
3526 5275 3765 5332 Joliensi

2168 5369 2227 5415 et
2253 5360 2478 5421 Vulgata
2513 5365 2726 5417 nostra,
2778 5368 2898 5405 cum
2938 5362 3116 5421 tamen
3152 5349 3419 5403 habeatur
3467 5352 3521 5401 in
3562 5348 3767 5403 Graeco

2172 5442 2314 5485 testu
2351 5425 2620 5494 Evangelii
2644 5424 2802 5494 Joan.
2835 5437 2948 5483 νηί,
2979 5420 3067 5475 56.

2243 5511 2266 5535 υ
2300 5500 2397 5552 Ms.
2423 5486 2551 5562 loli,
2584 5492 2818 5558 Qualiter
2839 5508 3042 5546 sursum
3081 5488 3375 5562 cor/urbere
3401 5486 3703 5562 debeamus.

2239 5580 2266 5618 ι)
2296 5569 2388 5622 Ms.
2424 5557 2658 5633 {hung},
2711 5580 2810 5616 non
2830 5564 3063 5614 habetur.
3095 5558 3284 5633 Colon.
3318 5567 3455 5633 vet.“
3479 5557 3767 5633 editqlion

2168 5640 2280 5693 ideo
2312 5638 2545 5690 habetur.
2576 5626 2765 5692 Melius
2788 5634 2841 5687 in
2872 5640 3047 5698 textu,
3092 5639 3149 5684 ut
3178 5629 3233 5683 in
3257 5643 3376 5700 cap.
3403 5629 3525 5684 libri
3546 5626 3616 5683 de
3636 5626 3764 5683 Civ.

2174 5712 2266 5766 Dei
2292 5709 2484 5780 legitur
