4028 6176
291 305 391 361 Μ’)

747 301 948 357 LIBER
986 294 1521 355 SENTENTIARUM
1560 292 1657 349 EX
1694 272 2035 349 Oli—ERIBUS
2073 288 2134 346 S.
2174 284 2541 345 AUGUSTINI
2579 280 3085 340 DELIBATARUII.

3446 281 3549 336 ιεῑο

290 432 511 475 necesse
548 426 629 472 est
654 428 710 471 ut
733 416 1088 472 excellentius
1118 414 1403 484 diligatur:
1428 412 1720 482 quoniam‘
1746 423 1867 478 pro-
1894 411 1940 469 Α
1972 413 2090 459 tura
2138 404 2193 459 in
2248 418 2351 471 qua
2403 403 2606 456 nullum
2648 403 2843 456 bonum
2862 398 2953 466 sit,
2989 412 3105 471 non.
3138 404 3318 467 patest
3360 397 3383 465 (
3413 400 3547 466 Aug.

291 511 552 579 pterhanc
568 510 852 563 amandum
876 507 1249 577 est,quidquid
1277 505 1421 559 aliud
1450 512 1535 557 est
1560 501 1865 557 amandum.

288 598 421 668 Quia
450 613 579 654 vero
607 598 799 653 beatus
826 614 944 653 esse
966 614 1071 651 non
1105 604 1302 665 potest,
1336 596 1440 649 nisi
1469 594 1557 662 qui
1583 609 1723 658 eam,
1753 591 1780 630 δ
1814 600 1872 645 ut

286 691 509 761 dignum
536 698 639 757 est,
673 699 818 745 amat
842 708 855 743 :
881 704 1214 759 consequens
1240 696 1322 743 est
1364 697 1421 742 ut
1446 704 1563 742 eam
1612 695 1868 740 aeternam

284 783 449 847 velit;
494 798 613 851 quae
671 789 797 836 tunc
844 797 972 836 vere
1043 781 1196 835 beata
1264 781 1387 844 erit,
1438 779 1652 849 quando
1686 778 1872 833 termi-

290 889 421 927 num
466 889 571 926 non
604 873 826 927 habebit
851 873 869 943 (
896 872 1030 945 Aug.
1074 872 1227 937 ibid.,
1260 888 1306 924 c.
1329 870 1399 923 25
1421 870 1463 941 ).

415 964 571 1020 CLV.
603 976 625 1004 ο
654 967 804 1032 Quod
834 981 981 1019 nemo
1007 966 1100 1035 ﬁat
1143 965 1322 1028 bonus,
1353 964 1453 1017 nisi
1480 978 1545 1016 ea:
1567 962 1722 1016 malo.

353 1056 473 1111 Non
505 1072 693 1111 omnes
718 1057 933 1127 quidem
973 1057 1099 1111 mali
1133 1058 1184 1109 in
1216 1057 1313 1109 lioc
1336 1055 1645 1124 proﬁciunt,
1676 1065 1733 1109 ut
1762 1055 1874 1109 sint

279 1148 451 1214 boni;
484 1162 643 1206 nemo
675 1158 853 1204 tamen
903 1159 1008 1214 est,
1040 1148 1145 1203 nisi
1180 1164 1247 1203 ex
1288 1149 1453 1212 malo,
1488 1146 1660 1201 bonus
1690 1145 1868 1219 (Aug.

276 1242 328 1293 ι.
353 1256 418 1292 xv
445 1241 505 1292 de
533 1238 638 1293 Civ.
672 1238 789 1302 Dei,
824 1255 871 1293 c.
910 1237 993 1309 I).

357 1331 533 1386 CLVI.
568 1327 595 1367 ἀ
626 1329 704 1387 De
733 1331 925 1385 civibus
951 1341 1163 1385 terrena:
1206 1332 1426 1384 civitatis
1466 1346 1527 1383 ac
1564 1329 1793 1385 cwlestis.

358 1422 517 1477 Cives
546 1431 777 1477 terrena:
800 1424 1031 1477 civitatis
1053 1423 1192 1491 parit
1220 1433 1439 1491 peccato
1455 1423 1635 1475 vitiata
1660 1433 1870 1489 natura,

272 1512 378 1582 qui
408 1521 531 1566 sunt
558 1527 681 1566 vasa
710 1513 823 1567 im.
868 1514 1027 1568 Cives
1074 1530 1203 1568 vero
1229 1513 1466 1568 cmlestis
1501 1515 1684 1582 patria:
1710 1513 1869 1583 parit,

270 1619 313 1659 a
350 1613 569 1672 peccato
614 1613 859 1659 naturam
903 1606 1159 1669 liberans,
1222 1607 1425 1675 gratia,
1472 1606 1562 1676 qui
1592 1616 1717 1662 sunt
1746 1621 1871 1661 vasa

271 1695 718 1766 misericordi;e(
749 1697 882 1766 Aug.
914 1697 1066 1763 ibid.,
1095 1714 1142 1751 e.
1173 1701 1206 1750 ‘2
1228 1699 1266 1767 ).

753 1790 954 1845 CLVII.
988 1800 1011 1828 ε
1042 1789 1120 1845 De
1144 1792 1220 1844 ira
1248 1791 1362 1845 Dei.

356 1880 438 1934 Ira
477 1881 571 1937 Dei
600 1896 704 1936 non
730 1883 1066 1953 perturbatio
1096 1891 1178 1937 est
1207 1884 1344 1952 ejus,
1369 1883 1461 1939 sed
1479 1884 1741 1953 judicium
1766 1900 1873 1956 quo

275 1971 562 2041 irrogatur
613 1988 768 2041 paena
817 1982 1058 2042 peccato.
1108 1973 1377 2044 Cogitatio
1425 1990 1554 2029 vero
1601 1974 1768 2043 ipsius
1820 1986 1874 2031 et

272 2064 600 2133 recogitatio
650 2064 1022 2119 mutandarum
1056 2081 1235 2120 rerum
1281 2075 1364 2121 est
1417 2066 1873 2121 incommutabilis

272 2155 447 2208 ratio.
474 2155 654 2225 Neque
681 2158 823 2210 enim
876 2157 1015 2210 sicut
1045 2156 1346 2221 hominem,
1379 2158 1448 2210 ita
1483 2158 1650 2211 Deum
1692 2158 1873 2227 cujus-

274 2262 449 2317 quam
502 2248 624 2302 l'acti
676 2250 759 2303 sui
814 2248 1080 2319 pmnitet(
1112 2249 1131 2303 ι
1170 2249 1301 2321 Reg.
1339 2264 1432 2316 xv,
1465 2249 1588 2319 29),
1621 2250 1775 2319 cujus
1803 2250 1873 2304 de

276 2338 539 2393 omnibus
586 2340 809 2394 omnino
869 2340 1031 2395 rebus
1086 2352 1193 2394 tatu
1243 2340 1345 2394 lixa
1400 2342 1668 2396 sententia
1712 2356 1871 2412 quam

281 2430 305 2468 τ
341 2440 489 2486 certa
514 2441 597 2486 est
620 2432 954 2500 prmscientia
988 2432 1005 2502 (
1036 2433 1168 2503 Aug.
1199 2433 1349 2499 ibid.,
1388 2450 1435 2487 c.
1466 2433 1537 2488 25
1564 2435 1605 2504 ).

501 2520 729 2578 CLVIII.
759 2534 782 2570 8
812 2522 890 2577 De
919 2524 1329 2594 persequentibus
1356 2524 1656 2579 Ecclesium.

354 2612 567 2668 Inimici
610 2616 870 2671 Ecclesia:
920 2617 1163 2687 quolibet
1210 2632 1395 2671 errore
1448 2627 1742 2687 cmcentur,
1784 2619 1873 2674 vel

289 2706 501 2759 malitia
527 2706 890 2775 depraventur
916 2724 930 2772 ;
962 2710 1006 2762 si
1032 2707 1299 2776 accipiant
1335 2715 1656 2777 potestatem
1681 2725 1873 2779 corpo-

280 2796 479 2851 raliter
521 2798 818 2869 afﬂigendi,
852 2810 1109 2854 exercent
1139 2801 1259 2869 ejus
1298 2802 1612 2869 patientiam
1641 2819 1655 2866 ;
1685 2802 1728 2856 si
1758 2811 1874 2856 tan-

291 2890 583 2942 tummodo
612 2892 750 2944 inale
777 2890 1060 2945 sentiendo
1080 2892 1458 2957 adversantur,
1486 2893 1875 2962 exercetttejus

278 2980 651 3049 sapientiam;
696 2990 751 3036 et
796 2991 854 3035 ut
899 2984 1059 3035 etiam
1114 2984 1314 3036 inimici
1363 2983 1675 3053 diligantur,
1720 3000 1875 3039 exer-

284 3081 418 3125 cent
483 3073 601 3141 ejus
660 3073 1085 3127 benevolentiam
1119 3092 1131 3126 :
1161 3076 1281 3145 quia
1317 3075 1459 3129 Deus
1490 3076 1573 3129 his
1617 3076 1709 3145 qui
1751 3092 1871 3131 eum

280 3163 539 3231 diligunt,
585 3164 763 3217 omnia
803 3179 1132 3233 ccuperatur
1154 3165 1203 3219 iii
1229 3166 1426 3219 bonum
1455 3165 1474 3236 (
1507 3167 1638 3237 Aug.
1674 3166 1711 3219 Ι.
1746 3182 1873 3221 xvttt
1901 3147 1945 3207 Ο

281 3255 349 3308 de
377 3254 485 3307 Civ.
520 3251 637 3321 Dei,
676 3271 721 3307 c.
758 3253 844 3323 1).

711 3344 889 3399 CLIX.
915 3344 992 3398 De
1022 3346 1125 3415 fine
1148 3346 1265 3401 boui
1287 3356 1331 3401 et
1353 3348 1478 3401 mali

362 3436 512 3491 Finis
536 3436 663 3490 boui
686 3446 793 3500 est,
819 3455 921 3491 non
955 3454 1061 3507 quo
1080 3449 1428 3493 consumatur
1457 3447 1513 3493 ut
1536 3455 1641 3494 non
1667 3440 1757 3507 sit,
1783 3440 1879 3496 sed

280 3546 397 3601 quo
453 3529 761 3595 perﬁciatur
786 3540 843 3585 ut
874 3532 1088 3600 plenum
1128 3533 1215 3586 sit.
1250 3533 1315 3586 Et
1342 3532 1463 3586 ﬁnis
1486 3533 1611 3586 mali
1640 3543 1739 3598 est,
1776 3548 1881 3587 non

280 3636 396 3690 quo
417 3636 539 3675 esse
571 3622 807 3687 desinat,
838 3622 931 3676 sed
959 3638 1065 3691 quo
1097 3638 1265 3691 uSque
1318 3624 1563 3677 nocendo
1595 3624 1877 3693 perducat.

284 3712 453 3767 Unde
482 3729 644 3766 unum
690 3722 773 3765 est
806 3730 1074 3766 summum
1106 3713 1328 3777 bonum,
1358 3714 1498 3767 aliud
1530 3723 1706 3767 autem
1732 3730 1881 3767 suin-

282 3820 435 3857 muni
491 3804 896 3869 malum;illud
952 3816 1171 3874 propter
1224 3804 1368 3873 quod
1420 3806 1722 3872 appetenda
1756 3814 1885 3859 sunt

283 3896 430 3949 bona
454 3908 677 3961 czetera,
714 3898 887 3965 ipsum
924 3909 1103 3950 autem
1163 3908 1382 3965 prapter
1427 3913 1487 3951 se
1512 3899 1727 3967 ipsum;
1762 3899 1882 3964 hoc,

283 4000 513 4056 piOpter
535 3988 678 4057 quod
703 3989 1021 4043 declinanda
1047 4000 1170 4043 sunt
1198 3990 1335 4042 mala
1364 4000 1579 4055 Caetera,
1609 3992 1779 4059 ipsum
1796 4007 1889 4046 au-

286 4092 399 4135 tem
418 4080 445 4116 ιι
464 4092 688 4150 propter
710 4097 769 4137 se
794 4082 965 4149 ipsum
994 4081 1152 4151 (Aug.
1171 4082 1207 4135 ι.
1229 4097 1315 4135 xvt
1338 4082 1398 4135 de
1417 4081 1885 4154 Civit.Dei,c.il).

758 4171 914 4227 CLX.
956 4171 972 4209 ί
1017 4172 1094 4225 De
1125 4183 1338 4226 natura.

396 4264 561 4336 566
595 4265 691 4319 Est
719 4275 909 4321 natura
941 4266 992 4319 in
1045 4282 1146 4335 qua
1181 4267 1384 4319 nullum
1419 4266 1621 4320 malum
1671 4273 1776 4331 est,
1804 4266 1892 4323 vel

289 4358 463 4412 etiam
512 4357 717 4411 nullum
770 4357 969 4411 malum
1017 4372 1139 4412 esse
1169 4366 1366 4427 postet.
1402 4356 1541 4412 Esse
1575 4367 1755 4413 autem
1796 4373 1894 4412 na-

376 4547 403 4574 ι
431 4537 794 4613 ms.__Bemig.,
821 4547 877 4593 ut
898 4540 1048 4613 apud,
1070 4543 1206 4609 Aug.
1240 4539 1308 4593 de
1330 4537 1488 4613 Civit.
1519 4538 1640 4607 Dei,
1685 4551 1894 4613 propter
1922 4545 1973 4606 ι)

295 4610 458 4680 hanc.
485 4608 844 4680 Aliiicodices
883 4612 1073 4679 nostri,
1106 4608 1314 4680 propter
1336 4611 1455 4664 hoc.

380 4677 409 4715 δ
442 4680 538 4733 Ms.
590 4679 866 4751 Joliensis,
905 4690 964 4735 ut
994 4677 1228 4737 in‘l'ibro
1275 4683 1342 4736 de
1390 4680 1507 4736 Civ.
1549 4680 1666 4749 Dei,
1716 4690 1773 4735 ut
1812 4684 1893 4737 di-

304 4766 416 4857 g”:
438 4759 653 4874 ms.
684 4819 957 4875 Joliensis.
1004 4819 1105 4875 Alii
1154 4835 1363 4887 omnes,
1395 4820 1545 4887 Quod
1582 4822 1723 4877 solus
1753 4821 1891 4877 Deus

300 4891 476 4945 bonus
505 4891 589 4954 sit,
621 4900 710 4943 aut
733 4890 872 4943 salus
903 4890 1039 4944 Deus
1070 4891 1253 4945 bonus.

375 4958 405 4996 ἀ
439 4958 532 5034 Sic
550 4975 655 5013 ms.
671 4959 947 5034 Joliensis,
964 4963 1285 5031 complenda
1306 4970 1621 5015 czeterorum
1647 4962 1888 5034 titulum,

301 5030 385 5085 De
407 5032 598 5082 civibus
626 5031 862 5084 terrenis.

382 5111 406 5170 τ
441 5100 538 5153 Ms.
564 5098 840 5166 Joliensis,
869 5100 1099 5167 Qualiter
1125 5104 1291 5170 accipi
1313 5104 1491 5156 debeat
1519 5105 1597 5156 ira
1635 5103 1750 5157 Dei.

384 5168 403 5207 ί
437 5171 534 5222 Ms.
555 5170 787 5239 IIemig.,
819 5182 955 5223 recta
996 5168 1333 5239 prtescieutia.
1362 5174 1501 5227 Edit.
1532 5175 1723 5228 Colon.
1755 5183 1890 5241 vet.,

305 5241 481 5307 Lugd.
514 5250 567 5294 et
594 5241 820 5305 Lovan.,
849 5245 1139 5310 prtesentia.
1173 5243 1364 5295 Melius
1388 5259 1505 5296 cuin
1535 5259 1663 5296 mss.
1705 5242 1885 5308 Colb.,

309 5312 523 5377 Beinig.
577 5322 629 5363 et
679 5310 785 5363 Jol.
842 5312 1005 5365 Duae.
1062 5322 1116 5367 et
1163 5314 1354 5368 Colon.
1400 5313 1756 5368 conformiter
1788 5322 1899 5367 Au-

308 5382 552 5452 gustino,
573 5382 925 5452 privscientiu.

386 5460 409 5495 ι
440 5451 538 5503 Ms.
564 5449 845 5511 Joliensis.
876 5451 953 5505 De
982 5452 1202 5505 inimicis
1234 5452 1504 5507 Ecclesia'.

384 5518 413 5558 ³
442 5521 687 5575 Antehac
734 5521 864 5575 editi
908 5523 1123 5593 plures,
1155 5536 1363 5593 propter
1406 5540 1692 5591 summum,
1747 5524 1896 5578 nullo

316 5601 465 5664 recto
493 5606 679 5664 sensti.
710 5592 1040 5660 Corrigimus
1068 5609 1131 5645 ex
1156 5592 1161 5593 ⁷
1188 5611 1325 5652 mss.
1368 5594 1581 5664 Retnig.
1622 5608 1674 5649 et
1705 5596 1809 5653 Jol.
1848 5603 1903 5650 et

318 5662 550 5736 editione
577 5660 767 5736 Colon.
799 5676 907 5715 vet.
944 5664 1093 5729 juxta
1140 5671 1340 5736 textum
1380 5660 1659 5736 Augustini
1697 5667 1818 5723 loco
1844 5667 1899 5723 in

322 5731 559 5798 margine
605 5732 791 5799 citato,
822 5744 1029 5801 prapter
1051 5749 1105 5787 se
1134 5734 1326 5803 ipsum.

1968 498 2121 566 me,
2146 514 2193 551 c.
2219 496 2330 567 is).

2332 584 2512 639 CLXI.
2542 583 2617 636 De
2644 583 2806 635 animi
2830 580 3087 650 wquitate.

2043 679 2233 734 Melior
2256 687 2335 732 est
2360 676 2523 731 animi
2546 678 2770 745 aequitas
2796 689 2956 743 quam
2981 671 3223 741 corporis
3246 670 3475 735 sanitas;
3499 676 3551 723 et

1972 768 2383 824 convenientius
2410 779 2423 817 J
2461 766 2689 834 injustus
2719 765 2865 818 dolet
2893 766 2944 817 iti
2969 762 3255 833 supplicio,
3285 775 3441 830 quam
3469 760 3551 814 la:-

1973 870 2115 915 tatus
2146 869 2227 914 est
2256 862 2305 913 in
2336 859 2535 913 delicto
2560 859 2577 925 (
2605 858 2740 927 Aug.
2764 857 2890 911 ibid.
2915 856 2957 927 ).

2308 967 2513 1022 CLXII.
2539 966 2615 1019 De
2637 975 2887 1037 prwcepto
2911 964 3196 1018 charitatis.

2044 1060 2098 1113 In
2133 1068 2400 1129 praecepto
2427 1059 2706 1111 cliaritatis
2736 1058 2837 1110 tria
2890 1058 3094 1110 invenit
3123 1055 3283 1107 homo
3320 1068 3439 1122 quae
3466 1052 3552 1107 di-

1976 1154 2109 1223 ligat
2144 1168 2159 1207 :
2188 1152 2379 1217 Deum,
2414 1168 2491 1217 se,
2524 1165 2579 1208 et
2612 1152 2936 1220 proximum.
2984 1150 3052 1203 Et
3080 1150 3201 1217 quia
3237 1148 3327 1202 ille
3368 1148 3419 1201 in
3471 1147 3553 1201 sui

1974 1245 2259 1299 dilectione
2290 1258 2392 1298 non
2422 1252 2589 1306 errat,
2624 1244 2712 1311 qui
2760 1244 2927 1296 Deum
2952 1241 3123 1310 diligit
3152 1258 3167 1305 ;
3219 1254 3555 1308 consequens

1977 1345 2057 1391 est
2087 1346 2143 1389 ut
2171 1335 2414 1403 proximo
2441 1333 2505 1387 ad
2535 1333 2866 1403 diligendum
2893 1334 3059 1387 Deum
3090 1332 3356 1400 consulat,
3390 1348 3551 1401 quem

1975 1428 2193 1497 jubetur
2219 1426 2443 1495 diligere
2467 1426 2606 1479 sicut
2629 1440 2687 1479 se
2716 1425 2889 1494 ipsum
2921 1424 3097 1495 (Aug.
3128 1423 3280 1489 ibid.,
3315 1440 3362 1477 c.
3402 1422 3518 1492 14).

2210 1561 2431 1616 CLXIII.
2466 1558 2492 1595 ¹ί
2524 1560 2601 1613 De
2629 1560 2902 1613 concordia
2930 1566 2975 1613 et
3002 1559 3305 1612 obedientia.

2046 1656 2153 1710 Pax
2176 1654 2475 1709 domestica
2518 1661 2600 1707 est
2631 1652 2874 1707 ordinata
2918 1651 3341 1706 cohabitantium
3389 1652 3557 1720 impe-

1902 1782 1948 1842 B
1976 1748 2129 1802 randi
2187 1745 2581 1815 obediendique
2626 1745 2936 1799 concordia.
2979 1744 3253 1812 Imperant
3295 1744 3436 1798 enim
3466 1743 3556 1812 qui

1978 1838 2304 1902 consulunt;
2337 1837 2477 1891 sicut
2507 1837 2585 1890 vir
2633 1836 2808 1901 uxori,
2863 1842 3116 1905 parentes
3162 1834 3305 1898 liliis,
3354 1831 3560 1887 domini

1983 1929 2178 1983 servis.
2208 1926 2477 1982 Obediunt
2504 1936 2682 1980 autem
2706 1926 2901 1993 quibus
2924 1926 3259 1990 consulitur;
3282 1928 3419 1979 sicut
3437 1939 3557 1977 mu—

1978 2024 2137 2077 lieres
2169 2022 2398 2087 malitis,
2434 2020 2525 2075 ﬁlii
2557 2022 2902 2089 parentibus,
2930 2022 3070 2076 servi
3121 2020 3415 2075 dominis.1
3451 2019 3559 2075 Sed

1977 2112 2030 2167 in
2054 2113 2214 2167 domo
2254 2112 2387 2181 justi
2408 2112 2640 2166 viventis
2666 2127 2732 2165 ex
2766 2112 2889 2173 ﬁde,
2915 2120 2971 2166 et
2997 2112 3065 2168 ab
3097 2114 3183 2165 illa
3228 2112 3404 2166 adhuc
3426 2112 3559 2167 civi-

1978 2216 2084 2261 tate
2106 2204 2528 2275 peregrinantis,
2588 2205 2747 2258 etiani
2780 2204 2869 2271 qui
2905 2206 3188 2272 imperant,
3216 2204 3457 2257 serviunt
3480 2203 3561 2258 eis

1975 2297 2167 2365 quibus
2192 2295 2442 2350 videntur
2465 2294 2751 2365 imperare.
2783 2296 2920 2360 Quia
2951 2311 3057 2347 non
3080 2293 3392 2348 dominandi
3414 2294 3560 2362 cupi-

1971 2389 2136 2443 ditate
2166 2388 2455 2457 imperant,
2488 2388 2583 2441 sed
2616 2389 2795 2441 otticio
2826 2387 3144 2443 consulendi
3173 2404 3188 2453 ;
3225 2403 3321 2442 nec
3353 2386 3559 2455 princi-

1972 2478 2137 2548 pandi
2168 2479 2447 2549 superbia,
2478 2478 2575 2534 sed
2622 2478 2941 2548 providendi
2986 2480 3338 2534 beneﬁcentia
3372 2476 3392 2551 (
3424 2480 3557 2550 Aug.

1968 2572 2077 2627 ibid
2095 2571 2136 2641 ).

2236 2659 2463 2716 CLXIV.
2498 2659 2575 2713 De
2600 2668 2635 2695 ω
2669 2659 2965 2713 conditione
2991 2659 3269 2712 servitutis.

2043 2750 2246 2806 Nomen
2298 2760 2353 2807 et
2395 2752 2765 2806 conditionem
2804 2750 3081 2805 servitutis
3138 2752 3293 2818 culpa
3343 2750 3550 2820 genuit,

1974 2862 2080 2900 non
2102 2854 2291 2900 natura
2319 2862 2333 2911 ;
2392 2852 2447 2899 et
2480 2846 2652 2910 prima
2676 2843 2834 2912 hujus
2863 2842 3217 2910 subjecdonis
3236 2858 3396 2897 causa
3426 2858 3551 2911 pec-

1974 2949 2156 2993 catum
2197 2947 2315 3002 est;
2350 2937 2470 3006 quia
2498 2938 2636 2990 sicut
2665 2938 2921 3005 scriptum
2952 2946 3034 2990 est
3066 2954 3077 2987 :
3112 2934 3290 2988 Omnis
3316 2936 3403 3005 qui
3430 2936 3556 3003 facit

1975 3044 2259 3102 peccatum,
2284 3048 2456 3085 servus
2487 3040 2560 3084 est
2583 3034 2794 3099 peccati.
2829 3029 2981 3084 Unde.
3012 3030 3204 3083 melior
3230 3029 3348 3098 ejus
3394 3038 3563 3081 status

1980 3124 2070 3191 qui
2136 3122 2427 3177 famulatur
2458 3121 2685 3185 homini,
2719 3137 2877 3189 quam
2923 3122 3011 3191 qui
3042 3138 3153 3175 sua:
3199 3124 3366 3175 servit
3410 3122 3564 3190 cupi-

1987 3213 2142 3267 ditati
2172 3210 2194 3284 (
2219 3212 2352 3283 Aug.
2388 3212 2543 3272 ibid.,
2570 3227 2614 3263 c.
2648 3209 2775 3281 l5).

2441 3302 2646 3357 CLXV.
2681 3310 2709 3338 η
2744 3302 2818 3354 De
2842 3302 3090 3372 pra'latis.

2055 3397 2179 3452 Veri
2230 3396 2642 3466 patreslaniilias
2678 3394 2911 3448 SUIJdIlIS
2955 3395 3085 3459 suis,
3124 3401 3392 3461 tamquam
3421 3391 3566 3456 ﬁliis.

1983 3490 2049 3543 ad
2073 3490 2355 3543 colendum
2389 3497 2441 3541 et
2472 3487 2890 3555 promerendum
2926 3487 3090 3540 Deum
3135 3485 3447 3547 consulunt,
3471 3486 3569 3540 de-

1986 3582 2290 3635 siderantes
2322 3582 2503 3632 venire
2554 3578 2619 3631 ad
2671 3581 2943 3631 caelestem
2991 3578 3233 3639 domum,
3262 3575 3351 3628 tibi
3394 3573 3569 3642 impe-

1990 3672 2143 3726 randi
2175 3670 2539 3724 necessarium
2584 3684 2688 3720 non
2718 3670 2787 3721 sit
2820 3669 3054 3719 otticiutn
3090 3684 3103 3719 :
3135 3681 3241 3736 quo
3276 3666 3447 3719 donec
3482 3679 3573 3719 ve-

1992 3763 2193 3820 niatur.
2243 3764 2411 3828 magis
2466 3761 2663 3812 debent
2714 3768 2892 3823 patres
2941 3766 2965 3792 ο
3008 3758 3149 3825 quod
3203 3758 3569 3820 dominantur,

1994 3868 2153 3924 quam
2179 3851 2322 3906 servi
2347 3851 2577 3903 tolerare.
2600 3849 2738 3917 quod
2768 3848 3182 3919 serviunt(Aug.
3214 3848 3361 3912 ibid.,
3382 3862 3426 3900 c.
3456 3846 3573 3914 16).

2346 3980 2573 4036 CLXVI.
2599 3991 2625 4029 P
2653 3980 2725 4032 De
2745 3982 2987 4051 regimine
3011 3979 3212 4052 populi.

2071 4077 2249 4132 Locus
2280 4076 2548 4145 superior,
2580 4075 2696 4129 sine
2726 4090 2833 4142 quo
2862 4074 2969 4144 regi
3003 4074 3232 4143 populus
3277 4088 3382 4127 non
3413 4074 3571 4145 567

1995 4181 2191 4240 potest,
2224 4171 2433 4222 etiamsi
2484 4170 2560 4221 ita
2601 4169 2669 4220 sit
2699 4167 2964 4219 tenendus
3009 4177 3167 4236 atque
3198 4166 3582 4220 administran-

1995 4265 2121 4329 dus,
2168 4270 2225 4317 ut
2256 4261 2451 4325 decet;
2502 4269 2677 4313 tamen
2723 4259 3033 4313 indecenter
3079 4261 3369 4327 appetitur.
3427 4258 3579 4314 Unde

1997 4360 2167 4413 otium
2195 4365 2442 4409 sanctum
2473 4364 2500 4403 ει
2523 4362 2731 4424 quaerat
2754 4354 2972 4408 dilectio
3006 4354 3268 4421 veritatis,
3302 4354 3579 4424 negotium

2075 4539 2089 4579 ί
2120 4540 2217 4594 Ms.
2247 4537 2523 4604 Joliensis,
2548 4537 2625 4591 De
2658 4536 2867 4591 Natura
2896 4538 3033 4591 boni.

2077 4609 2092 4663 i
2134 4610 2273 4682 Editi
2304 4608 2472 4682 nostri
2514 4623 2702 4682 omnes
2734 4608 3013 4682 habebant
3033 4612 3230 4682 justus.
3260 4611 3590 4668 Emendatur

1999 4698 2067 4738 ex
2095 4696 2199 4765 ms.
2229 4680 2521 4765 Rernii‘ghet
2544 4677 2783 4765 libropde
2807 4680 2923 4765 Civ.
2957 4677 3080 4765 Dei;
3107 4682 3451 4765 emendatum
3476 4686 3587 4753 jam

1997 4763 2209 4824 eratet:
2242 4748 2529 4824 ms._Col_b.
2559 4751 2610 4824 in
2640 4748 2770 4803 edit.
2799 4750 3038 4824 append.
3064 4766 3101 4805 t.
3141 4750 3353 4824 X_Aug.

2070 4820 2098 4860 ¹ι
2125 4822 2227 4876 Ms.
2260 4821 2536 4882 Joliensis,
2562 4820 2624 4873 de
2666 4835 2791 4888 pace
2824 4822 3125 4875 domestica.
3176 4820 3369 4879 Colon.
3432 4825 3591 4879 titulo

1997 4890 2290 4966 vulgaride
2311 4891 2584 4943 concordia
2607 4899 2655 4943 et
2685 4890 2994 4958 obedientia,
3025 4894 3194 4960 addit,
3225 4895 3591 4966 imperantium

1997 4973 2047 5020 et
2076 4962 2419 5015 subditorum.

2077 5032 2094 5072 ι
2126 5033 2265 5087 Edit.
2297 5030 2487 5085 Colon.
2521 5038 2652 5096 vet.,
2684 5030 2791 5086 Sed
2812 5031 2864 5085 in
2895 5030 3118 5086 Domino
3134 5032 3268 5101 justi
3290 5033 3504 5087 viventes
3530 5051 3596 5088 ea:

2001 5104 2203 5175 ﬁde...
2259 5103 2677 5175 peregrinantes.
2708 5141 2722 5155 .
2756 5142 2769 5155 .
2798 5143 2811 5155 .
2837 5103 2927 5175 sed
2968 5102 3274 5173 providendi
3325 5104 3590 5173 beneﬁcio.

2074 5184 2111 5210 ω
2140 5173 2236 5227 Ms.
2265 5172 2520 5227 Joliensis
2553 5172 2721 5237 addit,
2747 5174 2949 5225 nomine
2970 5172 3048 5226 et.

2074 5252 2102 5279 ιι
2131 5244 2228 5296 Ms.
2258 5242 2533 5296 Joliensis.
2563 5242 2638 5296 De
2665 5245 2797 5295 veris
2840 5244 3326 5311 patribusfamilias.

2076 5322 2101 5349 °
2137 5313 2327 5368 Colon.
2356 5322 2467 5367 vet.
2493 5314 2649 5379 edit.,
2688 5316 2775 5383 qui
2802 5314 3132 5366 dominantur
3160 5351 3174 5366 .
3203 5353 3217 5366 .
3247 5354 3262 5367 .
3298 5354 3312 5367 .
3339 5313 3427 5384 qui
3502 5324 3609 5365 ser—

2004 5386 2172 5438 ciunt.

2077 5465 2106 5504 P
2136 5454 2236 5507 Ms.
2270 5452 2552 5519 Jolicnsis,
2586 5454 2824 5519 Qualiter
2845 5451 3007 5505 honor
3032 5453 3196 5520 accipi
3227 5451 3426 5506 debeat.

2082 5535 2111 5574 ει
2142 5525 2244 5578 Ms.
2278 5524 2408 5589 Jo|.,
2432 5536 2643 5593 quierat.
2675 5524 2781 5579 Alii
2812 5538 3017 5583 omnes,
3047 5533 3251 5591 quarrtt.
3285 5524 3339 5577 In
3374 5525 3509 5577 libro
3530 5525 3600 5580 de

2012 5596 2174 5649 Civil.
2206 5594 2300 5647 Dei
2327 5605 2634 5662 utrumque,
2668 5595 2850 5661 quwrit
2894 5602 2939 5645 et
2976 5595 3207 5660 suscipit,
3235 5595 3286 5649 in
3312 5596 3601 5651 indicativo

2012 5666 2233 5735 legitur.
2266 5666 2455 5738 Colon.
2488 5676 2592 5738 vct.
2625 5666 2821 5738 editio,
2844 5665 2979 5738 unde
3012 5665 3168 5717 otium
3193 5676 3427 5720 sanctum
3453 5683 3599 5738 qua:-

2012 5746 2119 5802 rat,
2142 5744 2335 5799 qureret
2360 5735 2691 5789 directionem
2718 5735 2962 5796 veritatis,
2986 5748 3088 5789 ctc.
