3978 6178
415 313 511 368 ιει

412 429 613 495 justum
647 418 898 487 suscipiat
946 411 1245 469 necessitas
1287 408 1591 466 dilectionis
1625 405 1808 478 (Aug.
1836 404 1875 458 l.
1912 420 2001 459 xvi
2030 417 2080 474 Α

415 524 478 568 de
510 513 651 576 Civ.,
682 527 728 564 ο.
764 508 873 578 I9).

838 595 1090 653 CLXVII.
1124 593 1197 647 De
1222 592 1324 645 vita
1363 592 1570 645 animm.

489 696 637 754 Sicut
684 706 787 745 non
829 700 914 743 est
955 705 985 741 a
1031 700 1212 753 carne,
1245 683 1340 738 sed
1370 697 1534 751 supra
1574 693 1813 743 carnem,
1857 676 1999 748 quod

417 804 534 845 eam
566 786 693 840 facit
719 784 939 845 vivere;
990 780 1067 835 sic
1119 794 1223 832 non
1255 786 1341 830 est
1370 776 1437 831 ab
1466 772 1666 841 anima,
1699 773 1794 826 sed
1839 785 1998 839 supra

416 881 669 944 animam,
698 874 840 945 quod
866 888 984 928 eam
1040 872 1161 926 facit
1188 870 1344 923 beate
1378 868 1599 932 vivere;
1630 866 1753 935 quia
1787 873 1843 918 ut
1891 865 2000 917 vita

417 973 592 1026 carnis
638 969 817 1021 anima
850 975 955 1029 est,
1008 964 1081 1017 ita
1131 962 1287 1017 beata
1315 961 1421 1014 vita
1455 959 1689 1013 hominis
1739 957 1879 1011 Deus
1921 963 2004 1009 est

419 1067 589 1137 (Aug.
618 1060 767 1123 ibid.,
796 1075 841 1111 c.
872 1056 943 1111 25
964 1055 1003 1126 ).

722 1150 997 1212 CLXVIII.
1028 1165 1055 1193 α
1082 1152 1156 1207 De
1173 1147 1381 1223 justitia
1408 1146 1697 1200 hominum.

493 1248 707 1307 Iustitia
750 1254 933 1300 nostra
983 1253 1225 1312 quamws
1257 1254 1382 1296 vera
1409 1238 1499 1305 sit,
1533 1245 1758 1307 propter
1811 1247 2004 1287 verum

420 1342 546 1397 boni
595 1341 782 1401 tinent,
815 1335 881 1389 ad
931 1348 1091 1403 quem
1147 1330 1381 1386 refertur
1408 1346 1421 1395 ;
1454 1340 1631 1382 tamen
1659 1336 1805 1381 tanta
1836 1334 1920 1379 est
1951 1324 2004 1375 in

422 1431 524 1486 hac
556 1429 689 1493 vita,
742 1435 798 1480 ut
828 1426 1002 1495 potius
1029 1422 1056 1461 ιι
1091 1422 1409 1476 remissione
1437 1426 1772 1488 peccatorum
1799 1424 2009 1471 constet

423 1536 582 1593 quam
615 1518 943 1589 perfectione
974 1516 1233 1568 virtutum
1264 1510 1436 1583 (Aug.
1461 1510 1615 1575 ibid.,
1646 1526 1693 1565 ε.
1747 1509 1816 1562 27
1848 1507 1889 1577 ).

848 1606 1057 1663 CLXIX
1092 1617 1114 1645 ι
1147 1605 1222 1658 De
1247 1604 1397 1673 plena
1439 1619 1582 1674 pace.

494 1703 918 1773 Quamdinvitiis
943 1709 1289 1770 repugnatur,
1319 1698 1471 1767 plena
1501 1712 1601 1765 pax
1627 1709 1733 1747 non
1764 1702 1867 1757 est,
1888 1689 2011 1762 quia

1654 295 1711 350 s.
1755 292 2093 349 PROSPERI
2136 296 2463 365 AQUITANI

3582 290 3690 346 4⁸3³2.

2266 406 2524 461 CLXXIV
2578 406 2730 481 [alias
2760 402 3094 476 CLXXIII].I
3136 400 3215 458 De
3234 400 3545 457 obedientia.

2178 494 2327 551 Sicut
2349 496 2402 550 in
2442 496 2800 566 potestatibus
2822 495 3100 550 societatis
3122 495 3368 547 humana:
3390 490 3565 561 major
3597 506 3696 556 po-

2104 592 2268 639 testas
2316 586 2511 640 miuori
2563 586 2629 640 ad
2658 586 3016 640 ohediendum
3051 584 3419 653 praeponitur;
3450 580 3526 635 ita
3550 580 3697 633 Deus

2103 680 2350 734 omnibus
2380 682 2398 751 (
2425 679 2558 748 Aug.
2588 680 2625 733 l.
2658 695 2716 734 ιιι
2747 676 2980 749 Coufess.
3005 694 3051 730 c.
3081 678 3197 747 εδ).

2204 834 2436 889 CLXXV
2471 832 2639 906 [Alias
2666 830 2969 903 CL’XXIV].
3024 829 3105 884 De
3141 844 3257 883 vera
3298 824 3593 880 dilectione.

2181 967 2378 1022 Beatus
2395 967 2485 1037 qui
2518 967 2689 1036 diligit
2715 966 2902 1033 Deum,
2931 974 2985 1019 et
3007 963 3237 1017 amicum
3267 960 3323 1016 in
3346 959 3482 1025 Deo,
3513 968 3569 1014 et
3593 958 3698 1013 ini-

2108 1058 2300 1112 micum
2355 1068 2571 1127 propter
2617 1056 2807 1111 Deum.
2833 1054 2993 1109 Solus
3041 1054 3184 1108 enim
3231 1051 3435 1106 nullum
3465 1050 3697 1109 charum

2107 1150 2322 1215 amittit,
2346 1150 2429 1201 cui
2458 1162 2647 1202 omnes
2678 1148 2729 1201 in
2759 1148 2849 1200 illo
2877 1146 3025 1201 chari
3048 1154 3196 1207 sunt,
3222 1142 3250 1180 ιι
3279 1144 3366 1212 qui
3399 1157 3698 1211 numquam

2109 1258 2137 1296 a
2167 1257 2272 1295 non
2305 1236 2608 1295 dimittente
2636 1238 2900 1293 amittitur
2923 1238 3080 1306 (Aug.
3104 1235 3196 1289 lib.
3219 1232 3699 1305 v1Confcss.c.9).

2181 1389 2436 1448 CLXXVI
2462 1390 2624 1463 [Alias
2649 1387 2962 1462 CLXXV].1
2984 1388 3061 1443 De
3088 1404 3191 1442 non
3216 1386 3625 1458 corrumpendis.

2183 1505 2525 1560 Manifestum
2556 1516 2661 1569 est,
2691 1503 2942 1573 quoniam
2968 1501 3109 1555 bona
3142 1510 3265 1554 sunt
3293 1515 3411 1569 quae
3434 1512 3687 1552 corrum-

2114 1612 2348 1670 puntur:
2380 1614 2499 1669 qua:
2530 1612 2723 1667 neque,
2750 1600 2795 1651 si
2846 1610 3055 1650 summa
3086 1604 3125 1631 ω
3154 1594 3292 1649 bona
3339 1602 3544 1659 essent,
3579 1606 3702 1645 cor-

2115 1694 2287 1763 rumpi
2319 1699 2557 1761 possent,
2588 1690 2712 1759 quia
2740 1690 2783 1743 si
2830 1702 3037 1742 summa
3083 1686 3221 1740 bona
3271 1694 3477 1749 essent,
3514 1682 3703 1738 incor-

424 1809 478 1855 ct
510 1800 596 1853 illa
626 1813 746 1865 quae
772 1795 1053 1859 resistunt,
1085 1790 1388 1860 periculoso
1420 1788 1760 1842 debellautnr
1786 1784 2004 1853 prmlio;
2040 1778 2087 1836 B
2114 1783 2386 1855 rnptibilia
2442 1788 2655 1847 essent;
2690 1781 2733 1834 si
2767 1787 2945 1833 autem
2972 1778 3118 1831 nulla
3145 1777 3290 1829 bona
3318 1783 3525 1839 essent,
3557 1775 3701 1843 quod

424 1904 476 1945 et
511 1891 599 1943 illa
625 1904 746 1957 qua:
775 1888 912 1939 victa
943 1894 1087 1948 sunt,
1122 1882 1355 1936 nondum
1381 1895 1574 1935 securo
1607 1876 2003 1946 triumphantur

428 1982 561 2045 otio,
586 1981 678 2035 sed
719 1978 893 2032 adhuc
923 1975 1153 2031 sollicito
1202 1984 1517 2044 premuntur
1573 1972 1799 2042 imperio
1823 1969 2002 2042 (Aug.

424 2075 547 2128 ibid.
557 2081 603 2143 ).

693 2164 899 2220 CLXX.
936 2162 1011 2215 De
1040 2163 1208 2231 prima
1238 2170 1284 2214 et
1304 2159 1532 2213 secunda
1561 2167 1745 2213 morte.

496 2258 673 2313 Prima
715 2272 861 2311 mors
889 2256 1121 2310 animam
1155 2255 1425 2308 nolentem
1456 2250 1482 2288 ά
1518 2252 1720 2322 pellite
1748 2263 2006 2320 corpore,

426 2351 661 2407 secunda
693 2350 922 2403 animam
942 2348 1215 2401 nolentem
1246 2353 1391 2399 tenet
1413 2343 1465 2397 in
1496 2357 1745 2410 corpore.
1769 2341 2009 2395 Abutra-

427 2458 531 2514 que
559 2450 731 2497 morte
762 2440 1119 2495 communiter
1148 2438 1200 2492 id
1233 2438 1480 2501 habetur,
1512 2445 1567 2489 ut
1591 2434 1732 2504 quod
1763 2450 1867 2488 non
1897 2433 2010 2487 vult

428 2536 632 2601 anima,
660 2534 726 2588 de
754 2548 853 2587 suo
881 2545 1108 2601 corpore
1136 2530 1367 2599 patiatur
1398 2528 1559 2600 (Aug.
1585 2525 1625 2581 ι.
1652 2542 1743 2581 ut
1769 2526 1831 2580 de
1855 2523 2006 2580 Ciuit.

429 2628 549 2697 Dei,
574 2643 617 2680 c.
649 2624 727 2697 5).

568 2716 801 2772 CLXXI.
833 2724 856 2753 ⁸
892 2715 966 2768 De
999 2715 1167 2767 causis
1194 2712 1466 2783 incognitis
1495 2728 1706 2781 operum
1746 2708 1866 2765 Dei.

502 2809 521 2849 τ
554 2811 609 2865 In
644 2809 927 2878 ineugnitis
954 2807 1130 2860 causis
1161 2821 1384 2874 operum
1410 2805 1712 2859 divinorum
1764 2801 2008 2856 nonnihil

431 2901 836 2961 novimus,cnm
862 2897 1059 2951 scimus
1081 2912 1185 2950 non
1210 2900 1323 2950 sine
1343 2896 1555 2949 ratione
1576 2895 2010 2963 Omniputcntcm

430 2992 630 3055 iaci-rc,
649 2990 790 3043 unde
809 2989 1054 3042 intirmus
1082 2989 1347 3040 humanus
1377 2985 1588 3040 animus
1614 2986 1876 3040 rationem
1906 2999 2012 3038 non

431 3091 608 3156 potest
637 3079 863 3135 reddere
892 3082 911 3147 (
943 3079 1077 3147 Aug.
1104 3077 1257 3144 ibid.,
1280 3094 1325 3129 c.
1359 3074 1437 3147 5).

784 3170 1038 3226 CLXXII.
1072 3178 1096 3217 ε
1128 3168 1206 3222 De
1256 3169 1391 3239 falsa
1448 3169 1662 3238 ﬁducia.

506 3267 729 3321 Frustra
758 3264 861 3318 sibi
885 3263 1045 3317 homo
1076 3270 1197 3330 post
1224 3263 1327 3317 hoc
1349 3276 1546 3331 corpus
1578 3258 2017 3330 promittit,quod

435 3357 489 3411 in
518 3357 620 3411 hoc
644 3368 874 3424 corpore
925 3368 1245 3424 comparare
1295 3354 1573 3423 neglexit(
1606 3340 1742 3423 Aug.
1776 3349 2018 3419 Enchir.,

436 3466 481 3502 c.
516 3450 665 3517 ΗΟ).

436 3538 875 3613 CLXXIIIiAlias
915 3535 1195 3613 CLXXII].
1231 3536 1382 3613 Quod
1409 3537 1539 3613 nihil
1566 3538 1728 3607 prosit
1755 3536 1951 3591 homini
1978 3538 2023 3591 si

963 3610 1150 3662 invitus
1179 3608 1301 3663 bene
1335 3608 1512 3679 faciat.

508 3727 676 3780 Nemo
715 3720 744 3760 ιι
780 3722 977 3778 invitus
1025 3718 1041 3759 ί
1076 3720 1216 3776 bene
1260 3720 1402 3788 facit,
1437 3718 1646 3774 etiamsi
1685 3719 1885 3774 bonum
1938 3729 2021 3774 est

439 3818 602 3891 563
627 3815 765 3886 quod
793 3812 938 3883 facit,
972 3813 1097 3883 quia
1125 3813 1255 3867 nihil
1288 3812 1509 3882 prodest
1538 3812 1760 3882 Spiritus
1785 3812 2019 3878 timoris,

438 3912 528 3965 ubi
553 3925 656 3963 nou
700 3916 783 3964 est
820 3908 1042 3966 Spiritus
1088 3907 1369 3963 charitatis
1397 3907 1417 3979 (
1448 3906 1586 3978 Aug.
1628 3904 1667 3963 l.
1694 3921 1713 3960 ι
1770 3903 2011 3975 Confess.

440 4020 486 4056 c.
513 4002 624 4071 η).

512 4142 537 4169 ι
564 4130 749 4184 Colon.
775 4139 884 4183 vet.
902 4131 1055 4194 etlit.,
1085 4128 1162 4182 De
1180 4131 1327 4183 venia
1349 4131 1486 4183 unde
1505 4140 1700 4183 constat
1730 4130 1873 4185 beata
1902 4133 2023 4185 rita.

440 4202 559 4265 Alii,
605 4199 682 4253 De
717 4202 880 4254 uenia.
933 4201 1032 4254 Ms.
1074 4202 1347 4263 Joliensis,
1398 4200 1475 4253 De
1494 4202 1699 4269 justitia
1738 4202 2019 4254 hominum.

523 4272 550 4309 h
578 4269 767 4323 Colon.
800 4280 906 4324 vel.
935 4270 1092 4334 edit.,
1139 4287 1240 4322 non
1288 4280 1457 4323 tamen
1507 4280 1647 4323 tanta
1719 4281 1789 4323 est
1839 4274 1891 4324 in
1932 4277 2027 4325 hac

440 4344 575 4406 rita,
609 4350 664 4394 ut
700 4342 868 4412 potius
914 4357 1001 4410 per
1054 4341 1399 4394 remissionem
1458 4351 1781 4409 peccatorum
1826 4352 2018 4396 constet

440 4429 594 4479 quam
617 4428 705 4479 per
737 4413 887 4479 ﬁdem
904 4414 1167 4465 virtutum.

512 4496 532 4523 ο
564 4484 633 4537 Μ.
663 4482 935 4549 Joliensis,
964 4480 1039 4535 De
1067 4480 1424 4535 colluctatione
1447 4481 1707 4535 vitiorum.

509 4551 534 4590 δ
563 4554 753 4606 Colon.
784 4561 891 4606 vet.
926 4552 1085 4615 cdit.,
1120 4551 1274 4605 tollit.
1307 4552 1405 4607 Ms.
1438 4553 1667 4622 Remig..
1701 4552 1868 4618 pellet.

514 4633 536 4659 ε
567 4624 663 4676 Ms.
690 4622 962 4687 .Ioltensis,
1001 4624 1072 4674 De
1098 4622 1307 4676 occultis
1330 4623 1565 4693 operibus
1613 4623 1730 4676 Dei.
1778 4624 1905 4689 Alii,
1945 4623 2018 4677 De

442 4693 610 4747 causis
628 4693 918 4765 incognitis.
946 4693 1279 4765 Addidimus,
1295 4691 1502 4765 operum
1525 4691 1645 4758 Dei,
1661 4710 1728 4747 ex
1752 4695 2021 4763 prioribus

441 4765 616 4819 verbis
642 4764 923 4816 sententiae
954 4764 1142 4827 ipsius.

515 4833 533 4872 ί
566 4834 652 4887 Sic
681 4846 808 4906 mss.
841 4831 1049 4901 Remig.
1080 4841 1136 4887 et
1157 4832 1263 4890 .Iol.
1310 4835 1453 4890 Editi
1482 4835 1733 4889 omittunt
1765 4838 2023 4906 praeposi-

441 4905 646 4961 tionem
679 4903 766 4957 In.

512 4985 536 5046 β
568 4973 644 5027 Ita
672 4989 777 5027 ms.
804 4971 1075 5046 .Ioliensis.
1114 4973 1217 5028 Alii
1247 4974 1483 5035 codices,
1520 4973 1595 5029 De
1624 4976 1967 5046 negligentiis.

508 5043 536 5082 δ
568 5045 622 5099 In
683 5060 779 5096 ms.
807 5043 1029 5097 .Ioliensi
1066 5045 1179 5116 haec
1226 5047 1409 5108 verba,
1444 5046 1609 5099 Nemo
1632 5036 1837 5116 inuitus,
1885 5064 2015 5115 etc.,

439 5130 631 5185 novam
651 5115 969 5185 sententiam
990 5114 1347 5176 constituunt,
1378 5119 1460 5167 cui
1487 5120 1777 5185 praetigttur
1810 5114 2018 5181 titulus,

443 5184 593 5253 Quod
645 5184 774 5257 nihil
811 5186 968 5257 prosit
1000 5184 1212 5249 homini,
1247 5186 1288 5237 si
1334 5186 1517 5237 invitus
1572 5184 1693 5241 bene
1752 5190 1927 5257 faciat.
1961 5190 2019 5243 In

440 5259 558 5310 aliis
588 5256 864 5310 codicibus
917 5255 1028 5308 haec
1062 5269 1184 5309 cum
1233 5256 1675 5312 antecedentibus
1708 5255 1761 5311 in
1799 5270 2020 5315 senten-

449 5329 576 5382 tiam
608 5343 766 5380 unam
794 5326 1123 5380 coaluerant.

516 5396 533 5434 ί
566 5396 755 5451 Colon.
784 5406 888 5450 vet.
914 5398 1098 5461 editio,
1132 5394 1320 5447 bonum
1358 5395 1496 5463 facit.

513 5470 527 5517 I
568 5470 753 5535 Aptior
773 5468 919 5521 visus
947 5477 1028 5521 est
1066 5468 1251 5519 titulus
1277 5482 1373 5518 ms.
1410 5465 1681 5535 .Iuliensis,
1715 5482 1869 5532 quam
1924 5469 2013 5534 qui

443 5534 831 5599 prmiercbatur
862 5538 913 5591 in
942 5540 1063 5591 aliis
1092 5538 1385 5598 codicibus,
1408 5534 1480 5588 De
1494 5538 1718 5588 humana
1741 5540 2011 5592 societate.

444 5609 510 5662 Et
540 5609 640 5661 hoc
672 5608 882 5675 plenius
928 5623 1143 5662 sensum
1196 5611 1475 5660 sententiae
1524 5609 1768 5676 Prosperi
1813 5625 2013 5669 reprze-

446 5686 637 5734 :entat.
670 5692 828 5737 quam
888 5677 961 5731 De
1008 5678 1266 5746 diligendo
1312 5678 1439 5745 Deo,
1496 5679 1638 5747 qmd
1688 5678 1775 5733 alii
1799 5680 2013 5735 codices

446 5747 818 5814 (deierabant.

2107 1878 2159 1931 in
2187 1876 2266 1932 eis
2311 1880 2749 1942 corrumperetur
2786 1885 2892 1925 non
2915 1876 3061 1924 esset
3094 1868 3111 1940 (
3140 1866 3277 1937 Aug.
3301 1865 3338 1920 ι.
3361 1879 3435 1921 vu
3460 1861 3703 1934 Confess.

2107 1984 2155 2022 c.
2190 1968 2304 2037 12).

2107 2056 2392 2115 CLXXVII
2422 2053 2589 2130 [Alias
2617 2049 2921 2130 CLXXVI].
2951 2058 2979 2086 ι’
2999 2048 3157 2130 Quod
3185 2047 3325 2101 Deus
3345 2062 3521 2102 omnes
3558 2062 3705 2101 creo.

2566 2146 2573 2156 ε
2626 2134 2768 2179 turas
2799 2122 2959 2177 bonas
2989 2122 3189 2192 fecerit.

2177 2243 2314 2300 Cum
2347 2244 2489 2298 Deus
2540 2236 3057 2296 incommutabiliter
3098 2233 3293 2299 bonus,
3326 2243 3519 2285 omnes
3544 2244 3703 2284 crea-

2109 2347 2254 2394 turas
2281 2336 2468 2392 iecerit
2495 2336 2660 2388 bonas
2685 2373 2701 2399 ,
2727 2344 2829 2385 nec
2856 2328 2960 2383 ulla
2990 2325 3211 2381 omnino
3242 2323 3346 2378 nisi
3372 2322 3438 2376 ab
3472 2322 3598 2390 ipso
3627 2323 3701 2376 sit

2109 2440 2291 2486 creata
2314 2436 2537 2490 natura;
2560 2433 2584 2460 ο
2608 2423 2754 2477 nulla
2779 2430 2860 2476 est
2882 2417 3183 2475 substantia
3208 2414 3337 2469 mali
3364 2432 3376 2465 :
3401 2414 3526 2481 quia
3555 2413 3701 2482 quod

2113 2531 2389 2577 auctorem
2418 2519 2585 2573 Deum
2618 2529 2725 2568 non
2754 2512 2939 2578 habet,
2966 2524 3072 2565 non
3104 2517 3207 2563 est.
3237 2518 3263 2555 Ρ
3295 2505 3483 2573 Itaque
3510 2504 3706 2558 vitium

2111 2612 2480 2682 corruptionis
2508 2608 2641 2664 nihil
2662 2615 2745 2662 est
2767 2604 2910 2659 aliud
2966 2616 3125 2672 quam
3156 2597 3479 2654 inordinata:
3503 2597 3590 2653 vel
3614 2595 3707 2652 de-

2113 2707 2370 2763 siderium
2399 2704 2481 2758 vel
2509 2702 2650 2755 actio
2679 2695 2972 2754 voluntatis
3002 2702 3021 2764 (
3049 2695 3185 2763 Aug.
3210 2690 3388 2761 ibid.).

2116 2858 2426 2919 CLxxvut
2455 2856 2625 2931 [Alias
2648 2849 3042 2978 ειξαξχὲηὲίῖ
3071 2846 3223 2916 Quod
3259 2844 3470 2919 justitia
3518 2844 3710 2899 iniquis

2186 3047 2337 3103 Sicut
2374 3044 2553 3115 palato
2607 3054 2715 3096 non
2745 3053 2878 3094 sano
2914 3048 3074 3106 pmna
3125 3039 3208 3089 est
3235 3031 3388 3088 cibus
3440 3029 3533 3099 qui
3576 3042 3713 3082 sano

2046 3144 2091 3207 C
2125 3141 2307 3194 suavis
2333 3146 2417 3191 est
2444 3177 2458 3201 ,
2500 3145 2551 3188 et
2575 3132 2744 3186 oculis
2778 3128 2937 3197 agris
2962 3126 3151 3180 odiosa
3173 3125 3265 3178 lux
3291 3136 3396 3192 qua
3422 3120 3713 3175 incolumis

2120 3226 2553 3299 gaudetohtutus
2580 3222 2694 3277 :ita
2731 3218 2982 3286 distilieet
3012 3213 3208 3285 iniquis
3232 3212 3443 3283 justitia
3475 3212 3597 3276 Dei,
3628 3212 3713 3263 cui

2123 3321 2167 3376 si
2195 3318 2613 3388 subjicerentur,
2648 3323 2669 3351 τ
2697 3326 2805 3367 non
2846 3307 3303 3365 conturbareutur
3342 3304 3525 3375 (Aug.
3558 3304 3711 3369 ibid.,

2243 3413 2269 3442 ΡΞ

2126 3415 2444 3559 δ’ἐιῗιέἓιιχ
2475 3499 2642 3571 [Alias
2667 3492 3013 3566 CLXXVIII].
3039 3491 3119 3548 De
3146 3490 3456 3565 (egritudine
3478 3491 3661 3546 animi.

2195 3632 2474 3706 Egritndo
2504 3631 2667 3686 animi
2698 3627 2975 3684 rationalis
2998 3632 3105 3693 est,
3130 3638 3250 3679 cum
3281 3621 3439 3677 bonis
3490 3621 3715 3677 inferio-

2123 3728 2273 3783 ribus
2301 3725 2620 3788 delectatus,
2655 3719 2938 3787 superiora
2985 3731 3051 3772 ex
3096 3722 3247 3785 parte
3293 3712 3523 3782 appetit,
3568 3722 3625 3768 et
3654 3730 3720 3766 ex

2127 3828 2278 3889 parte
2314 3833 2419 3871 non
2449 3813 2672 3885 appetit.
2715 3810 2950 3879 Ideoque
2981 3807 3035 3862 in
3066 3807 3199 3861 duas
3238 3804 3500 3859 dividitur
3526 3805 3721 3859 volun-

2128 3920 2266 3964 tates
2290 3924 2305 3974 ;
2342 3916 2365 3945 ³
2397 3919 2629 3971 cumque
2652 3918 2753 3956 una
2780 3910 2884 3965 est,
2917 3908 3025 3954 tota
3057 3912 3164 3952 non
3195 3905 3279 3951 est
3306 3913 3320 3949 :
3349 3904 3405 3950 et
3434 3896 3540 3950 hoc
3565 3895 3721 3950 adest

2132 4000 2244 4066 uni,
2269 3995 2410 4068 quod
2439 3996 2593 4051 deest
2630 3991 2783 4048 alteri
2812 3992 2832 4063 (
2858 3990 2995 4062 Aug.
3029 3988 3067 4043 ι.
3098 4002 3189 4041 vnt
3236 3985 3498 4056 Confess.,
3527 4003 3575 4040 c.
3618 3987 3711 4056 9).

2204 4134 2229 4173 ις
2264 4135 2389 4190 Εάίι
2414 4145 2523 4189 νει.
2553 4131 2770 4198 Colon.,
2825 4131 2914 4201 qui
2943 4143 3219 4198 numquam
3247 4139 3365 4183 ante
3408 4130 3622 4185 dimittit
3650 4142 3718 4196 te,

2134 4207 2236 4259 nisi
2265 4208 2574 4260 dimittatur.

2206 4274 2221 4314 ι
2255 4278 2353 4331 Ms.
2379 4273 2652 4340 Joliensis,
2683 4270 2831 4338 Quod
2847 4268 2985 4324 solus
3007 4267 3146 4323 Deus
3167 4271 3433 4339 corrumpi
3461 4281 3509 4326 et
3533 4272 3721 4326 immu-

2131 4348 2231 4400 tari
2262 4363 2365 4401 non
2395 4347 2573 4413 possit.

2200 4425 2240 4453 ω
2264 4418 2361 4472 Ms.
2394 4409 2629 4484 Remig.,
2646 4414 2778 4467 bona
2800 4421 2985 4474 essent.
3013 4424 3174 4484 neque
3191 4410 3235 4462 si
3258 4409 3389 4463 bona
3414 4428 3518 4465 non
3531 4424 3717 4479 essent,

2127 4490 2393 4554 corrumpi
2443 4480 2669 4557 possent,
2692 4499 2807 4555 qua
2832 4484 2875 4537 si
2899 4480 3252 4557 summobono
3274 4491 3461 4557 essent,
3482 4485 3721 4537 incorru-

2049 4547 2093 4605 D
2123 4547 2529 4627 ptibilia'esse'ut.
2558 4547 2751 4612 Colon.
2776 4552 3047 4627 veLedit.
3078 4550 3259 4627 lVeque
3282 4550 3327 4603 si
3358 4553 3491 4627 bona
3518 4570 3617 4607 non
3640 4574 3724 4608 es-

2124 4620 2531 4696 sent,corrumpi
2550 4636 2752 4698 possent
2773 4640 2793 4690 ;
2817 4626 2938 4693 quia
2969 4632 3017 4677 et
3046 4623 3090 4675 si
3116 4636 3317 4675 summa
3358 4620 3491 4675 bona
3528 4635 3719 4689 essent,

2127 4697 2542 4769 incorruptibilia
2564 4706 2748 4769 essent.

2130 4837 2178 4892 Β
2199 4777 2228 4803 ³³
2254 4760 2348 4825 διό
2369 4782 2469 4824 ms.
2497 4766 2774 4824 Joliensis.
2804 4763 2911 4819 Alii
2936 4776 3146 4828 omnes,
3178 4760 3257 4817 De
3301 4762 3720 4820 incarnmutabili

2182 4854 2260 4892 eo.

2182 4854 2260 4893 80.

2202 4919 2228 4946 ο
2260 4910 2354 4964 Ms.
2401 4906 2681 4967 Joliensis,
2710 4904 2858 4959 nulla
2914 4912 2987 4959 est
3034 4902 3321 4957 substantia
3371 4920 3489 4974 qua
3537 4916 3720 4961 aucto-

2130 4997 2239 5035 rem
2258 4980 2425 5034 Deum
2446 4995 2547 5032 non
2576 4978 2744 5031 habet.

2195 5052 2347 5105 pMs.
2399 5049 2675 5113 Joliensis,
2730 5046 2936 5115 Itaque,
2987 5043 3075 5097 alii
3106 5058 3319 5115 omnes,
3364 5044 3461 5099 ita.
3519 5044 3716 5099 Colon.

2123 5128 2232 5175 vet.
2267 5121 2453 5188 editio,
2483 5121 2683 5174 omisso
2705 5119 2793 5180 ita,
2825 5114 3112 5188 quiaquod
3135 5123 3399 5188 auctorem
3418 5116 3586 5168 Deum
3611 5133 3720 5169 non

2125 5192 2309 5258 habet,
2344 5184 2447 5244 non
2475 5202 2544 5245 est
2576 5189 2719 5250 aliud
2740 5184 2897 5257 quam
2934 5184 3246 5238 desiderium
3275 5194 3366 5238 aut
3389 5188 3526 5239 actio
3571 5187 3719 5240 inor-

2125 5264 2314 5315 diua'm
2335 5262 2609 5314 voluntatis

2197 5342 2226 5381 ιι
2258 5332 2355 5385 Ms.
2379 5332 2654 5393 Joliensis,
2689 5327 2766 5381 De
2792 5324 3017 5394 spiritali
3044 5340 3251 5396 sapore.

2200 5412 2221 5439 ι’
2253 5402 2381 5456 Mss.
2415 5402 2624 5469 Iteuiig.
2655 5408 2709 5454 et
2731 5398 3010 5469 Joliensis,
3036 5413 3139 5448 non
3167 5398 3536 5449 minuerentur.
3567 5395 3717 5451 Idem

2125 5472 2178 5526 in
2212 5473 2454 5541 margine
2487 5468 2740 5527 natarunt
2771 5468 3037 5522 editiones
3068 5482 3280 5520 omnes.

2198 5551 2219 5577 ³
2258 5544 2349 5596 Ms.
2379 5544 2631 5598 Jolteusis
2654 5584 2668 5607 ,
2699 5554 2914 5605 cumque
2944 5553 3049 5588 una
3072 5553 3174 5607 non
3202 5548 3276 5590 est
3306 5545 3436 5603 tota,
3469 5552 3569 5589 non
3619 5549 3713 5590 est.

2128 5613 2224 5667 llic
2256 5616 2401 5665 locus
2435 5630 2499 5667 ex
2545 5604 2838 5680 Augustini
2884 5607 3059 5680 Capite
3102 5604 3161 5660 ﬂt
3206 5608 3423 5673 clarior,
3484 5610 3559 5661 sic
3614 5607 3714 5660 his.

2128 5686 2288 5737 bente
2319 5702 2330 5734 :
2369 5682 2433 5735 Et
2465 5684 2578 5737 ideo
2606 5678 2719 5735 sunt
2752 5679 2867 5732 dua:
2898 5678 3213 5741 voluntates,
3245 5679 3363 5745 quia
3392 5694 3495 5731 uua
3540 5692 3724 5731 carum

2130 5764 2235 5807 tota
2264 5771 2363 5808 non
2386 5762 2477 5823 est,
2522 5766 2567 5808 ct
2596 5756 2686 5807 hoc
2713 5753 2853 5805 adest
2877 5750 3045 5814 alteri,
3074 5752 3213 5818 quod
3244 5751 3379 5804 deest
3400 5750 3569 5803 alteri.
