4028 6176
470 203 577 260 653

468 316 646 372 audita
690 315 742 370 in
783 317 1093 372 memoriam
1144 327 1390 385 revocat,
1436 318 1507 373 sit
1533 320 1724 376 Similis
1754 324 2046 379 ruminauti
2074 332 2127 387 Α

470 406 625 479 (Aug.
659 423 800 459 enar.
832 409 885 459 in
914 426 991 475 ps.
1022 424 1163 477 xui,
1194 428 1246 462 η.
1278 409 1353 479 1).

608 496 787 551 CXCV
820 497 987 569 [Alias
1014 498 1261 569 CXCIV].
1285 509 1310 536 ⁸
1341 499 1421 554 De
1446 501 1658 570 imperio
1687 504 1893 560 anima'.

536 589 693 659 571
728 589 1021 643 Rationalis
1048 591 1223 643 anima
1268 591 1482 645 domina
1529 605 1609 647 est
1650 596 1889 662 corporis
1928 595 2047 659 sui;

465 695 583 748 qua:
616 682 847 735 inferiori
880 698 985 735 non
1014 683 1149 737 bene
1177 684 1492 751 imperabit,
1541 687 1642 740 nisi
1683 687 1946 756 superiori
1990 702 2052 744 se

466 772 576 825 Deo
607 781 713 825 tota
736 772 1009 828 charitatis
1030 773 1359 842 subiectione
1386 773 1412 813 δ
1435 777 1681 831 servierit
1708 777 1865 849 (Aug.
1896 777 2048 843 ibid.,

463 880 518 916 rt.
552 861 665 933 10).

605 955 809 1012 CXCVI
842 957 1005 1028 [Alias
1032 960 1288 1033 CXCV].c
1307 960 1383 1015 De
1414 963 1763 1017 misericordia
1792 964 1904 1017 Dei.

532 1047 681 1101 .Sicut
708 1058 849 1103 terra
880 1050 947 1103 de
984 1052 1121 1106 CtBIO
1161 1062 1437 1122 exspectat
1495 1055 1727 1122 pluviam
1763 1065 1817 1108 et
1855 1056 2050 1122 lucem,

461 1136 541 1192 sic
569 1138 732 1193 homo
760 1154 827 1194 ex
859 1141 969 1196 Deo
995 1143 1155 1199 debet
1195 1153 1508 1214 exspectare
1544 1145 1969 1202 misericordiam
1999 1159 2054 1203 et

461 1231 739 1285 veritatem
771 1234 925 1303 (Aug.
956 1234 1107 1302 ibid.,
1141 1253 1192 1289 η.
1231 1234 1347 1307 15).

530 1342 762 1399 CXCVII
788 1344 954 1414 [Alias
978 1345 1222 1417 CXCVI].
1239 1345 1263 1384 ἀ
1286 1347 1364 1402 De
1394 1348 1699 1407 discretione
1731 1350 1981 1406 bonorum

1080 1427 1126 1470 et
1152 1418 1425 1472 malorum.

532 1500 885 1561 Gaudendum
914 1516 1000 1562 est
1026 1508 1181 1563 bonis
1212 1511 1465 1566 Ecclesiae
1493 1512 1639 1581 (iliis,
1682 1514 1827 1584 quod
1858 1515 1911 1569 in
1943 1514 2054 1570 dis-

460 1600 699 1654 cretione
728 1600 926 1670 georum
960 1615 1064 1655 non
1108 1602 1306 1656 fallitur
1335 1604 1515 1658 divina
1544 1606 1773 1674 justitia.
1807 1608 1912 1662 Sed
1944 1624 2049 1663 non

461 1700 663 1746 temere
692 1692 930 1749 dividant
954 1704 1302 1765 congregatos
1328 1713 1341 1749 :
1373 1698 1497 1767 quia
1528 1699 1764 1769 ipsorum
1795 1711 1881 1756 est
1909 1706 2047 1758 velle
2079 1698 2125 1757 B
2220 1723 2301 1777 Ad
2329 1724 2432 1781 hoc
2461 1734 2484 1763 s
2512 1692 2592 1781 In,

458 1783 731 1853 colligere,
766 1785 976 1841 Domini
1014 1800 1265 1856 separare
1307 1786 1460 1861 (Aug.
1502 1807 1648 1845 enar.
1681 1794 1735 1846 in
1767 1811 1845 1862 ps.
1880 1811 2043 1863 xnvu,

458 1891 514 1931 η.
547 1876 658 1946 11).

566 1967 820 2022 CXCVIII
848 1967 1012 2039 [Alias
1041 1969 1315 2043 CXCVII].
1335 1982 1358 2011 ⁸
1385 1972 1461 2028 De
1493 1982 1690 2030 terreno
1718 1993 1911 2033 amore.

532 2060 791 2115 Dominus
818 2070 903 2116 est
933 2078 1112 2117 rerum
1139 2080 1272 2135 quas
1301 2066 1482 2133 habet,
1514 2071 1605 2139 qui
1649 2072 1791 2127 nulla
1835 2074 2045 2144 cupidi~

458 2158 565 2204 tate
600 2149 618 2186 ί
651 2151 910 2205 irretitur.
939 2153 1070 2209 Nam
1102 2158 1191 2225 qui
1226 2166 1557 2213 terrenorum
1590 2176 1775 2217 amore
1812 2166 2047 2221 obstrin-

455 2243 616 2312 gitur,
647 2260 753 2298 non
784 2246 1040 2316 possidet,
1073 2248 1167 2304 sed
1200 2251 1504 2320 possidetur
1529 2254 1686 2325 (Aug.
1718 2272 1860 2311 enar.
1883 2258 1936 2312 in
1961 2277 2039 2331 ps.

454 2352 641 2401 xum,
669 2354 772 2390 ser.
807 2339 854 2402 1,
883 2356 935 2393 n.
967 2340 1048 2410 2).

522 2428 733 2484 CXCIX
762 2428 926 2501 [Alias
951 2430 1251 2506 CXCVIII].
1282 2433 1361 2489 De
1387 2437 1679 2494 haereditate
1706 2450 1731 2488 ε
1758 2450 1969 2499 (eterna.

522 2519 841 2588 Hmreditas,
874 2522 925 2576 in
955 2539 1058 2593 qua
1090 2525 1404 2583 cohaeredes
1430 2529 1627 2585 Christi
1668 2546 1887 2600 sumus,
1935 2550 2042 2591 non

453 2611 712 2665 minuitur
752 2614 1091 2670 multitudine
1134 2616 1389 2682 ﬁliorum,
1423 2636 1523 2676 nec
1554 2624 1613 2677 lit
1640 2625 1915 2694 angustior
1946 2642 2044 2681 nu-

451 2703 761 2758 merositate
787 2706 1127 2761 cohaeredum
1154 2725 1167 2761 :
1198 2709 1291 2764 sed
1321 2721 1462 2765 tanta
1490 2722 1572 2766 est
1600 2715 1810 2778 multis,
1842 2726 2041 2785 quanta

451 2795 669 2861 paucis;
703 2803 845 2847 tanta
868 2798 1113 2866 singulis,
1138 2809 1335 2867 quanta
1357 2800 1609 2858 omnibus
1630 2804 1788 2876 (Aug.
1816 2821 1958 2859 enar.
1987 2807 2041 2861 in

447 2903 528 2956 ps.
562 2902 707 2954 χιιι,
741 2904 795 2941 n.
825 2887 900 2957 '2).

733 2977 817 3032 CC
845 2978 1012 3051 [Alias
1041 2979 1293 3054 CXCIX].
1325 2980 1354 3019 ιι
1383 2983 1457 3037 De
1488 2986 1753 3054 felicitate.

1695 210 1752 266 S.
1797 210 2134 268 PROSPERI
2176 213 2502 283 AQUII‘ANI

3628 239 3740 295 458

2309 327 2461 385 CCIII
2490 330 2654 403 [Alias
2690 333 2860 408 CCII].
2895 346 2922 373 ιι
2953 336 3029 393 De
3058 340 3275 398 inimicis
3302 345 3562 405 bonorum.

2224 417 2385 490 572
2428 421 2608 476 Nullus
2651 424 2912 481 bonorum
2948 429 3221 487 inimicum
3258 434 3453 501 habet,
3489 441 3592 498 nisi
3625 459 3746 499 ma-

2152 507 2261 562 lum
2289 528 2299 561 :
2331 520 2355 547 ο
2389 513 2477 579 qui
2507 513 2625 567 ideo
2654 530 2774 571 esse
2800 522 3146 589 permittitur,
3181 534 3238 578 ut
3276 536 3367 580 aut
3408 531 3740 601 corrigatur,

2150 611 2242 655 aut
2269 617 2364 671 per
2392 605 2565 672 ipsum
2601 608 2769 661 bonus
2799 622 3143 668 exerceatur.
3184 614 3455 677 Oraudum
3493 633 3575 677 est
3609 640 3747 695 ergo

2152 703 2249 761 pro
2275 694 2524 762 inimicis,
2558 708 2614 752 ut
2642 710 2734 753 aut
2757 701 3061 759 obtineatur
3089 720 3277 763 eorum
3308 716 3617 782 conversio,
3645 694 3745 773 aut

2152 787 2206 841 in
2252 789 2407 843 nobis
2450 790 2645 847 divitia:
2693 793 2944 849 bonitatis
2987 798 3288 855 inveniatur
3316 805 3543 862 imitatio
3570 810 3738 882 (Aug.

2152 894 2295 934 cnar.
2328 882 2381 934 in
2409 899 2489 951 ps.
2524 899 2630 949 uv,
2662 902 2717 937 η.
2746 886 2802 949 4,
2832 896 2879 940 et
2908 886 3165 945 Ctelestin.
3200 892 3240 958 Ι,
3272 911 3353 962 ep.
3389 896 3464 967 I).

2222 968 2375 1024 CCIV
2405 971 2570 1043 [Alias
2600 974 2800 1047 CCIII].
2833 988 2860 1026 P
2890 977 2969 1032 De
2994 982 3167 1053 vigore
3192 985 3315 1053 ﬁdei
3344 986 3665 1049 Christiane.

2224 1060 2386 1130 Vigor
2423 1063 2545 1118 lidei
2585 1066 2901 1123 Christianas
2946 1073 3118 1127 tribus
3146 1080 3479 1146 temporibus
3507 1093 3536 1134 tt
3566 1085 3754 1143 initia-

2155 1159 2262 1217 tur,
2292 1168 2539 1223 vespere,
2569 1172 2744 1219 mane.
2778 1170 2831 1213 et
2857 1161 3101 1218 meridie.
3131 1165 3365 1237 Vespere
3385 1173 3526 1229 enim
3558 1176 3752 1235 Domi-

2155 1259 2254 1298 nus
2284 1244 2337 1299 in
2374 1261 2537 1302 cruce
2562 1291 2577 1316 ,
2628 1266 2786 1304 mane
2828 1252 2880 1306 in
2927 1258 3325 1315 resurrectione
3350 1302 3363 1324 ,
3414 1268 3638 1324 meridie
3679 1270 3745 1326 iu

2154 1337 2488 1393 ascensione.
2542 1339 2719 1395 Unum
2762 1343 2829 1396 ad
2879 1346 3193 1413 patientiam
3242 1354 3444 1426 occisi,
3493 1359 3640 1416 aliud
3667 1362 3746 1418 ad

2155 1430 2318 1483 vitam
2349 1432 2669 1497 resuscitati,
2706 1436 2923 1491 tertium
2949 1439 3014 1493 ad
3043 1442 3265 1509 gloriam
3305 1448 3538 1515 pertinet
3571 1454 3747 1524 maje-

2154 1520 2307 1574 statis
2328 1521 2380 1574 in
2405 1520 2575 1577 Patris
2595 1524 2813 1581 dextera
2832 1532 3177 1589 consedeutis
3196 1536 3352 1608 (Aug.
3372 1540 3522 1608 t‘bid.,
3544 1561 3598 1598 η.
3618 1520 3738 1620 Ib).

2351 1630 2482 1688 CCV
2512 1634 2679 1707 [Alias
2709 1637 2911 1712 CCIV].
2939 1651 2961 1678 ι’
2985 1641 3065 1697 De
3090 1650 3374 1718 purgandis
3402 1654 3593 1709 electis.

2583 1730 2853 1798 agitantur
2881 1734 3124 1790 homines
3166 1740 3631 1815 tribulationibus,
3675 1761 3737 1808 ut

2149 1832 2276 1870 vasa
2306 1816 2586 1873 electionis
2622 1832 2950 1878 evacuentur
2989 1830 3223 1898 nequitia
3249 1872 3263 1897 ,
3312 1846 3367 1889 et
3408 1839 3736 1908 impleantur

2148 1907 2320 1977 gratia
2348 1909 2507 1981 (Aug.
2538 1928 2682 1966 enar.
2714 1914 2765 1967 in
2795 1932 2875 1986 ps.
2907 1933 2999 1986 Lv,
3025 1937 3080 1976 η.
3114 1922 3259 1995 15)..

2149 2022 2304 2079 CCVI
2323 2023 2489 2095 [Alias
2518 2025 2719 2099 CCV].‘
2738 2028 2817 2084 De
2838 2030 2983 2087 bonis
3000 2052 3116 2106 qua:
3139 2054 3286 2093 nemo
3312 2044 3497 2099 amittit
3524 2048 3731 2108 incitus.

2217 2114 2407 2171 Potest
2444 2118 2607 2173 homo
2650 2120 2848 2177 invitus
2891 2126 3139 2183 amittere
3190 2134 3500 2203 temporalia
3554 2139 3731 2209 bona;

2147 2218 2439 2275 numquam
2487 2223 2646 2279 vero,
2696 2212 2801 2267 nisi
2836 2214 3050 2285 volens,
3082 2226 3112 2255 ἰ
3144 2222 3321 2290 perdit
3344 2235 3546 2284 aeterna
3575 2233 3733 2305 (Aug.

2144 2293 2298 2364 sua,
2327 2313 2381 2351 η.
2412 2298 2525 2370 19).

2360 2391 2536 2447 CCVII
2569 2392 2731 2465 [Alias
2756 2396 2951 2472 CCVI].
2980 2410 3009 2439 ν
3036 2401 3115 2457 De
3140 2405 3243 2474 ﬁne
3267 2407 3517 2477 ﬁdelium.

2216 2481 2365 2539 Finis
2395 2485 2632 2541 ﬁdelium
2660 2487 2904 2546 Christus
2930 2502 3049 2548 est:
3081 2497 3151 2551 ad
3188 2514 3346 2568 quem
3384 2516 3504 2558 cum
3545 2522 3736 2576 pene-

2143 2573 2285 2629 nerit
2312 2578 2578 2634 currentis
2609 2580 2853 2647 intentio,
2889 2600 2995 2640 non
3027 2586 3188 2645 habet
3214 2595 3354 2662 quod
3394 2573 3568 2666 possit
3611 2617 3734 2657 am-

2144 2665 2289 2734 plius
2334 2668 2595 2738 invenire,
2630 2671 2726 2726 sed
2756 2673 2920 2731 habet
2948 2677 3000 2732 in
3031 2694 3138 2750 quo
3187 2683 3380 2741 debeat
3399 2665 3736 2759 permanere

2142 2756 2299 2828 (Aug.
2332 2776 2473 2815 enar.
2502 2763 2556 2816 in
2582 2780 2661 2831 ps.
2696 2781 2802 2832 Lvr,
2835 2785 2888 2822 η.
2918 2767 2998 2841 2).

2440 2872 2640 2932 CCVIII
2669 2874 2834 2949 [Alias
2861 2880 3084 2957 CCVII].
3117 2886 3196 2941 De
3224 2890 3448 2947 tristitia.

2214 2963 2403 3019 Melior
2428 2976 2511 3021 est
2538 2969 2750 3025 tristitia
2793 2974 2970 3042 Iniqua
3017 2980 3301 3050 patientis,
3342 3002 3501 3056 quam
3545 2990 3734 3049 lzetitia

516 3068 815 3139 Numquam
841 3071 999 3126 debet
1026 3086 1210 3127 secura
1238 3088 1359 3129 esse
1381 3074 1639 3145 felicitas;
1671 3080 1793 3149 quia
1824 3081 2034 3150 pericu-

2162 3055 2317 3127 niqua
2348 3057 2591 3116 facientis
2622 3062 2776 3134 (Aug.
2808 3083 2953 3123 enar.
2986 3071 3038 3123 in
3066 3089 3145 3140 ps.
3174 3090 3281 3145 LVI,
3314 3054 3373 3133 n:
3403 3081 3513 3152 14).

446 3158 643 3215 Iosiora
675 3171 799 3214 sunt
826 3163 1005 3215 animo
1031 3152 1287 3229 secunda,
1320 3181 1477 3234 quam
1504 3170 1717 3237 corpori
1764 3172 1989 3227 adversa
2016 3189 2031 3239 ;

445 3249 595 3319 prius
640 3251 781 3304 enim
824 3264 1170 3321 corrumpunt
1221 3269 1512 3324 prospera,
1556 3268 1611 3311 ut
1641 3259 1914 3315 inveniant
1939 3263 2035 3317 ad-

446 3354 603 3395 versa
637 3339 652 3376 ί
688 3341 829 3409 quod
860 3342 1103 3412 frangant
1132 3345 1292 3415 (Aug.
1323 3364 1467 3400 enar.
1496 3349 1549 3401 in
1574 3367 1652 3419 ps.
1680 3368 1733 3417 ι,
1765 3369 1817 3404 n.
1842 3352 1922 3415 4).

666 3432 771 3485 CCI
798 3432 965 3505 [Alias
987 3431 1116 3505 CC].
1151 3432 1228 3487 De
1256 3439 1490 3490 remediis
1521 3442 1847 3507 pwttitentite.

512 3522 688 3578 Prima
723 3524 868 3578 salus
904 3532 1024 3594 est,
1073 3526 1344 3582 declinare
1387 3527 1400 3577 i
1442 3541 1753 3599 peccatum;
1796 3538 2033 3594 secunda

443 3625 545 3680 est,
574 3632 679 3671 non
707 3617 991 3687 deSperare
1018 3620 1085 3673 de
1110 3621 1286 3673 venia.
1316 3620 1448 3674 Nam
1473 3624 1586 3691 ipse
1613 3639 1671 3679 se
1694 3626 1743 3679 iu
1771 3637 2032 3685 aeternum

442 3714 673 3779 perimit,
706 3713 796 3781 qui
827 3714 963 3782 apud
1014 3714 1415 3770 misericordem
1460 3717 1695 3787 judicem
1744 3722 1811 3777 ad
1859 3727 2032 3794 paeni-

441 3804 616 3858 tentiae
648 3804 885 3859 remedia
915 3821 1021 3860 non
1053 3808 1279 3861 recurrit
1311 3809 1469 3882 (Aug.
1503 3812 1656 3879 ibid.,
1688 3831 1741 3867 η.
1774 3814 1855 3885 5).

521 3895 650 3949 CCII
681 3895 846 3968 [Alias
878 3897 1026 3968 CCI].
1062 3896 1087 3934 ¹ί
1119 3899 1196 3954 De
1216 3901 1362 3957 bonis
1395 3905 1604 3958 occultis
1630 3918 1939 3964 sanctorum.

506 3986 636 4038 Boni
673 3988 856 4051 latent,
885 3988 1004 4055 quia
1058 3990 1255 4044 bonum
1297 3994 1535 4062 ipsorum
1570 3998 1620 4049 in
1652 4001 1862 4054 occulto
1899 4012 2019 4067 est;

440 4072 457 4112 ι
493 4091 587 4129 nec
606 4076 816 4129 visibilc
842 4077 983 4129 enim
1008 4088 1107 4143 est,
1130 4096 1227 4135 nec
1246 4084 1529 4150 corporale
1552 4088 1692 4154 quod
1739 4091 1975 4161 diligunt
2002 4137 2018 4162 ,

436 4176 488 4218 et
510 4176 614 4218 tam
643 4165 833 4219 merita
858 4181 1042 4220 eorum
1072 4179 1195 4221 sunt
1218 4169 1254 4190 ¹¹³
1280 4172 1331 4225 in
1363 4174 1680 4231 abscondito
1706 4185 2015 4253 constituta,

434 4272 589 4327 quam
622 4258 838 4327 praemia
872 4257 1029 4330 (Aug.
1062 4276 1205 4317 enar.
1237 4263 1290 4315 in
1318 4282 1395 4334 ps.
1426 4282 1535 4333 cur,
1569 4286 1623 4322 η.
1656 4271 1732 4341 5).

2260 3167 2418 3225 CCIX
2451 3170 2617 3242 [Alias
2642 3172 2886 3249 CCVIII].
2922 3186 2950 3214 ι
2977 3178 3057 3235 De
3085 3188 3305 3253 peccatis
3330 3194 3622 3259 praeteritis.

2207 3257 2560 3316 Revocandus
2610 3273 2692 3319 est
2736 3269 2944 3323 animus
2970 3281 3000 3321 γ
3025 3288 3055 3327 a
3080 3257 3425 3334 recordaridis
3450 3297 3573 3338 cum
3599 3302 3733 3352 qua~

2133 3348 2255 3402 dam
2286 3349 2635 3409 delectatione
2665 3361 2967 3428 praeteritis,
3001 3380 3089 3430 ne,
3120 3368 3445 3438 subrepente
3473 3348 3730 3447 concupi-

2131 3442 2356 3508 scentia,
2389 3444 2671 3502 redeamus
2696 3451 2861 3508 corde
2888 3455 2942 3509 in
2969 3456 3257 3530 [Egyptum
3297 3464 3451 3535 (Aug.
3480 3481 3628 3523 enar.
3649 3442 3730 3526 vin

2139 3549 2217 3602 ps.
2248 3550 2376 3603 Lm,
2409 3553 2464 3590 η.
2494 3539 2605 3609 10).

2418 3627 2551 3685 CCX
2579 3632 2743 3706 [Alias
2773 3634 2973 3711 CCIX].
3008 3650 3031 3677 ι
3061 3642 3137 3699 De
3165 3648 3391 3705 veritate.

2205 3715 2408 3772 Binum
2438 3731 2519 3775 est
2545 3742 2572 3775 a
2608 3727 2836 3782 veritate
2880 3730 3039 3787 vinci.
3098 3745 3151 3773 ιι
3198 3739 3279 3793 Ad
3323 3746 3728 3813 correptionem

2132 3818 2349 3876 superet
2375 3814 2574 3867 veritas
2616 3813 2673 3853 ω)
2721 3819 3021 3889 volentem;
3073 3842 3194 3882 nam
3238 3843 3293 3885 et
3337 3832 3560 3892 invitum
3609 3842 3727 3911 ipsa

2131 3901 2405 3968 superabit
2436 3903 2592 3975 (Aug.
2626 3907 2775 3977 ibid.,
2805 3928 2857 3966 η.
2888 3912 2999 3985 20).

2198 4012 2357 4108 CCXI
2384 4013 2548 4108 [Alias
2578 4016 2753 4092 CCX].
2787 4033 2841 4061 °°
2871 4024 2948 4079 De
2971 4027 3272 4100 impunitate
3298 4049 3645 4108 peccatorum.

2198 4101 2424 4157 Pet-cata
2453 4107 2567 4161 sive
2608 4124 2765 4177 parva
2791 4153 2805 4177 ,
2851 4116 2965 4170 sive
3008 4135 3195 4188 magna
3222 4164 3238 4188 ,
3288 4126 3543 4196 impunita
3595 4149 3724 4192 esse

2127 4192 2285 4263 573
2316 4210 2419 4248 non
2448 4210 2693 4267 possunt,
2721 4204 2843 4271 quia
2874 4215 2967 4260 aut
2999 4208 3218 4268 homine
3258 4192 3585 4288 pmnitente,
3627 4238 3726 4282 aut

2121 4281 2183 4322 άά
2211 4287 2321 4340 Deo
2349 4288 2653 4347 vindicaute
2685 4297 3008 4364 plectuntur.
3042 4302 3230 4360 Cessat
3258 4281 3437 4366 autem
3480 4281 3726 4376 vindicta

504 4378 531 4406 ι
562 4369 658 4482 IIIS.
692 4369 824 4434 101.,
850 4369 929 4424 De
957 4372 1167 4443 imperio
1196 4374 1399 4429 animm.
1434 4378 1559 4442 Alii,
1600 4381 1675 4436 De
1715 4386 1889 4442 anima
1928 4409 2020 4446 ra-
2050 4397 2099 4456 D
2199 4406 2221 4433 τ
2255 4396 2351 4450 Ms.
2379 4398 2509 4461 Jol..
2541 4400 2617 4455 De
2647 4407 2944 4473 probatione
2959 4414 3243 4482 justorum.

508 4458 571 4482 ηη
596 4459 634 4482 ί-
2198 4475 2217 4482 ..
2257 4468 2294 4482 n
2319 4468 2370 4482 ιι-
2593 4473 2625 4482 Α
2672 4476 2681 4482 .

432 4441 636 4494 Hortali.

504 4510 530 4547 δ
559 4513 655 4564 Ms.
684 4510 815 4578 101.,
842 4511 1144 4567 subdiderit.

504 4590 528 4618 ε
562 4581 657 4669 bis.
688 4581 818 4645 Jol.,
852 4582 947 4669 Der
963 4584 1313 4669 misericordia
1343 4593 1391 4667 et
1426 4589 1650 4669 ueritate.
1703 4595 1862 4653 Forte
1907 4603 2023 4669 ple-

430 4650 872 4726 niu_s_legeretu_r,_
903 4651 1048 4726 Unde
1078 4655 1273 4726 agmini
1301 4656 1648 4715 misericordia
1674 4674 1719 4717 et
1744 4650 1946 4726 veritasr.

500 4720 525 4802 tt
547 4720 631 4802 ita
663 4736 763 4802 ms:
794 4722 898 4802 Jo‘l.
928 4723 1053 4802 Alii,
1086 4722 1165 4776 De
1194 4724 1609 4802 bonisEcclcsia:
1639 4734 1783 4802 filiis.

499 4799 523 4871 ξ
546 4790 647 4871 bis.
670 4792 799 4871 J_t_)l.,
825 4792 1055 4871 Qualiter
1071 4796 1385 4871 possidenda
1407 4802 1472 4854 sit
1493 4790 1688 4858 terrena
1710 4809 2007 4871 substantia.

500 4858 519 4898 ί
556 4862 653 4915 Ms.
689 4862 918 4932 Remig.,
947 4858 1205 4919 illud'itur.

495 4940 521 4977 8
549 4932 645 4986 Ms.
670 4933 800 4998 Jol.,
830 4944 1040 4988 (eterna.
1075 4936 1199 4994 Alii.
1230 4935 1440 4993 Christi.

493 4998 524 5085 ξι
554 5003 651 5085 his:
682 5002 813 5067 .Iol.,
848 5004 924 5085 De
945 5007 1282 5085 prosperitate
1306 5018 1353 5063 et
1382 5010 1681 5071 adversitate
1707 5029 1928 5085 terrena,

500 5070 517 5149 ξ
554 5074 744 5149 Colon.
774 5084 881 5149 vet.
914 5070 1079 5149 edit,
1099 5092 1213 5144 qua:
1241 5081 1501 5149 frangant.

491 5145 509 5218 I
548 5142 650 5218 his.
677 5143 917 5218 _Re_mig.,
949 5142 1268 5218 declinarepa
1299 5142 1525 5218 peccato.

491 5210 517 5282 β
546 5212 641 5267 Ms.
667 5210 944 5280 Joliensis,
980 5215 1056 5268 De
1085 5216 1283 5270 occulta
1299 5210 1415 5273 vvita
1441 5235 1755 5282 sanctorum.

493 5280 513 5320 1
550 5284 907 5369 IlI-(Iit.hColon.
933 5294 1173 5369 v-et.,_ne.c
1197 5290 1388 5345 uisibile
1405 5304 1497 5363 est,
1522 5314 1611 5350 nec
1631 5280 1898 5369 corporale
1913 5314 2008 5359 est.

487 5362 528 5389 ω
560 5354 657 5425 Ms.
691 5355 925 5425 Remig.,
952 5357 1004 5408 in
1035 5357 1227 5411 abdito.

488 5432 517 5459 ιι
546 5424 644 5496 llis.
676 5424 908 5495 Iterum},
948 5426 1179 5492 Qualiter
1208 5435 1413 5488 amandi
1438 5446 1557 5493 sunt
1580 5439 1797 5496 inimici.

490 5502 515 5529 °
547 5495 646 5566 his.
677 5495 806 5566 .Iul.,
833 5497 972 5566 quod
999 5499 1132 5552 ideo.

489 5573 517 5611 ιι
549 5565 647 5619 Ms.
679 5565 807 5627 101..
837 5566 913 5619 De
938 5572 1323 5630 resurrectione.

488 5642 516 5683 1
544 5634 639 5691 IIS.
667 5635 799 5707 101.,
826 5638 1088 5693 incitatur.

2124 4468 2395 4591 ιὶοῑήῖὶιὶἰῑ.
2433 4483 2543 4526 vet.
2587 4468 2802 4542 00100..
2841 4468 3454 4551 εποῆααηιὰνίὶιοηιίηεο
3500 4499 3724 4558 tribula-

2287 4557 2313 4589 η
2350 4578 2362 4589 .

2287 4557 2362 4589 ηε.

2200 4609 2217 4644 ί
2380 4609 2510 4683 Ioh,
2546 4610 2622 4667 De
2645 4616 2799 4671 libero
2829 4621 3061 4683 arbitrio.

2193 4687 2222 4753 ξ
2248 4680 2352 4753 his.
2378 4681 2620 4753 μεως,
2652 4690 2845 4747 perdet.

2190 4750 2221 4834 ξ
2247 4749 2343 4834 his.
2375 4749 2615 4834 Remigi,’
2634 4755 2720 4834 De
2740 4760 2842 4834 ﬁne
2862 4764 3223 4834 perfectorum.

2194 4820 2219 4910 ξ
2246 4820 2377 4910 [hisp
2411 4820 2754 4910 Qua'ca‘utela
2778 4820 2878 4910 sin't
2909 4820 3235 4910 recogitauda
3262 4856 3489 4910 peccata.

2187 4891 2361 4983 ἷρρι.
2414 4904 2522 4983 vet.
2562 4894 2713 4983 edit,
2746 4903 2817 4983 ad
2838 4891 3231 4983 recordandumw
3254 4891 3491 4983 {diu}?
3532 4939 3716 4981 rccor-

2118 4958 2318 5048 dando)
2350 4979 2465 5048 cum
2488 4958 2710 5048 quadam
2730 4958 3460 5048 delectationedevprti’ierit‘isl

2189 5032 2346 5113 :Ij-s.
2375 5032 2506 5113 12L,
2542 5037 2829 5113 Amandum
2861 5053 2913 5094 ut
2939 5061 2971 5097 a
2999 5032 3509 5113 vel-ttazé'iih'c'éih'dr.

2185 5107 2241 5190 εἰ
2273 5100 2636 5190 yjz‘ﬁemign
2663 5110 2731 5190 ad
2758 5117 3123 5190 correctionem
3148 5138 3349 5190 superet
3377 5137 3443 5182 te.

2180 5167 2240 5206 δι’
2271 5170 2417 5267 Edilt.
2444 5167 2800 5267 vet.'Colon.,
2833 5167 3595 5267 nolentem—.vbIsrilo'l'.Supera
3623 5217 3713 5254 ve-

2114 5241 2574 5341 ritalsmuolentem;
2614 5264 2732 5301 nam
2780 5241 2828 5304 et
2872 5241 3136 5312 volentem»
3157 5270 3203 5314 et
3233 5241 3593 5341 itttiitunirips:
3618 5241 3717 5327 ἐξ·

2522 5428 2535 5449 ,
2570 5385 2695 5475 N‘on.
2722 5408 2873 5475 posse.
2890 5395 3145 5475 impunita
3170 5418 3278 5457 esse
3305 5420 3529 5475 peccata.

2193 5447 2394 5550 ‘1“...‘3‘3':
2428 5447 2536 5550 νείιέ
2568 5447 2900 5550 “illisit!”
2946 5447 3144 5550 ιῖίέῗέῆ
3171 5447 3531 5550 ’άῖἇᾷίῖἶᾶῗῖιέῖ
3561 5480 3705 5550 λοι..

2110 5520 2230 5646 Deot
2244 5522 2573 5649 viridiiaute;
2601 5530 2712 5599 alii,
2729 5520 3704 5610 judicanteypriol'i"

2110 5607 2206 5649 aus
2239 5631 2251 5646 .
2286 5608 2332 5647 Cl
2362 5609 2387 5647 a
2420 5612 2502 5649 us.

2110 5607 2251 5661 guSt.
2286 5607 2502 5651 crtatus.

3528 5756 3547 5788 \
