3978 6178
224 199 329 253 ευ

678 195 885 251 LIBER
920 194 1455 253 SENTENTIARUM
1495 195 1586 251 EX
1627 194 1965 255 OI’ERIDUS
2005 198 2064 255 S.
2109 197 2476 255 AUGUSTINI
2518 198 3030 258 DELIBATARUM.

3378 207 3483 265 158

215 309 425 377 divina,
452 306 499 363 si
527 310 808 363 conversio
834 316 1128 379 praecurrat
1165 308 1417 363 humans.
1458 308 1620 362 Amat
1653 309 1798 363 enim
1827 310 1879 369 Λ
1908 310 2051 365 Deus
2077 309 2169 365 dat
2202 325 2393 378 panem
2409 324 2590 377 suum,
2618 310 2668 365 id
2698 320 2803 380 est,
2839 314 3063 367 verbum
3088 312 3349 381 veritatis,
3374 327 3404 367 ι»
3425 330 3480 374 ει

221 401 364 456 Deus
408 400 785 456 confitentibus
832 414 1081 469 parcere;
1131 407 1187 454 et
1226 414 1320 455 eos
1367 401 1459 470 qui
1485 400 1805 468 semetipsos

217 490 489 561 iudicant,
540 506 649 545 non
691 491 932 561 judicare
980 492 1143 563 (Aug.
1168 491 1223 544 in
1252 507 1333 560 ps.
1370 506 1501 546 tvm
1557 506 1713 544 serta.
1747 489 1801 559 1,

217 598 272 634 η.
305 580 417 648 is).

215 672 397 728 CCXII
424 671 589 743 [Alias
609 669 815 742 CCXI].
846 680 870 708 ι
896 669 974 725 De
993 679 1251 741 prceventu
1279 669 1653 724 misericordia
1681 669 1798 723 Dei.

286 762 480 817 Nullus
510 761 679 817 miser
704 762 773 817 de
799 771 1232 830 quantacumque
1274 762 1488 815 miseria
1518 760 1800 827 liberatur,

212 855 323 909 nisi
349 854 440 924 qui
458 854 554 909 Dei
585 855 951 909 misericordia
976 855 1300 922 praevenitur
1321 852 1547 923 (Aug.in
1576 868 1653 921 ps.
1679 866 1805 907 tvm

212 960 371 997 serm.
397 944 453 1010 2,
486 962 540 997 n.
576 945 634 998 11
659 958 675 1007 ;
704 959 823 997 can.
859 944 927 997 11
954 959 1101 998 conc.
1134 943 1372 997 Arausic.
1409 942 1491 1007 ιι).

285 1035 495 1089 CCXIII
522 1034 686 1106 [Alias
708 1033 935 1105 CCXII].
967 1033 991 1071 δ
1012 1034 1087 1087 De
1110 1033 1296 1100 olfactu
1315 1033 1730 1104 supplicationis.

285 1126 552 1180 Fideliter
576 1125 887 1194 supplicans
914 1124 1025 1178 Deo
1050 1139 1147 1193 pro
1186 1126 1601 1180 necessitatibus
1632 1137 1654 1164 ε
1697 1127 1801 1179 liu-

207 1214 301 1284 ius
340 1216 486 1279 vitae,
526 1224 581 1269 et
607 1214 1031 1268 misericorditer
1059 1214 1299 1278 auditur,
1345 1226 1402 1268 et
1440 1214 1804 1269 misericordi-

210 1320 295 1361 ter
342 1325 449 1362 non
478 1307 713 1361 auditur.
742 1307 877 1372 Quid
908 1307 1051 1361 enim
1083 1305 1297 1360 inﬁrmo
1332 1308 1403 1359 sit
1436 1307 1591 1369 utile,
1634 1308 1803 1376 magis

208 1401 367 1454 novit
413 1399 653 1453 medicus
682 1413 843 1467 quam
882 1406 1143 1467 aegrotus.
1182 1398 1237 1451 Si
1268 1398 1530 1451 autemid
1576 1399 1805 1464 postulat

208 1491 358 1560 quod
392 1490 536 1544 Deus
566 1486 673 1544 det
714 1489 958 1558 praecipit
1000 1496 1057 1543 et
1100 1488 1385 1557 promittit,
1440 1488 1531 1542 [iet
1583 1491 1805 1544 omnino

208 1580 357 1647 quod
392 1581 601 1648 poscit;
647 1579 769 1649 quia
803 1588 826 1617 ⁸
853 1578 1049 1646 accipit
1087 1579 1325 1633 cbaritas
1356 1579 1497 1648 quod
1534 1588 1686 1648 parat
1714 1595 1805 1635 ve.

206 1674 343 1726 ritas
379 1671 542 1742 (Aug.
575 1687 718 1724 enar.
748 1671 799 1723 in
826 1687 904 1741 ps.
936 1686 1045 1734 ιιι,
1081 1687 1132 1723 n.
1167 1670 1244 1740 7).

208 1780 415 1837 CCXIV
447 1781 632 1854 [Alias
666 1779 947 1861 CCXIII].
989 1780 1063 1861 De
1108 1790 1342 1851 provectu
1371 1776 1391 1817 τ
1425 1781 1669 1836 bonorum
1713 1798 1803 1854 per

844 1859 1091 1905 tentation
1100 1867 1173 1903 es.

281 1943 587 1998 Provectus
618 1941 855 1996 lldelium
889 1942 1005 1995 sine
1037 1942 1331 1996 tentatione
1362 1956 1467 1995 non
1513 1940 1798 2009 provenit;

210 2050 312 2090 nec
339 2036 445 2089 sibi
474 2038 760 2104 quisquam
810 2033 1125 2096 inualescit,
1168 2033 1270 2086 nisi
1302 2034 1636 2102 probationis
1675 2047 1803 2088 exa-

209 2129 393 2193 mine;
431 2142 533 2183 nec
562 2127 928 2191 coronabitur,
972 2134 998 2173 ι
1023 2126 1122 2179 nisi
1160 2125 1255 2196 qui
1280 2126 1495 2192 vicerit;
1545 2141 1643 2181 nec
1682 2128 1804 2181 vin-

210 2229 320 2283 cet,
352 2218 461 2273 nisi
486 2219 574 2288 qui
604 2218 919 2273 certaverit.
938 2215 1111 2283 llQuis
1141 2225 1321 2271 autem
1351 2226 1542 2285 certat,
1571 2218 1676 2272 nisi
1702 2219 1804 2273 ini-

211 2310 413 2365 micum
444 2308 668 2373 habens,
703 2316 759 2362 et
788 2309 1072 2362 tentationi
1104 2306 1366 2364 resistens
1393 2307 1551 2382 (Aug.
1580 2326 1723 2363 enar.
1751 2312 1805 2365 in

210 2418 288 2471 ps.
323 2415 437 2464 ιιι,
472 2418 527 2453 n.
557 2398 651 2469 2)?

262 2491 451 2547 CCXV
484 2491 650 2564 [Alias
682 2490 933 2564 CCXIV].
969 2490 985 2529 ί
1012 2490 1090 2547 De
1117 2492 1400 2563 propheliis
1439 2494 1729 2565 implendis.

282 2586 498 2641 Stultus
524 2594 610 2639 est
648 2586 737 2653 qui
787 2600 892 2639 non
934 2586 1107 2639 credit
1132 2584 1633 2641 denuntiationibus
1674 2604 1800 2657 pro-

210 2680 503 2748 phetarum
554 2678 605 2731 in
648 2677 837 2745 paucis
874 2692 993 2746 quas
1039 2686 1276 2741 restant;
1324 2691 1447 2731 cum
1494 2679 1669 2732 videat
1694 2687 1802 2734 tam

209 2772 383 2826 multa
411 2770 709 2838 completa,
743 2784 861 2839 qua:
888 2778 1013 2822 tunc
1043 2784 1146 2821 non
1178 2778 1354 2832 erant,
1378 2770 1593 2839 quando
1623 2768 1636 2820 i
1676 2786 1807 2840 prae-

210 2861 537 2917 dicebantur
566 2859 835 2928 implenda
860 2859 1019 2931 (Aug.
1044 2875 1185 2914 enar.
1215 2861 1267 2911 in
1297 2877 1375 2930 ps.
1404 2876 1535 2929 uti,
1569 2878 1622 2915 η.
1654 2862 1729 2932 1).

501 2954 709 3010 CCXVI
738 2952 903 3026 [Alias
926 2951 1151 3025 CCXV].
1180 2951 1205 2989 ¹ί
1230 2951 1309 3007 De
1336 2953 1508 3008 idolis.

1905 402 2057 457 carni
2096 402 2402 457 necessaria
2448 402 2589 457 Deus
2616 403 2842 471 praebet,
2882 406 3009 473 quia
3059 415 3285 476 utraque
3315 408 3481 480 sipso

1908 494 2101 562 pascit,
2120 493 2219 563 .qui
2250 503 2479 562 utraque
2508 493 2634 549 fecit
2664 495 2847 565 (Aug.,
2878 496 3030 559 ibid.,
3064 512 3121 549 η.
3153 497 3231 566 7).

1907 602 2115 658 CCXIX
2146 602 2314 674 [Alias
2343 601 2698 685 CCXVIII].t
2723 604 2799 685 De
2828 605 3156 660 meditatione
3177 608 3407 677 fidelium
3429 614 3483 668 in

2482 684 2588 727 0H0
2614 684 2661 726 et
2683 684 2900 728 actione.

1977 762 2078 830 Qui
2109 762 2318 817 otiosus
2360 773 2414 818 et
2461 764 2673 832 quietus
2715 780 2821 818 non
2866 766 3066 835 cogitat
3111 768 3308 833 Deum,
3339 787 3480 839 quo-

1909 854 2070 907 modo
2101 854 2246 908 inter
2283 865 2441 908 actus
2487 859 2707 917 multos,
2753 866 2808 909 et
2848 855 3117 911 laboriosa
3162 863 3369 928 negotia
3415 863 3483 918 de

1908 945 1999 998 illo
2048 946 2243 1011 poterit
2284 945 2561 1014 cogitare?
2603 946 2888 1001 Meditetur
2919 962 3051 1015 ergo
3082 966 3201 1018 quas
3234 954 3326 1007 Dei
3356 967 3481 1008 sunt

1908 1035 2098 1100 fidelis,
2137 1044 2159 1071 ⁸
2186 1050 2308 1089 cum
2340 1046 2511 1101 vacat,
2557 1046 2613 1090 et
2643 1039 2777 1091 bene
2816 1038 3077 1105 operandi
3122 1041 3481 1101 substantiam

1905 1132 2131 1193 quaerat.
2151 1138 2219 1178 ne
2247 1126 2299 1176 in
2337 1126 2553 1178 actione
2583 1124 2802 1179 deﬁciat
2826 1125 2987 1196 (Aug.
3016 1128 3164 1193 ibid.,
3194 1146 3247 1183 η.
3276 1133 3389 1201 15).

1997 1215 2188 1270 CCXX
2215 1216 2382 1287 [Alias
2411 1214 2662 1286 CCXIX].
2701 1218 2718 1253 ί
2752 1214 2829 1269 De
2858 1220 3203 1274 simulationis
3230 1225 3387 1280 malo.

1974 1305 2238 1359 Simulata
2264 1307 2588 1370 innocentia,
2620 1323 2723 1360 non
2754 1316 2836 1361 est
2868 1308 3171 1363 innocentia
3195 1328 3211 1376 ;
3234 1315 3481 1371 simulata

1906 1395 2153 1463 :equitas,
2181 1412 2286 1448 non
2319 1408 2399 1449 est
2430 1398 2692 1463 aequitas;
2722 1396 2816 1449 sed
2847 1398 3157 1465 duplicatur
3181 1416 3480 1469 peccatum.

1906 1483 1957 1538 in
1995 1499 2101 1553 quo
2139 1491 2223 1539 est
2248 1493 2306 1538 et
2336 1484 2613 1553 iniquitas,
2656 1494 2712 1541 et
2748 1486 3023 1542 simulatio
3069 1488 3227 1561 (Aug.
3256 1508 3402 1548 enar.
3432 1496 3482 1549 in

1906 1592 1985 1645 ps.
2019 1590 2169 1639 um,
2200 1592 2255 1629 n.
2284 1575 2391 1645 11).
3532 1564 3543 1575 “

1835 1664 1881 1724 Β
1908 1691 2117 1747 CCXXI
2152 1690 2318 1765 [Alias
2344 1689 2532 1746 CCXX
2537 1689 2576 1760 J.
2607 1698 2634 1726 ιι
2661 1688 2820 1745 Ρωηο
2856 1693 3041 1746 anima:
3056 1695 3317 1763 justitiam
3340 1698 3483 1753 dese-

2613 1766 2788 1814 rentis.

1976 1850 2170 1905 Anima
2216 1850 2478 1906 recedens
2531 1864 2562 1904 a
2619 1850 3005 1918 Iucejustitire,
3054 1862 3253 1921 quanto
3314 1859 3485 1927 magis

1906 1942 2097 2011 quaerit
2128 1950 2155 1979 ν
2190 1940 2331 2010 quod
2378 1940 2617 1995 inveniat
2658 1952 2843 1994 contra
2865 1942 3150 2009 justitiam.
3186 1953 3334 1999 tanto
3364 1948 3485 2014 plus

1905 2030 2188 2098 repellitur
2209 2045 2239 2083 a
2267 2030 2468 2084 lumine
2494 2030 2757 2098 veritatis,
2791 2042 2844 2085 et
2875 2031 2929 2084 in
2952 2033 3246 2088 tenebrosa
3271 2035 3483 2091 demer-

1904 2124 2044 2192 gitur
2076 2121 2233 2193 (Aug.
2264 2119 2438 2193 ibid.).

2006 2212 2239 2268 CCXXII
2272 2212 2438 2285 [Alias
2473 2211 2722 2286 CCXXI].
2752 2212 2831 2269 De
2856 2215 3056 2271 duabus
3078 2218 3387 2275 ciuitatibus.

1979 2306 2124 2361 Duas
2152 2308 2203 2362 in
2234 2315 2348 2362 toto
2377 2308 2577 2365 mundo
2607 2307 2856 2363 civitates
2885 2308 3087 2364 faciunt
3110 2311 3217 2367 duo
3237 2326 3485 2373 amores:

1908 2398 2211 2455 Jerusalem
2244 2400 2374 2456 facit
2418 2414 2572 2455 amor
2615 2400 2742 2465 Dei;
2790 2401 3160 2472 Babyloniam,
3205 2418 3360 2460 amor
3395 2423 3489 2461 sae-

1907 2492 2035 2547 culi.
2066 2490 2368 2562 Interroget
2393 2506 2523 2561 ergo
2550 2506 2610 2546 se
2636 2490 2864 2561 quisque
2894 2493 3021 2560 quid
3054 2503 3216 2557 amet,
3248 2504 3301 2549 et
3335 2496 3489 2553 inve-

1907 2584 2021 2639 niet
2047 2582 2191 2638 unde
2212 2582 2285 2638 sit
2311 2581 2446 2638 civis
2473 2582 2629 2655 (Aug.
2654 2599 2795 2636 enar.
2828 2584 2882 2635 in
2904 2600 2980 2652 ps.
3014 2598 3154 2648 uiv,
3185 2602 3239 2638 κ.
3269 2586 3351 2656 2).

1906 2692 2165 2749 CCXXIII
2194 2693 2359 2767 [Alios
2376 2692 2691 2816 CCXXIE]!
2732 2694 2881 2815 Quod
2917 2704 3227 2764 praeceptum
3256 2695 3354 2753 Dei
3380 2699 3488 2755 leve

2542 2781 2585 2816 si
2633 2780 2784 2816 aman
2812 2781 2849 2816 ι.

2542 2780 2607 2817 αι
2633 2780 2849 2817 amanti.

1980 2858 2153 2912 Omne
2198 2862 2527 2924 praceptum
2585 2854 2680 2908 Dei
2719 2855 2835 2909 leve
2875 2865 2961 2910 est
3000 2857 3200 2911 amanti
3232 2875 3243 2913 :
3277 2873 3377 2915 nec
3418 2861 3488 2916 ob

1908 2950 2051 3004 aliud
2082 2947 2396 3014 intelligitur
2417 2945 2641 3005 dictum,
2672 2942 2813 2997 Onus
2842 2959 3011 2997 meum
3042 2944 3145 2998 leve
3173 2946 3476 3014 est(Matth,

276 3047 379 3104 Sic
408 3056 540 3101 sunt
571 3045 661 3114 qui
689 3047 876 3100 colunt
906 3046 1068 3111 idola,
1093 3045 1368 3115 quomodo
1398 3047 1488 3115 qui
1514 3046 1565 3099 in
1594 3046 1802 3100 somnis
1830 3027 1873 3087 Ο
1913 3055 1988 3101 ιιι,
2020 3037 2135 3108 50),
2169 3035 2271 3090 nisi
2315 3033 2437 3101 quia
2467 3033 2560 3087 dat
2604 3030 2867 3109 Spiritum
2907 3042 3174 3097 sanctum,
3206 3050 3301 3103 per
3328 3050 3487 3104 quem

207 3143 404 3197 vident
448 3154 608 3193 vana.
652 3139 708 3195 Si
753 3147 932 3193 autem
963 3139 1180 3208 evigilet
1221 3138 1397 3193 anima
1428 3138 1689 3206 ipsorum,
1724 3137 1808 3191 in-

207 3235 412 3302 telligit
438 3247 469 3283 a
497 3246 602 3300 quo
632 3229 771 3284 facta
804 3230 895 3295 sit,
941 3238 996 3285 et
1032 3226 1050 3265 ι
1085 3245 1194 3284 non
1245 3229 1378 3283 colit
1404 3231 1544 3300 quod
1575 3230 1687 3298 ipsa
1721 3228 1805 3283 le-

207 3327 283 3381 cit
316 3324 486 3395 (Aug.
520 3322 673 3387 ibid.,
714 3338 765 3375 rt.
802 3320 883 3390 ὁ).

240 3413 490 3471 CCXVII
529 3412 694 3484 [Alias
720 3408 969 3481 CCXVI].
1001 3420 1041 3447 ω
1073 3408 1151 3465 De
1178 3410 1476 3479 corporibus
1513 3411 1769 3464 humanis.

246 3518 255 3527 ‘
284 3507 493 3563 Omnia
535 3505 780 3573 corporis
828 3502 1017 3570 nostri,
1055 3517 1175 3571 qua:
1204 3509 1232 3537 η
1262 3501 1553 3569 discerpta,
1595 3502 1680 3555 vel
1711 3516 1812 3569 pu-

204 3598 475 3662 trefaCta,
503 3596 589 3650 vel
625 3595 788 3649 etiam
833 3604 1195 3657 concremata,
1237 3593 1289 3645 in
1322 3592 1579 3661 quasdam
1618 3591 1807 3646 dissol-

204 3702 419 3745 vuntur
446 3687 683 3753 favillas,
715 3687 825 3741 Deo
846 3685 1025 3756 perire
1052 3700 1156 3738 non
1183 3695 1432 3753 possunt.
1462 3684 1517 3738 In
1547 3684 1643 3767 illa.
1660 3685 1803 3739 enim

1916 3128 2233 3201 dill'unditur
2254 3126 2491 3179 charitas
2520 3125 2570 3177 iu
2604 3123 2859 3180 cordibus
2887 3124 3085 3178 nostris
3113 3123 3291 3194 (Rom.
3320 3141 3372 3191 v,
3406 3128 3489 3194 5).

1918 3235 1976 3279 ut
2044 3217 2318 3288 diligendo
2371 3216 2671 3269 liberaliter
2714 3214 3047 3281 laciamus,r
3101 3218 3245 3285 quod
3294 3221 3381 3288 qui
3425 3222 3493 3274 ti-

1917 3312 2116 3369 mendo
2147 3310 2295 3374 facit,
2326 3306 2595 3361 serviliter
2635 3304 2797 3360 facit:
2834 3321 2931 3361 nec
2976 3316 3061 3362 est
3103 3310 3309 3365 amicus
3335 3315 3489 3379 recti,

1916 3403 2133 3475 quando
2163 3400 2367 3463 mallet,
2409 3396 2456 3451 si
2495 3395 2611 3450 ﬁeri
2654 3404 2859 3464 posset,
2906 3396 2959 3451 id
2987 3399 3128 3467 quod
3174 3411 3379 3456 rectum
3411 3417 3495 3458 est

1918 3511 2025 3552 non
2047 3492 2230 3564 juberi
2264 3489 2421 3560 (Aug.
2451 3503 2598 3542 enar.
2628 3488 2680 3539 in
2708 3504 2788 3553 ps.
2823 3503 2986 3555 uvn,
3012 3505 3066 3540 ιι.
3097 3488 3211 3559 18).

2089 3580 2348 3640 CCXXIV
2382 3579 2548 3651 [Alias
2596 3577 2899 3647 CCXXIII].
2934 3578 3008 3632 De
3046 3579 3313 3634 charitale.

1965 3675 2255 3729 Plenitudo
2277 3676 2413 3745 legis
2441 3674 2681 3729 charitas
2718 3682 2804 3727 est
2838 3670 3015 3740 (Rom.
3048 3689 3161 3737 xm,
3196 3674 3284 3741 10)
3314 3690 3327 3726 :
3361 3672 3490 3743 quia

202 3786 493 3841 elementa
525 3778 711 3835 mundi
739 3786 890 3841 eunt,
926 3777 1066 3832 unde
1099 3785 1313 3845 sumpta
1352 3788 1479 3831 sunt
1508 3777 1594 3831 illa
1635 3763 1800 3832 manu

1931 3779 1993 3819 er
2019 3766 2341 3820 charitatem
2368 3768 2457 3821 lex
2491 3766 2771 3835 impletur,
2808 3779 2919 3818 non
2970 3778 3067 3832 per
3118 3764 3395 3818 timorem.
3430 3763 3492 3816 In

203 3891 338 3947 quas
373 3878 524 3927 tenet
555 3871 732 3924 omnia
765 3870 920 3942 (Aug.
950 3868 1103 3933 ibid.,
1138 3885 1191 3920 n.
1222 3867 1300 3937 6).

395 3961 653 4019 CCXVIII
679 3960 844 4033 [Alias
882 3957 1159 4029 CCXVII].
1192 3967 1216 3994 ο
1242 3958 1320 4011 De
1360 3958 1447 4012 siti
1471 3957 1628 4011 bona.

276 4058 394 4125 Qui
427 4057 542 4111 Deo
569 4056 778 4119 sitiunt,
812 4062 923 4107 tota
962 4067 1058 4105 sua
1087 4051 1286 4105 debent
1314 4052 1463 4105 sitire
1488 4049 1649 4121 574
1676 4049 1804 4104 sub-

206 4147 444 4213 stantia,
488 4146 542 4202 id
586 4156 690 4211 est,
722 4152 779 4201 et
816 4144 997 4199 anima
1037 4152 1093 4198 et
1128 4156 1319 4206 carne,
1359 4143 1483 4211 quia
1525 4152 1579 4197 et
1615 4143 1808 4198 anima:

287 4325 314 4353 ³
340 4314 436 4369 Sic
463 4311 561 4364 Ms.
591 4310 723 4371 101.,
754 4324 874 4363 cum
903 4308 990 4362 alii
1016 4307 1250 4363 habeant
1282 4304 1360 4359 De
1385 4307 1592 4363 misero.

286 4386 314 4424 δ
343 4386 420 4437 Ita
452 4384 549 4437 Ms.
581 4381 854 4435 Ioliensis.
898 4381 1001 4434 Alii
1031 4394 1241 4443 omnes,
1268 4377 1341 4431 De
1372 4378 1609 4432 remediis
1645 4377 1806 4430 tribu-

209 4459 494 4514 Ialionum.

294 4539 318 4566 ⁸
346 4526 448 4580 Ms.
488 4524 697 4592 Remig.
727 4530 781 4577 et
800 4520 931 4589 101.,
966 4520 1111 4574 istius
1142 4519 1276 4592 vitaz.

289 4594 317 4633 ἀ
351 4598 451 4650 bis.
480 4590 711 4662 Remig.,
747 4593 981 4661 prwcepit
1005 4600 1049 4643 et
1082 4590 1335 4659 promisit.

295 4678 320 4704 ⁸
348 4667 451 4720 Ms.
477 4667 611 4732 101.,
636 4665 847 4732 accipiet
877 4664 1121 4732 charitas.

294 4736 315 4774 ί
348 4739 447 4790 Ms.
471 4728 607 4797 101..
632 4734 702 4787 De
725 4728 955 4799 provectu
976 4730 1206 4801 ﬁdelium
1225 4744 1317 4800 per
1336 4730 1663 4784 tentationes.
1695 4728 1797 4783 Alii

209 4820 456 4867 tantum,
493 4805 567 4877 De
596 4815 829 4877 provectu
857 4804 1123 4877 bonorum.

297 4889 322 4926 s
350 4878 451 4930 Ms.
480 4870 611 4936 101.;
633 4876 743 4927 sine
767 4873 1075 4940 probationis
1096 4870 1366 4937 examine;
1398 4880 1449 4925 et
1473 4870 1630 4940 paulo
1658 4880 1800 4938 pom,

208 4951 323 5008 Ms.
360 4947 466 5002 101.
481 4947 599 5003 .nisi
619 4945 880 4999 vicerit....
914 4944 1008 4996 nisi
1030 4941 1319 4995 certaverit.

291 5017 320 5055 δ
353 5017 531 5071 Editio
584 5026 692 5069 vet.
736 5015 947 5084 Colon.,
978 5011 1087 5067 Nec
1117 5012 1348 5077 certabit,
1396 5013 1495 5065 nisi
1538 5010 1803 5063 inimicum

252 5092 439 5144 abeas.

210 5094 449 5213 "liciti:
482 5156 613 5223 101.,
648 5152 723 5207 De
752 5155 1259 5223 pranuntiationibus
1288 5152 1673 5224 prop/telarum.

301 5232 317 5282 i
356 5230 456 5283 bis.
500 5227 865 5295 Ilcmigianus,
898 5226 1331 5295 praedicabantur.

301 5308 328 5338 κ
357 5299 457 5354 Μς.
493 5294 720 5364 Βθιιιὶιξη
749 5295 824 5349 De
850 5297 987 5350 cultu
1016 5294 1295 5348 idolorum.

303 5370 323 5410 ι
356 5372 485 5425 Mss.
518 5361 724 5438 Remig.
768 5376 823 5422 et
865 5368 1002 5433 101.,
1043 5382 1146 5420 non
1191 5367 1357 5431 colet;
1398 5372 1452 5420 et
1500 5373 1657 5418 antea
1697 5361 1801 5418 101.

217 5461 355 5503 ms..
400 5442 459 5493 Si
485 5440 653 5512 vigilet
676 5438 873 5512 anima.

296 5524 340 5552 ω
368 5512 470 5566 Ms.
502 5506 630 5571 161.,
664 5506 742 5562 De
769 5506 1149 5561 resurrectionis
1170 5506 1395 5559 veritate.

298 5592 328 5621 ιι
350 5579 545 5637 Colon.
570 5590 678 5634 vet.
698 5578 827 5634 edit.
846 5578 1095 5642 discreta;
1114 5587 1168 5633 et
1185 5579 1284 5634 sub
1310 5577 1469 5632 linem
1498 5576 1803 5647 sentcntiae,

222 5665 346 5719 qua
366 5653 526 5706 donat
554 5650 744 5704 omnia.

639 5748 907 5809 Ρηιιοι.
955 5743 1049 5804 LI.

1914 3868 2125 3915 tantum
2181 3857 2326 3911 enim
2374 3854 2507 3909 tlunt
2552 3852 2799 3906 mandata
2851 3852 3094 3920 justitiaa,
3138 3852 3190 3906 in
3233 3860 3491 3923 Quantum

1915 3951 2135 4023 adjuvat
2158 3948 2381 4017 spiritus
2405 3944 2591 4015 gratia:
2622 3942 2777 4014 (Aug.
2804 3942 2955 4008 ibid.,
2995 3959 3049 3995 η.
3088 3942 3207 4015 24),

2064 4039 2293 4099 CCXXV
2316 4038 2481 4113 [Alias
2500 4033 2799 4106 CCXXIV].
2828 4033 2905 4087 De
2928 4035 3161 4105 operibus
3185 4039 3348 4091 bonis.

1990 4138 2107 4194 Non
2131 4143 2255 4191 sunt
2282 4131 2421 4186 bona
2453 4144 2639 4200 opera,
2670 4127 2777 4183 nisi
2805 4142 2925 4199 qua:
2968 4144 3060 4197 per
3089 4126 3247 4182 ﬁdem
3279 4139 3333 4185 et
3362 4130 3498 4187 dile-

1986 4313 2011 4340 °
2041 4301 2139 4357 Ms.
2166 4297 2296 4359 101..
2332 4294 2565 4361 Qualiter
2586 4291 2857 4361 sitiendnm
2883 4287 2947 4338 sit
2979 4287 3103 4340 Deo.

1988 4386 2015 4424 Ρ
2042 4374 2139 4427 Ms.
2174 4369 2304 4431 101.,
2334 4359 2379 4417 et
2403 4365 2575 4417 carnis
2599 4359 2906 4431 necessaria.

1986 4455 2013 4494 ιι
2038 4424 2222 4497 Diores
2252 4424 2323 4491 ei
2354 4435 2510 4487 editis
2537 4441 2591 4485 et
2614 4446 2714 4483 ms.
2737 4428 2953 4492 Colum,
2984 4425 3089 4497 ipse
3114 4424 3261 4497 facit.
3294 4427 3489 4481 Emen-

1913 4495 2103 4569 damns
2142 4524 2207 4563 ex
2257 4522 2360 4559 ms.
2414 4504 2624 4572 Remig.
2663 4509 2715 4554 et
2740 4499 2844 4553 101.
2897 4495 3308 4572 eteditColnn.
3355 4512 3487 4563 vet.,

1912 4567 2211 4654 Augustino
2239 4576 2452 4654 dicente
2494 4567 2611 4628 loco
2650 4575 2835 4634 citato,
2886 4568 2972 4637 qui
2999 4567 3119 4635 Ῑεείι
3167 4567 3343 4623 amb“
3388 4588 3491 4636 ηδ’

1910 4644 2401 4725 ἱρεῖραδεὶιαιιώαξ
2429 4662 2545 4725 γει..
2660 4720 2669 4725 Δ
2772 4710 2800 4725 Δ.
3097 4707 3108 4719 ο

1985 4709 2005 4764 ὲ
2036 4709 2160 4778 Haec
2188 4718 2348 4773 verba
2381 4716 2434 4767 in
2475 4714 2578 4766 otio
2623 4720 2671 4763 et
2700 4710 2923 4769 actione.
2959 4723 3064 4763 non
3097 4709 3359 4765 inutiliter
3399 4714 3495 4766 ad-

1911 4796 1990 4853 dit
2019 4792 2211 4849 Colon.
2246 4796 2351 4842 vet.
2384 4785 2570 4840 editio.
2602 4782 2703 4838 Ms.
2730 4781 2860 4847 101.,
2892 4779 3005 4848 Quo
3036 4780 3204 4833 studio
3236 4783 3495 4837 meditan-

1911 4869 2033 4921 dum
2062 4866 2125 4916 sit
2156 4862 2217 4911 de
2243 4858 2369 4912 Deo.

1983 4945 2005 4972 ³
2037 4936 2133 4988 Ms.
2165 4930 2296 4995 101.,
2328 4929 2449 4981 dum
2484 4933 2649 4979 vacat.

1984 5008 2005 5043 τ
2037 5006 2135 5060 Ms.
2163 4989 2294 5065 101.,
2334 4997 2408 5053 De
2444 4994 2783 5051 simulationis
2813 4991 2968 5047 malo.
2996 4990 3125 5057 Alii,
3153 4989 3233 5073 De
3255 4994 3499 5049 simulata

1908 5074 2222 5132 innocentia.

1982 5128 2113 5201 ίιίίδ
2147 5142 2306 5197 habet
2334 5154 2436 5193 ms.
2468 5137 2573 5193 101.
2605 5136 2703 5191 Alii
2735 5133 3059 5205 generalius,
3084 5128 3159 5182 De
3182 5130 3397 5185 lumine.

1984 5229 2012 5257 ν
2040 5218 2138 5273 Ms.
2170 5214 2300 5274 101..
2330 5209 2456 5277 quid
2499 5203 2758 5271 inveniat}
2804 5216 2858 5262 et
2893 5214 3011 5275 post
3040 5215 3235 5271 pauca,
3264 5219 3369 5257 nis.
3398 5203 3504 5259 Re-

1914 5291 2146 5369 mig.,_et
2176 5288 2230 5338 in
2261 5284 2524 5362 tenebris.”
3051 5340 3063 5351 .

1987 5371 2015 5397 ι
2037 5359 2126 5415 Sic
2155 5372 2257 5411 ms.
2287 5354 2395 5409 101.
2423 5352 2548 5417 ΑΙιι,
2579 5349 2655 5403 De
2683 5354 2933 5421 prwcepto
2966 5341 3113 5421 Dea.

1985 5442 2015 5482 γ
2041 5412 2186 5485 ﬁdit.
2222 5425 2411 5480 Colon.
2444 5412 2577 5483 vet.,
2608 5412 2725 5486 quia
2764 5415 2901 5483 quod
2927 5416 3038 5482 quis
3074 5412 3300 5486 timendo
3353 5414 3501 5483 facit,

1912 5482 2164 5557 serviliter
2200 5495 2361 5570 facit;
2402 5508 2493 5547 nec
2539 5482 2629 5545 est'
2653 5482 2853 5541 animus
2892 5494 3080 5550 rectus,
3122 5482 3330 5552 quando
3369 5482 3506 5541 mal-

1915 5576 2003 5644 let,
2037 5581 2143 5629 etc.

3043 5705 3117 5768 15
