3978 6178
482 263 587 320 459

1698 256 1754 312 S.
1795 251 2126 310 PROSPERI
2167 250 2492 318 AQUITANI

3649 240 3757 294 460

483 371 716 429 ctionem
748 370 905 436 ﬁunt,
944 368 1067 440 quia
1096 368 1323 424 alterum
1378 366 1496 421 sine
1535 366 1695 439 575
1725 365 1897 419 altero
1935 365 2053 419 nul-
2084 368 2135 425 Α
2159 364 2320 419 etiam
2351 363 2538 417 volens
2561 377 2624 418 ea
2653 362 2962 428 defendere,
2989 361 3168 430 perdit
3196 360 3411 417 aditum
3437 357 3746 416 confessio-

484 462 588 518 lius
615 462 828 515 virtutis
854 460 1082 513 fructum
1121 457 1263 527 parit
1286 458 1447 527 (Aug.
1480 455 1631 520 ibtd.,
1677 471 1730 508 n.
1757 453 1863 520 41;
1890 462 1936 507 et
1968 452 2058 506 lib.

485 552 550 605 de.
567 550 749 606 Gratia
770 550 977 615 Christi,
1010 565 1057 604 c.
1086 548 1203 620 26).

486 661 742 721 CCXXVI
767 660 934 734 [Alias
954 658 1232 734 CCXXV].
1255 656 1381 734 {De
1402 660 1549 729 lapsu
1571 658 1759 722 Adam,
1784 666 1833 711 et
1856 673 2064 712 conver-

1071 729 1212 786 sione
1237 729 1488 798 fidelium.

558 830 641 883 Ab
666 842 731 883 eo
756 826 897 897 quod
924 825 1175 882 formavit
1202 827 1345 882 Deus
1372 832 1610 878 mutatus
1640 832 1721 877 est
1752 820 1947 886 Adam,
1967 820 2061 875 sed

488 921 541 977 in
560 922 712 991 pejus
731 961 745 986 ,
763 935 855 988 per
882 919 1217 988 iniquitatem
1248 932 1401 973 suam
1433 931 1450 969 :
1479 915 1549 969 ab
1576 929 1642 969 eo
1670 913 1814 984 quod
1845 920 2064 983 operata

488 1025 573 1070 est
609 1013 885 1082 iniquitas,
926 1020 1203 1066 mutantur
1243 1008 1454 1077 ﬁdeles,
1493 1006 1591 1062 sed
1635 1006 1688 1059 in
1721 1004 1935 1068 melius,
1971 1017 2066 1071 per

486 1108 714 1176 gratiam
760 1104 880 1159 Dei.
914 1101 1004 1156 Illa
1053 1116 1184 1171 ergo
1230 1099 1458 1155 mutatio
1496 1098 1596 1151 fuit
1634 1093 2065 1166 praevaricatoris

486 1198 672 1269 primi,
704 1198 818 1251 haec
844 1195 1066 1248 mutatio
1096 1194 1336 1247 dexterae
1362 1200 1445 1245 est
1474 1189 1689 1243 Excelsi
1716 1186 1875 1257 (Aug.
1901 1188 1956 1238 in
1983 1200 2063 1253 ps.

487 1304 654 1347 uvm
680 1303 833 1343 serm.
865 1288 915 1352 1,
948 1304 1000 1338 n.
1035 1286 1097 1348 2;
1132 1294 1179 1339 et
1205 1300 1323 1336 can.
1358 1280 1425 1337 15
1450 1296 1594 1333 conc.
1624 1278 1810 1332 Araus.
1837 1276 1920 1345 ιι).

486 1398 766 1457 CCXXVII
790 1398 957 1472 [Alias
978 1394 1278 1465 CCXXVI].
1307 1393 1381 1477 De
1397 1392 1769 1483 temporalibus
1795 1387 1994 1442 deliciis
2020 1397 2067 1442 et

1224 1482 1368 1520 ωηη.

1224 1486 1368 1520 (Βηη.

556 1562 615 1617 In
642 1561 893 1633 praesenti
919 1558 1023 1612 vita
1052 1566 1106 1611 et
1125 1486 1335 1610 deficias
1358 1552 1684 1621 temporales
1705 1549 1893 1604 dulces
1914 1556 2061 1616 sunt,

487 1666 537 1712 et
583 1654 958 1709 tt-ihulationes
1005 1648 1331 1717 temporales
1370 1661 1567 1699 amarze
1610 1652 1738 1698 sunt
1770 1661 1782 1695 :
1814 1642 1911 1697 sed
1945 1641 2065 1711 quis

486 1764 594 1804 non
644 1747 795 1802 bibat
845 1744 1209 1800 tribulationis
1259 1742 1529 1811 poculum,
1583 1748 1831 1794 metuens
1877 1737 2054 1807 ignem
2087 1748 2132 1808 Β

486 1837 898 1913 gehennarum‘l
945 1847 998 1891 et
1044 1838 1164 1905 quis
1208 1849 1315 1888 non
1366 1840 1677 1888 contemnat
1720 1830 2061 1885 dulcedinem

485 1933 692 2000 saeculi,
730 1931 948 1986 inhians
971 1929 1125 1983 bonis
1148 1936 1364 1983 aeternae
1388 1927 1512 1981 vitae
1536 1927 1696 1997 (Aug.
1720 1926 1771 1979 iu
1797 1940 1876 1996 ps.
1903 1938 2065 1978 uvni

484 2044 635 2082 term.
671 2025 697 2078 1
729 2042 785 2078 n.
814 2024 905 2093 3)?

623 2114 930 2173 CCXXVII]
949 2113 1114 2187 [Alias
1136 2110 1461 2182 CCXXVII].
1496 2108 1523 2148 ι’
1548 2108 1624 2161 De
1654 2106 1917 2161 Trinitate.

552 2209 611 2264 In
640 2208 905 2262 Trinitate
947 2205 1130 2259 divina
1167 2212 1311 2257 tanta
1343 2212 1427 2257 est
1470 2200 1787 2255 substantia:
1808 2209 1829 2237 ο
1862 2198 2064 2260 unitas,

487 2311 545 2355 ut
601 2299 964 2369 mqualitatem
1022 2303 1223 2360 teneat,
1277 2294 1637 2364 pluralitatem
1693 2307 1797 2345 non
1843 2289 2066 2359 recipiat

487 2393 642 2465 (Aug.
671 2390 819 2453 ibid.,
847 2404 903 2441 η.
934 2386 1010 2457 5).

486 2503 739 2561 CCXXIX
771 2502 935 2575 [Alias
965 2499 1094 2555 CCX
1109 2495 1313 2569 XVIII].
1341 2494 1368 2534 ἀ
1412 2497 1628 2551 Nullam
1666 2496 1790 2549 mali
1836 2512 1943 2551 esse
1975 2513 2066 2549 na-

1176 2581 1364 2623 turam.

552 2666 742 2722 Omnia
771 2680 871 2735 per
904 2663 1133 2718 Verbum
1156 2661 1292 2714 facta
1317 2670 1462 2729 sunt,
1494 2669 1549 2715 et
1576 2659 1693 2713 sine
1717 2658 1835 2727 ipso
1866 2658 2065 2712 factum

485 2771 563 2817 est
592 2759 725 2814 nihil
756 2756 933 2829 (Joan.
968 2771 1007 2819 ι,
1040 2758 1115 2822 3).
1150 2752 1282 2807 Cum
1318 2762 1341 2788 ε
1372 2756 1549 2820 itaque
1594 2752 1859 2805 universae
1909 2760 2061 2803 natu-

486 2869 555 2906 rse
588 2867 683 2919 per
716 2836 946 2903 Verbum
978 2846 1074 2901 Dei
1108 2846 1261 2898 fat-tte
1292 2853 1436 2908 sunt,
1478 2843 1732 2912 iniquitas
1765 2859 1860 2911 per
1892 2843 2063 2910 ip-um

486 2944 620 2999 facta
645 2957 749 2996 non
780 2950 884 3006 est,
917 2939 1042 3008 quia
1072 2939 1325 3006 iniquitas
1356 2937 1501 2990 nulla
1527 2936 1829 2990 suhsmntia
1862 2943 1948 2989 est
1973 2953 1985 2987 :
2013 2944 2067 2988 et

486 3046 760 3107 peccatum
793 3047 895 3085 non
925 3040 1114 3083 natua
1142 3041 1246 3090 ρει,
1279 3028 1373 3082 sed
1407 3027 1593 3079 vitium
1630 3037 1855 3090 natum,
1893 3027 1941 3080 id
1966 3040 2063 3094 ap—

485 3127 721 3198 petentis
749 3122 889 3192 quod
919 3137 1023 3175 non
1056 3128 1138 3174 est
1169 3120 1372 3172 ordinis
1401 3119 1482 3172 sui
1509 3118 1667 3189 (Aug.
1692 3117 1867 3189 ibid.).

550 3234 786 3291 CCXXX
827 3233 1004 3307 [Alias
1033 3230 1345 3355 CCEXILXI];
1383 3229 1401 3269 ί
1438 3231 1577 3298 Quid
1617 3231 1876 3285 sublatum
1927 3232 1990 3285 sit

1174 3319 1360 3355 llIDOIO.

550 3397 827 3453 Sublatum
868 3404 952 3449 est
981 3394 1198 3448 diabolo
1226 3394 1516 3462 iniquitate
1546 3407 1638 3446 sua
1666 3402 1690 3440 ε
1723 3394 1926 3460 vincto,
1955 3410 2059 3447 non

488 3490 624 3560 quod
654 3486 885 3541 habebat
904 3484 1207 3554 proprium,
1237 3484 1330 3538 sed
1355 3484 1495 3554 quod
1521 3496 1773 3553 rapuerat
1800 3485 2057 3539 alienum.

468 3574 794 3637 'Auferendo
830 3576 973 3632 enim
1002 3574 1250 3629 Christus
1280 3589 1401 3643 qua:
1444 3574 1510 3628 de
1543 3590 1730 3645 magna
1761 3576 1876 3646 ejus
1902 3577 2063 3630 domo

486 3676 787 3747 perierant,
849 3685 952 3723 non
1002 3666 1202 3722 furtum
1256 3668 1420 3733 fecit,
1464 3668 1560 3723 sed
1610 3667 1810 3723 furtum
1861 3669 2069 3739 recepit

486 3767 641 3836 (Aug.
664 3761 814 3827 ibid.,
842 3778 895 3814 rt.
921 3758 999 3829 9).

485 3854 741 3912 CCXXXI
776 3852 944 3926 (Alias
972 3848 1252 3921 CCXXX].
1282 3849 1357 3904 De
1382 3851 1740 3921 profunditate
1764 3852 2067 3921 iniquitatis.

556 3950 707 4003 Tunc
726 3945 996 3999 hominem
1027 3942 1301 3996 concludit
1324 3940 1348 3977 δ
1380 3942 1715 4011 profunditas
1748 3944 2067 4013 iniquitatis,

485 4039 701 4109 quando
746 4052 854 4089 non
904 4035 1078 4087 solum
1127 4034 1412 4088 immersus
1467 4034 1702 4103 peccatis
1734 4034 1919 4104 jacet;
1971 4037 2066 4090 sed

558 4186 583 4211 ει
608 4174 705 4228 Ms.
734 4170 867 4232 Jol.,
900 4168 973 4219 De
1017 4168 1299 4220 mutatione
1328 4169 1517 4221 Adam.
1564 4168 1752 4223 Melius
1796 4168 1956 4234 forte,
1994 4172 2068 4225 De

485 4241 852 4299 mutationibus
882 4237 1268 4309 oppositisLAd
1313 4239 1523 4306 plenam
1556 4239 1839 4293 sententiae
1881 4242 2064 4309 subje-

486 4330 585 4371 ctae
624 4310 1027 4379 intelligentiam
1060 4306 1330 4375 addimus,
1372 4320 1415 4363 et
1448 4310 1777 4363 conversione
1812 4306 2064 4379 ﬁdelium,

487 4378 810 4441 auctoritate
837 4390 1013 4434 textus
1042 4378 1231 4430 nostri.

561 4457 586 4496 δ
614 4454 710 4510 Ms.
736 4451 869 4514 101.,
896 4447 972 4503 De
999 4450 1194 4502 unitate
1225 4446 1512 4503 Trinitatis.

563 4538 585 4565 ε
613 4526 711 4579 Ms.
743 4522 983 4588 Remig.,
1018 4518 1301 4573 substantia
1334 4531 1379 4573 et
1409 4523 1598 4575 unitas.

2163 454 2248 509 nis
2269 455 2428 525 (Aug.
2459 457 2510 507 in
2539 471 2617 525 ps.
2647 470 2817 510 uvm
2843 471 2995 508 serm.
3017 456 3073 520 2,
3106 471 3159 509 n.
3195 457 3269 523 1).

2164 562 2445 621 CCXXXII
2485 562 2653 636 [Alias
2684 562 3000 636 CCXXXI].
3034 562 3050 636 ξ
3083 562 3236 636 Quod
3276 561 3415 617 Deus
3453 562 3749 618 misericors

2549 658 2553 662 ·
2646 635 2713 687 sit
2742 636 2795 688 in
2818 634 3254 687 tribulationibus.

2236 722 2375 779 Cum
2421 723 2564 780 Deus
2619 726 2879 795 permittit
2926 734 3017 777 aut
3071 724 3200 778 facit
3253 732 3314 777 ut
3352 722 3532 793 aliqua
3582 724 3746 795 576

2166 816 2514 873 tribulatione
2560 832 2838 887 vexemur,
2880 817 3041 871 etiam
3090 824 3233 869 tunc‘
3259 816 3572 870 misericors
3616 824 3745 869 est:

2164 908 2288 977 quia
2319 910 2562 965 excitans
2602 909 2781 971 fidem,
2833 919 2889 963 et
2917 907 3174 963 diti‘erens
3217 922 3397 977 Opem,
3438 922 3549 961 non
3590 908 3745 962 auxi-
3793 952 3810 965 .

2169 998 2297 1052 lium
2330 1007 2513 1068 negat,
2545 998 2683 1053 sedi
2717 998 3044 1053 desiderium
3079 1007 3256 1052 movet
3284 996 3441 1068 (Aug.
3470 997 3651 1066 ibid.).

2168 1108 2477 1165 CCXXXIII
2533 1109 2710 1183 [Alias
2759 1107 3105 1231 CCXIXXII
3131 1106 3159 1146 ⁸
3195 1106 3266 1161 De
3303 1108 3542 1161 divitibus
3595 1106 3750 1162 Chri—

2859 1196 2883 1231 s
2909 1196 3061 1231 tants.

2859 1196 3061 1233 διιαηιδ.

2241 1271 2446 1327 Divites
2474 1272 2789 1336 Christiani,
2823 1270 2866 1325 si
2892 1273 3004 1327 veri
3031 1269 3323 1337 Christiani
3354 1280 3502 1337 sunt,
3524 1283 3752 1339 prorsus

2168 1379 2430 1434 pauperes
2458 1376 2612 1429 sunt;
2646 1375 2699 1419 et
2728 1367 2779 1417 in
2817 1366 3222 1433 comparatione
3249 1364 3551 1419 cmlestium
3578 1365 3751 1417 bono-

2169 1472 2289 1512 rum
2316 1473 2435 1525 quae
2457 1469 2696 1524 sperant,
2726 1472 2884 1510 omne
2911 1472 3099 1511 aurum
3136 1473 3289 1511 suum
3321 1472 3545 1512 arenam
3576 1457 3753 1523 depu-

2168 1555 2305 1609 tant,
2330 1548 2452 1617 quia
2483 1548 2553 1601 ibi
2583 1550 2805 1617 quisque
2854 1547 3016 1602 habet
3044 1548 3260 1603 divitias
3301 1561 3445 1616 suas,
3480 1546 3578 1603 ubi
3605 1548 3755 1603 dele-

2169 1638 2459 1693 ctationem
2494 1638 2649 1708 (Aug.
2683 1638 2835 1703 ibid.,
2867 1655 2920 1691 η.
2955 1639 3066 1708 it).

2248 1750 2552 1806 CCXXXIV
2585 1750 2753 1823 [Alias
2781 1750 3131 1825 CCXXXIII].
3164 1752 3239 1807 De
3267 1753 3371 1823 fide
3398 1753 3650 1809 Abrahae.

2240 1863 2395 1919 Fides
2433 1864 2687 1929 Abrahae,
2738 1880 2925 1923 semen
2955 1878 3036 1921 est
3086 1867 3339 1921 Abralne.
3396 1867 3640 1923 Proinde
3669 1868 3755 1938 qui

2173 1958 2443 2025 pertinent
2490 1958 2555 2011 ad
2604 1958 2941 2013 credulitatis
2986 1960 3416 2025 similitudinem,
3453 1961 3557 2029 ipsi
3594 1964 3753 2030 perti-

2170 2060 2298 2104 nent
2326 2052 2389 2103 ad
2421 2050 2693 2105 hteredum
2728 2052 3142 2120 promissiOnem
3173 2052 3332 2122 (Aug.
3357 2052 3511 2118 ibid.,
3546 2070 3596 2105 η.
3628 2053 3745 2122 21).

2167 2160 2451 2219 CCXXXV
2483 2162 2658 2237 [Alias
2699 2160 3062 2285 CCXXﬁIJZ].
3101 2160 3225 2217 ιοο
3272 2166 3660 2232 perseverantia
3696 2166 3747 2218 iit

2918 2250 3038 2287 οηο.

2239 2323 2403 2378 Nemo
2435 2322 2692 2386 fidelium,
2719 2324 2965 2393 quamvis
2989 2323 3213 2378 multum
3241 2323 3558 2391 profecerit,
3589 2324 3751 2392 dicat,

2170 2414 2377 2471 Sufficit
2415 2413 2566 2468 mihi.
2599 2414 2701 2480 Qui
2742 2418 2885 2469 enim
2921 2415 3147 2480 dixerit,
3192 2417 3476 2479 remansit,
3505 2428 3560 2470 et
3602 2418 3755 2471 lia-sit

2170 2508 2221 2560 in
2259 2508 2343 2561 via
2375 2516 2499 2561 ante
2527 2505 2720 2572 finem;
2754 2508 2841 2575 qui
2872 2522 2979 2562 non
3008 2516 3048 2543 ιιι
3080 2507 3452 2576 perseverabit
3490 2522 3669 2578 usque
3702 2509 3755 2563 in

2169 2599 2329 2654 tinem
2362 2599 2523 2671 (Aug.
2554 2614 2698 2653 enar.
2723 2599 2776 2651 in
2800 2616 2877 2667 ps.
2910 2614 3055 2664 uix,
3085 2616 3143 2653 η.
3176 2598 3259 2669 8).

2166 2709 2474 2767 CCXXXVI
2516 2711 2683 2783 [Alias
2714 2708 3091 2833 ΩΟΧΙξὲνέἀῗι
3122 2709 3275 2778 Quod
3318 2710 3485 2763 omnis
3516 2710 3664 2764 locus
3702 2711 3757 2763 in

2898 2797 2955 2833 80
2989 2797 3074 2834 ειι.

2238 2872 2426 2927 Nullus
2448 2880 2473 2908 ο
2498 2872 2549 2925 itt
2580 2870 2692 2925 Deo
2716 2870 2866 2925 locus
2897 2880 3000 2935 est,
3033 2884 3131 2924 nec
3156 2878 3241 2923 est
3280 2885 3389 2939 quo
3421 2869 3663 2940 fugiatnr
3689 2871 3757 2925 ab

2170 2964 2306 3031 ipso,
2340 2963 2437 3015 nisi
2472 2963 2535 3015 ad
2566 2962 2764 3031 ipsum.
2797 2961 2897 3027 Qui
2923 2961 3034 3015 vult
3057 2960 3283 3015 evadere
3310 2960 3602 3023 offensum,
3628 2975 3757 3015 con-

2169 3055 2331 3125 fugiat
2363 3054 2426 3107 ad
2470 3054 2731 3123 placatum
2772 3053 2928 3126 (Aug.
2963 3054 3016 3106 in
3044 3070 3123 3119 ps.
3155 3068 3257 3106 us
3301 3069 3455 3107 serm.
3489 3054 3543 3117 1,
3575 3070 3637 3107 n.
3669 3053 3749 3123 5).

2239 3185 2417 3241 CCXX
2430 3186 2568 3240 XVII
2603 3186 2769 3257 [Alias
2790 3182 3141 3252 CCXXXVI].
3166 3194 3193 3233 P
3216 3183 3293 3236 De
3317 3183 3517 3237 duabus
3544 3184 3685 3239 tritis.

2244 3301 2369 3352 Dus:
2414 3300 2534 3353 vita:
2580 3308 2725 3365 sunt,
2756 3313 2860 3351 una
2899 3308 2980 3351 est
3023 3297 3286 3366 corporis,
3321 3297 3494 3351 altera
3539 3298 3753 3353 animm.

2174 3394 2323 3446 Sicut
2346 3394 2453 3445 vita
2485 3393 2732 3460 corporis
2770 3391 2947 3444 anima
2968 3432 2981 3455 ,
3013 3390 3090 3445 sic
3119 3389 3222 3442 vita
3254 3388 3450 3442 animae
3483 3390 3625 3443 Deus
3656 3407 3668 3441 :
3705 3402 3759 3444 et

2171 3484 2443 3554 quomodo
2493 3487 2539 3537 si
2591 3484 2769 3536 anima
2808 3482 3063 3544 deserat,
3114 3480 3343 3535 moi-itur
3393 3495 3629 3545 corpus;
3677 3481 3757 3533 sic

2171 3578 2350 3630 anima
2396 3576 2646 3638 moritur,
2683 3582 2713 3623 (ι
2749 3572 2793 3628 si
2818 3574 3037 3627 deserat
3074 3570 3213 3627 Deus
3244 3570 3406 3642 (Aug.
3440 3571 3492 3624 in
3520 3587 3598 3642 ps.
3630 3585 3756 3637 us,

2172 3684 2325 3723 smn.
2361 3669 2396 3721 2
2426 3683 2479 3720 rt.
2508 3665 2586 3736 5).

2246 3758 2597 3818 ccxxxvm
2629 3757 2793 3833 [Alias
2818 3756 3193 3829 ccxxxvn].
3225 3767 3247 3794 r
3271 3757 3314 3810 Α
3340 3772 3441 3827 quo
3474 3756 3599 3812 bene
3625 3757 3691 3811 sit

2858 3849 3070 3901 homini.

2246 3950 2285 4003 A
2318 3963 2424 4018 quo
2453 3946 2614 4001 habet
2658 3945 2821 3999 homo
2853 3954 2910 3997 ut
2957 3944 3048 4009 sit,
3081 3950 3102 3977 ⁸
3133 3942 3275 4012 apud
3322 3942 3471 3995 illum
3508 3941 3676 3996 habet
3705 3950 3762 3997 ut

2173 4043 2221 4095 ei
2255 4042 2392 4096 bene
2422 4041 2491 4095 sit
2519 4041 2676 4112 (Aug.
2707 4040 2857 4105 ibid.,
2888 4054 2940 4091 η.
2976 4037 3052 4108 6).

2246 4175 2271 4213 h
2293 4176 2483 4233 Colon.
2512 4186 2617 4229 vet.
2666 4175 2820 4239 edit.,
2856 4173 3226 4243 profunditatis
3262 4171 3539 4243 iniquitas;
3582 4181 3636 4223 et
3667 4185 3759 4223 ea-

2173 4246 2296 4301 dem
2320 4250 2459 4300 cit‘ca
2494 4247 2675 4309 linem,
2704 4240 2868 4313 perdit
2900 4240 3370 4313 coitfessionem,et
3408 4240 3607 4292 aditum
3636 4256 3760 4313 con-

2171 4319 2426 4384 fessionis.
2458 4318 2604 4383 Ilaec,
2635 4312 3025 4385 confessionem,
3070 4324 3115 4367 et
3142 4314 3193 4366 in
3229 4312 3377 4366 nullo
3415 4314 3522 4366 alio
3566 4312 3758 4365 codice

2177 4388 2463 4442 habentur.

2253 4456 2264 4493 ῖ
2296 4459 2369 4512 Ita
2401 4472 2502 4512 ms.
2534 4455 2808 4512 Joliensis.
2838 4456 2894 4509 ln
2927 4455 3065 4517 aliis,
3096 4453 3172 4507 De
3198 4453 3395 4508 auxilio
3422 4451 3542 4505 Dei.

2248 4530 2262 4578 ἱ
2298 4530 2396 4583 Ms.
2422 4526 2953 4591 .Ioliensis,desideria
2982 4533 3167 4578 movet.

560 4594 587 4634 ἀ
612 4596 711 4650 Ms.
744 4586 1019 4654 .lolieiisis,
1048 4588 1266 4642 Nullam
1298 4592 1423 4644 mali
1450 4608 1557 4645 esse
1589 4605 1846 4647 naturam.
1872 4594 2064 4649 Colon.
2099 4586 2149 4645 D
2246 4596 2268 4634 ¹ι
2300 4600 2396 4653 Ms.
2427 4586 2690 4655 Joliensis'
2727 4609 2873 4652 recte
2915 4595 3122 4650 addidit
3167 4608 3354 4648 vocem
3393 4593 3582 4659 istam,
3625 4592 3761 4647 diri-

489 4677 599 4723 vet.
633 4666 789 4728 edit.,
822 4662 973 4729 Quod
996 4661 1133 4713 mala
1158 4661 1259 4713 sint
1286 4671 1475 4713 creata.
1508 4662 1623 4716 Non
1651 4666 1809 4732 bene,
1844 4677 1898 4720 ut
1926 4666 2073 4720 vide-

492 4752 598 4800 tur,
633 4738 732 4790 nisi
767 4736 912 4802 legas
941 4747 1061 4802 cum
1098 4744 1329 4801 negante
1358 4734 1642 4801 particula.

564 4819 588 4846 ο
612 4807 709 4861 Ms.
754 4800 985 4876 Reinig.,
1018 4800 1147 4876 Cum
1178 4800 1388 4876 usque;
1417 4804 1516 4876 Ms.
1548 4803 1653 4859 Jol.
1693 4815 1812 4875 post
1840 4822 2008 4876 pauca
2042 4822 2071 4861 a

491 4882 661 4949 prima
677 4875 1024 4943 manu,{actte
1052 4874 1152 4927 sint
1177 4887 1195 4936 ;
1223 4881 1277 4926 et
1306 4872 1444 4927 infra
1473 4874 1661 4930 Colon.
1695 4872 1805 4931 vet.
1837 4872 1994 4945 edit.,
2019 4878 2073 4931 id

491 4958 756 5023 appetens.

451 5078 458 5091 ι
570 5020 589 5059 ί
618 5022 825 5091 11³71118.
857 5012 1128 5091 Joliensis.
1165 5014 1291 5091 Alii.
1322 5012 1687 5091 Deiniguitute
1714 5018 1924 5073 diaboli.

569 5101 595 5140 tt
620 5090 810 5144 Colon.
856 5095 963 5139 vet.
996 5086 1150 5150 edit.,
1196 5086 1347 5138 victo.
1388 5086 1598 5147 Melius,
1643 5089 1828 5142 vincto.
1866 5089 2073 5144 A'Iutlit

495 5164 639 5219 enim
690 5162 754 5211 ad
788 5159 983 5219 locum,
1035 5156 1223 5208 Matth.
1262 5172 1359 5221 χιι,
1407 5157 1478 5211 29
1520 5175 1531 5211 :
1568 5157 1735 5212 Nemo
1773 5162 1826 5212 in
1868 5162 2072 5213 dontum

497 5237 647 5306 fortis
672 5232 848 5306 intrat,
884 5235 931 5279 et
958 5242 1079 5278 vasa
1110 5229 1221 5296 ejus
1252 5226 1451 5306 diripit,
1484 5228 1745 5306 nisi‘pr‘ius
1785 5231 2073 5301 alligaverit

498 5298 702 5378 fortem.
734 5299 877 5378 Idem
919 5308 1125 5378 postea,
1151 5313 1251 5349 non
1280 5298 1414 5378 quod
1440 5314 1549 5378 ‘non
1583 5298 1754 5378 habuit
1784 5298 2069 5378 proprium,

497 5367 585 5429 sed
611 5373 743 5444 quod
786 5376 1025 5444 rapuerat
1055 5367 1296 5420 alienum.
1346 5368 1638 5444 Auferendo
1669 5367 1802 5444 enini
1840 5367 2073 5425 Christus

498 5448 561 5500 de
583 5438 768 5512 magna
796 5438 948 5494 domo
971 5438 1079 5512 ejus
1108 5454 1223 5508 qua:
1249 5439 1534 5512 perierant],
1578 5456 1678 5491 non
1708 5442 1902 5512 furtum
1933 5444 2068 5511 fecit.

499 5508 740 5571 Aliorum
788 5512 999 5565 lectioni
1033 5508 1177 5561 favet
1217 5510 1356 5577 quod
1388 5511 1459 5563 ait
1493 5508 1716 5579 August.
1748 5511 1869 5566 loco
1906 5508 2072 5568 citato

500 5591 555 5642 in
595 5581 857 5652 margine,
907 5580 1190 5652 respondet
1228 5580 1315 5631 tibi
1368 5578 1678 5652 (Dominus)
1718 5597 1837 5635 rasa
1871 5583 1972 5637 ista
2010 5585 2074 5636 de

500 5672 689 5726 magna
718 5650 882 5732 domo.
925 5665 1037 5703 mea
1085 5650 1388 5721 perierant;
1421 5668 1525 5707 non
1575 5652 1775 5723 furtum
1815 5653 1936 5724 feci,
1984 5654 2074 5712 sed

505 5732 699 5799 {unum
719 5737 905 5793 recept.

2173 4669 2326 4721 tibus.

2254 4737 2394 4794 1Ms.
2426 4739 2701 4803 .Ioliensis,
2734 4735 2811 4791 De
2834 4737 3075 4808 profectu
3092 4733 3347 4808 ﬁdelium.

2248 4819 2287 4845 ⁸³
2312 4811 2407 4863 Ms.
2431 4810 2536 4864 .Iol.
2570 4820 2626 4863 et
2652 4803 2846 4863 Colon;
2877 4803 2988 4861 vet.
3018 4806 3172 4870 edit.,
3204 4803 3618 4872 perseveraverit.

2248 4888 2278 4915 ιι
2298 4880 2375 4933 lta
2401 4882 2499 4936 Ms.
2532 4880 2801 4934 .loliensis.
2833 4879 2931 4931 Alii
2963 4891 3153 4931 omnes
3174 4871 3501 4945 generatim,
3527 4872 3603 4925 De
3632 4871 3757 4926 Deo.

2252 4958 2276 4985 °
2302 4952 2650 5014 Susnicamur
2682 4948 2984 5017 legendum,
3037 4943 3219 5001 Omnis
3254 4947 3305 4997 in
3338 4943 3451 5017 Deo,
3487 4944 3633 4996 locus
3662 4951 3761 5017 est,

2179 5030 2271 5075 aut
2305 5011 2493 5075 Nullus
2523 5025 2631 5075 sine
2660 5011 2767 5073 nea
2796 5019 2936 5073 locus
2960 5027 3029 5071 est
3054 5034 3071 5071 :
3099 5027 3208 5070 tum
3238 5030 3303 5069 ex
3338 5016 3495 5067 titulo
3534 5028 3636 5083 nis.
3668 5011 3766 5083 Joe

2176 5093 2382 5154 liensis,
2432 5102 2542 5147 tum
2582 5108 2646 5146 cx
2691 5089 2807 5156 ipso
2853 5089 3133 5157 Augustini
3180 5093 3329 5139 textu
3366 5103 3377 5136 :
3414 5082 3590 5157 Ego’si
3634 5082 3766 5134 mihi

2176 5163 2335 5216 alium
2366 5163 2533 5216 locum
2554 5154 2770 5231 elegero,
2789 5154 2963 5231 salvus
2980 5175 3084 5213 esse
3106 5175 3204 5231 no_r_t
3227 5165 3420 5227 potero.
3445 5154 3596 5225 Elige
3633 5164 3769 5231 certe

2176 5232 2348 5297 homo,
2393 5236 2437 5287 si
2467 5227 2737 5295 inveneris,
2774 5230 3114 5283 munitiorem.
3150 5227 3271 5280 Non
3307 5234 3381 5279 est
3405 5240 3526 5293 ergo
3550 5239 3651 5297 quo
3671 5228 3765 5291 fu-

2175 5295 2346 5373 giatur
2388 5305 2450 5357 ab
2484 5304 2598 5368 illo,
2632 5302 2732 5355 nisi
2776 5305 2843 5355 ad
2881 5302 3050 5354 illum.
3094 5300 3156 5354 Si
3190 5300 3264 5352 vis
3302 5298 3515 5350 evadere
3543 5295 3766 5360 iratum,

2177 5376 2298 5444 fuge
2318 5374 2385 5427 ad
2417 5374 2697 5442 placatum.

2249 5439 2276 5493 Ρ
2298 5444 2394 5498 Ms.
2418 5439 2699 5503 .loliensis,
2735 5441 2888 5509 Quod
2917 5440 3035 5494 duce
3060 5439 3176 5492 vita:
3212 5439 3331 5509 sint.

2251 5524 2279 5564 τι
2298 5515 2395 5569 Ms.
2419 5515 2609 5570 Colon.
2636 5506 2925 5573 vet.'edit.,
2954 5512 2999 5564 si
3028 5512 3227 5563 deserat
3259 5506 3508 5560 Christus.

2253 5594 2276 5621 τ
2305 5587 2395 5641 Sic
2419 5600 2521 5639 ms.
2554 5583 2832 5640 Joliensis.
2864 5581 2991 5647 Alii,
3024 5580 3101 5634 De
3130 5579 3353 5631 homine.

2254 5662 2275 5690 '
2297 5656 2405 5713 Ms:
2426 5654 2703 5721 Joliensis,
2736 5653 2797 5707 ab
2834 5652 2929 5706 illo
2964 5644 3131 5708 habet.
3159 5649 3217 5705 In
3259 5644 3577 5718 Augustino,
3607 5646 3749 5713 apud

2182 5726 2349 5797 illum,
2382 5738 2439 5785 ut
2464 5730 2518 5784 in
2538 5727 2657 5783 aliis
2682 5723 2981 5781 codicibus.
3282 5742 3285 5743 ν
