4028 6176
242 316 332 376 ιϐί
663 315 870 372 LIBER
910 314 1452 373 SENTENTIARUM
1495 317 1585 372 EX
1622 316 1961 375 OPERIBUS
2000 319 2058 377 S.
2102 319 2474 379 AUGUSTINI
2510 324 3019 386 DELIBATARUM.
3374 337 3480 395 ιω

343 424 633 484 CCXXXIX
655 426 823 499 ]Alias
842 426 1250 498 CCXXXVIlI].
1271 425 1350 480 De
1378 426 1683 483 obedientia.
1820 432 1867 491 Α
1932 427 2204 489 CCXLV"
2235 431 2401 504 [Alias
2431 433 2726 519 CCXLVI].
2754 438 2793 521 ι.
2824 439 2900 494 De
2942 441 3290 501 benevolentia
3310 445 3444 518 justi

302 519 529 575 Perfecta
568 518 709 573 Deus
750 518 1137 586 evidenterque
1180 519 1493 573 monstravit
1531 530 1770 589 quantun

2522 523 2643 576 erga
2672 518 2871 579 impios.

236 613 302 668 sit
346 612 534 666 bonum
578 611 908 676 obedientia,
947 626 1068 667 cum
1110 611 1386 667 hominem
1444 612 1496 666 in
1544 613 1793 681 paradiso

233 706 451 774 positum
479 713 503 741 ι
532 704 599 759 ab
627 719 689 758 ea
737 720 799 759 re
828 703 1119 774 prohibuit,
1152 720 1273 773 quas
1322 720 1430 759 non
1474 715 1594 759 erat
1625 705 1786 759 mala.

231 794 347 850 Sola
376 793 499 849 1tibi
539 794 1066 863 obedientiapouiit
1124 804 1308 850 tenere
1366 796 1627 865 palmam,
1676 795 1790 851 sola

229 885 568 941 inobedientia
603 896 626 924 ο
657 885 845 939 incidit
880 886 933 941 in
966 901 1178 954 poenam
1218 886 1376 955 (Aug.
1412 886 1563 946 ibid..
1593 903 1646 941 η.
1670 884 1748 955 7).

227 997 390 1053 CCXL
432 998 595 1070 [Alias
622 996 977 1068 CCXXXIII].
1008 994 1152 1121 dlDe
1204 997 1490 1051 eruditione
1544 997 1789 1051 bonorum

848 1084 938 1121 per
967 1085 1050 1120 ma
1075 1085 1150 1121 os.

912 1084 938 1120 r
967 1084 1150 1120 ηιαιοε.

882 1085 938 1121 er
967 1085 1150 1121 ηιαιοε.

287 1158 438 1230 577
465 1158 739 1213 Interdum
765 1085 922 1229 petits
952 1173 1047 1226 per
1076 1158 1246 1212 malos
1274 1157 1453 1212 erudit
1479 1157 1672 1222 bonos,
1728 1166 1787 1212 et

224 1264 311 1318 per
355 1250 701 1313 temporalem
747 1250 1044 1317 potentiam
1090 1249 1519 1304 damnandorum
1564 1260 1789 1305 exercet

220 1338 537 1407 disciplinam
578 1339 974 1395 liberandorum
1015 1339 1175 1411 (Aug.
1204 1356 1349 1395 enar.
1378 1341 1432 1394 in
1478 1357 1558 1412 ps.
1591 1356 1784 1403 uult,

222 1447 268 1483 η.
298 1429 371 1498 8).

1968 611 2045 667 De
2074 613 2447 671 benevolentia
2478 627 2582 683 est,
2617 633 2722 672 non
2750 620 2819 675 de
2849 621 3072 687 malitia,
3099 638 3221 680 cum
3266 625 3480 684 laetatur

1890 698 2067 768 justus
2111 703 2164 757 in
2207 703 2406 773 impios
2456 706 2782 774 processisse
2828 710 3140 777 vindictam,
3192 714 3315 783 quia
3368 732 3476 774 non

1894 795 2195 860 peccatoris
2223 796 2444 851 exitium
2476 797 2671 865 placet,
2721 812 2881 868 quem
2910 802 3077 857 voluit
3107 806 3299 876 corrigi
3326 822 3341 872 ;
3376 810 3474 865 sed

1886 879 2091 948 iustitia
2123 884 2236 949 Dei,
2287 900 2396 955 qua
2441 888 2545 941 scit
2592 887 2790 944 multos
2838 905 3000 961 posse
3041 899 3279 951 converti
3312 899 3473 970 (Aug.

1890 985 2035 1023 enar.
2065 973 2119 1025 in
2148 989 2226 1042 ps.
2252 989 2473 1041 Lxxvtu,
2507 993 2560 1030 η.
2593 976 2703 1047 Η).

1888 1080 2182 1137 CCXLVIII
2220 1082 2384 1155 [Alias
2424 1084 2743 1170 CCXLVII].
2774 1086 2797 1171 ,ι
2836 1088 2914 1143 De
2962 1092 3288 1149 simulatione
3331 1100 3473 1166 pacis

2495 1174 2611 1209 cum
2640 1175 2865 1213 ιηιηηεο.

1958 1243 2074 1300 Non
2106 1244 2269 1302 vincit
2288 1246 2342 1302 in
2370 1248 2513 1304 bono
2541 1250 2761 1315 malum,
2787 1253 2875 1321 qui
2904 1255 2956 1306 in
2987 1253 3271 1323 superﬁcie
3292 1257 3469 1314 bonus

1887 1344 1990 1404 est,
2022 1344 2076 1392 et
2118 1338 2173 1392 in
2203 1338 2313 1394 alto
2348 1339 2542 1407 malus,
2592 1356 2755 1411 opere
2805 1358 3047 1411 parcens,
3099 1347 3262 1420 573
3303 1350 3471 1406 cordo

1887 1429 2328 1497 szeviens,'manu
2352 1432 2519 1496 mitis,
2546 1435 2821 1490 voluntate
2848 1437 3083 1492 crudelis
3112 1441 3271 1511 (Aug.
3292 1442 3465 1515 ibid.).

436 1499 640 1555 CCXLI
670 1500 836 1574 [Alias
864 1500 1090 1572 CCXL].
1119 1498 1196 1553 De
1221 1501 1561 1571 confessione.

284 1590 426 1659 Apud
450 1588 880 1645 misericordiam
913 1592 1005 1645 Dei
1030 1590 1317 1661 plurimum
1348 1592 1486 1645 valet
1510 1591 1785 1648 confessio

221 1681 525 1751 paenitentis,
568 1696 726 1750 quem
775 1681 903 1735 facit
951 1690 1203 1750 peccator
1241 1680 1547 1735 confitendo
1599 1682 1781 1751 propi-

1922 1522 2174 1577 CCXLIX
2208 1524 2376 1596 [Alias
2398 1524 2738 1598 CCXLVIII].
2771 1536 2811 1564 ω
2842 1528 2917 1583 De
2945 1545 3122 1584 amore
3150 1542 3196 1586 et
3225 1534 3427 1589 timore.

1955 1611 2039 1667 Ad
2069 1628 2229 1668 omne
2272 1628 2407 1681 opus
2437 1615 2635 1671 bonum
2677 1632 2829 1673 amor
2856 1620 3022 1687 ducit,
3054 1631 3108 1677 et
3148 1622 3309 1679 timor
3337 1626 3466 1694 Dei;

1885 1702 1951 1757 ad
1982 1718 2143 1759 omne
2181 1714 2457 1772 peccatum
2500 1722 2653 1762 amor
2676 1708 2843 1774 ducit,
2882 1720 2937 1764 et
2967 1714 3126 1768 timor
3156 1716 3360 1770 mundi.
3396 1717 3468 1774 Ut

224 1775 357 1836 tium,
384 1788 538 1841 quem
568 1774 814 1841 negando
853 1788 958 1827 non
992 1772 1120 1828 facit
1146 1774 1389 1828 nescium
1436 1771 1597 1843 (Aug.
1633 1790 1770 1828 enar.

1893 1808 2015 1863 ergo
2062 1771 2500 1864 apprehendatur
2546 1798 2768 1865 bonum,
2818 1771 2872 1854 et
2901 1802 3198 1858 declinatur
3241 1771 3463 1876 malum,

221 1864 265 1917 in
285 1880 357 1934 ps.
385 1879 561 1928 Luiv,
594 1881 648 1917 n.
678 1862 755 1933 5).

1886 1883 2300 1941 discernendum
2344 1897 2430 1942 est
2456 1889 2583 1958 quid
2632 1899 2685 1944 et
2724 1890 2869 1960 diligi
2923 1891 3138 1958 debeat,
3183 1906 3238 1951 et
3284 1899 3464 1955 timeri

222 1954 422 2010 CCXLI]
465 1954 632 2027 [Alias
662 1953 910 2053 CCXLIJ].
942 1955 1145 2053 {Quod
1192 1971 1296 2009 non
1344 1956 1411 2010 sit
1456 1955 1770 2027 gloriandum

1893 1976 2042 2048 (Aug.
2073 1994 2216 2033 enar.
2249 1982 2302 2032 in
2333 1997 2411 2051 ps.
2448 1953 2641 2047 CXXII,
2673 2000 2725 2037 η.
2758 1953 2871 2053 15).

840 2029 903 2079 de
924 2028 1159 2080 scientia.

281 2114 556 2169 Humilium
628 2116 797 2172 virtus
850 2124 933 2171 est
984 2117 1049 2171 de
1095 2115 1317 2171 scientia
1363 2130 1469 2170 non
1523 2114 1780 2185 gloriari:

224 2206 327 2275 quia
371 2207 674 2261 communis
706 2217 790 2261 est
829 2208 1119 2272 omnibus;
1146 2207 1284 2261 sicut
1310 2204 1329 2245 ί
1360 2221 1491 2261 usus
1522 2208 1676 2271 lucis,
1712 2208 1783 2260 ita

228 2298 532 2367 participatin
550 2300 796 2353 veritatis
827 2299 983 2369 (Aug.
1011 2316 1155 2353 enar.
1189 2300 1242 2353 in
1272 2314 1351 2367 ps.
1385 2314 1551 2366 uxv,
1580 2316 1634 2354 η.
1668 2297 1778 2364 17).

224 2408 438 2463 CCXLIII
468 2411 642 2483 [A'ias
670 2408 936 2481 CCXLII].
984 2411 1217 2479 Qualiter
1260 2420 1509 2483 regantur
1543 2427 1779 2482 corpora.

282 2510 303 2547 ε
330 2501 433 2554 Νοη
463 2511 619 2557 caret
649 2504 795 2572 regia
843 2513 1129 2572 potestate,
1162 2503 1255 2574 qui
1285 2504 1502 2572 corpori
1544 2518 1644 2558 suo
1679 2520 1781 2559 no-

225 2592 336 2644 verit
382 2594 774 2647 rationabiliter
818 2596 1104 2663 imperare.
1163 2595 1298 2649 Vere
1345 2594 1650 2649 dominator
1698 2606 1783 2652 est

226 2691 358 2738 teme
402 2686 488 2753 qui
546 2699 771 2739 carnem
822 2701 972 2740 suam
1028 2687 1170 2756 regit
1216 2687 1427 2756 legibus
1481 2687 1780 2758 disciplinae

226 2774 355 2844 (Aug.
382 2774 528 2839 ibid.,
552 2792 612 2828 η.
644 2777 758 2846 te).

271 2885 491 2943 CCXLIV
523 2888 697 2961 [Alias
727 2887 1019 2960 CCXLIII].
1046 2890 1074 2929 ιι
1109 2890 1184 2944 De
1212 2894 1416 2946 timente
1443 2908 1643 2963 poenam
1671 2902 1721 2949 et

739 2975 944 3014 amante
961 2964 1240 3031 justitiam.

275 3056 517 3124 Quantum
544 3059 614 3113 ad
642 3074 803 3128 opera
826 3058 1022 3113 attinet
1040 3075 1159 3130 quae
1188 3061 1490 3117 forinsecus
1519 3072 1769 3133 aguntur,

1884 2066 2012 2123 CCL
2040 2068 2205 2140 [Alias
2235 2069 2527 2146 CCXLIX].
2563 2083 2591 2111 ³
2620 2075 2783 2142 Quem
2800 2094 2899 2131 non
2932 2078 3139 2150 frangat
3165 2082 3466 2153 infelicitas.

1955 2158 2111 2214 Nulla
2138 2160 2427 2219 infelicitas
2454 2165 2668 2234 frangit,
2698 2182 2856 2236 quem
2890 2168 3122 2227 felicitas
3152 2175 3300 2231 nulla
3342 2191 3464 2234 cor-

1884 2250 2085 2319 rumpit
2114 2254 2270 2324 (Aug.
2299 2272 2444 2309 enar.
2477 2256 2528 2309 in
2553 2272 2631 2328 ps.
2663 2272 2893 2325 unm,
2926 2278 2980 2314 n.
3003 2262 3083 2332 5).

1918 2341 2071 2397 CCLI
2102 2342 2269 2414 [Alias
2297 2344 2470 2418 CCL].
2504 2354 2529 2381 ο
2564 2346 2794 2409 Qualiter
2819 2351 2958 2405 dives
2990 2370 3187 2424 pauper
3212 2366 3285 2411 est
3307 2355 3426 2414 Dei.

1954 2431 2114 2487 Dives
2139 2434 2228 2502 qui
2261 2434 2380 2488 talis
2409 2445 2515 2502 est,
2548 2450 2605 2491 ut
2645 2450 2951 2494 contemnat
2986 2443 3038 2496 in
3068 2459 3127 2499 se
3153 2456 3181 2495 P
3208 2449 3461 2517 quidqttld

1881 2522 2011 2579 illud
2042 2534 2125 2580 est
2154 2525 2294 2580 unde
2322 2527 2495 2581 inﬂari
2539 2530 2790 2598 superbia
2820 2534 2980 2599 solet,
3015 2550 3220 2604 pauper
3243 2547 3328 2594 est
3365 2541 3459 2597 Dei

1881 2615 2042 2687 (Aug.
2073 2632 2220 2671 enar.
2244 2618 2296 2670 in
2327 2635 2405 2687 ps.
2438 2636 2636 2686 Lxxxv,
2669 2639 2723 2675 n.
2754 2625 2831 2691 3).

2018 2708 2197 2763 CCLlI
2226 2708 2393 2785 [Alias
2424 2711 2621 2783 CCLI].
2655 2724 2681 2763 ει
2713 2714 2787 2769 De
2810 2718 3054 2786 gradibus
3084 2722 3312 2789 pietatis.

1950 2802 2342 2858 Ascensionum
2369 2805 2435 2858 ad
2470 2804 2641 2861 Deum
2672 2810 2871 2876 gradus
2894 2821 3041 2875 sunt,
3086 2812 3305 2882 pietatis
3331 2815 3459 2872 atie-

1878 2905 2018 2953 ctus.
2054 2898 2159 2953 lter
2190 2907 2335 2953 tuum
2373 2900 2622 2955 voluntas
2666 2911 2751 2955 tua
2794 2910 2906 2968 est;
2949 2907 3179 2961 amando
3223 2910 3456 2977 accedis,

1880 2996 1904 3028 ι
1925 2988 2241 3059 negligenda
2264 2992 2502 3056 recedis;
2534 2995 2860 3048 constitutus
2892 2995 2942 3049 in
2976 3003 3116 3051 terra
3140 2998 3250 3053 Deo
3262 2998 3459 3070 junge-

1878 3081 1973 3147 ris,
2000 3087 2022 3115 '
2042 3082 2085 3134 si
2110 3097 2229 3151 qua:
2252 3082 2362 3136 Deo
2392 3082 2555 3137 chara
2586 3092 2710 3137 sunt
2737 3084 2916 3154 diligis
2943 3087 3099 3159 (Aug.
3130 3089 3279 3155 ibid.,
3307 3090 3455 3163 n.6).

222 3160 262 3205 et
286 3155 361 3219 qui
391 3155 535 3208 timet
562 3169 781 3225 patriam
812 3165 865 3209 et
891 3155 981 3223 qui
1023 3167 1163 3208 amat
1197 3155 1479 3223 justitiam,
1511 3173 1615 3211 non
1647 3159 1770 3213 facit

1893 3171 2075 3227 :cuu
2107 3150 2273 3245 [Alias
2300 3172 2519 3245 CCLII].
2556 3173 2634 3229 De
2662 3150 2991 3245 petitionibus
3020 3150 3293 3237 contrariis
3328 3150 3454 3239 υεᾶ.

221 3254 373 3298 contra
403 3247 746 3310 mandatum;
771 3256 827 3301 et
856 3246 975 3300 ideo
1006 3261 1163 3316 pares
1190 3248 1403 3315 quidem
1432 3256 1559 3302 sunt.
1584 3264 1767 3314 manu,

222 3338 295 3389 sed
315 3338 537 3407 dispares
560 3339 760 3404 corde;
786 3339 993 3394 similes
1013 3342 1248 3404 actione,
1273 3341 1563 3397 dissimiles
1587 3342 1772 3397 volun-

222 3436 307 3482 tate
331 3430 475 3500 (Aug.
508 3447 661 3484 enar.
694 3431 745 3483 in
765 3446 845 3499 ps.
880 3446 1082 3496 Lxxvn,
1118 3448 1172 3485 η.
1198 3432 1311 3501 li).

363 3540 578 3595 CCXLV
616 3541 785 3614 [Alias
812 3539 1112 3611 CCXLIV].
1147 3540 1161 3578 ί
1203 3541 1341 3608 Quid
1370 3543 1592 3596 colatur.

1946 3266 2253 3327 Deus.cum
2271 3267 2469 3336 aliquid
2498 3267 2516 3303 ί
2545 3269 2683 3324 male
2707 3272 2966 3338 poscitur,
2991 3272 3165 3327 dando
3189 3275 3457 3346 irascitur,

1874 3371 1981 3411 non
2012 3356 2192 3412 dando
2222 3358 2509 3413 miseretur
2538 3359 2697 3429 (Aug.
2729 3359 2881 3425 ibid.,
2914 3378 2968 3415 n.
2995 3362 3029 3417 8
3057 3373 3101 3417 et
3128 3363 3205 3432 9).

2122 3446 2323 3503 CCLIV
2354 3448 2520 3521 [Alias
2544 3448 2782 3522 CCLIII].
2816 3451 2892 3505 De
2921 3454 3206 3511 mendacio.

1946 3540 2264 3597 Incredibile
2289 3551 2394 3608 est,
2414 3555 2519 3597 non
2550 3544 2767 3598 mentiri
2799 3544 3071 3601 hominem
3094 3563 3162 3601 ne
3188 3549 3455 3618 capiatur,

274 3630 372 3687 Hoc
405 3636 470 3687 ab
516 3634 740 3687 homine
770 3633 987 3697 colitur,
1037 3632 1177 3701 quod
1223 3633 1419 3703 diligit.
1454 3632 1606 3688 Unde
1643 3635 1764 3703 quia
1872 3634 1964 3703 qui
1996 3635 2254 3688 mentitur
2282 3643 2341 3687 ut
2370 3634 2547 3703 capiat
2594 3636 2748 3706 (Aug.
2783 3637 2873 3690 lib.
2907 3647 3088 3692 contra
3128 3639 3456 3697 Mendacium

220 3722 334 3777 Deus
353 3727 589 3781 omnibus
624 3727 788 3779 rebus
812 3724 985 3793 major
1010 3735 1066 3777 et
1113 3726 1303 3779 melior
1331 3725 1623 3793 invenitur,
1649 3726 1768 3793 plus
1874 3739 1920 3778 c.
1948 3722 2026 3795 4).

218 3819 429 3872 omnibus
454 3819 759 3888 diligendus
779 3828 883 3881 est,
905 3828 960 3870 ut
986 3817 1190 3871 colatur
1215 3817 1373 3887 (Aug.
1400 3819 1554 3883 ibid.,
1576 3836 1628 3872 n.
1646 3818 1764 3888 20).

341 3910 581 3965 CCXLVI
614 3910 783 3983 [Alias
810 3906 1084 3979 CCXLV].
1119 3908 1133 3959 i
1178 3908 1253 3962 De
1281 3911 1435 3963 corde
1462 3920 1619 3963 recto.

2053 3816 2229 3872 CCLV
2259 3816 2426 3889 [Alias
2453 3814 2691 3889 CCLIV].
2726 3816 2859 3872 Item
2891 3820 2953 3873 de
2983 3821 3269 3877 mendacio.

1943 3911 2200 3978 Quamvis
2235 3911 2411 3964 omnis
2463 3911 2553 3979 qui
2594 3912 2871 3975 mentitur,
2904 3913 3035 3966 velit
3080 3914 3261 3970 celare
3310 3918 3452 3985 quod

271 4000 474 4056 Rectum
499 4018 589 4057 cor
617 4017 743 4055 cum
776 4000 887 4055 Deo
931 4012 1033 4069 est,
1072 4002 1287 4071 quando
1330 4012 1551 4072 propter
1592 4003 1761 4059 Deum
1870 4016 2058 4055 verum
2086 4009 2190 4062 est,
2223 4014 2327 4053 non
2363 4009 2539 4053 tamen
2572 3999 2748 4053 omnis
2777 4002 2865 4066 qui
2893 4003 3004 4056 vult
3028 4003 3211 4059 celare
3239 4021 3449 4071 verum,

215 4094 439 4159 quieritur
466 4096 601 4149 Deus
632 4096 790 4164 (Aug.
812 4094 966 4157 ibid.,
991 4112 1044 4148 η.
1077 4093 1189 4165 21).

271 4228 429 4302 fllss.
464 4231 673 4300 Remig.
697 4240 750 4285 et
774 4230 1047 4295 .loliensis,
1080 4232 1141 4284 ab
1172 4232 1353 4285 arbore
1379 4232 1657 4302 prohibuit.
1768 4239 1779 4250 ‘

269 4296 294 4335 δ
313 4300 399 4371 Ms.
425 4296 660 4371 Remigf,
692 4301 803 4355 sola
830 4302 926 4354 sibi
954 4303 1256 4355 obedientia.

272 4378 291 4407 ο
312 4370 399 4425 Ms.
426 4370 634 4443 Remig.
662 4382 714 4425 et
753 4374 938 4427 Colon.
973 4380 1081 4424 Vet.
1124 4373 1252 4425 edit.
1280 4386 1401 4443 Cum
1428 4370 1760 4443 recentiori-

214 4437 608 4509 hnsnonnullis:
626 4445 809 4496 incidit
854 4443 905 4494 in
940 4458 1162 4511 poenam.
1190 4444 1314 4497 Mss.
1356 4442 1461 4497 Jol.
1508 4452 1563 4497 et
1601 4440 1750 4496 Colb.

214 4513 461 4584 cumedit.
499 4514 697 4584 Lugd.
740 4514 973 4578 Lovau.,
1013 4515 1173 4567 Duac.
1222 4523 1275 4569 et
1301 4513 1518 4584 Cnlon.,
1550 4522 1602 4565 et
1645 4512 1758 4580 Ap-

1870 4095 2145 4152 mentitur.
2178 4094 2501 4163 Plerumque
2541 4094 2682 4149 enim
2706 4102 2735 4130 ιι
2771 4108 2897 4149 vera
2940 4112 3046 4150 non
3092 4097 3327 4155 fallendo
3356 4115 3452 4156 oc-

1942 4228 1955 4278 i
1984 4228 2260 4303 _Ad_dimus
2286 4241 2471 4281 vocem
2506 4227 2663 4295 hanc,
2711 4236 2868 4283 recto.
2919 4228 3016 4283 Ms.
3050 4229 3182 4296 10].,
3218 4230 3293 4286 De
3312 4249 3451 4303 quie-

1865 4289 2026 4354 reitdo
2060 4298 2187 4351 Deo.

1938 4368 1964 4407 ιι
1994 4369 2118 4423 Haec
2157 4366 2401 4422 addenda
2426 4366 2755 4421 credidimus
2784 4370 2848 4424 ad
2880 4371 3173 4437 pleniorem
3198 4386 3442 4428 sensum.

1866 4441 1965 4513 Ms.
1992 4440 2124 4503 .lnl.,
2154 4438 2230 4492 De
2262 4439 2607 4513 benevolentia
2628 4440 2781 4513 justi,
2823 4452 2867 4513 et
2899 4442 3118 4494 vindicta
3152 4444 3442 4513 impiorum.

1864 4511 2055 4564 Melius
2083 4522 2310 4582 utroque
2341 4508 2501 4582 forte,
2538 4510 2806 4572 Quomodo
2830 4511 3028 4582 [tutetur
3042 4508 3309 4582 justus'de
3328 4516 3443 4566 viu-

212 4581 349 4645 pend.
386 4584 541 4652 Aug.,
582 4577 769 4638 incidit
812 4577 1029 4652 paruam.
1077 4588 1215 4653 Aug.
1268 4584 1321 4637 in
1369 4583 1535 4653 I’sal.,
1569 4577 1759 4637 invenit
1791 4647 1830 4653 _
1866 4582 2003 4633 dicta
2026 4580 2316 4653 impiorum.
2341 4577 2537 4653 In_ﬁne
2558 4582 2839 4633 sententiae
2861 4579 2958 4633 Ms.
2981 4577 3085 4640 Jol.
3113 4583 3299 4638 multos
3322 4600 3443 4639 con-

213 4665 403 4716 penam.

269 4717 291 4755 ἀ
320 4721 383 4775 Ita
411 4739 507 4777 ms.
532 4722 638 4778 .lol.
665 4722 789 4789 Alii,
830 4723 1099 4791 Quomodo
1132 4724 1437 4777 erudiantur
1457 4723 1600 4777 boni.

273 4801 293 4865 ξ
321 4792 410 4865 Ms.
436 4794 539 4865 Jol.
564 4796 713 4849 addit
740 4794 889 4859 Quod
920 4812 1021 4847 non
1052 4795 1113 4847 sit
1138 4796 1487 4865 gloriandum.

276 4858 292 4897 ί
321 4862 439 4916 Mss.
465 4864 670 4937 Remig.
700 4858 894 4920 etlol.
928 4858 1245 4919 auctoritate
1290 4864 1538 4917 addimus
1568 4878 1756 4917 vocem

213 4944 335 4983 νειη.

271 5012 291 5046 ις
320 5003 405 5056 Ms.
432 5005 702 5070 Joliensis,
736 5005 855 5059 Non
886 5015 1025 5058 curet
1063 5006 1259 5071 regiam
1290 5012 1609 5071 potestatem.
1648 5003 1756 5058 Nec

213 5074 349 5145 male,
386 5076 427 5128 si
487 5078 841 5145 inspiciuntur
893 5076 1054 5128 verba
1117 5074 1233 5128 hmc
1281 5076 1584 5142 Augustini,
1637 5076 1756 5128 luco

211 5143 351 5194 citato
376 5160 389 5197 :
412 5146 531 5199 Noli
554 5143 795 5199 aviditate
817 5146 1103 5213 imperandi
1129 5160 1312 5212 ponere
1334 5147 1423 5197 tibi
1443 5156 1559 5196 ante
1580 5146 1756 5197 oculos

212 5215 474 5273 provincias
505 5218 794 5274 latissimas.
819 5233 919 5278 Qua
948 5226 1037 5268 tua
1062 5232 1225 5284 regna
1249 5215 1533 5284 diffundas,
1565 5226 1755 5267 terram

211 5294 345 5357 quam
372 5296 536 5355 portas
563 5303 699 5357 rege,
731 5287 871 5339 unde
897 5287 1037 5339 idem
1069 5301 1171 5338 ms.
1210 5301 1308 5351 pro
1337 5286 1491 5338 titulo
1526 5286 1753 5354 praefigit

1786 4647 1840 4706 Ι)
1867 4654 1989 4705 verti
2020 4647 2113 4704 abs

2154 4664 2223 4703 ue
2244 4662 2379 4703 voce
2409 4649 2506 4719 h‘ac
2530 4665 2696 4719 posse.

1940 4665 1988 4703 τι
2020 4665 2113 4704 aus
2154 4665 2223 4703 ue
2244 4665 2379 4703 voce
2410 4665 2506 4699 nac
2530 4665 2696 4719 posse.

1940 4721 1959 4759 ι
1995 4722 2093 4775 Ms.
2116 4665 2393 4779 joltensis.
2421 4715 2500 4771 De
2528 4718 2777 4771 vincendo
2805 4720 2856 4771 in
2884 4720 3017 4775 bono
3050 4721 3265 4779 malum.
3311 4726 3438 4788 Alii,

1863 4791 1943 4846 De
1972 4790 2317 4873 simillatione,
2341 4789 2574 4853 scilicet,
2606 4788 2892 4843 dilectionis
2920 4793 3136 4859 inimici,
3160 4803 3272 4859 aut,
3300 4800 3442 4866 pacis

1860 4878 1972 4916 cum
2001 4875 2231 4913 1111171160.

1933 4942 1971 4969 ω
2002 4933 2192 4986 Colon.
2218 4937 2325 4982 vet.
2357 4928 2512 4991 edit.,
2542 4926 2623 4981 De
2652 4945 2803 4996 apere
2822 4934 3015 4984 amoris
3041 4944 3088 4985 et
3116 4934 3334 4989 timoris.

1930 5011 1959 5038 ιι
1990 5002 2082 5056 Sic
2110 4999 2515 5073 ms._JoIiensis.
2545 4998 2763 5073 Caneri,
2794 5000 2870 5053 De
2892 5003 3155 5073 felicitate.

1933 5081 1958 5107 ο
1988 5073 2064 5126 Ita
2088 5086 2189 5125 ms.
2216 5070 2490 5125 Joliensis.
2526 5073 2652 5131 Alii,
2682 5070 2756 5125 De
2784 5070 2939 5125 diuite
2964 5088 3206 5141 paupere.

1931 5153 1957 5191 ρ
1980 5144 2075 5196 Ms.
2113 5144 2348 5211 Remig,
2376 5141 2628 5211 quidquid
2655 5151 2749 5196 est.
2794 5142 2868 5195 Ita
2902 5146 3035 5213 Aug.
3081 5146 3133 5197 in
3169 5145 3438 5215 psalmum

1859 5214 2097 5268 citatum.

1931 5293 1959 5332 ιι
1990 5284 2086 5337 Ms.
2112 5280 2492 5353 JoliensistDe
2513 5283 2753 5353 gradibus
2776 5286 3131 5338 ascensionum
3159 5286 3228 5339 ad
3250 5285 3435 5343 Deum.

1860 5354 2052 5409 COI0u.
2084 5362 2167 5404 vet
2192 5353 2347 5413 edit.,
2381 5352 2459 5405 De
2485 5352 2698 5407 ascensu
2723 5354 2789 5405 ad
2822 5355 3007 5407 Deum.

1936 5435 1958 5462 τ
1988 5424 2082 5477 Ms.
2117 5422 2391 5484 Joliensis,
2423 5425 2787 5477 contemnendo
2816 5424 3029 5476 recedis.

1934 5504 1957 5568 ε
1992 5494 2136 5568 Idem
2162 5495 2263 5568 sub
2290 5496 2470 5568 (ineunt,
2503 5496 2547 5545 si
2575 5493 2858 5568 guw__De_o_;
2886 5495 2993 5568 alii.
3018 5496 3141 5564 quia
3167 5514 3283 5568 qua-
3314 5498 3439 5554 Deo.

1941 5567 1959 5600 ¹
1996 5565 2095 5618 Ms.
2114 5564 2386 5627 Joliensis,
2406 5563 2841 5635 Quandoaliquid
2866 5567 2988 5618 mali
3011 5563 3255 5635 poscitur,
3276 5568 3436 5625 Deus.

1866 5635 1935 5689 Et
1963 5635 2014 5688 in
2042 5644 2189 5689 textu
2235 5636 2534 5699 sententia),
2568 5632 2763 5701 aliquid
2795 5635 2938 5699 mali,
2970 5639 3061 5691 ubi
3101 5640 3187 5693 alii
3224 5632 3440 5696 Codices

1866 5706 2086 5769 habent,
2119 5703 2315 5767 aliquid
2343 5703 2492 5755 male.

1933 5784 1961 5810 ιι
1990 5775 2086 5828 Ms.
2120 5774 2341 5829 Julicns.
2377 5784 2429 5829 et
2464 5773 2593 5827 edit.
2622 5771 2814 5830 Colon.
2852 5784 2982 5843 Vet.,
3010 5794 3155 5846 vera;
3202 5791 3257 5837 ut
3288 5779 3429 5846 apud

215 5347 317 5404 huic
342 5347 643 5422 sententiae:
666 5347 895 5423 Qualiter
921 5374 1022 5408 non
1044 5347 1279 5411 curemus
1304 5357 1499 5427 regiam
1527 5347 1747 5426 potesfa-

214 5427 315 5493 len}.
345 5432 395 5476 et
420 5428 467 5477 in
494 5441 663 5491 textu,
694 5429 829 5479 novit
860 5442 955 5493 pro
983 5428 1197 5478 noverit.

216 5486 296 5608 In:
439 5486 670 5579 codices,
701 5498 762 5551 de
790 5486 940 5568 pana
962 5507 1005 5549 et
1028 5498 1258 5568 justitia.
1286 5496 1511 5567 Reliqua
1544 5498 1758 5565 supplet

289 5600 301 5611 .
354 5582 382 5613 ι)
406 5581 581 5618 IBIISIS.

278 5584 301 5611 ὓ.
354 5585 365 5611 Ι

278 5584 710 5709 inglsliel'iislirnsis,
742 5636 857 5709 Hoc
886 5635 1007 5709 colit
1035 5636 1184 5709 homo
1210 5637 1347 5709 quod
1372 5637 1567 5709 diligit.
1596 5636 1757 5692 Forte

220 5699 382 5754 melius
403 5702 451 5757 in
477 5707 594 5762 aliis
619 5699 834 5779 legeris,
860 5708 1131 5774 Quomodo
1154 5708 1295 5763 Deus
1317 5699 1600 5780 diligitur;
1624 5723 1751 5779 non,

222 5771 341 5834 Quid
354 5778 602 5846 diligatur.
