3978 6178
468 333 576 391 ιῦδ
1701 316 1762 375 S.
1802 314 2039 373 PROSPI

2181 310 2511 380 AQUITANI
3634 304 3746 361 tet

469 447 723 511 culimus,
753 442 846 499 sed
878 438 1124 496 tacendo.
1153 434 1337 507 Neque
1367 432 1509 489 enim
1541 429 1795 485 mentitus
1820 436 1906 484 est
1938 427 2044 483 Do-
2075 430 2122 487 Α
2151 424 2204 476 in
2232 423 2449 476 altumIn
2476 420 2725 491 captivam
2754 418 2904 472 duxit
2932 418 3295 511 captiuitatent,
3320 416 3462 472 dedit
3490 416 3627 470 dona
3653 416 3749 470 ho—

473 538 672 602 minus,
698 509 789 589 ubi
819 533 895 587 ait
933 528 1116 601 (Joan.
1148 543 1254 592 χιιι,
1289 524 1403 597 η),
1428 533 1455 561 ι
1503 522 1673 577 Multa
1712 520 1873 574 habeo
1915 519 2055 573 vobis
2159 516 2383 568 minibus
2435 511 2658 581 (Ephes.
2725 530 2799 578 tv,
2840 514 2920 581 8).
3004 510 3136 566 Inde
3180 509 3373 575 habet,
3415 510 3753 578 quicumque

473 631 664 693 dicere,
695 627 784 681 sed
812 641 915 680 non
940 622 1149 695 potestis
1177 619 1275 675 illa
1299 626 1506 690 portare
1536 617 1686 671 modo
1713 616 1869 687 (Aug.
1901 613 2052 679 ibid.,
2158 605 2340 695 habet.
2365 604 2620 695 Quisquis
2645 613 2822 695 autem
2848 602 2973 657 inde
2994 602 3202 695 habere
3226 616 3287 695 se
3314 611 3496 695 negat,
3520 610 3752 695 attinnt:

473 738 523 776 c.
554 689 669 785 I0).
941 689 952 695 ⁷
1302 689 1305 690 ⁷
2159 694 2338 760 habet,
2367 702 2462 747 aut
2488 693 2538 747 id
2564 692 2703 761 quod
2729 692 2890 747 habet
2916 691 3194 747 auferetur
3218 691 3288 747 ab
3312 706 3380 746 eo
3404 690 3568 762 (Aug.
3595 689 3749 757 ibid,

471 784 674 867 CCLVI
703 806 871 880 [Alias
892 801 1117 875 CCLV].
1144 800 1173 841 ι’
1203 799 1282 856 De
1317 800 1483 871 primo
1510 806 1558 853 et
1582 796 1807 852 secundo
1832 794 2058 849 homine.
2158 802 2207 841 ε.
2618 785 2980 880 ινδιξ-Ἥρω.
3002 784 3088 880 ιι).

540 901 602 953 ιη
636 874 808 966 primo
837 896 1056 950 homine
1086 874 1277 964 patuit,
1306 901 1328 930 ε
1353 890 1482 960 quid
1513 888 1751 943 hominis
1772 885 2056 940 arbitrium
2227 876 2432 934 cum
2464 876 2634 950 [Alias
2675 874 2899 945 eum.
2931 885 2960 913 ιι
2993 875 3131 941 Quid
3162 891 3252 947 per
3279 875 3685 930 inobedientiam

471 990 679 1044 valeret
710 988 775 1043 ad
805 996 1033 1042 mortem
1063 1004 1076 1039 :
1107 985 1159 1038 iti
1190 981 1425 1037 secundo
1452 989 1652 1043 autem,
1682 976 1809 1048 quid
1835 976 1930 1032 Dei
1960 974 2059 1029 ad-
2741 967 2967 1037 perdidit
2996 966 3171 1021 homo.

472 1081 731 1152 jutorium
755 1078 961 1134 valeret
987 1075 1054 1131 ad
1084 1075 1267 1132 vitam.
1323 1072 1535 1127 Primus
1561 1070 1705 1127 enim
1732 1068 1918 1129 homo.
1950 1080 2059 1121 non
2234 1059 2405 1115 Homo
2434 1058 2607 1113 factus
2638 1068 2755 1112 erat
2784 1058 3128 1125 immortalis,
3180 1057 3323 1113 Deus
3374 1072 3499 1114 esse
3534 1058 3711 1114 voluit
3737 1074 3752 1115 :

475 1148 581 1228 nisi
634 1174 795 1225 homo
843 1186 857 1224 :
906 1167 1177 1224 secundus
1225 1179 1354 1220 vero
1396 1165 1579 1227 homo,
1624 1162 1763 1215 Deus
1790 1167 1846 1213 et
1875 1158 2058 1212 homo.
2162 1166 2269 1206 non
2294 1150 2679 1220 perdiditquod
2698 1150 2860 1206 homo
2891 1160 3029 1214 erat,
3049 1149 3187 1203 °sed
3218 1148 3456 1219 perdidit
3475 1150 3623 1218 quod
3656 1150 3759 1204 im-

476 1256 759 1318 Peccatum
790 1260 952 1331 579
979 1274 1110 1328 ergo
1130 1256 1326 1312 factum
1349 1264 1453 1322 est,
1484 1253 1674 1308 relicto
1699 1252 1830 1311 Deo;
1855 1248 2058 1319 iustitia
2162 1242 2407 1297 mortalis
2443 1249 2591 1306 erat;
2640 1250 2695 1295 et
2720 1251 2749 1290 Ρ
2780 1241 2848 1296 de
2896 1240 3272 1297 inobedientite
3310 1241 3569 1311 superbia
3623 1257 3759 1298 con-

475 1369 586 1409 non
610 1354 669 1408 lit
692 1354 808 1408 sine
843 1354 950 1405 Deo
978 1351 1138 1420 (Aug.
1166 1364 1251 1417 ep.
1276 1348 1344 1401 ad
1368 1344 1695 1406 Dardanum,
1718 1358 1764 1395 c.
1788 1341 1842 1407 9,
1867 1356 1918 1394 η.
1943 1336 2057 1410 50).
2164 1344 2332 1389 tracta
2362 1343 2444 1387 est
2465 1348 2625 1403 paena
2652 1341 2880 1389 naturae.

648 1441 868 1499 CCLVII
900 1442 1065 1514 [Alias
1092 1436 1340 1508 CCLVI].
1368 1437 1397 1473 α
1430 1434 1507 1489 De
1537 1434 1663 1505 legis
1694 1433 1887 1487 littera.
2198 1422 2426 1480 CCLXII
2458 1423 2625 1496 [Alias
2653 1422 2903 1494 CCLXI].
2941 1423 3013 1477 De
3038 1424 3240 1479 laudes
3265 1432 3314 1479 et
3339 1426 3551 1496 pramtio
3573 1425 3726 1495 ﬁdei.

548 1537 706 1607 Legis
749 1536 925 1591 littera
957 1548 1077 1601 qua:
1106 1532 1267 1586 docet
1306 1545 1412 1583 non
1458 1542 1583 1583 esse
1630 1522 1984 1593 peccandum,
2016 1521 2062 1575 si
2236 1516 2377 1571 Laus
2422 1515 2545 1570 ﬁdei
2572 1526 2787 1571 estnon
2818 1517 2934 1569 visa
2965 1516 3192 1573 credere
3224 1534 3236 1569 ε
3269 1518 3553 1587 praemium
3599 1517 3765 1590 580

479 1605 713 1699 Spiritus
738 1627 1037 1681 viviﬁcator
1057 1623 1221 1686 desit,
1251 1621 1468 1676 occidit.
1488 1618 1680 1673 °Scire
1707 1616 1849 1670 enim
1874 1627 2063 1683 pecca-
2166 1606 2289 1671 erit,
2322 1605 2654 1661 creditorum
2690 1606 2977 1675 adeptione
3004 1607 3260 1676 gaudere.

481 1695 593 1773 tum
624 1717 800 1786 potius
831 1714 957 1770 facit
984 1728 1145 1783 quam
1196 1725 1421 1773 cavere;
1447 1719 1501 1764 et
1530 1708 1654 1763 ideo
1682 1704 1853 1775 magis
1882 1702 2064 1774 augeri
2236 1697 2485 1754 CCLXIII
2513 1698 2679 1771 [Alias
2700 1696 2969 1769 CCLXII].
2997 1708 3020 1735 τ
3044 1695 3149 1752 Cur
3181 1698 3455 1768 Sapientia
3479 1697 3581 1753 Dei
3607 1716 3699 1761 per

481 1824 643 1879 quam
676 1808 881 1862 minui:
909 1805 1034 1876 quia
1068 1803 1223 1857 malae
1256 1799 1710 1869 concupiscentiae
1749 1798 1907 1851 etiam
1932 1810 2069 1865 prte-
2100 1800 2145 1860 Β
2561 1804 2773 1842 carnem
2800 1790 2871 1842 ad
2903 1789 3133 1844 homines
3156 1792 3365 1843 venerit.

484 1877 747 1954 uaricatio
767 1898 899 1967 legis
919 1895 1124 1950 accedit
1156 1894 1316 1965 (Aug.
1350 1892 1438 1945 lib.
1466 1892 1527 1945 de
1548 1890 1752 1960 Spiritu
1779 1898 1825 1942 et
1848 1887 2062 1951 Littera,
2243 1877 2398 1935 Sicut
2426 1878 2510 1934 lac
2533 1894 2640 1933 non
2668 1880 2857 1934 transit
2882 1878 2983 1933 nisi
3006 1895 3105 1949 per
3129 1894 3365 1947 carnem,
3392 1891 3449 1935 ut
3477 1883 3763 1951 parvulum

481 2010 530 2047 ε,
565 1992 645 2059 ες),
1312 1975 1331 1994 '
2171 1978 2357 2039 pascat
2382 1970 2475 2041 qui
2506 1984 2698 2039 panem
2724 1969 2886 2026 edere
2917 1986 3025 2026 non
3053 1980 3261 2041 potest;
3293 1972 3375 2026 sic
3401 1972 3509 2027 nisi
3536 1973 3758 2043 Sapien-

482 2081 731 2139 CCLVIII
760 2080 926 2154 [Alias
956 2077 1225 2149 CCLVIII.
1255 2077 1333 2131 De
1362 2076 1607 2130 mandato
1644 2074 1742 2128 Dei
1781 2082 1829 2127 et
1866 2073 2065 2128 timore.
2170 2065 2242 2118 tia
2272 2063 2402 2131 Dei,
2431 2079 2552 2134 qua:
2583 2064 2740 2134 panis
2786 2071 2871 2118 est
2914 2065 3251 2134 angelorum,
3285 2063 3351 2117 ad
3405 2062 3653 2120 homines
3676 2064 3755 2118 (ιι.

556 2171 862 2227 Mandatum
913 2169 1010 2223 Dei
1056 2169 1102 2223 si
1138 2169 1333 2222 timore
1375 2166 1435 2220 llt
1480 2180 1674 2236 poenae,
1735 2178 1841 2219 non
1885 2177 2071 2217 amore
2171 2163 2426 2227 gnaretur
2447 2156 2632 2212 venire
2662 2170 2758 2224 per
2784 2169 3027 2221 carnem,
3056 2170 3215 2210 nemo
3242 2155 3312 2210 ad
3335 2154 3501 2210 Verbi
3526 2166 3757 2212 contem-

483 2263 727 2335 iustitim,
759 2260 1033 2316 serviliter
1082 2259 1161 2324 tit,
1214 2274 1319 2314 non
1352 2257 1676 2321 liberaliter;
1710 2265 1765 2311 et
1812 2255 1933 2309 ideo
1972 2267 2071 2308 nec
2174 2248 2425 2318 plantlam
2456 2248 2792 2307 divinitatem
2825 2256 3008 2319 posset
3034 2246 3319 2303 accedere.
3345 2247 3486 2315 Quia
3513 2263 3651 2319 ergo
3680 2249 3762 2303 lux

484 2355 564 2410 fit.
596 2352 711 2408 Non
734 2353 878 2407 enim
904 2351 1079 2407 bonus
1112 2351 1315 2406 fructus
1343 2359 1427 2407 est
1480 2348 1571 2419 qui
1600 2364 1706 2404 non
1739 2346 1759 2385 ί
1793 2348 1863 2403 de
1891 2346 2069 2402 chari-
2173 2356 2204 2395 a
2237 2341 2471 2396 tenebris
2494 2356 2599 2396 non
2628 2348 2838 2411 poterat
2867 2340 3280 2409 comprehendi,
3311 2340 3422 2409 ipsa
3446 2339 3540 2394 lux
3567 2349 3765 2395 morta-

488 2446 614 2500 tatis
636 2444 817 2499 radice
846 2443 1089 2513 procedit
1113 2443 1272 2513 (Aug.
1302 2442 1452 2511 ibid.,
1478 2458 1524 2495 c.
1554 2442 1665 2510 lt).
2176 2432 2381 2487 litatem
2412 2432 2574 2488 subiit
2599 2433 2971 2501 tenebrarum,
2999 2441 3055 2487 et
3082 2447 3177 2500 per
3206 2432 3624 2495 similitudinem
3650 2447 3767 2487 car-

524 2537 726 2595 CCLIX
755 2537 921 2610 [Alias
946 2533 1242 2605 CCLVIII].
1273 2544 1299 2583 κ
1332 2534 1485 2601 Quod
1516 2536 1599 2588 lex
1634 2533 1731 2588 Dei
1753 2534 2036 2588 secundum
2178 2524 2261 2578 nis
2291 2525 2515 2592 peccati,
2547 2524 3014 2594 participationem
3042 2524 3192 2580 dedit
3222 2523 3439 2579 luminis
3466 2525 3579 2579 veri
3602 2524 3762 2597 (Aug.

1097 2636 1336 2681 naturam
1366 2627 1454 2680 sit.
2174 2621 2229 2675 in
2258 2638 2334 2691 ps.
2371 2636 2540 2675 xxxm
2568 2638 2668 2675 seri

1428 2635 1454 2679 ξ.
2174 2621 2229 2675 in
2258 2638 2334 2691 ps.
2371 2636 2540 2675 xxxm
2568 2637 2722 2675 serm.
2756 2623 2807 2683 1,
2837 2638 2889 2673 n.
2919 2618 2999 2690 6).

557 2720 666 2775 Lex
696 2719 790 2775 Dei
820 2716 1115 2774 secundum
1148 2726 1391 2771 naturam
1428 2724 1533 2779 est,
1562 2726 1619 2771 et
1666 2730 1791 2771 cum
1823 2714 2075 2768 homines
2326 2710 2582 2767 CCLXIV
2611 2709 2779 2783 [Alias
2807 2708 3103 2782 CCLXIII].
3138 2717 3162 2746 ⁸
3194 2709 3272 2765 De
3300 2710 3434 2763 bona
3460 2710 3622 2781 fama.

490 2828 606 2883 qua:
642 2812 777 2881 legis
814 2820 939 2866 sunt
961 2809 1183 2875 faciunt,
1214 2808 1243 2844 ιι
1282 2809 1602 2863 naturaliter
1641 2808 1864 2872 faciunt,
1915 2822 2075 2875 supe—
2247 2802 2392 2857 Odor
2420 2802 2597 2858 bonus
2628 2801 2771 2855 fama
2799 2802 2935 2856 bona
2962 2811 3067 2869 est,
3097 2801 3116 2836 ‘
3150 2814 3310 2869 quam
3343 2800 3589 2870 quisquis
3616 2800 3769 2854 bona

490 2910 609 2958 rato
635 2902 785 2968 vitio,
811 2901 955 2971 quod
978 2915 1079 2957 nec
1107 2900 1418 2973 praasidium
1448 2901 1582 2970 legis
1607 2899 1921 2954 abstulerat.
1942 2897 2073 2953 Cum
2177 2894 2299 2948 vita:
2327 2893 2584 2962 operibus
2613 2891 2884 2957 habuerit,
2930 2893 3058 2947 dum
3098 2891 3299 2946 Christi
3326 2893 3548 2961 vestigia
3590 2891 3771 2958 sequi-

491 2996 673 3064 itaque
707 3009 803 3063 per
843 2995 1068 3064 gratiam
1110 2995 1194 3049 lex
1238 2993 1335 3049 Dei
1375 2993 1429 3047 in
1484 2992 1739 3046 cordibus
1772 2989 1789 3028 ί
1825 2990 2077 3045 scribitur
2177 2998 2287 3053 tur,
2315 2986 2482 3058 pedes
2508 2986 2909 3055 quodammodo
2931 2986 3049 3053 eius
3072 2985 3291 3054 pretiosi
3320 2985 3579 3055 unguenti
3604 2984 3770 3040 odore

493 3086 666 3156 (Rom.
697 3100 754 3153 ιι,
787 3084 897 3156 Ii),
930 3099 1052 3156 qua:
1085 3085 1215 3156 legis
1254 3095 1382 3139 sunt
1408 3083 1725 3138 naturaliter
1754 3084 1917 3147 fiunt;
1964 3097 2073 3136 non
2178 3078 2454 3149 perfundit
2481 3078 2638 3149 (Aug.
2665 3077 2701 3130 l.
2726 3092 2783 3131 ιιι
2815 3076 2879 3130 de
2912 3076 3090 3130 Doctr.
3114 3074 3306 3129 Christi
3327 3091 3373 3129 c.
3402 3075 3517 3141 l2).

492 3177 613 3246 quia
646 3191 739 3246 per
770 3186 1015 3231 naturam
1042 3177 1055 3227 i
1090 3186 1361 3246 praeventa
1386 3177 1455 3229 sit
1476 3175 1667 3244 gratia,
1699 3173 1793 3229 sed
1822 3175 1945 3244 quia
1975 3190 2067 3243 per
2096 3171 2142 3234 C
2242 3166 2468 3224 CCLXV
2498 3167 2665 3239 [Alias
2689 3164 2985 3237 CCLXIV].
3018 3173 3047 3202 ιι
3084 3164 3223 3233 Quid
3262 3174 3396 3219 recte
3425 3165 3700 3237 diligatur.

494 3270 714 3339 gratiam
744 3278 990 3335 reparata
1021 3277 1209 3322 natura
1236 3268 1391 3338 (Aug.
1426 3266 1579 3335 ibid.,
1611 3282 1658 3319 c.
1686 3265 1804 3336 27).
2250 3257 2365 3312 Non
2390 3270 2470 3311 est
2499 3258 2551 3311 in
2580 3256 2818 3312 carendo
2847 3255 3157 3319 difﬁcultas,
3190 3256 3291 3309 nisi
3318 3270 3439 3311 cum
3471 3264 3556 3310 est
3584 3259 3639 3310 in
3674 3255 3769 3309 hac

525 3357 706 3413 CCLX
733 3356 898 3428 [Alias
924 3353 1170 3425 CCLIX].
1193 3354 1222 3394 ιι
1251 3354 1330 3409 De
1359 3356 1528 3426 gloria
1553 3371 1655 3409 non
1679 3354 1914 3409 habenda
1940 3355 2042 3409 nisi
2182 3349 2359 3404 bendo
2400 3348 2667 3416 cupiditas
2709 3365 2722 3400 :
2753 3356 2807 3402 et
2836 3347 2959 3402 ideo
2989 3347 3043 3401 id
3089 3348 3263 3401 solum
3312 3358 3460 3403 recte
3501 3349 3768 3419 diligitur,

1174 3447 1231 3498 in
1260 3443 1389 3499 Deo.
2178 3438 2325 3509 quod
2359 3452 2649 3506 numquam
2677 3438 2815 3492 bene
2846 3438 3111 3491 amittitur
3140 3436 3294 3507 (Aug.
3324 3437 3450 3490 ibid.
3481 3454 3528 3489 c.
3552 3439 3666 3506 18).

566 3536 735 3591 Nemo
762 3535 782 3574 ι
816 3551 882 3591 ex
912 3550 977 3591 eo
1007 3535 1151 3606 quod
1173 3534 1385 3590 videtur
1408 3534 1608 3589 habere
1635 3533 1917 3604 glorietur,
1941 3541 2078 3589 tam-
2212 3525 2461 3582 CCLXVI
2492 3524 2659 3598 [Alias
2678 3521 2951 3594 CCLXV].
2979 3534 3008 3565 ν
3032 3524 3109 3579 De
3128 3524 3390 3594 insipienti
3419 3524 3737 3595 eloquentia.

498 3642 655 3698 quam
706 3642 812 3681 non
854 3626 1152 3696 acceperit;
1199 3632 1294 3679 aut
1335 3624 1460 3680 ideo
1490 3640 1551 3679 se
1585 3633 1733 3695 putet
1781 3625 2075 3693 accepisse,
2251 3621 2351 3687 Qui
2378 3619 2552 3675 afﬂuit
2572 3628 2601 3657 ι
2630 3616 2908 3688 insipienti
2937 3617 3269 3686 eloquentia,
3301 3625 3453 3671 tanto
3484 3620 3655 3687 magis
3682 3632 3773 3671 ca-

498 3719 618 3786 quia
649 3718 830 3773 littera
857 3718 1198 3773 extrinsecus
1216 3716 1303 3771 vel
1330 3714 1673 3786 utlegeretur
1700 3716 1969 3786 apparuit,
1991 3715 2083 3770 vel
2180 3712 2386 3768 rendus
2414 3719 2518 3778 est,
2564 3718 2767 3781 quanto
2795 3710 2963 3779 magis
3008 3710 3075 3765 ab
3099 3724 3185 3775 eo,
3220 3710 3273 3764 in
3307 3710 3390 3764 his
3418 3725 3541 3779 qua:
3583 3711 3773 3767 audire

503 3814 563 3858 ut
585 3804 871 3860 audiretur
891 3803 1139 3858 insonuit
1159 3802 1203 3874 (I
1224 3800 1347 3856 Cor.
1369 3818 1443 3856 tv.
1464 3802 1540 3871 7).
1566 3801 1701 3855 Nam
1730 3801 1776 3853 si
1800 3814 1892 3869 per
1919 3797 2088 3868 legem
2182 3804 2371 3859 inutile
2399 3812 2501 3867 est,
2532 3802 2832 3856 delectatur
2859 3799 3095 3867 auditor,
3142 3810 3198 3856 et
3224 3816 3346 3856 eum
3374 3816 3536 3869 quem
3578 3814 3773 3857 ornate

496 3898 727 3965 justitia,
756 3913 879 3965 ergo
899 3894 1136 3951 Christus
1158 3893 1326 3964 gratis
1359 3901 1594 3947 mortuus
1621 3902 1695 3947 est
1722 3890 1869 3960 (Gal.
1894 3905 1957 3953 ιι,
1979 3887 2093 3958 21).
2182 3894 2363 3950 dicere
2394 3892 2565 3954 audit,
2597 3894 2756 3946 etiam
2789 3906 2916 3947 vere
2960 3891 3144 3947 dicere
3187 3891 3461 3947 existimat
3485 3890 3647 3963 (Aug.
3676 3892 3767 3946 lib.

498 3984 662 4039 Porro
690 3992 868 4040 autem
908 3986 953 4038 si
991 3999 1102 4039 non
1149 3985 1315 4055 gratis
1355 3993 1595 4039 mortuus
1627 3992 1738 4049 est;
1778 3984 2078 4039 Ascendens
2184 4001 2237 4040 tv
2266 3988 2329 4039 de
2354 3985 2503 4039 Doct.
2536 3981 2745 4051 Christi,
2778 3998 2827 4035 c.
2858 3980 2938 4051 5).

498 4142 632 4204 Aug.
658 4135 762 4189 Alii
790 4132 1029 4199 codices,
1062 4150 1255 4188 verum.
1282 4131 1473 4188 Colon.
1510 4145 1619 4189 vet.
1650 4134 1806 4202 edit.,
1847 4134 2079 4187 occulta-
2180 4152 2334 4205 quam
2365 4151 2463 4187 non
2495 4135 2737 4200 acceptis.

498 4224 630 4260 mus.
896 4272 899 4273 ν
1204 4271 1211 4273 ᾼ
2183 4203 2201 4235 ’⁷
2261 4203 2276 4242 ¹
2314 4205 2410 4258 Ms.
2440 4205 2712 4263 Joliensis.
2748 4206 2801 4257 in
2831 4220 2887 4258 eo
2917 4207 3075 4273 quod.

571 4286 603 4353 ξι-
629 4274 851 4353 Ita_post
878 4272 1099 4353 August.
1126 4273 1178 4326 in
1202 4271 1304 4353 hoc
1331 4273 1470 4330 libro
1493 4288 1622 4328 mss.
1658 4274 1865 4344 Remig.
1889 4283 1945 4327 et
1968 4273 2077 4330 JoI.
2254 4284 2293 4311 ω
2326 4275 2853 4353 Μεεηῐῖβιιιίεἰιιιιιιε,
2886 4271 3183 4347 captivauit,
3215 4286 3269 4331 et
3300 4276 3461 4339 infra,
3493 4276 3637 4332 Nam
3681 4290 3770 4335 ast

498 4345 606 4401 Alii
629 4344 847 4401 codices
868 4344 1063 4409 nostri,
1096 4359 1209 4395 cum
1239 4345 1333 4396 ait.
2184 4361 2288 4398 non
2319 4361 2430 4400 uere
2459 4345 2629 4400 habet.

566 4416 594 4455 ιι
623 4416 821 4489 Itams.
850 4413 1125 4489 Jolicnsis.
1152 4413 1259 4467 Alii
1283 4427 1430 4489 itero,
1462 4412 1537 4468 De
1559 4413 1719 4489 libero
1737 4414 1969 4468 arbitrio.
2221 4425 2281 4489 --ξι
2312 4416 2399 4489 Sic
2428 4430 2527 4489 ius.
2560 4414 2835 4489 .loliensis.
2855 4486 2863 4489 Α
2883 4414 3018 4489 ᾼΙίίὲ
3057 4414 3133 4489 De
3162 4415 3365 4469 homine
3412 4430 3459 4469 et
3486 4421 3767 4489 superbia;

573 4498 595 4557 ς
624 4485 814 4541 Colon.
846 4494 954 4557 vet.
977 4483 1134 4557 edit.,
1161 4483 1323 4557 quod,
1350 4483 1435 4537 hic
1462 4495 1517 4537 et
1541 4485 1699 4553 paulo
1720 4494 1862 4555 post.
2096 4544 2144 4557 ﬁ
2184 4485 2296 4549 alii,
2342 4485 2416 4540 De
2445 4486 2664 4539 hominis
2693 4486 2946 4557 superbia.
2977 4485 3169 4541 Colon.
3200 4497 3310 4541 vel.
3349 4489 3507 4551 edit.,
3550 4483 3637 4544 7De
3682 4483 3770 4546 σιιὲ

569 4556 595 4594 ἀ
739 4554 976 4635 Ins._lol.
1004 4544 1230 4635 Αὶῇζρε
1257 4544 1363 4634 lege
1385 4565 1430 4607 et
1455 4544 1680 4625 peccato.
1720 4544 1736 4555 ’
1848 4626 1859 4635 ⁸
1956 4634 1963 4635 7
2020 4624 2032 4635 _
2096 4544 2149 4605 D
2177 4544 2352 4635 per-bid
2377 4556 2752 4635 inobedientitg.

573 4637 596 4664 ε
627 4628 723 4699 Ms.
756 4624 1032 4699 Juliensis,
1067 4626 1203 4680 Sciri
1232 4630 1482 4678 enim.....
1514 4642 1667 4699 quam
1693 4626 1880 4690 caveri,
1913 4634 1971 4681 ut
2017 4624 2073 4679 in
2180 4624 2183 4625 ⁷
2249 4635 2273 4661 ο
2307 4628 2403 4699 Ms.
2431 4626 2666 4699 Remig,
2699 4625 2807 4681 Sed
2845 4625 2966 4695 quia
2982 4626 3215 4680 mortalis
3244 4624 3405 4696 (forte
3434 4628 3764 4699 immortalis)

502 4699 649 4765 libro,
667 4696 892 4765 August.
918 4696 1060 4750 unde
1089 4704 1301 4763 sumpta
1328 4706 1411 4765 est
1441 4696 1725 4749 sententia.
2181 4712 2289 4749 esse
2320 4697 2501 4749 voluit.

558 4766 595 4851 ,ί
624 4764 827 4851 Colon:
847 4775 957 4851 vet.
986 4765 1171 4851 _edit.,.
1202 4766 1267 4819 de
1296 4764 1542 4851 charitate
1570 4766 1815 4836 procedit.
1839 4766 1935 4822 Ms.
1970 4765 2075 4820 Re-
2248 4776 2277 4851 ξ
2440 4766 2690 4851 ltiliens.,
2721 4775 2767 4820 et
2794 4765 3136 4851 inobedientia
3165 4767 3436 4848 sttperbt'a’.

500 4841 653 4907 mig.,
686 4838 749 4890 de
777 4837 1026 4889 charitate
1056 4835 1229 4888 radice
1255 4836 1503 4902 procedit.
1572 4835 1577 4836 ⁷

510 4980 543 4989 _
572 4919 596 4956 ς
613 4908 718 4989 _Sic
746 4922 848 4989 ms.
875 4905 1152 4989 Julieusis.
1170 4906 1275 4962 Alii
1303 4906 1443 4972 libri,
1468 4906 1547 4961 De
1567 4905 1700 4977 lege.
1723 4906 1915 4962 Colon.
1938 4915 2071 4970 vet.,

2250 4845 2277 4885 (ι
2309 4836 2403 4891 Ms.
2436 4836 2695 4891 Joliensis
2726 4839 2939 4905 supplet
2966 4845 3013 4890 et
3039 4835 3250 4908 prtemio

2216 4916 2274 4989 ..ι’
2304 4906 2399 4960 Ms.
2428 4906 2708 4989 Jtil._addit
2730 4922 2916 4989 trucem
2938 4906 3125 4989 Deiad
3153 4907 3363 4989 titulum
3393 4906 3471 4961 De
3497 4908 3764 4989 Sapientia

500 4980 579 5049 De
606 4979 714 5043 lege
743 4978 795 5030 in
824 4987 1027 5049 natura.
1224 5046 1245 5049 _
1286 5046 1319 5049 υ
1430 5048 1435 5049 ν
1530 5047 1558 5049 Α
1620 4975 1633 4977 ⁷
1899 5046 1909 5049 _
2180 4975 2405 5030 aliorum
2433 4979 2699 5049 codicum.
2740 4976 2950 5049 Colon.
2973 4988 3077 5030 vet.
3113 4979 3270 5040 edit.,
3314 4978 3391 5031 De
3410 4975 3671 5049 sapientia
3713 4981 3766 5033 in

570 5047 599 5087 ιι
628 5051 755 5104 Mss.
783 5047 1123 5117 Remigianus
1143 5056 1192 5101 et
1216 5046 1651 5119 Joliensisaliter
1674 5049 1870 5103 habent
1899 5046 2073 5102 locum
2179 5047 2591 5119 contemplanda.
2624 5048 2782 5101 Forte
2812 5047 3022 5114 plenius
3043 5049 3336 5113 diceretur,
3366 5046 3541 5119 Quare
3560 5051 3768 5116 sapien-

500 5123 661 5177 istum
688 5134 703 5173 :
736 5116 1107 5185 scilicet'post,
1130 5118 1433 5171 naturaliter
1457 5118 1673 5185 faciunt,
1698 5128 1933 5188 superato
1954 5119 2074 5171 vitio
2178 5120 2248 5172 tia
2276 5116 2466 5170 Dei‘ad
2494 5118 2725 5171 homines
2753 5119 2943 5170 venerit
2972 5134 3062 5188 per
3099 5134 3326 5172 carnem.
3371 5118 3501 5183 Aut,
3532 5119 3639 5174 Cur
3673 5137 3766 5174 sa-

500 5193 635 5256 quod
668 5201 878 5259 natura;
920 5189 1219 5257 prmaidium
1266 5188 1390 5258 legis
1438 5189 1738 5259 abstulerat.
1794 5189 2074 5256 Augustini
2179 5190 2370 5259 pientia
2400 5188 2491 5259 Dei
2516 5191 2783 5259 incuruata
2808 5189 2894 5241 sit.

498 5261 658 5315 verba
689 5270 837 5325 sunt,
868 5258 986 5313 loco
1012 5259 1174 5312 citato
1201 5259 1253 5311 in
1283 5258 1521 5326 margine
1552 5276 1563 5309 :
1602 5257 1831 5312 Proinde
1856 5266 2075 5311 natura-
2180 5257 2187 5259 ⁷
2254 5267 2274 5294 ⁸
2311 5259 2409 5313 Ms.
2438 5258 2567 5319 .loI.,
2600 5258 2677 5311 De
2706 5259 2861 5311 odore
2888 5258 3033 5313 bona:
3061 5258 3238 5324 fama.

500 5335 613 5386 liter
640 5330 867 5383 homines
889 5345 1002 5395 qua:
1031 5330 1155 5401 legis
1178 5338 1296 5383 sunt
1326 5329 1554 5401 faciunt;
1584 5332 1668 5401 qni
1690 5332 1824 5401 enim
1853 5330 1945 5401 hoc
1962 5345 2077 5401 non
2255 5330 2271 5365 ι
2301 5328 2545 5401 Sicmss.
2578 5327 2869 5401 Remigrat
2896 5328 3023 5392 ἔοι,
3048 5328 3608 5401 ςοηῖοιιιιιίῐετμίειῐιιί
3658 5330 3768 5384 Διι-

501 5403 719 5473 fariunt,
762 5401 1003 5473 uitiosuo
1054 5397 1154 5452 n'on
1183 5401 1398 5473 faciunt.
1436 5400 1548 5473 Quo
1592 5400 1712 5452 uitio
1756 5400 1839 5452 lea:
1878 5397 1977 5473 Dei
1994 5408 2077 5473 est
2178 5399 2375 5473 gustini
2422 5399 2556 5473 loco
2582 5397 2752 5473 citato
2783 5398 2847 5473 in
2894 5400 3152 5473 margine.
3196 5398 3299 5453 Alii
3326 5399 3565 5468 codices,
3609 5416 3765 5468 quam

500 5467 665 5528 deleta
687 5470 749 5523 de
777 5471 1054 5525 cordibus:
1085 5486 1146 5521 ac
1176 5486 1266 5537 per
1296 5470 1390 5523 hoc
1418 5468 1537 5523 uitio
1576 5480 1778 5539 sanato,
1821 5484 1935 5523 cum
1962 5469 2075 5523 illic
2176 5467 2508 5540 quisque...”
2537 5468 2729 5540 haurit,
2759 5469 2883 5521 dum
2910 5467 3119 5540 Christi,
3149 5477 3257 5540 etc.

499 5544 755 5605 scribitur,
784 5541 912 5607 ﬁunt
941 5557 1054 5604 qua:
1083 5542 1206 5608 legis
1232 5550 1350 5594 sunt
1379 5540 1699 5595 naturaliter.
2189 5538 2194 5540 ⁷
2249 5548 2276 5576 υ
2305 5538 2379 5592 Ita
2405 5555 2505 5593 ms.
2540 5538 2811 5592 lolicnsis.
2841 5539 2948 5593 Alii
2971 5541 3203 5608 codices,
3236 5538 3313 5590 De
3341 5538 3639 5607 cupiditate.

575 5614 591 5650 ί
630 5612 726 5665 Ms.
759 5610 889 5673 .lul.,
921 5607 1232 5665 inscribitur.

2249 5620 2277 5649 τ
2309 5608 2449 5675 Alii,
2468 5619 2658 5675 praeter
2680 5625 2785 5663 IIIS.
2805 5608 2934 5675 Jol.,
2965 5607 3043 5662 De
3072 5607 3359 5678 eloquentia
3382 5608 3687 5679 insipientis.

574 5688 587 5751 l
632 5680 782 5751 Apud
810 5683 1265 5751 Augustqinegata
1286 5682 1351 5734 sit
1381 5682 1567 5749 gratia.
2251 5689 2278 5719 ³
2310 5682 2408 5735 Ms.
2444 5680 2677 5749 lietnig.,
2709 5681 3014 5750 insipientia:
3040 5680 3350 5751 eloquentia.

570 5750 599 5789 ll
630 5753 729 5827 Ms.
751 5748 1024 5816 Joliensis,
1054 5748 1203 5816 Quod
1223 5767 1321 5805 non
1340 5748 1616 5821 gloriemur
1638 5754 1700 5809 de
1722 5753 1927 5819 habitis,
1953 5761 2091 5807 tant-
