4028 6176
750 266 957 323 LIBER
994 265 1535 325 SENTENTIARUM
1570 264 1669 325 EX
1706 265 2050 326 OPERIBIJS
2085 267 2146 326 S.
2190 266 2565 328 AUGUSTINI
2603 263 3116 330 DELIBATARUM.

3460 276 3581 336 ses

368 378 645 438 CCLXVII
673 378 840 453 [Alias
866 376 1165 463 CCLXYI].
1197 388 1225 419 ⁸
1259 379 1335 435 De
1359 380 1535 436 indole
1561 380 1811 437 bonorum
1903 383 1961 444 Α
1983 394 2151 451 quam
2173 373 2568 437 desideratum.
2592 378 2766 435 Nemo
2787 372 2932 435 enim
2961 380 3087 450 plus
3117 379 3186 438 de
3214 380 3311 438 illo
3338 384 3576 442 aestimat

923 454 1261 523 ingeniorum.

364 563 636 619 Bonorum
668 563 1006 635 ingeniorum
1034 563 1184 619 clara
1212 573 1296 618 est
1324 562 1560 628 indoles,
1601 563 1658 618 in
1698 562 1882 618 verbis

290 653 676 710 disserentium
720 670 909 710 verum
956 668 1163 719 amare,
1214 668 1322 709 non
1357 655 1538 709 verba.
1569 653 1707 720 Quid
1735 654 1880 710 enim

286 746 515 816 prodest
537 747 703 801 clavis
730 761 916 814 aurea,
961 747 1006 801 si
1050 747 1265 815 aperire
1301 746 1441 815 quod
1488 746 1740 801 volumus
1770 761 1881 802 non

284 840 504 907 potest?
520 848 613 892 aut
635 837 766 908 quid
787 838 944 894 obest
969 840 1167 907 lignea,
1189 836 1216 876 δ
1236 838 1281 892 si
1307 837 1409 892 hoc
1431 838 1643 907 potest?
1662 838 1880 907 quando

278 928 422 983 nihil
466 930 780 999 quarrimus,
819 930 922 984 nisi
953 936 1138 999 patere
1162 928 1307 1000 quod
1336 928 1581 984 clausum
1608 937 1692 983 est
1714 928 1875 999 (Aug.

274 1023 442 1087 εδει,
474 1041 523 1079 ε.
551 1026 667 1094 ιι).

315 1111 622 1170 CCLXVIII
654 1110 1168 1187 [AliasACCLXVII].
1204 1124 1226 1153 ο
1256 1111 1335 1168 De
1364 1113 1631 1186 diligendo
1659 1122 1708 1170 et
1737 1131 1841 1169 non

798 1184 1065 1255 diligendo
1092 1196 1379 1255 peccatore.

350 1294 547 1351 Omnis
575 1306 847 1365 peccator,
877 1295 931 1350 in
961 1308 1221 1362 quantum
1255 1305 1503 1366 peccator
1524 1307 1629 1360 est.
1656 1312 1764 1353 non
1791 1305 1875 1351 est

269 1386 617 1457 diligendus;
671 1398 727 1441 et
769 1387 947 1442 omnis
990 1386 1177 1452 homo,
1204 1388 1254 1442 in
1282 1398 1542 1457 quantum
1577 1389 1738 1443 homo
1767 1399 1868 1455 est,

266 1480 585 1550 diligendus
607 1487 690 1533 est
711 1488 928 1547 propter
950 1479 1141 1542 Deum,
1172 1480 1315 1535 Deus
1332 1494 1461 1534 vero
1486 1488 1705 1550 propter
1729 1482 1873 1550 seip-

264 1582 395 1623 sum
425 1586 437 1622 :
464 1583 495 1622 a
526 1581 631 1636 quo
661 1569 857 1623 habent
888 1583 1074 1624 omnes
1096 1569 1186 1640 qui
1216 1585 1337 1625 eum
1368 1570 1619 1640 diligunt,
1646 1572 1870 1641 etquod

264 1672 423 1729 sunt,
455 1671 512 1717 et
533 1662 676 1732 quod
707 1675 832 1717 eum
861 1662 1091 1734 diligunt
1120 1662 1279 1735 (Aug.
1304 1663 1342 1717 l.
1368 1678 1385 1719 ι
1407 1664 1471 1718 de
1499 1662 1652 1719 Doct.
1678 1663 1869 1721 Christ.

262 1770 317 1807 ι.
352 1754 474 1824 27).

263 1843 530 1903 CCLXIX
549 1850 715 1923 [Alias
735 1848 1297 1976 Οϐιξξῐὲὶᾶἓὲκοά
1324 1855 1492 1923 prima
1516 1853 1583 1907 ad
1600 1853 1763 1908 Deum
1788 1856 1872 1909 sia

680 1982 683 1985 _
899 1924 961 1978 sit
989 1922 1247 1977 Christus.

339 2027 506 2101 581
527 2030 785 2088 Dominus
804 2032 900 2103 ait,
927 2031 1038 2103 Ego
1057 2050 1171 2088 sum
1191 2034 1294 2099 uia,
1311 2034 1519 2102 veritas,
1550 2042 1599 2087 et
1618 2034 1742 2088 vita.
1758 2032 1869 2089 Hoc

260 2130 377 2185 εει,
400 2135 495 2188 per
508 2136 593 2175 me
617 2122 854 2190 venitur,
878 2123 943 2177 ad
962 2139 1047 2178 me
1059 2127 1403 2193 pervenitur,
1422 2125 1473 2178 in
1494 2140 1579 2180 me
1595 2132 1865 2179 manetur.

264 2208 407 2263 Cum
437 2211 579 2265 enim
594 2213 659 2267 ad
680 2215 849 2283 ipsum
866 2215 1199 2285 pervenitur,
1220 2216 1384 2270 etiam
1413 2214 1479 2270 ad
1508 2213 1721 2270 Patrem
1746 2231 1868 2285 per-

274 2299 527 2365 venitur,
541 2303 662 2371 quia
678 2319 778 2373 per
792 2303 1056 2374 aequalem
1082 2305 1192 2369 ille,
1210 2306 1294 2359 cui
1309 2306 1531 2374 aequalis
1547 2314 1651 2371 est,
1668 2320 1871 2376 cogno-

258 2394 459 2460 scitur;
485 2395 760 2452 vinciente
786 2406 949 2468 atque
964 2406 987 2435 ⁶
1011 2399 1381 2469 agglutinante
1399 2413 1498 2454 nos
1516 2398 1719 2469 Spiritu
1740 2413 1867 2453 san-

260 2493 380 2551 cto,
405 2496 465 2540 ut
488 2488 541 2541 in
561 2502 774 2543 summo
802 2501 966 2559 atque
995 2488 1422 2547 incommutabili
1450 2490 1594 2547 bono
1615 2490 1735 2547 sine
1757 2490 1866 2548 ﬁne

263 2592 585 2632 maneamus
613 2578 779 2651 (Aug.
812 2580 967 2645 ibid.,
1000 2597 1047 2634 c.
1078 2580 1195 2649 δι).

262 2668 503 2725 CCLXX
523 2668 687 2742 [Alias
709 2669 1003 2742 CCLXIX].
1027 2669 1047 2745 ξ
1071 2671 1222 2738 Quod
1230 2671 1421 2745 melior
1439 2672 1616 2745 sitqui
1635 2671 1859 2743 fallitur,

784 2759 939 2813 quam
963 2744 1050 2812 qui
1079 2744 1347 2798 mentitur.

338 2852 538 2908 Multos
590 2852 895 2908 invenimus
941 2854 1032 2922 qui
1068 2852 1259 2909 fallere
1294 2853 1492 2923 velint,
1537 2855 1627 2925 qui
1677 2863 1859 2911 autem

256 2943 401 3009 falli,
454 2947 748 3000 neminem.
782 2947 915 3000 Cum
955 2961 1088 3000 vero
1129 2946 1232 2999 hoc
1273 2946 1411 3000 alius
1450 2948 1631 3002 sciens
1675 2946 1857 3014 faciat,

255 3035 406 3087 alius
435 3038 684 3090 nesciens
707 3038 937 3105 patiatur
956 3079 971 3103 ,
1000 3038 1135 3093 satis
1165 3046 1411 3105 apparet,
1432 3038 1483 3092 in
1510 3052 1618 3092 una
1641 3038 1860 3094 eadem-

1991 470 2195 542 quami
2228 486 2289 528 se
2318 471 2501 536 habet,
2534 480 2594 526 ut
2636 472 2730 525 ﬁat
2778 470 2960 537 vilius,
3001 473 3126 542 quia
3172 483 3446 542 speratum
3488 484 3575 532 est

1992 562 2226 632 amplius
2263 578 2278 619 :
2326 562 2422 618 sed
2468 570 2618 619 tanta
2669 568 2753 616 est
2799 561 2870 617 ibi
2914 562 3254 628 excellentia,
3302 574 3359 619 ut
3402 566 3574 621 multo

1990 655 2145 724 plusl
2182 655 2437 725 adeptura
2467 653 2535 709 sit
2566 654 2824 720 Charitas,
2852 668 3012 723 quam
3038 655 3121 709 vel
3151 654 3286 711 ﬁdes
3317 656 3568 725 credidit,

1981 748 2065 801 vel
2098 761 2221 817 spes
2249 745 2578 802 desideravit
2612 745 2771 817 (Aug.
2800 744 2955 809 ibid.,
2986 760 3031 798 c.
3067 744 3181 817 58).

1981 859 2262 916 CCLXXII
2301 859 2483 931 [Alias
2528 855 2867 981 CCLsgiifiIllh
2892 857 2971 912 De
3013 857 3149 927 fame
3188 867 3234 912 et
3268 857 3297 896 ιι
3354 860 3568 930 fastidio

2647 938 2888 999 spiritali.

2050 1020 2149 1089 Qui
2191 1020 2243 1074 in
2287 1018 2582 1088 Scripturis
2630 1017 2835 1071 sanctis
2866 1031 2974 1070 non
3007 1014 3333 1072 inveniunt1
3369 1018 3567 1072 verita.

1977 1118 2088 1166 tem
2116 1125 2278 1181 quam
2314 1119 2585 1179 quaerunt,
2620 1109 2759 1163 fame
2800 1108 3084 1161 laborant:
3115 1108 3207 1178 qui
3248 1118 3425 1162 autem
3456 1124 3563 1163 nou

1976 1208 2228 1271 quzerunt
2253 1201 2395 1271 quod
2431 1200 2481 1254 in
2511 1209 2759 1269 promptu
2791 1198 3013 1261 habent,
3062 1196 3263 1253 fastidii
3306 1199 3564 1269 languore

1975 1301 2355 1357 marcescunt;
2382 1299 2437 1346 et
2462 1306 2557 1359 par
2583 1300 2935 1359 utrorumque
2968 1290 3263 1359 periculum
3296 1300 3399 1357 est,
3432 1293 3560 1345 dum

1974 1383 2254 1452 sapientiae
2294 1382 2472 1436 cibum
2519 1390 2574 1436 et
2616 1381 2724 1436 illis
2781 1382 3093 1448 obcaecatio,
3149 1391 3204 1436 et
3250 1382 3331 1436 his
3388 1383 3562 1439 inedia

1972 1474 2240 1530 subtrahit
2270 1473 2427 1546 (Aug.
2462 1474 2552 1527 lib.
2583 1488 2618 1527 ιι
2648 1473 2710 1525 de
2739 1469 2886 1525 Doct.
2917 1470 3108 1527 Christ.
3142 1490 3187 1526 c.
3220 1471 3296 1543 6).

1970 1564 2272 1622 CCLXXI“
2300 1565 2477 1639 [Alias
2506 1562 2845 1637 CCLXXII
2882 1564 2956 1617 De
2986 1564 3247 1619 laboribus
3268 1574 3306 1601 ω
3336 1565 3561 1636 piorum.

2043 1658 2167 1714 Non
2195 1669 2314 1713 sunt
2350 1658 2617 1729 condignae
2651 1660 2916 1728 passiones
2955 1657 3111 1723 huius
3142 1659 3399 1723 temporis.
3439 1665 3464 1694 η
3489 1659 3562 1717 ad

1893 1752 1941 1812 B
1969 1754 2198 1821 futuram
2223 1751 2463 1821 gloriam,
2494 1764 2609 1819 qua:
2634 1747 2940 1803 revelabitur
2968 1750 3021 1801 in
3051 1749 3218 1801 nobis.
3244 1749 3406 1819 582
3447 1749 3559 1805 Sm-

1972 1842 2084 1894 viat
2128 1849 2183 1896 et
2219 1842 2413 1895 fremat
2460 1839 2713 1905 mundus,
2766 1840 3006 1907 increpet
3055 1838 3271 1908 linguis,
3307 1848 3559 1894 coruscet

1971 1932 2175 1987 armis:
2208 1930 2469 2002 quidquid
2507 1930 2721 1997 fecerit,
2758 1937 2783 1966 ο
2815 1939 3074 1999 quantum
3109 1929 3237 1983 illud
3270 1930 3371 1983 erit
3394 1930 3460 1984 ad
3498 1929 3559 1983 id

1968 2022 2115 2091 quod
2144 2021 2419 2093 accepturi
2449 2021 2680 2076 sumus?
2706 2020 2974 2090 Appendo
2998 2019 3139 2088 quod
3172 2019 3341 2088 patior
3365 2031 3553 2076 contra

1971 2112 2024 2169 id
2050 2114 2192 2184 quod
2236 2128 2431 2184 spero;
2478 2113 2583 2169 hoc
2617 2112 2834 2181 quidem
2875 2112 3067 2179 sentio,
3102 2111 3233 2167 illud
3260 2127 3458 2181 spero:
3499 2122 3555 2168 et

1970 2213 2149 2261 tamen
2224 2204 2718 2275 incomparabiliter
2757 2204 2930 2273 majus
2982 2212 3065 2260 est
3114 2204 3255 2276 quod
3298 2213 3555 2274 speratur

1968 2313 2127 2364 quam
2177 2300 2320 2369 quod
2359 2298 2660 2354 Pinfertur.
2716 2297 2985 2368 Quidquid
3040 2307 3125 2353 est
3177 2297 3321 2368 quod
3362 2306 3553 2353 contra

1964 2387 2166 2445 Christi
2216 2406 2413 2445 nomen
2466 2390 2641 2457 saevit,
2692 2390 2736 2444 si
2784 2399 3016 2459 potestq
3061 2390 3223 2459 vinci,
3274 2389 3561 2445 tolerabile

1963 2491 2083 2548 est;
2128 2484 2174 2536 si
2221 2498 2327 2537 non
2371 2491 2579 2553 p0test,
2620 2481 2838 2550 prolicit
2885 2482 3105 2550 praemio
3156 2479 3317 2536 citius
3362 2496 3558 2538 conse-

1965 2578 2202 2647 quendo,
2228 2586 2250 2616 τ
2283 2589 2340 2633 et
2382 2577 2506 2632 linis
2535 2574 2847 2644 temporalis
2889 2574 3013 2628 mali
3045 2574 3241 2627 transit
3275 2575 3327 2627 in
3369 2589 3555 2642 perce-

1965 2668 2203 2737 ptionem
2252 2667 2441 2723 mterni
2498 2664 2624 2721 boni
2662 2664 2821 2737 (Aug.
2870 2680 3027 2719 serm.
3076 2665 3216 2731 279,
3265 2666 3329 2718 de
3379 2664 3553 2719 Paulo

1963 2770 2158 2830 apost.,
2181 2777 2235 2813 n.
2266 2758 2345 2828 4).

2106 2852 2409 2910 CCLXXIV
2446 2851 2614 2925 [Alias
2645 2847 2991 2921 CCLXXIII].
3027 2848 3106 2903 De
3133 2850 3408 2904 charilate.

2033 2947 2168 3004 Cum
2184 2950 2234 3002 in
2250 2947 2462 3001 duobus
2476 2946 2759 3015 praeceptis
2770 2942 3049 2997 charitatis
3070 2950 3180 2996 tota
3194 2942 3305 2997 Lex
3320 2940 3549 3012 pendeat

1962 3039 2341 3109 etProphetaa,
2359 3047 2560 3109 quanto
2584 3045 2607 3074 ⁸
2634 3037 2804 3108 magis
2824 3048 2909 3091 est
2925 3034 3298 3104 Evangelium,
3313 3049 3419 3103 quo
3435 3033 3550 3089 Lex

255 3140 371 3193 que
403 3140 482 3194 re,
511 3127 661 3181 illum
692 3129 783 3198 qui
811 3128 1035 3195 fallitur,
1069 3144 1136 3183 eo
1163 3130 1254 3199 qui
1282 3130 1544 3184 mentitur
1576 3143 1701 3185 esse
1743 3145 1858 3185 me-
1882 3125 1927 3188 C
1960 3147 2070 3187 non
2100 3131 2356 3197 solvitur,
2380 3130 2473 3186 sed
2503 3128 2856 3199 adimpletur,
2880 3136 2935 3183 et
2961 3128 3025 3183 de
3053 3142 3159 3197 quo
3183 3127 3439 3182 Dominus
3470 3127 3552 3182 di-

262 3217 504 3283 liorem;
539 3220 753 3286 quando
783 3219 1001 3290 quidem
1034 3222 1142 3290 pati
1175 3221 1369 3277 melius
1402 3230 1488 3277 est
1514 3220 1853 3292 iniquitatem
1959 3225 2055 3291 cit,
2086 3223 2392 3277 Mandatum
2418 3238 2605 3276 novum
2645 3222 2711 3274 do
2742 3220 2902 3281 vobis,
2930 3222 3029 3293 {ut
3060 3236 3145 3273 vos
3181 3219 3394 3273 inuicem
3427 3218 3552 3273 dili-

252 3325 424 3379 quam
452 3309 633 3367 facere
660 3313 818 3383 (Aug.
843 3312 1001 3381 ibid.,
1029 3328 1077 3367 c.
1110 3313 1225 3385 56).

1958 3314 2296 3387 gotis(loan.
2322 3327 2438 3378 xm,
2479 3312 2600 3381 διν
2639 3308 2891 3365 Charitas
2920 3311 3062 3363 enim
3106 3310 3322 3363 innovat
3366 3308 3548 3364 homi-

254 3418 521 3476 CCLXXI
563 3421 741 3497 [Alias
796 3422 1069 3495 CCLXX],
1107 3432 1132 3472 ε
1162 3423 1240 3479 οε
1284 3425 1557 3497 (medione
1604 3427 1855 3484 bonorum
1960 3422 2087 3473 nes;
2120 3416 2177 3462 et
2211 3407 2352 3462 sicut
2388 3403 2693 3475 malignitas
2733 3410 2962 3466 veteres,
2997 3403 3068 3456 ita
3109 3401 3326 3457 dilectio
3374 3416 3546 3456 novos

627 3504 956 3557 internarum,
980 3506 1068 3548 aut
1095 3496 1478 3567 temporalium.

339 3584 482 3641 Inter
512 3588 833 3655 temporalia
864 3598 1026 3657 atque
1055 3598 1256 3643 aeterna
1297 3591 1398 3645 hoc
1428 3590 1678 3659 interest,
1708 3593 1852 3663 quod

254 3676 568 3745 temporale
592 3674 615 3713 ¹ι
647 3676 849 3746 aliquid
879 3677 1004 3747 plus
1048 3678 1290 3749 diligitur
1332 3690 1622 3750 antequam
1653 3684 1855 3739 hahea-

1958 3498 2104 3554 facit.

2037 3586 2309 3643 CCLXXV
2341 3585 2509 3658 [Alias
2533 3582 2876 3655 CCLXXIV].
2910 3594 2937 3621 ιι
2968 3582 3045 3637 De
3081 3584 3303 3655 flagellis
3337 3583 3450 3637 Dei.

2023 3677 2248 3745 Quando
2273 3677 2493 3745 corripit
2525 3675 2664 3730 Deus
2691 3691 2858 3745 genus
2886 3676 3201 3733 humanum.
3227 3686 3281 3730 et
3307 3675 3535 3744 ﬂagellis

252 3778 377 3831 tur,
410 3766 618 3823 vilescit
644 3778 826 3823 autem
850 3782 972 3823 cum
1003 3768 1316 3834 advenerit;
1358 3786 1465 3825 non
1510 3773 1655 3827 enim
1695 3773 1854 3828 satiat
1955 3771 2059 3841 pice
2108 3768 2476 3839 castigationis
2524 3768 2783 3837 exagitat,
2834 3778 3051 3823 exercet
3103 3778 3231 3822 ante
3279 3769 3542 3838 judicium

249 3858 524 3927 animam,
571 3860 672 3913 nisi
722 3859 1157 3929 incorruptibilis
1204 3862 1381 3931 gaudii
1424 3878 1550 3917 vera
1598 3872 1654 3919 et
1704 3876 1853 3920 certa
1955 3864 2318 3934 disciplinam,
2365 3873 2419 3918 et
2467 3862 2829 3930 plerumque“
2878 3859 3053 3929 diligit
3106 3876 3264 3929 quem
3310 3860 3545 3930 ﬂagellat

249 3950 543 4015 aeternitas
566 3966 579 4001 :
600 3960 861 4005 aiternum
880 3964 1012 4006 vero
1023 3950 1302 4006 ardentius
1319 3952 1561 4023 diligitur
1573 3954 1849 4025 adeptum,

1961 3956 2143 4027 (Prov.
2183 3971 2263 4021 ιιι,
2300 3954 2411 4024 l2),
2455 3953 2646 4007 uolens
2690 3953 2934 4007 invenire
2962 3967 3124 4022 quem
3152 3953 3387 4008 damnet.
3421 3953 3544 4009 Fla-

335 4115 364 4142 ⁸
395 4106 491 4185 Ms.
528 4106 802 4185 Joliensis,
847 4106 943 4185 _De_
986 4108 1159 4185 indole
1197 4110 1541 4183 ingeniorum.
1588 4113 1714 4174 Alii,
1771 4112 1849 4167 De
1955 4116 2177 4185 spiritali
2198 4116 2248 4168 in
2284 4113 2590 4183 Scripturis.

245 4178 495 4249 ingenio;
515 4178 758 4249 addimus
783 4180 968 4248 priori,
984 4178 1349 4247 bonorum,'ex
1376 4191 1523 4237 textu
1541 4184 1844 4239 sententiae.

332 4248 364 4286 δ
396 4250 494 4321 Ms.
525 4248 757 4321 Retnig.,
782 4251 826 4303 si
851 4252 1051 4319 aperire
1082 4261 1263 4321 potest.

338 4329 362 4395 ξ
393 4319 483 4395 _S_Ic
515 4335 613 4395 t_ns_.
657 4320 932 4395 ngiensis.
963 4319 1210 4395 Reliqui,
1232 4319 1307 4376 De
1333 4321 1536 4377 homine
1561 4335 1845 4395 peccatore.

329 4386 360 4425 δ
394 4389 492 4443 Ms.
515 4388 643 4451 Jol.,
673 4390 784 4462 Ego
820 4407 935 4462 sum
973 4392 1075 4453 cia,
1101 4386 1317 4459 ueritus,
1369 4403 1417 4447 et
1444 4386 1572 4448 vita:
1612 4395 1738 4459 Alii,
1773 4395 1848 4449 Ite

2030 4184 2049 4223 1
2079 4186 2175 4239 Ms.
2203 4186 2433 4250 Remig.,
2460 4185 2766 4239 charitatem
2788 4198 2943 4253 quam
2964 4192 3219 4251 quaerunt.

2036 4267 2075 4294 ω
2107 4258 2276 4311 Antea
2309 4256 2461 4318 editi,
2492 4266 2835 4323 peccatorum.
2866 4253 2925 4308 In
2974 4256 3217 4322 margine
3256 4262 3537 4320 notarunt,

1962 4328 2163 4397 piorum
2189 4328 2378 4395 Duac.,
2407 4325 2596 4380 Colon.
2639 4334 2695 4397 et
2727 4325 2807 4378 his
2846 4326 3201 4397 posteriores.
3227 4324 3416 4397 Melius
3442 4340 3542 4397 po-

1963 4394 2223 4453 stremum
2259 4394 2369 4451 hoc
2397 4397 2499 4466 legi
2530 4396 2719 4451 suadet
2763 4404 2943 4466 textus
2960 4396 3272 4466 sententiae.
3308 4394 3402 4447 Ms.
3432 4395 3537 4450 Jol.

246 4460 671 4537 incommutabili
702 4460 853 4537 bona.
888 4461 1121 4537 Titulum
1153 4477 1187 4537 ag
1214 4464 1368 4517 nobis
1405 4465 1754 4537 substitutum
1780 4482 1847 4522 ex
1880 4527 1925 4537 λ
1964 4485 2059 4534 pro
2095 4470 2254 4523 titulo
2300 4460 2476 4521 habet
2507 4470 2686 4536 priora
2734 4465 2919 4530 verba,
2948 4464 3072 4518 Non
3108 4474 3226 4518 sunt
3272 4465 3541 4537 condigna:

250 4528 717 4602 libroAngnstini
748 4533 934 4595 citato,
962 4539 1022 4585 ut
1050 4531 1371 4602 pleniorem,
1406 4534 1704 4593 hausimus.

339 4610 363 4635 ε
405 4600 478 4678 Ita
504 4618 601 4678 ms
636 4600 748 4678 ξ101.
774 4614 827 4656 et
858 4603 993 4658 liber
1023 4600 1253 4672 August.
1280 4605 1475 4660 citatus
1501 4607 1555 4661 iu
1585 4608 1847 4678 margine.

247 4670 483 4743 Castori,
515 4672 819 4743 glutinante.

341 4738 362 4778 ι
394 4741 485 4814 _S_ic
512 4738 612 4795 ins.
639 4742 743 4814 Jol.
777 4743 907 4814 Alii,
944 4742 1019 4797 De
1048 4744 1315 4798 mendacio
1349 4752 1396 4798 et
1427 4745 1664 4814 fallacia.

335 4812 486 4885 (Ibis.
519 4814 665 4885 .lol.,
687 4812 826 4885 Quid
871 4814 1020 4866 distet
1068 4816 1198 4885 inter
1235 4812 1537 4885 temporalia
1566 4829 1612 4871 et
1636 4827 1848 4877 (eterna.

249 4879 394 5004 qub
433 4891 543 4938 vet.
583 4883 740 4951 edit.,
764 4883 843 4939 De
874 4884 1150 4953 diligendis
1173 4879 1375 4940 wternis
1409 4886 1554 4943 bonis
1580 4899 1627 4944 et
1656 4901 1849 4959 tempo-

249 4968 313 5004 ra
344 4969 359 5001 Ι
400 4968 475 5004 US.

248 4968 475 5006 ταιιοιιε.

331 5021 361 5098 ξ
393 5024 489 5077 Ms.
519 5022 1192 5098 Jol.gadditaliquid,quod
1214 5024 1413 5098 legitur
1437 5028 1487 5081 in
1511 5027 1843 5098 Augustino;

248 5091 351 5145 alii
402 5110 508 5148 non
537 5095 759 5167 addunt.
792 5091 932 5151 Idem
961 5091 1165 5166 postea,
1211 5091 1549 5153 ha'bealur....
1595 5091 1841 5167 animum,

247 5178 362 5232 pro
388 5179 453 5234 eo
482 5165 625 5234 quod
651 5167 701 5218 in
726 5165 1219 5233 cmteris,habelur,
1249 5179 1296 5220 et
1314 5169 1560 5224 animum.

335 5242 355 5268 ι
387 5233 719 5309 Ms.’Jo_l.,‘se
750 5237 921 5309 habet,
973 5247 1029 5309 ut
1084 5239 1136 5293 in
1184 5241 1406 5309 August.
1451 5240 1569 5295 loco
1596 5240 1761 5297 citato
1788 5241 1843 5298 in
1924 5266 1929 5271 ·

247 5307 521 5371 margine.
552 5304 775 5360 Codices
801 5307 914 5371 alii,
946 5308 1009 5362 de
1030 5325 1083 5363 se
1106 5304 1276 5363 habet.

331 5372 510 5452 istas.
541 5375 696 5452 Bern.
743 5385 799 5431 et
824 5378 958 5442 λοι..
986 5378 1174 5449 adepta
1215 5380 1303 5434 sit.
1346 5379 1451 5437 Jol.
1488 5397 1617 5438 vero
1654 5392 1839 5452 postea

248 5446 459 5497 credit"
473 5485 510 5502 ..
539 5447 818 5499 desiderat.

326 5512 354 5551 ¹ι
383 5516 685 5592 Aliasediti
734 5518 1087 5592 habebant_et
1130 5519 1321 5574 inedia.
1356 5520 1542 5577 Melius
1581 5524 1835 5592 fastidio;

247 5583 777 5657 quod‘distinguitur
804 5598 990 5643 contra
1020 5588 1215 5644 famem
1247 5593 1297 5643 in
1343 5600 1487 5645 testu
1522 5583 1832 5649 sententiae.

248 5653 518 5729 ωιλαμ,
552 5653 623 5710 De
649 5660 987 5726 quaerentibus
1015 5670 1060 5714 et
1086 5677 1187 5714 non
1207 5663 1544 5729 quaerentibus
1569 5667 1834 5720 veritatem
1944 5665 2061 5720 Dei.
2095 5667 2267 5721 Priori
2294 5668 2481 5721 Colon.
2511 5653 2620 5717 vct.
2645 5653 2857 5716 tamen
2881 5664 3041 5716 ctiam
3074 5653 3257 5718 vocem

244 5728 303 5782 in
335 5724 866 5797 Scripturis.'C0lon.
917 5737 1027 5788 vet.
1072 5724 1229 5802 edit.,
1268 5732 1338 5787 Dc
1389 5736 1523 5802 fame
1569 5745 1615 5790 et
1660 5736 1833 5791 inedia

1880 4527 1931 4587 D
1956 4527 2216 4609 passiones
2238 4538 2392 4606 hujus
2423 4527 2682 4609 temporis,
2712 4545 2819 4609 etc.

2027 4618 2055 4645 υ
2075 4610 2200 4662 Mss.
2235 4603 2439 4677 lie'mig.
2460 4603 2671 4673 et'Jol.,
2702 4608 2769 4659 ad
2783 4605 3036 4675 futuram,
3057 4605 3188 4659 utin
3212 4603 3537 4674 Augustino;

1953 4680 2070 4744 alii,
2103 4688 2542 4749 superventuram.

2031 4760 2055 4786 ο
2086 4745 2177 4804 Sic
2223 4766 2325 4803 ms.
2356 4748 2631 4803 .Ioliensis.
2658 4745 2865 4817 Colon.
2889 4755 2997 4801 vet.
3043 4745 3201 4806 edit.,
3232 4749 3541 4817 quantulum

1952 4821 2050 4873 erit
2098 4821 2167 4874 ad
2192 4819 2362 4882 illud;
2403 4818 2606 4882 caeteri,
2646 4816 2957 4888 quantillum
2987 4818 3080 4870 erit
3120 4819 3189 4871 ad
3215 4819 3345 4870 illud
3382 4820 3536 4886 quod.

1954 4895 2116 4960 Aug.,
2143 4893 2270 4962 quid
2291 4890 2442 4962 faciet
2468 4888 2537 4941 ad
2578 4890 2631 4943 id
2661 4889 2797 4962 quod
2825 4888 3083 4962 accepturi
3111 4890 3316 4962 sumus?
3337 4888 3541 4956 Quibus

1958 4958 2175 5030 propius
2208 4960 2467 5016 accedere
2493 4962 2602 5015 visa
2633 4970 2715 5014 est
2746 4958 2902 5030 lectio
2930 4972 3029 5011 ms.
3053 4959 3158 5013 Jol.

2029 5029 2279 5086 P’Colon.
2316 5040 2421 5085 vet.
2452 5030 2609 5095 edit.,
2637 5031 2773 5101 quod
2803 5029 3051 5101 aufertur.

2025 5111 2053 5151 ιι
2079 5103 2177 5157 Ms.
2209 5101 2486 5165 Joliensis,
2528 5097 2659 5155 uiui.
2686 5099 2837 5167 Quod
2874 5097 3106 5154 'verbum
3160 5108 3243 5152 est
3270 5098 3322 5151 in
3354 5097 3536 5167 Angu~

1952 5172 2124 5239 stino;
2153 5174 2254 5227 etsi
2277 5171 2495 5242 quidam
2525 5173 2739 5228 codices
2762 5169 3023 5242 etiamibi
3052 5170 3461 5242 habeantoinci.

2025 5253 2047 5281 ι’
2073 5244 2262 5299 Colon.
2297 5238 2400 5299 vet.
2433 5242 2589 5311 edit.,
2618 5253 2665 5297 et
2687 5242 2876 5311 ﬁdelis,
2904 5240 3007 5309 ﬁne
3050 5239 3345 5307 temporalis
3388 5238 3533 5303 mali,

1946 5317 2150 5369 transit.

2024 5395 2045 5423 ι
2083 5384 2225 5440 Edit.
2258 5384 2419 5440 Duac.
2445 5395 2498 5440 et
2525 5400 2642 5451 seq.
2670 5384 2721 5437 in
2756 5380 2995 5448 margine
3022 5379 3278 5447 scriptum
3336 5378 3543 5437 habent

1948 5459 2120 5529 majus
2148 5467 2262 5522 est;
2293 5464 2348 5510 et
2379 5465 2711 5529 post‘pauca.
2736 5469 2840 5529 ιιιβ.
2872 5451 3001 5529 «Iph
3026 5452 3115 5529 δᾳά
3144 5451 3404 5517 imple!”-

2079 5526 2271 5580 Colon.
2298 5522 2403 5581 vet.
2437 5526 2593 5586 edit.,
2630 5531 2684 5576 ut
2713 5522 2940 5586 diligatis
2972 5522 3205 5574 invicem.

2016 5600 2044 5677 ‘f
2078 5597 2347 5651 llactenus
2371 5597 2522 5659 editi.
2550 5593 2620 5647 De
2645 5589 2871 5672 flagello.
3039 5591 3170 5656 .Iol.,
3204 5589 3531 5714 Debiagellis

2016 5684 2061 5714 Pl.
2096 5667 2267 5714 Priori
2294 5668 2481 5714 Colon.
2516 5674 2620 5714 vct.
2653 5662 2857 5714 addidit
2881 5673 3041 5714 ctiam
3074 5677 3257 5714 vocem
3338 5680 3404 5714 et.

2016 5684 2061 5719 ri.
2095 5680 2267 5721 t’rtort
2294 5680 2481 5721 Lomn.
2516 5680 2620 5717 vct.
2653 5680 2857 5716 auuiuu
2881 5680 3041 5716 cuam
3074 5680 3257 5718 vocem
3290 5680 3404 5717 uer.

2016 5748 2039 5774 ν
2066 5738 2159 5793 Ms.
2188 5737 2551 5806 licmigianus,
2577 5734 2740 5803 eligit.
2778 5733 2875 5791 Ms.
2910 5734 3188 5803 Iolicnsis,
3230 5751 3332 5787 non
3368 5734 3539 5805 eligit.
