4028 6176
486 276 590 333 ἆϐτ

1716 270 1777 326 S.
1816 268 2032 328 PROSP
2043 269 2155 325 EBI
2196 267 2525 336 AQUITANI

3562 284 3569 291 '
3649 269 3773 327 ραι

486 384 655 456 gellat
677 390 857 439 autem
887 382 1045 439 simul
1088 391 1144 438 et
1165 381 1344 453 justas
1369 389 1425 438 et
1460 381 1710 453 iniustos,
1753 382 1882 453 quia
1909 397 2067 438 nemo
2096 389 2147 447 Α
2179 379 2485 437 CCI.me
2532 379 2715 451 [Alias
2756 376 3164 456 CCLXXVlIl].
3212 378 3242 417 ¹ι
3282 380 3363 437 De
3410 380 3771 441 observatione

487 486 573 535 est
600 476 690 546 qui
734 475 903 546 possit
947 475 1166 545 gloriari
1213 483 1421 531 castum
1469 490 1530 531 se
1577 474 1777 531 habere
1806 490 1932 543 cor,
1982 483 2073 530 aut

487 567 746 624 mundum
786 581 846 622 se
890 580 1011 621 esse
1053 581 1085 621 a
1112 575 1335 634 peccato
1386 564 1566 637 (Prov.
1612 581 1698 628 xx,
1725 566 1805 635 9).
1851 565 1977 620 ltas
2006 565 2074 621 de

485 659 657 731 gratia
674 656 1059 713 misericordia:
1085 656 1204 726 ejus
1224 657 1445 711 veniunt
1467 656 1634 712 etiam
1657 670 1872 711 corona:
1898 656 2074 724 justo-

489 764 634 804 rum.

488 860 791 920 CCLXX“
816 861 982 936 [Alias
1000 859 1323 932 CCLXXV].
1338 860 1366 899 ι’
1391 860 1466 915 De
1483 860 1798 931 passionibus
1818 860 2073 934 ﬁdelium.

562 976 743 1033 Labor
770 977 985 1046 piorum
1024 976 1340 1031 exercitatio
1373 985 1476 1042 est,
1509 990 1617 1029 non
1643 974 1936 1029 damnatio.
1967 973 2079 1029 Nec

496 1068 643 1125 enim
669 1067 985 1123 conturbari
1011 1068 1292 1133 debemus,
1322 1082 1446 1120 cum
1489 1066 1682 1136 aliquis
1713 1076 1932 1122 sanctus
1956 1080 2079 1136 gra-

492 1160 579 1214 via
612 1167 670 1215 et
692 1159 912 1228 indigna
941 1159 1273 1227 perpetitur,
1322 1158 1367 1211 si
1412 1157 1565 1212 obliti
1597 1172 1703 1212 non
1742 1170 1929 1212 sumus
1957 1171 2080 1226 qua:

492 1248 782 1318 pertulerit
805 1248 991 1303 Justus
1015 1248 1307 1317 justorum,
1333 1246 1681 1317 Sanctusque
1719 1258 2031 1304 sanctorum
2062 1265 2078 1313 ;

494 1339 649 1409 cujus
694 1341 874 1409 passio
917 1355 1109 1395 omnes
1155 1349 1374 1409 superat
1419 1340 1739 1409 passiones:
1788 1341 1913 1411 quia
1958 1355 2080 1395 cum

499 1441 722 1487 auctore
752 1433 1120 1488 universitatis
1144 1433 1286 1486 nulla
1313 1432 1630 1502 cujusquam
1652 1441 1733 1487 est
1756 1430 2083 1503 comparatio

496 1532 782 1579 creaturae.

496 1633 817 1713 QCLXXVII
846 1633 1010 1706 [Alias
1036 1634 1384 1706 CCLXXVI].
1418 1646 1442 1674 α
1475 1634 1553 1691 De
1589 1637 1830 1709 originali
1854 1647 2081 1707 peccato.

515 1704 541 1795 ί
568 1747 785 1802 Miseria
814 1748 1031 1818 generis
1074 1749 1317 1818 humani,
1351 1749 1509 1819 cujus
1549 1750 1754 1805 nullum
1802 1752 2079 1807 hominum
2113 1751 2156 1811 Β

496 1837 566 1891 sb
602 1850 793 1897 exortu
829 1854 996 1908 usque
1041 1841 1107 1894 ad
1138 1841 1341 1896 obitum
1378 1842 1622 1897 videmus
1666 1842 1926 1908 alienum,
1976 1859 2082 1897 non

498 1929 802 1997 pertineret
828 1931 895 1985 ad
920 1932 1124 1999 justum
1146 1929 1174 1968 ἀ
1196 1933 1593 2002 Omnipotentis
1614 1933 1776 2005 533
1799 1934 2083 2001 judicium,

498 2019 544 2074 si
594 2037 700 2078 non
745 2032 891 2077 esset
938 2024 1203 2095 originale
1262 2034 1537 2094 peccatum
1587 2024 1746 2096 (Aug.
1800 2023 1938 2079 lib.t
1980 2024 2083 2095 0p.

505 2113 674 2186 Imp.,
697 2132 751 2169 n.
783 2116 863 2185 '5).

500 2226 849 2284 CCLXXVIII
874 2226 1042 2299 [Alias
1070 2227 1441 2309 CCLXXVll'].
1471 2239 1494 2266 ο
1527 2227 1607 2283 De
1640 2230 1969 2298 providentia
1994 2228 2087 2284 Dei

1150 2310 1426 2370 Operantts.

572 2407 854 2463 Creatoris
894 2407 911 2446 ι
944 2409 1329 2463 omnitenentis
1377 2409 1764 2477 omnipotentia
1799 2421 1959 2464 causa
2005 2419 2089 2464 est

502 2502 829 2557 subsistendi
872 2503 1019 2557 omni
1067 2512 1372 2557 creaturae:
1414 2518 1537 2571 qua:
1578 2502 1771 2566 virtus,
1806 2501 1854 2557 si
1901 2502 1969 2557 ab
2008 2501 2089 2556 eis

503 2608 623 2662 quae
645 2592 885 2649 condidit
910 2592 1161 2661 regendis
1190 2592 1478 2662 aliquando
1501 2602 1764 2659 cessaret,
1787 2592 1947 2647 simul
1974 2607 2089 2646 om-

506 2685 654 2738 nium
698 2699 878 2738 rerum
927 2684 1137 2754 species
1165 2692 1220 2739 et
1258 2692 1447 2737 natura
1491 2683 1823 2738 concideret.
1859 2682 2090 2737 Proinde

507 2773 651 2841 quod
679 2774 940 2829 Dominus
971 2776 1066 2842 ait,
1101 2772 1258 2828 Pater
1279 2790 1420 2828 meus
1459 2790 1620 2841 usque
1656 2790 1793 2825 nunc
1822 2782 2086 2839 operatur,

506 2865 972 2920 coiitinuationem
1010 2866 1301 2933 quamdam
1340 2864 1523 2933 operis
1563 2864 1700 2933 ejus,
1734 2873 1757 2910 ε
1786 2879 1887 2933 qua
1929 2864 2089 2918 simul

507 2956 689 3010 omnia
719 2957 964 3012 continet
1002 2968 1162 3025 atque
1193 2956 1554 3025 administrat,
1585 2957 1843 3011 ostendit.
1890 2955 1947 3010 In
1984 2971 2091 3024 quo

508 3063 677 3117 opere
706 3050 867 3103 etiam
897 3048 1161 3117 sapientia
1194 3047 1309 3116 ejus
1352 3054 1684 3116 perseverat,
1718 3048 1785 3101 de
1814 3062 1917 3115 qua
1958 3047 2089 3101 dici-

511 3148 619 3204 tur,
648 3137 906 3209 Pertingit
932 3155 963 3192 a
986 3139 1089 3209 ﬁne
1114 3154 1271 3207 usque
1292 3139 1345 3192 in
1368 3139 1524 3207 ﬁnem
1547 3138 1769 3206 fortiter,
1794 3147 1842 3191 et
1868 3137 2092 3207 disponit

2854 450 3075 505 sabbati.

2247 562 2636 619 Observatione
2688 561 2921 632 sabbati,
2953 576 3071 631 quas
3112 562 3394 617 vacatione
3441 562 3606 618 unius
3649 563 3772 621 diei

2178 654 2531 723 ﬁgurabatur,
2572 654 2781 720 ablata,
2827 662 3143 724 perpetuum
3182 654 3461 709 sabbatum
3506 656 3773 713 observat

2175 748 2265 814 qui
2296 759 2393 813 spe
2424 745 2616 799 futura:
2638 743 2834 815 quietis
2862 744 3066 799 sanctis
3091 753 3176 799 est
3198 744 3455 813 operibus
3483 746 3770 814 intentus;

2178 850 2279 889 nec
2309 833 2329 872 ι
2360 835 2415 889 in
2444 834 2576 904 ipsis
2624 834 2781 891 bonis
2812 833 3021 890 actibus
3050 834 3164 890 suis
3203 836 3354 905 quasi
3390 836 3460 892 de
3498 838 3770 907 propriis,

2179 932 2218 963 ιιι
2238 933 2293 980 et
2318 926 2387 980 de
2415 925 2498 981 bis
2524 939 2644 996 qua:
2667 940 2773 980 non
2796 926 3088 995 acceperit,
3111 924 3403 995 gloriatur;
3436 926 3590 981 illum
3618 927 3677 982 in
3708 943 3776 984 se

2179 1015 2394 1084 operari
2437 1028 2789 1085 cognoscens,
2819 1015 2910 1086 qui
2939 1015 3100 1071 simul
3142 1027 3397 1085 Operatur
3443 1026 3501 1072 et
3544 1019 3775 1089 quietus

2179 1114 2263 1161 est
2290 1104 2444 1178 (Aug.
2475 1107 2629 1169 ibid.,
2655 1123 2702 1160 ο.
2733 1105 2840 1177 15).

2324 1220 2601 1277 CCLXXX
2632 1220 2798 1291 [Alias
2826 1218 3173 1290 CCLXXIX].
3199 1217 3278 1275 De
3297 1221 3470 1289 requie
3507 1220 3628 1276 Dei.

2255 1332 2487 1403 Requies
2515 1333 2610 1387 Dei
2636 1343 2782 1388 recte
2810 1333 3234 1402 intelligentibus
3261 1349 3321 1388 ea
3347 1343 3432 1388 est
3464 1342 3495 1370 ιι
3514 1351 3620 1405 qua
3649 1336 3776 1394 nuL

2185 1427 2288 1479 lius
2321 1424 2523 1495 indiget
2550 1424 2715 1480 bono.
2756 1425 2822 1479 Et
2850 1425 2972 1480 ideo
2998 1433 3024 1461 ο
3050 1435 3197 1481 certa
3227 1426 3389 1480 etiam
3416 1427 3639 1496 requies
3672 1443 3775 1482 no-

2182 1517 2267 1572 bis
2294 1516 2349 1573 in
2394 1518 2483 1578 illo
2518 1524 2620 1582 est,
2651 1516 2815 1587 quia?
2864 1530 2965 1571 nos
3008 1516 3378 1571 beatiﬁcamur
3425 1518 3569 1571 bono
3622 1520 3775 1587 quod

2185 1609 2301 1678 ipse
2325 1617 2429 1674 est,
2460 1622 2567 1664 non
2589 1607 2707 1678 ipse
2731 1608 2872 1662 bono
2894 1609 3034 1677 quod
3067 1622 3167 1663 nos
3192 1622 3397 1664 sumus.
3426 1608 3559 1663 Nam
3586 1619 3643 1665 et
3671 1625 3775 1665 nos

2187 1698 2385 1769 aliquid
2415 1698 2617 1755 bonum
2647 1699 2715 1754 ab
2743 1699 2861 1769 ipso
2890 1712 3096 1765 sumus,
3129 1700 3219 1770 qui
3249 1698 3377 1755 fecit
3399 1701 3580 1755 omnia
3625 1701 3773 1757 bona

2189 1789 2365 1855 valde,
2398 1789 2451 1845 in
2492 1789 2689 1859 quibus
2721 1787 2851 1845 fecit
2894 1797 2950 1845 et
2990 1803 3109 1844 nos.
3158 1789 3328 1844 Porro
3357 1790 3459 1845 alia
3501 1806 3591 1846 res
3631 1794 3773 1847 bona

2190 1887 2389 1948 praeter
2415 1880 2590 1948 ipsum
2620 1879 2764 1933 nulla
2788 1887 2892 1946 est,
2915 1894 3073 1950 quam
3103 1880 3219 1948 ipse
3248 1894 3355 1934 non
3384 1880 3513 1935 fecit
3538 1897 3553 1935 :
3586 1898 3651 1937 ac
3674 1899 3773 1953 per

2190 1968 2293 2023 hoc
2315 1978 2343 2018 ς
2376 1969 2524 2023 nullo
2552 1969 2693 2024 bono
2732 1968 2913 2024 alieno
2955 1979 3097 2038 eget,
3127 1972 3220 2040 qui
3268 1968 3412 2025 bono
3448 1972 3591 2041 quod
3638 1972 3771 2028 fecit

2190 2077 2297 2116 non
2327 2069 2450 2131 eget
2481 2062 2639 2133 (Aug.
2668 2061 2822 2126 ibid.,
2854 2078 2900 2115 c.
2931 2061 3044 2131 16).

2189 2171 2489 2229 CCLXXXI
2518 2173 2703 2247 [Alias
2729 2170 3012 2228 CCLXXX
3034 2173 3075 2244 ].
3109 2184 3132 2213 τ
3166 2174 3245 2229 De
3281 2175 3430 2229 initio
3469 2185 3764 2245 temporum.

2261 2285 2426 2358 585
2446 2293 2467 2321 ⁸
2496 2285 2678 2340 Facta:
2702 2292 2966 2340 creatura:
2991 2283 3226 2339 motibus
3248 2294 3530 2354 coeperunt
3554 2302 3776 2344 currere

2192 2386 2456 2447 tempora.
2469 2377 2622 2434 Unde
2644 2386 2768 2431 ante
2783 2385 3083 2431 creaturam
3100 2374 3300 2430 frustra
3330 2386 3572 2447 tempora
3590 2383 3778 2449 requie

2192 2479 2403 2535 runtur,
2432 2470 2581 2539 quasi
2601 2468 2810 2539 possint
2838 2466 3069 2523 inveniri
3097 2476 3224 2522 ante
3249 2476 3491 2537 tempora
3506 2477 3777 2538 tempora.

2192 2564 2366 2618 Motus
2386 2563 2528 2618 enim
2545 2561 2591 2617 si
2617 2560 2797 2615 nullus
2809 2569 2955 2615 esset
2975 2560 3060 2615 vel
3086 2559 3342 2628 Spiritalis
3362 2559 3447 2614 vel
3474 2561 3778 2630 corporalis

2192 2661 2476 2718 creaturae,
2502 2666 2608 2722 quo
2634 2666 2731 2722 per
2765 2663 3006 2720 praesens
3038 2649 3329 2721 praeteritis
3369 2650 3551 2706 futura
3580 2666 3779 2708 succe-

2192 2746 2405 2810 derent,
2442 2744 2461 2779 ῖ
2490 2752 2699 2812 tempus
2718 2743 2921 2797 nullum
2943 2742 3166 2797 omnino
3185 2753 3347 2798 esset.
3373 2744 3573 2799 Moveri
3598 2754 3783 2799 autem

2193 2847 2441 2892 creatura
2470 2851 2578 2891 non
2603 2837 2787 2905 utique
2809 2846 3014 2904 posset.
3038 2835 3084 2889 si
3114 2851 3218 2889 non
3246 2846 3411 2892 esset.
3441 2837 3629 2891 Potius
3648 2853 3785 2908 ergo

2195 2938 2408 2997 tempus
2438 2943 2468 2981 a
2489 2936 2757 2989 creatura,
2787 2941 2947 2996 quam
2976 2937 3225 2981 creatura
3252 2928 3417 2993 cmpit
3455 2942 3483 2979 a
3514 2937 3784 2996 tempore.

2197 3020 2495 3089 Utrumque
2516 3027 2692 3072 autem
2716 3032 2784 3072 ex
2807 3016 2940 3072 Deo.
2963 3015 3047 3071 Ex
3068 3018 3178 3087 ipso
3197 3018 3333 3072 enim
3355 3018 3537 3085 (Rom.
3561 3033 3642 3083 ιι,
3666 3017 3785 3088 56),

2198 3124 2242 3166 et
2266 3128 2355 3181 per
2380 3112 2570 3180 ipsum,
2602 3120 2649 3165 et
2678 3110 2732 3163 in
2762 3110 2872 3180 ipso
2896 3118 3013 3163 sunt
3042 3109 3216 3162 omnia
3242 3108 3396 3180 (Aug.
3425 3111 3465 3162 t.
3495 3124 3528 3161 ν
3563 3111 3628 3163 de
3651 3107 3784 3164 Gen.

511 3203 684 3287 omnia
722 3203 966 3289 suaviter.
986 3203 1023 3268 ,ιι
1053 3203 1197 3286 Ideni
1226 3203 1385 3286 etiam
1417 3203 1713 3300 Apostolus
1742 3203 1924 3293 sentit,
1950 3203 2090 3284 'cutn
2121 3227 2166 3290 C
2199 3207 2265 3257 ad
2294 3205 2419 3271 λίπον
2450 3219 2497 3257 ε·
2523 3203 2601 3273 5)-

512 3322 930 3378 Atlteniensibus
954 3321 969 3360 ί
989 3323 1156 3377 Deum
1180 3323 1500 3391 praedicans,
1526 3322 1619 3387 ait,
1648 3320 1714 3374 In
1733 3338 1832 3391 quo
1854 3322 2091 3385 vivimus,

512 3426 558 3466 et
580 3430 859 3480 movemur,
893 3425 941 3468 et
973 3430 1168 3468 sumus.
1202 3415 1303 3481 Qui
1334 3416 1378 3469 si
1409 3429 1544 3483 Opus
1574 3428 1726 3468 suum
1757 3416 1916 3469 rebus
1944 3428 2094 3468 crea-

514 3509 583 3560 tis
613 3505 996 3572 subtraheret,
1027 3521 1126 3561 nec
1167 3506 1369 3570 vivere,
1416 3521 1514 3560 nec
1559 3506 1788 3569 moveri,
1830 3521 1929 3561 nec
1975 3519 2095 3561 esse

516 3610 817 3663 possemus.
843 3595 913 3650 Et
941 3595 1065 3651 ideo
1092 3597 1171 3650 sic
1198 3596 1337 3649 Deus
1368 3595 1749 3665 intelligendus
1770 3606 1851 3651 est
1878 3596 2093 3667 requie—

515 3686 661 3743 visse
711 3686 782 3741 ab
826 3687 1079 3742 omnibus
1122 3687 1376 3756 operibus
1425 3686 1611 3753 suis,t'
1663 3698 1721 3741 ut
1741 3688 1851 3757 jam
1895 3690 2095 3743 nullam

517 3788 765 3835 naturam
790 3779 1068 3845 conderet,
1094 3793 1199 3834 non
1224 3788 1283 3833 ut
1310 3779 1552 3834 conditas
1584 3779 1886 3843 continere,
1920 3791 1974 3834 et
2003 3795 2100 3847 gn-

519 3876 749 3930 bernare
780 3883 1021 3931 cessaret
1050 3872 1211 3945 (Aug.
1245 3874 1284 3927 ι.
1316 3888 1367 3927 tv
1392 3872 1455 3926 de
1479 3870 1610 3925 Gen.
1656 3874 1723 3926 ad
1745 3872 1870 3937 litt.,
1902 3889 1948 3925 c.
1981 3870 2092 3940 12).

518 4072 771 4143 Idemque
799 4071 852 4125 in
883 4085 979 4124 ora
1010 4069 1131 4143 libri
1173 4070 1434 4143 scriptum
1464 4070 1644 4143 legere
1665 4068 1821 4143 estin
1852 4067 2099 4143 Lugdnn.

518 4152 577 4198 et
625 4138 877 4197 omnibus
934 4139 1203 4205 posterius
1252 4140 1487 4204 excusis,
1548 4142 1707 4194 etiam
1760 4139 1811 4191 in
1863 4138 2097 4207 append.

522 4223 653 4268 tom.
682 4213 729 4266 X
760 4212 984 4277 August.

594 4291 622 4320 ι
652 4283 779 4337 Mss.
808 4279 1019 4348 Remig.
1050 4288 1103 4333 et
1124 4278 1398 4345 Joliensis,
1446 4278 1508 4330 de
1538 4279 1702 4348 gratia
1728 4280 1839 4349 ejus
1864 4320 1876 4345 ,
1903 4278 2102 4333 omissa

520 4368 654 4408 voce
680 4355 800 4415 hac,
834 4349 1217 4404 misericordiae.

591 4422 621 4463 λ’
650 4424 752 4478 Ms.
780 4420 1055 4482 Joliensis,
1092 4419 1164 4471 De
1188 4419 1359 4472 labore
1380 4419 1601 4488 piorum.

595 4506 619 4534 ε
653 4495 752 4548 Ms.
784 4493 913 4554 10L,
949 4490 1023 4545 De
1042 4491 1246 4543 miseria
1267 4491 1463 4559 generis
1490 4491 1719 4543 humani.

593 4560 623 4601 ἀ
650 4564 749 4618 Ms.
780 4563 1015 4630 Remig,
1047 4562 1115 4632 ad
1133 4562 1337 4632 justum
1368 4559 1866 4632 Deiontnipotentis.

596 4644 622 4671 ⁸
646 4634 743 4688 Ms.
781 4628 1012 4701 Rentig.,
1044 4628 1515 4701 De'omnipetentia
1546 4628 1821 4684 Creatoris.

598 4702 620 4742 ί
652 4704 756 4758 Pro
783 4704 883 4756 hac
906 4697 1061 4765 voce,
1091 4697 1465 4763 omnitenentis,
1486 4702 1624 4754 hanc
1644 4700 2021 4770 omnipotentis,
2046 4697 2101 4752 in

523 4774 764 4846 margine
794 4781 980 4827 notant
1017 4773 1143 4827 edit.
1172 4772 1336 4826 Duac.
1375 4781 1430 4825 et
1456 4771 1647 4846 Colon.
1680 4771 2102 4846 cum_recen_t_io-

527 4840 715 4903 ribus:
748 4855 802 4899 at
828 4855 1107 4909 utramque
1150 4851 1497 4911 usurpaverat
1536 4844 1757 4911 August.
1804 4840 2099 4911 locoillo:

526 4916 781 4973 Creatoris
810 4928 1027 4984 namque
1048 4914 1272 4980 potentia
1286 4910 1340 4966 et
1367 4910 1722 4982 omnipotentis
1750 4921 1903 4981 atque
1942 4910 2106 4965 omni-

527 4987 742 5043 tenentis
768 4986 947 5039 virtus.

601 5068 627 5105 s
652 5058 748 5112 bis.
775 5053 1052 5116 Joliensis,
1083 5068 1185 5122 quo
1215 5053 1458 5107 simul....
1484 5070 1642 5121 usque
1668 5053 1736 5105 ad
1763 5054 1940 5121 ﬁnem.

600 5126 626 5164 δ
649 5128 750 5182 Ms.
783 5124 991 5193 Rentig.
1018 5134 1071 5177 et
1098 5122 1226 5187 Jol.,
1259 5122 1426 5189 quue
1452 5126 1625 5177 etiam.
1660 5130 1823 5190 Aug.,
1858 5123 1924 5175 Et
1953 5122 2106 5175 illud.

605 5196 752 5250 iMs.
802 5192 1056 5250 Joliensis
1103 5192 1271 5260 addit,
1326 5193 1523 5259 Deum;
1581 5210 1698 5263 qua:
1738 5210 1837 5246 vox
1886 5195 2110 5247 habetur

529 5271 689 5325 etiam
720 5268 770 5322 in
802 5267 939 5320 libro
964 5269 1185 5335 August.

605 5341 619 5390 i
661 5336 758 5393 Ms.
801 5333 1077 5398 Joliensis,
1120 5333 1319 5390 nullam
1361 5344 1594 5388 naturam
1625 5336 1880 5388 conderet.
1925 5334 2013 5389 Sic
2051 5334 2106 5386 in

529 5408 817 5480 Augustini
838 5422 1001 5476 opere
1038 5408 1247 5480 legitur,
1277 5422 1457 5458 novam
1484 5418 1723 5480 naturam
1754 5406 1967 5480 ulterius
1989 5404 2108 5457 nul-

531 5474 643 5534 ιιιηῖ
664 5474 918 5533 conderet.
950 5477 1052 5532 Alii
1074 5477 1289 5531 codices
1327 5477 1518 5541 nostri,
1549 5486 1604 5529 ut
1636 5478 1750 5547 jam
1795 5474 1993 5528 nullam
2019 5489 2112 5528 no-

531 5567 645 5606 vam
676 5550 914 5603 conderet
940 5555 1246 5601 creaturam.

605 5618 633 5659 ι
663 5620 735 5673 I-ta
764 5632 865 5674 ms.
898 5618 1169 5673 Joliensis.
1199 5617 1302 5671 Alii
1332 5616 1472 5684 libri,
1500 5616 1577 5670 De
1604 5632 1717 5671 vero
1738 5615 1967 5670 sabbato.

502 5722 518 5767 ,—
665 5690 763 5744 bis.
788 5689 894 5746 Jol.
921 5687 1067 5743 addit
1091 5690 1361 5758 praposit.
1389 5688 1463 5756 in,
1491 5704 1609 5743 cum
1635 5688 1913 5758 Augustini
1949 5686 2106 5741 libro.

2200 3316 2526 3375 CCLXXXII
2573 3318 2758 3390 [Alias
2786 3314 3145 3390 CCLXXXI].
3175 3324 3214 3390 “A
3238 3316 3390 3383 Quod
3436 3317 3789 3389 abjectissima

2554 3386 2704 3444 etiam
2723 3390 2895 3442 divina
2915 3386 3249 3442 Providentia
3274 3390 3424 3458 regit.

2271 3502 2402 3557 Cum
2440 3500 2689 3557 Salvator
2714 3499 2869 3565 dicit,
2919 3515 3084 3553 unum
3135 3512 3408 3567 passerem
3438 3513 3545 3552 non
3591 3497 3792 3552 cadere

2204 3596 2257 3648 in
2300 3603 2498 3647 terram
2530 3593 2651 3647 sine
2678 3591 2953 3646 voluntate
2984 3590 3102 3656 Dei,
3144 3599 3197 3645 et
3227 3589 3370 3659 quod
3422 3589 3606 3643 fenum
3644 3590 3790 3658 agri,

2206 3694 2233 3722 ν
2260 3694 2383 3754 post
2410 3685 2685 3754 paululum
2719 3684 3038 3737 mittendum
3063 3684 3113 3736 in
3141 3682 3432 3745 clibanum,
3460 3684 3573 3750 ipse
3604 3691 3791 3735 tamen

2203 3776 2424 3841 formet,
2474 3788 2537 3829 ac
2565 3775 2758 3828 vestiat
2784 3771 3008 3843 (Matth.
3039 3787 3093 3839 ι,
3126 3771 3233 3838 29;
3266 3787 3339 3839 vt,
3375 3770 3467 3843 50)
3493 3813 3510 3838 ,
3553 3780 3581 3807 ι
3602 3785 3791 3826 nonne

2206 3869 2512 3935 conﬁrmat,
2547 3881 2653 3922 non
2702 3866 2923 3922 solum!
2953 3874 3117 3920 totam
3160 3864 3317 3920 istam
3362 3864 3549 3919 mundi
3575 3872 3787 3933 partem

2276 4075 2316 4103 ιη
2346 4065 2445 4121 Ms.
2473 4065 2713 4135 Remig.,
2737 4073 2787 4119 et
2811 4066 2883 4119 eis
2912 4079 3040 4135 quae.

2275 4144 2304 4172 ιι
2333 4131 2693 4190 Emendantus
2734 4150 2797 4189 ex
2837 4131 2943 4195 ms.
2987 4133 3233 4199 Juliensi,
3260 4132 3349 4200 qui
3386 4132 3623 4186 concinit
3663 4131 3789 4185 loco

2206 4205 2493 4280 Augustini
2517 4204 2837 4280 citatosAlii
2855 4203 3076 4280 codices
3113 4203 3302 4267 nostri,
3329 4218 3478 4280 quc._
3664 4271 3675 4280 _
3710 4270 3722 4280 .

2279 4271 2316 4313 θ’
2336 4275 2436 4330 Ms.
2465 4277 2569 4331 Jol.
2604 4276 2750 4330 addit
2798 4275 2984 4338 etiam;
3026 4275 3151 4328 item
3186 4288 3286 4327 ms.
3329 4272 3561 4338 liemig.,
3590 4271 3677 4338 qui
3710 4271 3789 4324 ita

2192 4350 2378 4411 habet,
2401 4356 2449 4400 et
2466 4347 2580 4399 ideo
2595 4354 2739 4398 certa
2757 4349 2917 4400 etiam
2940 4347 3085 4400 bonis
3100 4347 3152 4398 in
3178 4343 3271 4397 illo
3291 4353 3385 4404 est,
3405 4343 3529 4411 quia
3549 4356 3640 4411 nos
3662 4339 3792 4391 bea—

2194 4409 2477 4489 tiﬁcamur.
2498 4415 2692 4489 golon.
2715 4426 2873 4489 vet.,_
2891 4420 2945 4489 in
2967 4416 3070 4469 Deo
3093 4424 3190 4489 est,
3235 4414 3327 4465 tibi
3355 4409 3547 4489 alii,_in
3571 4409 3663 4489 illo
3685 4417 3791 4469 est,

2130 4476 2180 4535 Ι)
2234 4476 2244 4489 ”
2278 4495 2305 4533 P
2335 4484 2459 4539 Mss.
2510 4484 2716 4549 Remig.
2760 4494 2814 4538 et
2839 4476 2956 4538 'Jol.
2994 4496 3116 4535 cum
3157 4482 3382 4549 August.
3427 4477 3629 4533 addunt
3666 4493 3789 4549 nos.

2208 4553 2352 4608 Ideni
2398 4555 2500 4609 Jol.
2537 4566 2591 4609 et
2621 4548 2757 4622 Aug.
2789 4564 2990 4619 postea,
3037 4569 3138 4605 non
3166 4548 3278 4620 ipse
3320 4552 3491 4614 bona;
3528 4564 3633 4618 quo
3665 4548 3793 4602 loco

2210 4626 2303 4678 alii
2329 4626 2545 4679 codices
2575 4626 2765 4686 nosu'i,
2797 4639 2900 4676 non
2924 4624 3031 4692 ipse
3049 4638 3130 4675 eo.

2283 4704 2312 4743 οι
2338 4694 2436 4749 Ms.
2469 4695 2597 4762 Jol.,
2630 4695 2774 4746 nullo
2795 4693 2983 4746 alieno.

2284 4774 2307 4802 ι’
2339 4765 2437 4821 Ms.
2465 4765 2594 4830 Jol.,
2629 4763 2713 4817 De
2741 4780 2894 4817 cursu
2914 4771 3217 4831 temporum.

2287 4843 2309 4870 ⁸
2337 4833 2526 4889 Colon.
2567 4826 2670 4888 vet.
2703 4833 2858 4900 edit.,
2902 4826 3067 4885 Facta
3105 4843 3359 4895 creatura,
3403 4828 3639 4881 motibus.
3691 4826 3793 4880 Ms.

2212 4906 2314 4961 Jol.
2372 4906 2568 4959 omittit
2620 4904 2813 4969 Facta,
2869 4914 2925 4957 et
2978 4903 3184 4971 incipit.
3240 4900 3500 4954 Creaturte
3550 4900 3792 4971 motibus.

2216 4978 2467 5044 Idemque
2491 4979 2683 5030 iterum
2700 4968 2862 5031 habet
2882 4968 3135 5045 tempora,
3161 4983 3219 5027 ut
3239 4982 3293 5027 et
3314 4973 3545 5041 August.
3571 4968 3797 5023 (laeteris

2212 5049 2376 5101 semel
2409 5046 2745 5101 habentibus.

2289 5118 2308 5154 ί
2344 5118 2439 5171 Ms.
2466 5117 2596 5182 Jol.,
2624 5114 3015 5189 tempusulium
3034 5115 3238 5189 omnino
3263 5129 3364 5189 non
3388 5123 3540 5189 esset:
3584 5179 3617 5189 __
3725 5178 3737 5189 _

2287 5198 2314 5225 ιι
2346 5190 2493 5242 Alias
2522 5179 2674 5255 editi,
2699 5179 2869 5239 omnia
2896 5185 2988 5239 Dei
3009 5187 3221 5238 arbitrio
3242 5185 3370 5251 regi.
3397 5181 3491 5255 Ms.
3516 5179 3795 5255 Juliensis,

2219 5258 2369 5326 Quod
2394 5251 2737 5326 abjectissitna
2762 5258 2913 5309 etiam
2937 5257 3110 5310 divina
3135 5253 3450 5326 providentia
3475 5251 3627 5326 regit.

2287 5338 2315 5367 ν
2342 5329 2430 5382 Sic
2458 5321 2584 5381 'ms.
2634 5326 2916 5395 Joliensis,
2948 5329 3084 5381 sicut
3126 5327 3319 5391 legitur
3356 5325 3407 5376 in
3439 5324 3577 5376 libro
3616 5321 3801 5391 Augu-

2212 5398 2361 5468 stini.
2388 5398 2604 5461 Caeteri,
2628 5398 2764 5467 quod
2787 5394 2909 5467 post
2925 5396 3197 5468 paululum
3222 5394 3524 5447 mittendum
3551 5400 3647 5445 est.

2286 5478 2314 5505 ι
2339 5467 2530 5523 Colon.
2564 5481 2671 5523 vet.
2698 5468 2852 5526 edin.
2884 5467 2958 5520 sic
2985 5467 3273 5535 conﬁrmat.

2282 5549 2312 5588 Y
2342 5539 2469 5595 Mss.
2505 5538 2713 5607 Remig.
2743 5548 2796 5593 et
2817 5537 2924 5592 Jul.
2969 5539 3221 5606 supplent.
3258 5549 3443 5589 vocem
3468 5541 3659 5607 totam.
3689 5544 3798 5595 qua

2212 5612 2465 5666 carebant
2491 5601 2756 5664 editiones
2794 5601 3187 5679 Promisi-fante,
3218 5622 3341 5677 qua:
3368 5619 3542 5659 tamen
3593 5601 3802 5674 legitur

2217 5685 2270 5739 in
2301 5684 2418 5736 loco
2442 5680 2725 5751 Augustini
2752 5681 2933 5735 citato.
