3978 6178
220 269 333 328 ιω

675 262 881 321 LIBER
920 261 1460 321 SENTENTIARUM
1499 262 1593 319 EX
1632 262 1972 322 OPEBIBUS
2012 266 2068 322 S.
2111 263 2478 323 AUGUSTINI
2518 263 3035 321 DELIBATARL'M.

3377 266 3490 322 ‘70‘

220 385 388 441 rebus
415 379 730 437 mortalibus
768 388 823 433 et
864 378 1300 447 corruptibilibus
1328 378 1674 451 deputatam;
1703 394 1798 434 ve-
1824 384 1873 441 Α
1900 377 2304 435 CCLXXXVIII
2335 376 2501 448 [Alias
2520 374 2914 448 CCLXXXVI].
2946 374 2966 414 ι
2992 375 3103 432 Deo
3127 377 3483 432 obedientium.

219 490 345 532 rum
363 474 523 530 etiam
545 473 834 528 vilissimas
853 474 974 540 ejus
992 471 1492 543 abjectissimasque
1514 473 1806 542 particulas

219 565 407 621 divina
425 563 767 620 Providentia
799 562 940 631 regi;
974 576 1041 615 ne
1077 560 1318 617 fortuitis
1358 562 1658 632 perturbari
1687 577 1804 617 mo-

221 655 371 712 tibus
402 668 465 710 ea
497 668 722 722 quorum
752 665 945 707 causas
969 653 1432 722 comprehendere
1471 669 1580 708 non
1619 667 1810 724 possu-

222 760 368 809 mus,
392 744 722 800 aestimemus
750 744 905 813 (Aug.
932 741 1084 809 ibid.,
1114 760 1161 796 ε.
1196 743 1258 797 21
1294 753 1341 797 et
1364 742 1497 813 22)?

221 854 577 915 CCLXXXIII
599 855 764 936 [Alias
1190 867 1214 938 ξ
1236 856 1473 938 Animam
1504 857 1809 912 rationalem

649 927 703 977 in
727 924 983 992 spiritalia
1013 924 1142 995 erigi
1169 927 1373 981 debere.

294 1016 491 1074 Anima
529 1016 808 1071 rationalis
837 1018 892 1071 in
931 1031 995 1073 ea
1026 1016 1188 1072 debet
1234 1017 1371 1088 erigi
1403 1033 1522 1088 quae
1548 1017 1579 1057 δ
1609 1019 1664 1073 in
1702 1019 1813 1087 spi-

223 1108 461 1171 ritalium
503 1115 691 1163 natura
736 1108 971 1164 maxime
998 1108 1307 1164 excellunt:
1336 1117 1397 1163 ut
1430 1124 1552 1179 quin
1595 1123 1809 1164 sursum

220 1210 398 1257 sunt°
442 1198 633 1267 sapiat,
665 1213 772 1252 non
821 1214 943 1268 qua:
969 1213 1134 1269 super
1178 1208 1377 1254 terram
1405 1197 1565 1270 (Aug.
1598 1199 1636 1252 ι.
1671 1213 1724 1253 vt
1751 1199 1813 1253 de

223 1289 361 1347 Gen.
404 1290 472 1344 ad
501 1290 630 1353 litt.,
657 1305 705 1343 c.
735 1288 850 1359 22).

222 1380 582 1439 ccuxxrv
610 1378 772 1453 [Alias
796 1379 1191 1453 chxxxm].
1224 1377 1253 1419 «ι
1283 1380 1433 1446 Quod
1462 1382 1517 1436 in
1552 1380 1814 1436 miraculis

640 1452 768 1505 nihil
796 1451 886 1521 ﬁat
915 1461 1096 1506 contra
1120 1451 1386 1507 naturam.

292 1562 623 1620 Naturarum
649 1562 896 1619 conditor
926 1563 1072 1619 Deus
1120 1564 1256 1619 nihil
1296 1564 1348 1619 in
1383 1564 1655 1619 miraculis
1683 1578 1815 1619 con-

224 1661 309 1708 tra
338 1662 588 1708 naturam
621 1654 767 1721 facit,
795 1669 897 1711 nec
921 1654 1064 1725 quod
1092 1668 1287 1710 novum
1331 1664 1414 1712 est
1448 1664 1473 1693 ⁸
1522 1665 1815 1711 consuetu-

1980 470 2165 540 Magna
2211 479 2296 525 est
2343 468 2545 524 utilitas
2588 468 2843 532 hominis,
2892 469 3102 537 jubenti
3137 469 3273 535 Deo,
3319 469 3485 526 etiam

1909 562 2178 631 incognita
2220 559 2479 631 jussionis
2517 560 2746 623 ratione,
2779 560 3011 614 servire.
3049 560 3299 615 .Iubendo
3340 560 3486 615 enim

1910 652 2054 706 Deus
2081 650 2216 705 utile
2258 649 2406 713 facit,
2437 648 2702 719 quidquid
2730 649 2921 720 jubere
2949 651 3182 705 voluerit
3226 667 3240 706 :
3284 650 3352 705 de
3380 666 3489 721 quo

1909 740 2256 796 metuendum
2306 756 2412 795 non
2462 749 2569 809 est,
2613 755 2683 796 ne
2712 756 2818 796 non
2853 743 3131 812 profutura
3162 743 3437 812 praecipiat
3470 759 3483 806 ;

1910 846 2011 887 nec
2056 833 2170 887 lieri
2222 840 2418 901 potest,
2476 842 2534 887 ut
2577 834 2828 888 voluntas
2878 834 3094 905 propria
3142 850 3249 889 non
3296 836 3486 906 grandi

1900 922 2083 977 ruinas
2110 922 2351 993 pondere
2374 936 2539 991 super
2565 923 2842 979 hominem
2870 924 3050 992 cadat,
3081 925 3126 980 si
3154 940 3272 980 eam
3296 926 3489 981 volun-

1910 1017 2005 1068 tati
2024 1014 2324 1082 superioris
2340 1013 2655 1068 extollendo
2679 1025 2955 1084 praaponal
2975 1014 3132 1087 (Aug.
3148 1016 3297 1081 ibid.,
3311 1031 3358 1069 c.
3376 1014 3488 1085 15).

1911 1104 2267 1162 CCLXXXIX
2296 1104 2462 1177 [Alias
2487 1103 2909 1177 CCLXXXVII].
2956 1105 3033 1162 De
3059 1106 3359 1161 excellentia
3394 1108 3491 1159 Itu~

2496 1192 2664 1231 mana:
2691 1185 2911 1232 naturas.

1983 1289 2154 1357 Quam
2184 1289 2457 1346 excellens
2502 1289 2703 1344 bonum
2749 1291 2820 1344 sit
2866 1300 3054 1345 natura
3102 1291 3355 1357 humana,
3390 1291 3493 1347 hoc

1914 1379 2149 1436 maxime
2193 1389 2451 1449 apparet,
2507 1379 2892 1449 quoddatum
2940 1380 3043 1449 ipsi
3092 1383 3161 1436 sit
3214 1392 3270 1437 ut
3323 1384 3493 1451 possit

1913 1470 2111 1523 summi
2158 1479 2213 1524 et
2254 1469 2712 1524 incommutabilis
2757 1471 2887 1525 boni
2933 1471 3211 1528 adhaerere
3261 1483 3490 1528 naturre.

1914 1559 2067 1626 Quod
2103 1560 2149 1614 si
2190 1560 2449 1626 noluerit,
2483 1560 2623 1614 bono
2647 1575 2708 1615 se
2736 1560 2940 1630 privat,
2978 1570 3033 1615 et.
3062 1562 3164 1616 hoc
3200 1563 3250 1617 ci
3295 1563 3492 1617 malum

1914 1661 2034 1707 est:
2062 1650 2205 1706 unde
2235 1665 2332 1719 per
2357 1650 2621 1720 justitiam
2652 1651 2748 1706 Dei
2797 1650 2958 1707 etiam
2998 1652 3273 1706 cruciatus
3300 1667 3495 1707 conse-

226 1744 368 1814 dini,
428 1759 734 1814 repugnans
782 1753 868 1800 est
912 1746 1129 1800 rationi.
1176 1745 1342 1800 Nobis
1384 1760 1516 1815 ergo
1564 1745 1815 1799 videntur
1848 1741 1891 1799 Β
1920 1743 2122 1812 quitur.
2170 1742 2309 1811 Quid
2355 1744 2497 1798 enim
2530 1752 2638 1797 tam
2670 1743 2934 1813 iniquum,
2966 1759 3125 1812 quam
3159 1755 3216 1798 ut
3260 1747 3396 1800 bene
3426 1745 3495 1799 sit

229 1833 251 1873 ¹
282 1843 475 1890 contra
500 1842 745 1890 naturam
775 1835 986 1890 insolita
1011 1877 1025 1901 ,
1055 1836 1249 1906 quibus
1274 1836 1427 1890 aliter
1454 1846 1660 1895 natura:
1694 1850 1815 1891 cur-

227 1941 323 1981 sus
355 1926 623 1991 innotuit;
674 1936 778 1981 non
824 1936 1005 1983 autem
1038 1927 1168 1993 Deo,
1202 1928 1287 1984 cui
1320 1936 1345 1976 ε
1371 1927 1474 1983 hoc
1503 1937 1584 1984 est
1625 1936 1814 1983 natura

224 2016 368 2088 quod
394 2016 585 2073 fecerit
604 2016 764 2088 (Aug.
792 2018 944 2084 ibid.,
977 2035 1025 2073 c.
1061 2017 1173 2089 I3).

224 2128 557 2185 CCLXXXV
614 2128 801 2202 [Alias
821 2128 1236 2253 CCLXXXIV};
1272 2127 1371 2211 _De
1415 2130 1817 2184 incommutabili

729 2210 928 2253 ratione
950 2216 1157 2253 onerum
1239 2217 1302 2253 et.

729 2210 928 2253 ratione
950 2216 1157 2270 operum
1190 2210 1302 2254 Det.

298 2286 329 2326 δ
354 2288 531 2344 Omne
553 2303 751 2359 corpus
777 2291 830 2345 in
863 2306 1021 2346 omne
1043 2305 1243 2361 corpus
1264 2305 1421 2361 posse
1443 2290 1633 2345 mutari
1656 2291 1817 2362 585

226 2378 497 2434 credibile
533 2388 654 2435 est:
687 2380 963 2450 quodlibet
1011 2390 1189 2435 autem
1234 2394 1432 2450 corpus
1483 2382 1535 2434 in
1584 2382 1816 2434 animam

226 2474 550 2526 rationalem
584 2486 741 2541 posse
784 2473 1050 2538 converti,
1091 2474 1314 2528 credere
1354 2470 1652 2525 absurdum
1712 2482 1815 2525 est.

227 2564 497 2631 Quoniam
525 2566 664 2618 Deus
690 2564 771 2620 sic
796 2572 881 2621 est
908 2566 1273 2634 omnipotens,
1303 2574 1360 2618 ut
1392 2579 1680 2633 numquam
1706 2580 1816 2618 sua:

227 2659 459 2713 rationis
499 2657 746 2713 instituta
790 2658 1066 2715 convellat
1092 2659 1252 2731 (Aug.
1284 2657 1372 2712 lib.
1410 2671 1480 2711 vu
1509 2658 1571 2709 de
1598 2652 1728 2709 Gen.
1750 2658 1818 2709 ad

225 2748 304 2802 tu.
331 2763 381 2804 c.
418 2748 488 2804 η
517 2757 562 2802 et
582 2748 699 2817 ao).

225 2837 579 2895 CCLXXXVI
613 2838 788 2911 [Alias
822 2836 1187 2908 mittebatur].
1238 2834 1256 2875 ί
1295 2837 1446 2903 Quod
1487 2839 1724 2892 naturale
1754 2837 1820 2891 sit

410 2928 555 2983 nobis
585 2928 713 2983 uelle
742 2931 926 2995 vivere,
958 2945 1062 2982 non
1089 2938 1259 2982 autem
1293 2929 1427 2982 male
1455 2930 1640 2983 uiuere.

295 3021 557 3076 Naturale
606 3021 761 3076 nobis
808 3029 893 3077 est
939 3021 1079 3077 velle
1121 3023 1324 3085 vivere,
1355 3021 1497 3076 male
1526 3028 1706 3074 autem
1740 3020 1817 3073 vi-

1918 1834 2186 1889 desertori
2225 1833 2389 1889 boni?
2427 1834 2733 1904 Aliquando
2759 1845 2937 1889 autem
2968 1835 3152 1891 amissi
3199 1837 3496 1905 superioris

1918 1929 2045 1985 boni
2067 1942 2174 1983 non
2201 1929 2430 1984 sentitur
2455 1928 2815 1992 malum,dum
2847 1927 3073 1982 habetur
3097 1929 3237 1996 quod
3261 1940 3493 1983 amatum

1918 2028 2003 2075 est
2043 2017 2269 2074 inferius
2316 2019 2535 2073 bonum.
2586 2018 2692 2075 Sed
2738 2019 2917 2074 divina
2944 2019 3152 2087 justitia
3182 2029 3283 2084 est,
3317 2031 3373 2074 ut
3404 2022 3497 2090 qui

1917 2112 2193 2167 voluntate
2213 2120 2255 2149 ω
2286 2111 2470 2166 amisit
2495 2111 2639 2181 quod
2670 2126 2854 2166 amare
2882 2112 3091 2178 debuit,
3137 2113 3346 2166 amittat
3371 2129 3493 2168 cum

1918 2203 2105 2256 dolore
2151 2201 2293 2271 quod
2343 2202 2563 2265 amavit,
2595 2208 2652 2255 et
2695 2210 3009 2255 naturarum
3039 2201 3265 2257 Creator
3300 2203 3497 2273 ubique

1920 2292 2186 2348 laudetur.
2218 2291 2410 2347 Adhuc
2444 2290 2590 2348 enim
2620 2290 2822 2347 bonum
2851 2302 2955 2361 est,
2985 2292 3128 2362 quod
3157 2291 3305 2349 dolet
3329 2294 3498 2350 amis-

1919 2399 2037 2440 sum
2071 2384 2291 2438 bonum.
2320 2382 2453 2438 Nam
2483 2382 2589 2437 nisi
2634 2381 2852 2451 aliquod
2901 2382 3100 2437 bonum
3148 2383 3501 2438 remansisset

1919 2479 1972 2531 in
1998 2486 2207 2541 natura,
2241 2475 2442 2531 nullius
2464 2475 2654 2531 amissi
2688 2474 2813 2530 boni
2844 2474 3004 2530 dolor
3032 2485 3175 2531 esset
3202 2483 3231 2512 ιι
3260 2476 3313 2531 in
3340 2489 3497 2546 ptena

1921 2565 2078 2639 (Aug.
2107 2566 2258 2632 ibid.,
2288 2580 2335 2617 c.
2361 2562 2471 2635 Η).

1918 2657 2096 2714 CCXC
2141 2656 2307 2727 [Alias
2331 2653 2775 2727 CCLXXXVIII].
2810 2664 2835 2690 ο
2865 2654 2940 2709 De
2970 2662 3218 2724 potestate
3259 2657 3498 2710 nocendi.

1991 2749 2156 2821 586
2180 2746 2420 2803 Nocendi
2460 2746 2728 2817 cupiditas
2760 2754 2938 2816 potest
2964 2760 3086 2801 esse
3115 2761 3144 2800 a
3172 2761 3271 2803 suo
3309 2748 3502 2816 cuique

1920 2842 2101 2894 animo
2147 2852 2330 2907 prava.
2378 2836 2502 2892 Non
2541 2847 2615 2892 est
2660 2848 2840 2892 autem
2883 2846 3103 2905 potestas
3150 2839 3250 2891 nisi
3292 2856 3325 2892 a
3370 2837 3500 2906 Deo,

1921 2939 2025 2985 ret
2053 2929 2155 2983 hoc
2197 2929 2410 2994 abdita,
2453 2928 2670 2999 altaque
2700 2928 2818 2997 ejus
2843 2928 3086 2997 iustitia;
3127 2931 3371 2998 quoniam
3400 2947 3501 2984 non

1922 3030 1994 3073 est
2021 3020 2264 3090 iniquitas
2301 3020 2443 3088 apud
2479 3018 2641 3073 Deum
2678 3018 2835 3092 (Aug.
2871 3021 2910 3072 l.
2942 3034 2995 3073 ιι
3019 3019 3083 3074 de
3113 3019 3241 3074 Gen.
3284 3021 3352 3073 ad
3398 3024 3500 3076 litt.

228 3125 359 3166 vere
386 3112 497 3178 jam
526 3126 634 3165 non
666 3119 750 3165 est
779 3120 985 3164 natura:
1006 3152 1021 3177 ,
1065 3111 1159 3165 sed
1204 3124 1470 3178 perversae
1509 3109 1818 3177 voluntatis,
1850 3105 1895 3168 C
1927 3128 1973 3165 c.
2003 3111 2081 3181 4).

230 3217 395 3272 quam
421 3202 565 3271 jus'e
592 3216 747 3271 ptena
777 3202 1123 3271 consequitur
1146 3201 1303 3273 (Aug.
1336 3201 1487 3267 ibid.,
1516 3217 1561 3254 c.
1594 3198 1708 3270 27).

230 3313 613 3370 CCLXXXVII
646 3313 834 3385 [Alias
877 3311 1205 3385 CCLXXXV
1236 3312 1275 3384 ].
1321 3314 1335 3363 Ι
1400 3313 1631 3378 Qualiter
1670 3314 1819 3367 homo

636 3384 910 3455 prementia
943 3384 1038 3437 Dei
1067 3386 1407 3437 illuminetur.

302 3474 456 3532 Sicut
485 3490 580 3531 aer
602 3490 668 3531 ex
701 3486 969 3545 prtesente
992 3475 1197 3530 lumine
1227 3490 1331 3530 non
1365 3474 1537 3531 lactus
1567 3484 1650 3529 est
1678 3477 1813 3530 luci-

230 3566 353 3632 dus,
389 3566 485 3622 sed
531 3567 619 3632 lit;
659 3568 781 3638 quia
814 3566 862 3621 si
889 3567 1062 3621 lactus
1086 3574 1253 3629 esset,
1282 3580 1388 3620 non
1420 3577 1598 3621 autem
1642 3567 1817 3631 ﬁeret,

231 3660 402 3713 etiam
450 3657 680 3713 absente
746 3658 950 3713 lumine
1007 3657 1220 3713 lucidus
1282 3668 1628 3727 permaneret
1684 3676 1695 3708 :
1743 3658 1821 3711 sic

229 3751 441 3818 homo,
492 3750 607 3805 Deo
654 3758 922 3820 prtesente
965 3750 1322 3814 illuminatur,
1368 3750 1592 3803 absente
1639 3760 1819 3803 autem

232 3838 260 3881 δ
308 3845 573 3899 continuo
621 3843 933 3898 tenebratur
976 3862 989 3899 :
1031 3857 1061 3897 a
1087 3858 1195 3911 quo
1226 3858 1332 3897 non
1378 3843 1619 3897 locorum
1651 3842 1820 3896 inter-

234 3935 427 4001 vallis,
474 3934 571 3990 sed
619 3934 915 3989 voluntatis
959 3934 1245 3989 aversione
1294 3933 1594 3989 disceditur
1643 3933 1819 4005 (Aug.

235 4023 326 4079 lib.
354 4040 447 4079 sm
476 4025 542 4079 de
569 4022 701 4080 Gen.
732 4024 802 4078 ad
833 4025 912 4080 lit.
945 4040 993 4077 c.
1027 4022 1142 4093 12).

309 4165 335 4194 ⁸
367 4158 457 4213 Sic
483 4172 589 4211 ms.
614 4155 745 4219 101.,
769 4157 857 4225 qui
882 4163 1062 4209 tamen
1081 4153 1262 4220 habet,
1284 4153 1339 4207 in
1360 4152 1696 4225 spiritalibus.
1720 4152 1828 4207 Alii

236 4227 484 4291 codices,
514 4227 592 4281 De
616 4228 787 4281 anima
816 4228 1082 4282 rationali.

1920 3221 2123 3279 CCXCI
2167 3221 2333 3295 [Alias
2364 3219 2828 3297 CCLXXXIX]._¢I
2857 3222 3115 3288 Quantum
3157 3234 3202 3280 et
3229 3225 3381 3297 quale
3410 3226 3505 3279 bo-

2504 3309 2629 3347 num
2656 3292 2914 3347 sit’Deus.

1996 3385 2266 3453 Quantum
2309 3391 2365 3439 et
2390 3384 2548 3453 quale
2590 3384 2788 3439 bonum
2819 3385 2889 3439 sit
2918 3384 3086 3452 Deus,
3118 3387 3280 3441 etiam
3312 3404 3376 3443 ex
3408 3389 3511 3444 hoc

1926 3476 2205 3532 evidenter
2255 3475 2579 3543 ostenditur,
2629 3476 2771 3545 quod
2819 3475 2951 3530 nulli
3001 3477 3070 3532 ab
3114 3492 3182 3533 eo
3236 3479 3511 3534 recedenti

1929 3572 2068 3625 bene
2096 3576 2218 3624 est:
2252 3569 2373 3639 quia
2400 3578 2453 3623 et
2479 3567 2570 3638 qui
2597 3567 2830 3637 gaudent
2857 3568 2910 3622 in
2943 3569 3236 3624 mortiferis
3266 3572 3508 3639 volupta-

1923 3660 2088 3722 tibus,
2136 3659 2254 3713 sine
2301 3657 2508 3712 doloris
2538 3657 2735 3712 timore
2763 3672 2883 3712 esse
2909 3673 3015 3712 non
3045 3669 3297 3726 possunt;
3337 3668 3394 3714 et
3419 3661 3511 3729 qui

1924 3752 2144 3807 omnino
2210 3750 2407 3804 malum
2461 3748 2783 3803 desertionis
2834 3764 2949 3803 sure
2998 3750 3202 3818 majore
3245 3750 3511 3821 superbiae

1927 3853 2145 3913 stupore
2192 3856 2299 3895 non
2346 3839 2607 3906 sentiunt,
2640 3840 2761 3893 aliis
2806 3840 2896 3908 qui
2930 3839 3047 3894 haec
3076 3842 3388 3897 discernere
3415 3857 3512 3897 no-

1926 3940 2140 3997 verunt,
2188 3941 2210 3970 ι’
2244 3938 2441 4002 quanta
2472 3930 2685 3984 miseria
2716 3939 3050 3999 premantur,
3082 3942 3305 4000 apparet
3331 3950 3344 3986 :
3375 3943 3433 3989 ut
3460 3938 3509 3990 si

1935 4024 2115 4079 nolint
2166 4023 2409 4093 recipere
2457 4021 2776 4075 medicinam
2820 4022 2944 4076 talia
2973 4023 3272 4092 devitandi,
3303 4026 3517 4082 valeant

1924 4157 2063 4224 juste
2089 4170 2237 4226 poena
2268 4155 2634 4226 consequitur;
2665 4170 2784 4224 quis
2813 4157 3122 4225 decerpitur
3150 4175 3213 4214 ex
3256 4160 3395 4216 libro
3424 4179 3514 4218 se-

1932 4225 2102 4292 ptimo
2148 4226 2213 4278 de
2258 4225 2457 4297 Genesi
2502 4226 2565 4297 ad
2600 4227 2828 4281 litteram
2859 4245 2976 4297 cap.
3009 4229 3101 4283 Ἦ.
3147 4232 3346 4287 Aberat
3381 4250 3512 4289 vero

310 4296 338 4336 δ
365 4300 425 4351 ln
462 4298 605 4353 libro
630 4299 881 4368 August.,
926 4297 979 4350 in
1021 4296 1334 4366 spiritalibus
1375 4301 1565 4348 natura
1608 4294 1830 4347 maxime
1932 4297 2278 4368 abomnibus
2310 4295 2659 4368 editionibu}.

238 4368 524 4423 mellunt.

316 4448 341 4476 ε
382 4436 533 4494 Editi
559 4437 726 4493 nostri
750 4451 958 4501 omnes,
988 4436 1213 4507 sapiant.
1246 4435 1371 4490 Mss.
1406 4434 1694 4507 Remig.et
1719 4434 1827 4507 Jol.

241 4520 368 4577 post
398 4510 775 4577 Augustinum,
796 4510 982 4574 sapiat.
1008 4504 1202 4561 Colon.
1236 4515 1345 4560 vet.
1369 4506 1480 4558 edit
1509 4545 1523 4567 ,
1556 4504 1702 4577 inea
1740 4506 1829 4556 de-

2008 4366 2020 4415 i
2065 4367 2269 4440 lta_ms.
2302 4365 2405 4440 lol.
2430 4367 2559 4440 Alii,
2585 4366 2662 4420 De
2691 4367 2895 4440 merito,
2929 4380 2982 4422 ut
3010 4368 3202 4424 Colon.
3236 4380 3366 4439 vet.,
3401 4386 3513 4440 aut,

1936 4434 2015 4505 De
2039 4438 2219 4488 merito
2245 4438 2540 4499 voluntatis,
2573 4453 2623 4490 lll
2655 4439 2867 4505 reliqui.

2004 4503 2031 4582 1f
2064 4507 2171 4582 Vox
2205 4506 2318 4582 huic
2347 4509 2586 4582 continuo
2630 4503 2850 4582 addit—ur»
2874 4509 2959 4582 hic
2984 4526 3011 4561 a
3039 4525 3139 4564 ms.
3174 4510 3511 4582 Remigium),

241 4566 556 4656 betregilf.
582 4578 731 4649 erigi)
754 4566 867 4645 quis;
884 4578 1195 4656 spiritalium
1228 4586 1464 4629 naturam
1494 4566 1715 4628 maxime
1736 4590 1821 4628 επ·
1861 4566 1908 4625 D
1935 4584 1989 4631 et
2007 4576 2328 4656 ‘habeturnin
2360 4578 2639 4656 Αμευξῑίιιί
2664 4579 2809 4656 loco,
2842 4579 2926 4631 hic
2955 4583 3121 4656 citato
3163 4584 3217 4656 i_n
3250 4566 3513 4656 might;

243 4650 463 4717 cellunt,
492 4658 539 4702 et
558 4664 671 4717 qut:
698 4664 898 4702 sursum
920 4657 1037 4700 sunt
1065 4650 1295 4717 sapiunt.

326 4720 353 4760 ά
390 4721 482 4774 Sic
509 4716 609 4773 ms.
633 4719 903 4773 .Inliensis.
928 4718 1055 4780 Alii,
1080 4716 1157 4770 De
1180 4716 1447 4770 miraculis
1479 4716 1826 4771 naturalibus.

322 4804 347 4833 ο
377 4791 481 4848 bis.
527 4790 779 4846 Joliensis
815 4803 937 4842 cum
973 4787 1164 4842 Colon.
1197 4797 1305 4842 vet.
1344 4787 1502 4853 edit.,
1551 4802 1828 4841 consuetu-

247 4866 383 4920 dini.
417 4861 544 4925 Alii,
571 4859 958 4912 consuetudine.

322 4935 344 4976 ί
382 4932 483 4985 Ms.
512 4931 787 4997 Joliensis,
818 4928 1077 4981 contraria
1098 4927 1331 4981 uidentur
1358 4927 1584 4981 insolita.

2007 4644 2025 4684 ι
2058 4646 2155 4700 Ms.
2186 4644 2468 4709 Joliensis,
2495 4647 2570 4699 De
2600 4649 2820 4700 utilitate
2857 4650 3110 4703 serviendi
3154 4651 3283 4707 Deo.
3317 4644 3513 4711 colon.

1931 4725 2043 4770 vet.
2073 4717 2250 4798 edit”
2300 4714 2378 4767 De
2407 4718 2622 4771 utilitate
2652 4717 2868 4772 hominis
2899 4720 3183 4776 obediendo
3213 4722 3322 4779 Deo
3352 4729 3404 4781 in
3434 4730 3517 4782 in-

1966 4806 1992 4839 ο
2035 4798 2173 4839 uitis.

1935 4804 1962 4841 ε
1997 4807 2046 4893 qn
2076 4857 2174 4910 Ms.
2208 4856 2482 4922 Joliensis,
2516 4857 2707 4910 dimisit
2735 4897 2748 4910 .
2788 4899 2801 4912 .
2837 4898 2849 4911 .
2887 4897 2901 4911 .
2934 4861 3199 4915 laudatur.

2008 4935 2037 4963 η
2060 4928 2155 4980 Ms.
2206 4927 2736 5005 llemig.,_l.ugdun._
2765 4940 2818 5005 et
2848 4932 3179 5005 posteriores
3193 4934 3512 5005 _editiones,

320 5016 347 5053 s
381 5002 750 5075 bi:s._liemig.
794 4998 1005 5075 et__.|ol.,
1029 4997 1225 5075 ltoc‘est
1249 5000 1299 5049 in
1334 5006 1517 5050 natura
1561 4997 1702 5075 quod
1728 4998 1835 5075 ipse
1938 4998 1991 5051 in
2022 5013 2241 5075 patriam.
2276 4998 2401 5075 Mss.
2446 5000 2597 5075 μου).
2630 5009 2683 5075 et
2711 4997 3006 5075 .Iol.,'ed_it.
3038 5011 3148 5056 vet.
3181 5002 3300 5058 Col.
3329 5019 3383 5061 et
3414 4997 3512 5075 ap;

251 5078 408 5149 fecit.
434 5072 629 5127 Colon.
658 5066 766 5126 vel.
800 5070 954 5137 edit.,
986 5084 1100 5121 cum
1130 5068 1225 5121 hoc
1258 5077 1330 5121 est
1355 5080 1537 5121 natura
1566 5067 1702 5137 quod
1728 5069 1837 5137 ipse
1943 5068 2100 5149 petiti.
2128 5077 2285 5149 'tom.
2334 5066 2383 5121 Χ
2434 5068 2593 5149 Διί-ε..
2629 5070 2682 5123 in
2711 5086 2894 5139 paena;
2935 5072 3097 5126 immo
3128 5080 3182 5128 et
3220 5076 3371 5132 locus
3402 5066 3517 5149 ipse

246 5145 456 5217 laceri!-

324 5215 353 5254 δ
383 5214 485 5269 Ms.
515 5209 793 5275 Joliensis,
837 5208 999 5263 Omne
1030 5224 1213 5274 corpus
1236 5208 1285 5259 in
1324 5208 1497 5274 aliud,
1530 5209 1584 5261 in
1614 5206 1839 5261 animam

246 5303 372 5342 vero
402 5298 681 5351 numquam
713 5282 903 5334 mutari
926 5295 1091 5344 posse.
1123 5280 1311 5333 Colon.
1342 5289 1479 5346 vet.,
1522 5278 1601 5334 De
1642 5280 1837 5333 incom-

250 5355 494 5413 mutabili
516 5354 795 5405 mutatione
823 5353 1007 5403 anima
1032 5351 1085 5401 in
1110 5364 1313 5415 corpus.

1944 5139 2063 5194 libri
2095 5138 2240 5191 citati
2274 5138 2325 5191 in
2360 5140 2618 5205 margine.

2015 5216 2040 5245 ο
2201 5208 2330 5272 Jol.,
2366 5206 2443 5262 De
2469 5212 2749 5283 cupiditate
2772 5221 2817 5266 et
2845 5220 3092 5283 potestate
3121 5218 3355 5270 nocendi.

2016 5289 2042 5356 If
2071 5279 2161 5334 Sic
2203 5279 2853 5356 pestHAugus'iinumms.
2878 5281 2982 5356 Jol.
3017 5284 3356 5356 Ms._llcniig.
3387 5304 3510 5343 cum

1942 5349 2136 5432 Colon.
2166 5348 2514 5432 vet.edit.,‘;et
2539 5352 2647 5406 haec
2673 5352 2843 5432 abdita
2871 5354 3073 5432 altaque
3091 5348 3344 5432 .(Colonf,
3375 5364 3424 5432 ej
3438 5364 3527 5429 us)

399 5423 995 5501 ln__mss_.>_liemigiano
1027 5432 1080 5501 et
1110 5420 1337 5501 Joliensi
1368 5428 1485 5487 post
1511 5422 1835 5501 sententiam
1939 5420 2161 5501 iustitia.
2194 5419 2298 5475 Alii
2342 5421 2580 5489 codices,
2609 5433 2655 5478 et
2694 5422 2802 5477 htec
2832 5419 3008 5475 abdita
3050 5419 3254 5493 aliaque
3303 5419 3416 5501 qu;
3445 5419 3524 5499 iul

252 5496 365 5552 285
396 5496 555 5565 (alias
591 5490 698 5548 εδδ
726 5490 1327 5565 praeedente).‘tut_ulus_
1356 5502 1467 5565 est,
1504 5490 1650 5556 Quod
1691 5502 1842 5565 natu-

258 5569 368 5621 rule
406 5559 481 5618 sit
522 5566 665 5617 nobis
708 5559 835 5615 uelle
880 5559 1073 5614 vivere.
1110 5559 1206 5615 Cui
1249 5560 1533 5629 subjicitur
1577 5563 1843 5615 sententia

1945 5494 2169 5635 maniis.
2213 5561 2317 5615 Jul.
2348 5572 2399 5617 ct
2427 5562 2612 5618 Colon.
2645 5572 2749 5617 vet.
2782 5564 2911 5619 edit.
2942 5565 3142 5622 addunt
3173 5567 3429 5635 Quantum
3474 5584 3530 5629 et-

268 5638 421 5692 ILec:
442 5635 694 5688 Naturale
714 5633 853 5685 nobis
882 5642 955 5686 est
981 5632 1107 5684 velle
1134 5632 1312 5696 uiuere,
1342 5632 1474 5684 male
1498 5640 1665 5683 autem
1687 5632 1848 5685 vivere
1949 5633 2069 5687 aliis
2102 5632 2275 5685 libris.

258 5711 380 5777 jam
430 5722 531 5761 non
580 5714 653 5761 est
687 5713 905 5772 natura,
943 5701 1032 5758 sed
1079 5718 1327 5774 perversa:
1372 5702 1668 5774 uoluntatis,
1696 5718 1847 5773 quam

2028 5712 2046 5741 τ
2079 5701 2271 5759 Colon.
2305 5713 2407 5758 vet.
2445 5702 2595 5771 edit.,
2632 5717 2817 5775 quanta
2848 5708 2909 5762 sit
2937 5710 3157 5765 miseria.
