4028 6176
502 282 597 338 ιη

1740 275 1799 333 S.
1840 274 2173 334 PROSPERI
2214 277 2539 346 AQUI'I’ANI

3656 279 3767 335 ιτα

500 399 565 452 ad
595 396 920 467 exemplum,
957 404 982 433 ι
1023 408 1128 464 quo
1178 401 1403 463 possunt
1446 390 1571 447 talia
1617 390 1849 447 devitari
1894 391 2071 463 (Aug.
2100 394 2155 455 Δ
2213 393 2465 452 CCXCVI
2493 392 2660 465 [Alias
2687 389 2988 465 CCXCIV].
3015 388 3045 432 ιι
3084 392 3159 449 De
3184 392 3322 449 vitiis
3343 395 3723 466 expugnandis.

501 489 597 545 lib.
631 507 681 546 at
712 492 774 545 de
797 489 928 545 Gen.
959 488 1028 543 ad
1052 488 1154 543 litt.
1187 504 1234 541 c.
1266 486 1347 556 5).

502 602 729 659 CCXCII
776 602 943 676 [Alias
988 599 1205 683 CCXC}.
1253 598 1282 638 δ
1316 599 1468 683 Quod
1513 598 1656 654 nulla
1684 606 1921 654 creatura
1946 598 2087 652 mala

1100 681 1164 725 8η
1187 681 1240 724 tu
1272 681 1483 725 natura.

571 765 719 820 Sicut
756 780 881 819 vera
910 764 1049 819 ratio
1076 764 1237 818 decet
1279 763 1558 818 meliorem
1584 776 1705 818 esse
1746 770 2076 828 creaturam,

502 871 661 927 quam
707 870 930 924 prorsus
976 854 1108 909 nihil
1156 854 1389 909 delectat
1438 853 1683 907 illicitum
1725 869 1740 906 :
1787 854 1857 906 ita
1898 850 2087 907 eadem

502 948 640 1001 ratio
697 947 855 1001 docet
884 947 1045 1001 etiam
1096 945 1241 998 illam
1286 944 1483 998 bonam
1527 958 1651 999 esse
1686 958 1811 1012 qua
1852 944 1903 996 in
1936 952 2087 1011 pote-

502 1044 641 1092 state
683 1036 847 1091 habet
877 1036 1119 1091 illicitam
1149 1035 1567 1091 delectationem
1596 1035 1669 1089 ita
1694 1033 1953 1090 cohibere
1973 1077 1989 1101 ,
2032 1042 2089 1089 ut

504 1145 612 1184 nun
646 1130 819 1183 solum
848 1129 915 1183 de
962 1131 1175 1183 caeteris
1207 1128 1367 1182 licitis
1394 1135 1650 1196 recteque
1690 1126 1867 1190 lactis,
1900 1140 2087 1180 verum

505 1220 668 1272 etiam
722 1219 789 1273 de
840 1219 1008 1286 ipsius
1051 1233 1231 1286 prava:
1273 1217 1653 1272 delectationis
1686 1227 1708 1255 ο
1760 1215 2089 1272 cohibitione

504 1310 718 1364 laetetur
744 1309 900 1381 (Aug.
929 1309 1082 1372 ibid.,
1113 1326 1161 1364 c.
1191 1307 1267 1378 7).

506 1422 754 1479 CCXCIII
798 1423 961 1496 [Alias
990 1422 1235 1494 CCXCI].
1284 1420 1310 1506 ξι
1342 1421 1433 1506 .De
1473 1424 1675 1495 magnis
1717 1423 1955 1491 cperibus
1987 1422 2093 1477 Do-

1225 1510 1371 1548 mtnt.

581 1584 775 1654 Magna
801 1600 960 1653 cpera
994 1583 1221 1649 Domini,
1254 1585 1505 1653 exquisita
1525 1588 1577 1638 in
1610 1600 1784 1639 omnes
1806 1585 2093 1639 voluntates

510 1680 644 1747 ejus.
692 1674 961 1729 Praevidet
1002 1675 1175 1729 bonos
1208 1674 1455 1740 futuros,
1500 1685 1555 1730 et
1597 1686 1744 1730 creat
1783 1692 1798 1730 :
1835 1676 2093 1742 praevidet

2256 483 2455 543 Actiol
2504 486 2558 540 in
2602 482 2705 541 bac
2739 485 2848 542 vita
2890 485 2974 555 pia
3000 493 3086 542 est
3113 485 3279 541 Deum
3306 485 3509 551 colere,
3556 495 3616 541 et
3641 487 3764 558 ejus

2184 577 2353 647 gratia
2394 587 2588 635 contra
2635 579 2764 634 vitia
2807 576 3021 633 interna
3064 591 3323 647 pugnare,
3365 578 3553 647 eisque
3593 592 3771 647 usque

2185 668 2253 723 ad
2300 670 2487 726 illicita
2516 668 2901 739 instigantibus
2921 678 2960 705 αι
2986 669 3369 738 cogentibusve
3398 684 3505 723 non
3534 669 3771 737 cedere;

2186 768 2241 813 et
2286 758 2375 812 ubi
2422 759 2650 825 ceditur,
2681 758 3087 828 indulgentiam,
3116 768 3275 828 atque
3299 767 3359 813 ut
3382 774 3490 814 non
3520 761 3771 826 cedatur,

2186 847 2515 918 adiutorium
2544 849 2658 915 Dei,
2686 849 2881 904 affectu
2909 848 3178 917 religiosae
3204 849 3420 918 pietatis
3445 864 3772 919 exposcere.

2187 939 2246 994 ln
2301 940 2551 1009 paradiso
2589 953 2792 1005 autem.
2844 939 2892 994 si
2946 955 3107 995 nemo
3147 951 3445 1009 peccasset,
3491 956 3598 995 non
3628 950 3779 996 esset

2187 1031 2329 1087 actio
2357 1031 2574 1100 pietatis
2603 1046 2915 1101 expugnare
2944 1032 3078 1087 vitia
3117 1048 3132 1087 :
3178 1030 3301 1100 quia
3328 1030 3601 1087 felicitatis
3629 1041 3781 1087 esset

2189 1122 2498 1191 permansio
2547 1122 2673 1178 vitia
2722 1137 2832 1178 non
2873 1122 3079 1179 habere
3125 1120 3281 1194 (Aug.
3322 1124 3365 1177 ι.
3415 1122 3565 1193 t0p.
3596 1122 3781 1195 ιαμ..

2188 1229 2245 1266 η.
2278 1212 2393 1282 70).

2192 1322 2467 1381 CCXCVII
2497 1325 2663 1399 [Alias
2692 1325 2963 1401 CCXCI’J.
2995 1325 3075 1381 De
3100 1327 3404 1395 fortitudine
3431 1330 3701 1401 gentilium
3731 1336 3782 1383 et

2766 1396 3200 1454 Christianorum.

2266 1510 2658 1567 Fortitudinem
2690 1511 2973 1582 gentilium
3006 1512 3276 1566 mundana
3302 1511 3585 1581 cupiditas,
3617 1512 3779 1568 forth

2197 1602 2441 1660 tudinem
2490 1615 2670 1659 autem
2719 1604 3147 1661 Christianorum
3197 1605 3291 1661 Dei
3334 1605 3568 1660 cbaritas
3613 1604 3779 1670 facit;

2199 1709 2319 1764 quae
2348 1694 2543 1750 dil’usa
2572 1696 2730 1750 estin
2760 1695 3017 1750 cordibus
3042 1697 3260 1759 nostris,
3305 1710 3411 1750 non
3456 1711 3552 1765 per
3580 1696 3779 1750 volun-

509 1770 721 1823 tuturos
748 1769 941 1835 malos,
969 1777 1024 1823 et
1062 1776 1212 1823 creat
1237 1786 1248 1820 :
1274 1769 1515 1837 seipsum
1545 1767 1611 1822 ad
1644 1767 1927 1823 fruendum
1957 1783 2094 1837 prte-

2213 1787 2324 1841 etis
2363 1785 2665 1854 arbitrium,
2714 1786 2859 1856 quod
2886 1794 2974 1841 est
3000 1802 3029 1839 a
3055 1786 3234 1850 nobis,
3266 1786 3361 1840 sed
3391 1800 3486 1855 per
3508 1786 3773 1856 Spiritum

508 1859 643 1915 bens
670 1860 847 1926 bonis,
880 1859 1046 1914 multa
1075 1874 1353 1914 munerum
1389 1873 1607 1915 suorum
1649 1859 1884 1929 largiens
1926 1860 2090 1915 etiam

508 1952 699 2019 malis;
745 1962 769 1991 ⁶
798 1952 1222 2007 misericorditer
1268 1953 1575 2021 ignescens,
1623 1954 1767 2019 iuste
1794 1952 2089 2016 ulciscens;

508 2046 750 2114 itemque
797 2044 1220 2100 misericorditer
1257 2043 1546 2109 ulciscens,
1584 2044 1731 2113 juste
1774 2044 2090 2115 ignescens;

513 2134 647 2187 nihil
679 2143 924 2188 metuens
950 2134 1020 2189 de
1062 2134 1379 2203 cujusquam
1413 2134 1650 2199 malitia;
1691 2135 1823 2189 nihil
1852 2135 2094 2205 indigens

511 2222 581 2280 de
608 2224 925 2294 cujusquam
963 2225 1204 2294 justitia;
1246 2225 1379 2279 nihil
1420 2226 1520 2280 sibi
1550 2226 1839 2281 consulens
1866 2225 1935 2280 de
1959 2240 2091 2294 ope-

512 2319 664 2373 ribus
706 2318 993 2385 bOnorum,
1024 2327 1078 2371 et
1106 2317 1264 2373 bonis
1293 2318 1582 2373 consulens
1613 2317 1776 2373 etiam
1822 2318 1892 2372 de
1921 2316 2095 2387 poenis

514 2411 774 2463 malorum
807 2408 962 2479 (Aug.
994 2409 1149 2474 ibid.,
1180 2425 1225 2461 c.
1254 2406 1368 2478 ii).

512 2500 762 2556 CCXCIV
794 2500 962 2573 [Alias
984 2498 1257 2569 CCXCII].
1292 2499 1371 2555 De
1396 2502 1638 2571 superbia
1673 2499 1692 2540 ί
1724 2510 1772 2555 et
1797 2501 2093 2556 invidentia.

583 2590 718 2645 Cum
750 2592 1001 2661 superbia
1025 2592 1096 2645 sit
1122 2606 1277 2647 amor
1305 2593 1644 2647 excellentia:
1681 2594 1932 2663 propriae,
1960 2593 2095 2647 invi~

513 2685 693 2740 tientia
724 2700 856 2739 vero
882 2685 953 2738 sit
991 2683 1173 2739 odium
1202 2684 1476 2741 felicitatis
1520 2685 1744 2751 alienae,
1789 2686 1915 2752 quid
1957 2686 2097 2741 unde

515 2785 773 2831 nascatur
819 2775 873 2829 in
924 2786 1175 2845 promptu
1224 2785 1329 2831 est.
1390 2777 1634 2832 Amando
1676 2778 1820 2831 enim
1870 2777 2097 2848 quisque

514 2865 893 2920 excellentiam
943 2879 1131 2930 suam,
1174 2865 1259 2920 vel
1304 2865 1524 2933 paribus
1573 2866 1801 2930 invidet,
1853 2868 1997 2936 quod
2047 2867 2097 2922 ei

513 2968 893 3028 coaiqttentur;
948 2958 1033 3012 vel
1104 2957 1493 3024 inferioribus,
1544 2959 1703 3029 587
1748 2973 1817 3013 ne
1863 2958 1963 3013 sibi
2006 2973 2100 3014 co-

512 3058 825 3118 :equentur;
851 3049 934 3101 vel
959 3047 1355 3117 superioribus,
1377 3048 1519 3117 quod
1537 3050 1619 3103 eis
1634 3064 1740 3103 non
1765 3058 2096 3116 cumquetur.

514 3138 890 3208 Superbiendo
939 3139 1098 3208 igitur
1126 3138 1357 3208 quisque
1404 3137 1640 3206 invidus,
1669 3154 1777 3194 non
1807 3139 2096 3195 invidendo
2124 3140 2172 3204 C

512 3228 777 3299 superbus
808 3238 891 3283 est
931 3229 1090 3301 (Aug.
1115 3228 1268 3294 ibid.,
1302 3244 1350 3281 c.
1389 3226 1505 3298 Η).

515 3340 739 3397 CCXCV
768 3339 1271 3413 [AliasCCXCIlIL
1288 3349 1315 3413 β
1349 3340 1586 3408 Qualiter
1618 3341 1883 3413 plenitudo
1911 3342 2095 3397 divini-

791 3413 911 3467 tatis
935 3410 1125 3466 habitet
1152 3414 1206 3466 in
1231 3410 1434 3465 Christo
1463 3411 1819 3482 corporaliter.

582 3502 868 3558 Plenitudo
898 3501 1198 3556 divinitatis
1226 3502 1281 3556 in
1306 3500 1521 3558 Christo
1562 3501 1703 3557 dicta
1732 3511 1815 3558 est
1839 3516 2096 3574 corpora-

514 3596 636 3649 liter
666 3594 934 3659 habitare,
982 3607 1091 3647 nou
1139 3592 1263 3662 quia
1310 3592 1564 3647 divinitas
1610 3608 1807 3663 corpus
1851 3604 1958 3658 est,
1999 3595 2097 3650 sed

512 3689 636 3757 quia
697 3694 1039 3741 sacramenta
1099 3684 1303 3740 veteris
1362 3684 1696 3740 Testamenti
1758 3686 2099 3756 appellantur

511 3776 539 3815 ιε·
574 3779 782 3834 umbrae
813 3776 997 3842 futuri,
1048 3784 1265 3845 propter
1302 3775 1610 3831 umbrarum
1641 3779 2097 3845 comparationem

512 3870 868 3941 corporaliter
892 3870 1032 3924 dicta
1060 3877 1144 3923 est
1172 3867 1224 3922 in
1253 3868 1471 3923 Christo
1501 3869 1780 3938 plenitudo
1804 3869 2101 3927 divinitatis

512 3964 779 4029 habitare,
824 3961 966 4031 quod
1016 3960 1073 4015 in
1123 3960 1217 4015 illo
1260 3960 1585 4029 impleantur
1614 3963 1791 4015 omnia
1835 3977 1958 4032 qua:
1993 3961 2007 3999 ί
2044 3964 2099 4017 in

511 4056 618 4110 illis
649 4054 855 4108 umbris
886 4053 1107 4122 ﬁgurata
1137 4061 1284 4116 sunt,
1314 4066 1377 4106 ac
1414 4053 1493 4106 sic
1537 4052 1937 4121 quodammodo
1980 4070 2096 4109 um-

514 4145 733 4198 brarum
760 4140 1179 4213 praecedentium
1217 4142 1335 4207 ipse
1365 4143 1434 4195 sit
1464 4156 1683 4209 corpus,
1718 4143 1820 4196 hoc
1850 4152 1931 4197 est
1961 4143 2097 4212 figu-

512 4252 695 4292 rarum
725 4246 779 4290 et
810 4234 1263 4303 signiﬁcationum
1313 4233 1526 4288 illarum
1569 4234 1583 4284 i
1625 4235 1738 4305 ipse
1779 4236 1852 4289 sit
1898 4237 2096 4291 veritas

512 4332 669 4401 (Aug.
713 4328 802 4382 lib.
831 4341 902 4380 xu
926 4327 987 4379 de
1016 4324 1146 4379 Gen.
1180 4324 1249 4376 ad
1277 4323 1376 4377 litt.
1410 4341 1455 4378 c.
1492 4326 1572 4390 7).

2195 1884 2463 1940 sanctum,
2507 1878 2596 1947 qui
2641 1877 2801 1932 datus
2849 1887 2933 1933 est
2980 1877 3138 1933 nobis
3179 1877 3337 1965 (Aug.
3387 1877 3541 1944 ibid.,
3590 1894 3644 1931 τι.
3674 1878 3776 1945 83;

2202 1981 2320 2020 can.
2354 1966 2418 2021 17
2448 1981 2593 2021 conc.
2622 1968 2809 2023 Araus.
2840 1969 2925 2038 tt).

2193 2096 2495 2155 CCXCVIII
2536 2098 2702 2171 [Alias
2742 2097 3037 2171 CCXCVI].
3087 2108 3113 2136 ι’
3143 2098 3292 2166 Quod
3341 2098 3543 2155 nullum
3585 2100 3772 2155 malum

2646 2171 2734 2236 sit,
2760 2170 2858 2223 nisi
2891 2171 2949 2223 in
2972 2171 3144 2240 aliqua
3177 2170 3328 2225 bono.

2266 2278 2382 2334 Non
2409 2287 2588 2350 potest
2612 2293 2731 2335 esse
2752 2278 2916 2334 ullum
2940 2280 3161 2346 malum,
3186 2280 3289 2333 nisi
3317 2280 3369 2333 in
3393 2278 3572 2348 aliquo
3599 2278 3776 2334 bona:

2196 2373 2317 2443 quia
2349 2388 2456 2427 non
2482 2381 2662 2440 potest
2689 2387 2811 2428 esse
2840 2374 2945 2428 nisi
2991 2373 3044 2428 in
3086 2373 3265 2443 aliqua
3314 2385 3504 2428 natura
3545 2390 3559 2425 :
3598 2374 3781 2430 omnis

2196 2472 2377 2518 autem
2424 2472 2636 2528 natura,
2668 2471 2694 2499 ο
2725 2464 2777 2518 in
2818 2471 3078 2534 quantum
3117 2473 3309 2519 natura
3340 2473 3446 2529 est,
3472 2463 3673 2519 bonum
3697 2474 3782 2521 est

2196 2555 2356 2625 (Aug.
2385 2554 2537 2624 ibid.,
2568 2570 2624 2608 η.
2659 2553 2811 2624 IN).

2198 2687 2449 2745 CCXCIX
2496 2687 2676 2760 [Alias
2714 2687 2989 2745 CCXCVII
3010 2688 3113 2774 1.}.
3143 2688 3320 2745 Nullis
3346 2690 3539 2743 meritis
3565 2679 3785 2761 gratiam

2844 2776 3129 2829 praevenm.

2273 2870 2505 2927 Debetur
2551 2884 2762 2927 merces
2806 2871 2965 2927 bonis
3006 2871 3296 2940 operibus,
3340 2871 3387 2926 si
3438 2871 3572 2925 ﬁant
3618 2887 3634 2923 :
3687 2870 3786 2927 sed

2202 2964 2397 3032 gratia,
2446 2976 2569 3031 quae
2620 2977 2729 3017 non
2767 2961 3012 3027 debetur,
3064 2962 3322 3031 praecedit
3362 2970 3419 3016 ut
3462 2962 3591 3015 liaut
3625 2962 3785 3033 (Aug.

2201 3055 2354 3122 ibid.,
2388 3070 2442 3107 n.
2477 3054 2607 3118 155;
2644 3069 2761 3107 can.
2796 3053 2863 3107 18
2890 3068 3035 3107 conc.
3069 3053 3257 3106 Araus.
3292 3053 3375 3122 ll).

2200 3207 2326 3264 CCC
2356 3206 2519 3279 [Alias
2544 3203 2881 3275 CCXCVIII].
2908 3204 2985 3258 De
3009 3205 3394 3260 circumcisione
3418 3212 3467 3260 et
3498 3205 3786 3275 baptismo.

2270 3316 2627 3374 Circumcisio
2656 3315 2837 3370 carnis
2866 3314 2985 3386 lege
3014 3322 3275 3383 pracepta
3302 3325 3419 3382 est;
3459 3315 3585 3384 quia
3618 3315 3791 3387 583

2201 3424 2308 3464 non
2344 3416 2529 3479 posset
2554 3407 2748 3462 melius
2779 3405 3092 3475 signiﬁcari,
3128 3420 3224 3475 per
3252 3404 3520 3461 Christum
3555 3422 3787 3476 regene-

2200 3501 2425 3556 rationis
2490 3511 2769 3555 auctorem
2815 3497 2932 3553 tolli
2990 3498 3252 3568 originale
3303 3507 3602 3568 peccatum.
3648 3496 3790 3555 Cum

2200 3594 2461 3663 praeputio
2487 3593 2682 3664 quippe
2726 3591 2900 3647 omnis
2928 3590 3094 3646 homo
3123 3592 3383 3657 nascitur,
3410 3593 3788 3663 quemadmo-

2200 3683 2328 3738 dum
2371 3697 2494 3737 cum
2539 3682 2786 3753 originali
2831 3690 3069 3752 peccato.
3119 3681 3189 3737 Et
3215 3690 3409 3736 octavo
3432 3683 3522 3737 die
3552 3683 3640 3737 lea
3672 3684 3791 3739 cir-

2201 3775 2431 3832 cumcidi
2456 3790 2676 3830 carnem
2705 3776 2958 3844 praecepit
2981 3815 2997 3842 ,
3039 3774 3167 3844 quia
3195 3775 3445 3830 Christus
3471 3776 3562 3831 die
3592 3776 3791 3832 Domi-

2201 3866 2325 3922 nico
2361 3865 2682 3931 resurrexit,
2713 3865 2803 3935 qui
2847 3875 2969 3935 post
3008 3867 3294 3934 septimum
3327 3866 3535 3920 sabbati
3563 3878 3794 3922 octavus

2201 3966 2305 4013 est.
2352 3957 2423 4011 Et
2466 3957 3244 4027 circumcisus-praeputiatum
3292 3957 3479 4027 gignit,
3509 3958 3795 4029 trajiciens

2203 4053 2257 4106 in
2304 4052 2477 4116 illum,
2523 4066 2632 4120 quo
2678 4051 2794 4119 ipse
2833 4050 2946 4120 jam
2990 4051 3165 4106 caruit
3192 4068 3205 4103 :
3233 4052 3375 4106 sicut
3400 4051 3795 4120 baptizatusin

2206 4144 2373 4197 lilium
2414 4157 2572 4213 quem
2611 4150 2834 4213 generat
2878 4156 3064 4210 carne,
3108 4151 3318 4198 reatum
3362 4152 3541 4198 tamen
3592 4144 3796 4213 trajicit

2205 4233 2449 4304 originis,
2480 4244 2508 4283 ιι
2535 4248 2565 4287 a
2590 4247 2697 4303 quo
2732 4233 2847 4303 ipse
2886 4233 2997 4303 jam
3048 4233 3186 4290 liber
3229 4245 3310 4291 est
3339 4234 3498 4306 (Aug.
3529 4234 3573 4289 t.
3614 4250 3655 4291 ιι
3688 4235 3794 4308 0p.

2206 4325 2367 4397 lmp.,
2403 4341 2457 4379 π.
2486 4323 2601 4395 75).

583 4478 609 4505 ει
636 4466 713 4521 Ita
744 4462 1098 4520 conformiter
1132 4460 1429 4530 Augustino
1459 4460 1624 4515 editio
1655 4462 1885 4528 append.
1918 4470 1991 4515 to.
2037 4461 2083 4515 X
2114 4466 2165 4527 1)
2193 4462 2366 4521 titulo.
2401 4461 2473 4516 De
2500 4462 2813 4530 plenitudine
2838 4462 3117 4517 divinitatis
3143 4465 3199 4517 in
3228 4454 3463 4520 Christo.

510 4539 770 4602 ejusdem.
820 4535 950 4589 Mss.
997 4535 1206 4602 Retnig.
1248 4540 1304 4585 et
1339 4530 1472 4602 Jol.,
1521 4548 1624 4602 quo
1670 4536 1865 4599 possint
1899 4534 2083 4586 caveri.

511 4600 653 4663 Εἀίίί
680 4607 770 4659 alii
799 4621 1011 4671 omnes,
1046 4600 1173 4671 post
1193 4617 1377 4657 vocem
1411 4600 1549 4658 hanc
1604 4604 1931 4667 medicinam,
1964 4605 2089 4657 talia

512 4678 765 4733 tit-vitandi
795 4674 995 4728 valeant
1024 4675 1090 4727 ad
1111 4673 1398 4743 exemplum
1424 4688 1536 4739 qute
1570 4685 1781 4741 possunt
1808 4674 2015 4728 habere.

582 4748 607 4787 ι’
663 4747 760 4802 Ms.
804 4746 1099 4811 Jolieusis,
1160 4746 1309 4810 Quod
1355 4753 1593 4798 creatura
1627 4745 1735 4797 alia
1783 4744 2090 4813 bona,-alia

510 4820 710 4874 melior.

586 4902 607 4929 ο
639 4889 765 4944 Mss.
824 4887 1032 4955 Remig.
1073 4896 1128 4941 et
1171 4884 1398 4941 .loliens.
1448 4892 1569 4953 post
1622 4886 2092 4955 Attgust.,cohibi-

511 4965 667 5022 tione,
701 4975 821 5014 cum
847 4957 1092 5028 superius
1116 4955 1318 5012 dictum
1344 4956 1438 5022 sit,
1463 4956 1716 5011 cohibere.
1747 4957 1849 5011 Alii
1878 4971 2087 5025 omnes,

508 5032 833 5087 coercitione.

579 5100 604 5140 ά
633 5103 729 5155 Ms.
782 5100 913 5163 .lul.,
962 5099 1112 5165 Quod
1162 5118 1318 5173 Opera
1364 5098 1575 5153 Domini
1615 5097 1867 5167 exquisita
1907 5098 2009 5151 sint
2040 5099 2092 5151 in

507 5174 681 5228 omnes
707 5174 988 5225 voluntates
1009 5174 1140 5241 ejus.

582 5256 605 5282 ο
664 5245 760 5299 Ms.
815 5237 1047 5311 Remng
1103 5243 1259 5295 etiam
1304 5240 1742 5311 misericorditer;
1801 5250 1856 5292 et
1912 5237 2090 5302 infra,

505 5318 659 5369 etiam
691 5316 752 5367 de
781 5315 923 5368 bonis
966 5309 1238 5366 malorum.
1288 5310 1479 5365 Colon.
1515 5319 1623 5363 vel.
1658 5309 1816 5369 edit.,
1868 5311 2092 5374 seipsum

505 5391 575 5456 ad
640 5386 912 5456 fruendum
955 5385 1141 5453 prwbet
1182 5381 1552 5456 bonis._multe
1595 5382 1840 5434 bonorum
1876 5396 2087 5434 suorum

506 5452 730 5525 largiens
753 5495 765 5507 .
791 5495 803 5508 .
831 5495 844 5508 .
870 5452 1137 5525 consulens
1165 5463 1331 5507 autent
1354 5452 1519 5525 bonis.

584 5517 611 5565 ἶ
637 5529 733 5581 Ms.
783 5528 891 5581 Jul.
947 5538 1001 5582 et
1043 5524 1239 5580 Colon.
1290 5533 1397 5579 vet.
1437 5522 1660 5591 addunt,
1695 5531 1743 5576 et
1789 5522 2089 5575 invidientia

505 5610 599 5651 aut
618 5598 830 5651 invidia.

580 5679 603 5715 s
632 5667 705 5721 Ita
730 5684 794 5720 ex
819 5683 917 5718 ms.
947 5666 1169 5721 Joliensi
1198 5667 1273 5719 sic
1298 5666 1551 5731 habente,
1580 5665 1815 5732 Qualiter
1845 5663 2087 5717 divinitas

511 5739 694 5793 habitet
725 5741 777 5792 in
816 5738 1017 5792 Christo
1047 5738 1409 5807 corporaliter;
1460 5746 1515 5795 ct
1549 5739 1774 5795 aliorum
1821 5736 2080 5791 librorum

2272 4530 2299 4570 δ
2330 4532 2428 4587 Ms.
2458 4532 2690 4600 Remig.,
2722 4533 2901 4587 umbra
2930 4535 3110 4603 futuri.

2274 4604 2292 4641 ί
2329 4604 2428 4657 Ms.
2478 4603 2733 4657 Joliettsis
2775 4614 2832 4657 et
2870 4605 3062 4658 Colon.
3092 4614 3201 4661 vet.
3250 4606 3402 4668 edit.,
3448 4607 3501 4658 in
3538 4608 3651 4660 illis
3683 4625 3800 4661 um-

2196 4676 2318 4748 bris.
2369 4674 2635 4748 Alii_libri
2678 4675 2849 4748 nostri
2898 4685 3089 4730 carent
3127 4678 3507 4746 praepositione
3534 4681 3620 4744 in,
3675 4694 3802 4748 qua

2202 4742 2380 4799 tamen
2419 4744 2646 4815 habetur
2674 4746 2727 4798 in
2756 4746 2983 4815 August.

2274 4814 2287 4865 i
2330 4815 2475 4868 Edit.
2527 4812 2718 4869 Colon.
2759 4812 3050 4882 recentior,
3100 4832 3225 4871 cum
3271 4832 3333 4872 ea
3367 4818 3797 4887 posterioribus,

2196 4888 2311 4958 ipsa
2338 4887 2402 4958 sit
2430 4887 2634 4958 veritas.

2273 4956 2298 4995 ¹ί
2333 4957 2428 5009 Ms.
2454 4955 2729 5021 Jnliensis,
2762 4953 2838 5008 De
2856 4956 3045 5026 pietate
3070 4959 3284 5013 actionis
3311 4960 3367 5012 in
3389 4960 3481 5012 hac
3501 4960 3625 5013 vita.
3702 4986 3705 4987 ν

2275 5026 2300 5104 ι.
2330 5027 2425 5081 Ms.
2449 5027 2663 5104 Ilemig.
2698 5027 2904 5104 omittit
2946 5028 3523 5104 hic_praapositinnem,
3551 5034 3632 5096 in,
3670 5050 3803 5104 qua:

2198 5098 2410 5171 legitur
2448 5097 2499 5171 in
2545 5098 2666 5150 aliis
2711 5096 2991 5171 codicibus
3019 5096 3307 5171 Prosperi,
3350 5112 3402 5154 et
3452 5102 3505 5155 in
3546 5096 3801 5171 appe'nd,

2199 5179 2332 5223 tom.
2449 5168 2608 5237 Aug.,
2647 5182 2906 5241 nonvet‘o
2933 5169 2993 5241 in
3019 5169 3156 5241 libro
3183 5170 3235 5222 in
3268 5174 3507 5241 margine
3528 5167 3727 5229 ciiato.

2268 5249 2307 5276 ω
2339 5239 2529 5292 Colon.
2563 5248 2670 5291 vel.
2701 5238 2856 5302 cdit.,
2886 5240 3297 5308 cogitationibus.

2267 5318 2294 5345 ιι
2329 5309 2401 5363 Ita
2433 5324 2533 5361 ms.
2565 5309 2672 5363 Jol.
2725 5308 2782 5363 In
2825 5310 2969 5375 aliis,
3001 5311 3176 5363 vitium
3207 5313 3307 5365 nisi
3347 5314 3409 5369 in.
3445 5315 3627 5384 aliqua
3665 5316 3803 5371 bona

2195 5395 2306 5434 esse
2330 5396 2431 5433 non
2462 5389 2646 5446 potest.

2270 5461 2295 5488 0
2332 5450 2407 5504 lta
2434 5466 2499 5502 ex
2530 5451 2812 5518 Augustini
2840 5450 2980 5504 libro
3006 5465 3135 5504 mss.
3184 5451 3390 5522 Remig.
3424 5462 3477 5507 et
3504 5453 3792 5512 Joliensis.

2196 5520 2303 5575 Alii
2333 5534 2554 5583 omnes,
2606 5522 2659 5573 in
2680 5532 2928 5587 quantum
2958 5531 3164 5585 natura,
3195 5522 3327 5576 bona
3348 5520 3449 5577 est.

2269 5603 2296 5641 ρ
2340 5594 2438 5647 Ms.
2489 5591 2767 5660 Joliensis,
2818 5589 2900 5646 De
2944 5593 3176 5647 mercede
3220 5603 3269 5647 et
3319 5597 3487 5665 gloria
3531 5596 3798 5655 bonorum

2195 5680 2428 5719 onerum.

2230 5682 2478 5807 Ρξτίξηιξίηι
2506 5736 2755 5808 August,
2784 5750 2880 5806 quo
2908 5733 3174 5790 absolutus
3206 5745 3279 5790 est
3307 5736 3440 5804 ipse.
