4028 6176
322 291 435 349 ‘73

1045 477 1201 531 utine.

395 595 616 652 Primus
660 592 823 647 homo
866 589 1038 646 Adam
1086 587 1164 642 sic
1206 586 1337 641 olim
1386 585 1671 640 defunctus
1712 593 1817 650 est,
1858 591 1917 638 ut

330 696 513 741 tamen
558 693 681 754 post
711 682 863 735 illum
910 676 1179 733 secundus
1208 675 1369 731 homo
1397 677 1468 728 sit
1490 672 1762 739 Christus,
1792 688 1915 727 cum

328 788 411 833 tot
434 778 712 831 hominum
735 772 906 827 millia
936 770 1077 824 inter
1105 768 1255 823 illum
1282 776 1337 822 et
1368 768 1511 821 hunc
1545 777 1662 820 orta
1692 765 1800 819 sint
1824 780 1839 817 :
1863 773 1920 818 et

329 868 458 923 ideo
506 866 853 920 manifestum
900 870 1004 925 est,
1054 859 1122 913 ad
1167 860 1318 913 illum
1369 860 1643 928 pertinere
1701 870 1917 910 omnem

328 962 422 1030 qui
454 974 527 1014 ex
561 959 648 1012 illa
678 954 1025 1010 successione
1069 951 1095 991 δ
1126 953 1436 1022 propaginis
1468 951 1738 1015 nascitur;
1781 950 1921 1004 sicut

329 1053 399 1107 ad
430 1054 591 1106 istum
626 1050 856 1119 pertinet
894 1047 1071 1101 omnis
1126 1047 1217 1115 qui
1254 1056 1277 1083 ο
1306 1046 1358 1099 10
1401 1045 1495 1098 illo
1532 1044 1720 1112 gratia:
1761 1043 1921 1112 largi-

330 1154 444 1200 tate
476 1144 797 1199 renascitur.
827 1140 983 1197 Unde
1020 1139 1076 1193 lit
1115 1148 1174 1193 ut
1214 1146 1386 1192 totum
1423 1151 1595 1207 geuus
1627 1140 1919 1190 humanum

333 1236 734 1305 quodammodo
764 1236 873 1287 sint
896 1232 1143 1286 homines
1169 1232 1298 1298 duo,
1330 1231 1534 1300 primus
1562 1238 1617 1284 et
1649 1228 1921 1284 secundus

335 1330 496 1401 (Aug.
528 1331 566 1383 l.
602 1344 636 1381 11
671 1325 771 1395 0p.
805 1324 970 1393 Imp.,
1004 1342 1057 1377 η.
1090 1321 1240 1391 165).

603 1417 773 1474 00011
794 1416 961 1489 [Alias
988 1414 1158 1486 CCC].
1197 1414 1272 1469 De
1289 1415 1507 1486 judiciis
1536 1412 1652 1468 Dei.

407 1510 564 1566 Nullo
610 1510 771 1565 modo
813 1508 1031 1577 judiciis
1075 1506 1352 1560 hominum
1399 1503 1759 1572 comparanda
1798 1511 1925 1557 sunt

337 1599 536 1669 iudicia
570 1599 665 1653 Dei
694 1616 705 1650 :
733 1614 893 1668 quem
924 1612 1029 1651 non
1058 1596 1411 1651 dubitandum
1441 1605 1523 1650 est
1550 1610 1669 1650 esse
1696 1597 1919 1665 justum,

339 1692 504 1746 etiam
528 1690 744 1760 quando
772 1688 898 1743 facit
926 1688 1067 1757 quod
1098 1688 1403 1744 hominibus
1430 1688 1641 1743 videtur
1669 1689 1922 1758 iniustum

340 1782 497 1853 (Aug.
524 1781 562 1835 ι.
594 1796 652 1835 tu
681 1780 783 1851 0p.
818 1778 982 1844 Imp.,
1009 1796 1063 1833 η.
1091 1778 1209 1849 21).

433 1871 636 1928 000111
665 1871 833 1945 [Alias
867 1870 1062 1942 CCCI].
1091 1868 1119 1907 ά
1141 1868 1220 1924 De
1243 1870 1509 1924 natiuitate
1527 1873 1812 1943 justornm.

407 1965 595 2020 Justus
640 1980 705 2019 ex
762 1964 915 2033 Deo,
976 1973 1001 2002 ⁸
1032 1978 1137 2018 non
1183 1977 1248 2018 ex
1297 1962 1607 2018 hominibus
1653 1966 1923 2019 nasritur:

340 2056 597 2127 quoniam
630 2056 990 2121 reuasceudo,
1036 2070 1141 2109 non
1167 2054 1437 2110 nascendo
1465 2055 1522 2109 lit
1544 2056 1741 2123 jllsllls.
1770 2054 1927 2112 Unde

341 2150 500 2201 etiam
556 2144 575 2184 ί
619 2148 926 2216 regenerati
973 2147 1069 2201 lilii
1125 2147 1219 2202 Dei
1265 2157 1531 2203 vocantur
1578 2148 1732 2221 (Aug.
1771 2148 1924 2215 ibid.,

343 2255 394 2290 η.
425 2238 543 2308 51).

342 2329 533 2386 CCCIV
565 2330 585 2403 ι
612 2330 757 2385 Alias
781 2329 956 2385 00011
983 2330 1023 2403 ].
1055 2330 1131 2385 De
1152 2342 1349 2387 uatum
1379 2332 1623 2387 humana:
1655 2334 1925 2402 qualitate.

410 2422 611 2478 Natura
657 2424 887 2476 humana
934 2425 1036 2478 etsi
1080 2424 1217 2499 mala
1266 2434 1381 2488 est,
1432 2427 1555 2495 quia
1596 2425 1782 2479 vitiata
1814 2436 1927 2493 est;

344 2534 451 2574 non
492 2531 672 2574 tamen
717 2520 914 2573 malum
948 2528 1051 2584 est,
1084 2518 1207 2587 quia
1239 2530 1425 2572 natura
1456 2532 1560 2573 eSt.
1598 2518 1752 2573 Nulla
1784 2521 1928 2574 enim

346 2621 557 2679 natura,
613 2615 665 2667 in
712 2624 971 2683 quantum
1016 2623 1203 2667 natura
1246 2625 1351 2681 est,
1408 2614 1607 2667 malum
1651 2624 1732 2669 est
1772 2631 1788 2669 :
1833 2614 1930 2669 sed

347 2722 567 2776 prorsus
612 2707 834 2774 bonum,
883 2708 1005 2761 sine
1040 2722 1147 2776 quo
1178 2707 1323 2761 bono
1351 2708 1516 2761 ullum
1549 2722 1672 2763 esse
1701 2724 1807 2762 non
1838 2724 1932 2777 po-

346 2808 450 2853 test
478 2809 503 2846 ε
531 2800 736 2854 malum
764 2818 777 2853 :
812 2801 933 2868 quia
964 2800 1065 2854 nisi
1099 2801 1151 2854 in
1188 2801 1366 2871 aliqua
1393 2810 1580 2855 natura
1613 2802 1780 2855 ullum
1808 2816 1932 2858 esse

348 2908 455 2945 non
487 2901 670 2961 potest
702 2892 925 2956 vitiuml;
967 2892 1215 2962 quamvis
1259 2895 1378 2948 sine
1418 2893 1548 2947 vitio
1592 2896 1765 2964 possit
1807 2909 1933 2949 esse

346 2991 435 3043 vel
467 3004 760 3058 numquam
789 2990 993 3054 vitiata,
1035 2989 1119 3044 vel
1147 2997 1333 3046 sanata
1377 3000 1562 3045 natura
1590 2990 1750 3063 (Aug.
1779 2990 1931 3055 ibitl.,

346 3097 398 3135 η.
428 3081 581 3151 206).

485 3173 658 3229 00ον
688 3172 853 3246 [Alias
883 3174 1121 3244 0001111.
1156 3174 1234 3229 De
1262 3186 1421 3229 morte
1444 3187 1788 3246 peccatorum.

414 3264 629 3321 Justum
662 3267 755 3320 Dei
799 3266 1059 3334 judicium
1104 3279 1208 3331 est,
1243 3276 1300 3320 ut
1330 3280 1552 3336 peccan
1580 3283 1681 3321 suo
1709 3267 1934 3337 quisque

351 3366 561 3426 pereat,
590 3373 711 3412 cum
744 3367 1022 3427 peccatum
1060 3359 1201 3414 Deus
1231 3373 1335 3412 non
1369 3357 1529 3412 faciat
1564 3375 1576 3411 :
1616 3358 1755 3413 sicut
1784 3373 1931 3412 mur-

348 3462 456 3506 tem
505 3465 614 3504 non
655 3450 801 3517 fecit,
832 3460 886 3505 et
917 3458 1094 3505 tamen
1122 3466 1284 3519 quem
1318 3450 1483 3522 589
1512 3461 1687 3504 morte
1715 3449 1936 3519 dignum

347 3538 376 3578 ¹ι
406 3551 619 3607 censet,
652 3541 874 3595 occidit.
915 3540 927 3579 ⁵
971 3541 1125 3597 Unde
1154 3540 1372 3611 legitur,
1406 3543 1545 3595 Deus
1574 3553 1790 3597 mortem
1832 3558 1937 3596 non

348 3636 511 3703 fecit:
541 3640 595 3685 et
635 3632 854 3702 legitur,
902 3631 1048 3688 Mors
1095 3642 1144 3686 et
1196 3636 1297 3686 vita
1322 3650 1353 3685 a
1384 3631 1491 3686 Deo
1521 3644 1615 3687 est.
1668 3635 1799 3699 Qua:
1827 3635 1935 3689 duo

346 3725 490 3780 inter
521 3738 580 3778 se
609 3740 714 3778 non
769 3738 893 3779 esse
920 3726 1191 3779 contraria
1237 3725 1477 3795 profecto
1515 3725 1662 3781 videt
1691 3728 1935 3797 quisquis

345 3815 412 3869 ab
460 3815 717 3883 Operibus
767 3815 963 3870 divinis
1010 3816 1210 3886 judicia
1258 3817 1440 3871 divina
1471 3816 1731 3873 discernit
1770 3820 1934 3887 :quia

345 3907 495 3959 aliud
544 3916 628 3961 est
673 3908 910 3962 creando
940 3924 1045 3963 non
1092 3909 1390 3963 instituisse
1441 3909 1746 3974 mortalem,
1787 3911 1934 3966 aliud

345 3998 638 4062 iudicando
668 4001 903 4070 plectere
934 4012 1275 4071 peccatorem
1306 4003 1465 4075 (Aug.
1496 4004 1534 4057 ι.
1559 4019 1613 4057 tv
1639 4002 1738 4074 0p.
1766 4003 1930 4077 lmp.,

346 4107 397 4144 η.
427 4090 549 4159 3'2).

419 4304 448 4333 ι
479 4293 568 4349 Sic
591 4306 694 4347 ms.
726 4291 831 4345 101.
878 4290 977 4345 Alii
1000 4332 1015 4354 ,
1045 4288 1121 4344 De
1146 4290 1311 4343 Adam
1345 4294 1512 4361 primo
1535 4302 1583 4345 et
1612 4294 1859 4347 secundo.

421 4366 449 4403 δ
481 4366 605 4419 Mss.
638 4364 841 4430 lteinig.
877 4374 929 4415 et
956 4362 1089 4425 1ο1.,
1125 4364 1442 4429 prepaginis.
1486 4363 1539 4416 In
1571 4364 1733 4433 Aug.,
1765 4366 1941 4427 quies:

351 4438 451 4490 illo
501 4436 817 4489 successione
860 4434 1194 4503 prapaginis;
1248 4434 1349 4485 etsi
1402 4433 1532 4485 alias
1560 4449 1623 4486 ex
1677 4436 1771 4486 illa
1797 4436 1940 4503 lege-

349 4520 523 4563 retur.
578 4506 721 4559 Editi
769 4504 1132 4573 ProSperiani,
1179 4519 1242 4556 ea:
1285 4504 1379 4557 illa
1407 4506 1723 4559 successione
1749 4522 1940 4577 propa-

382 4588 520 4631 atus.

346 4597 582 4701 90138513.
612 4645 849 4713 Remig.,
881 4644 1045 4711 gratia
1072 4641 1342 4713 largiente.

422 4716 451 4755 δ
483 4720 583 4772 Ms.
607 4718 739 4778 Jui.,
772 4715 847 4769 De
871 4718 1275 4784 regeneratione.

428 4799 454 4826 ε
488 4791 586 4842 Ms.
634 4788 763 4848 101..
819 4804 922 4838 non
969 4802 1031 4838 ea:
1074 4788 1295 4838 homine.
1331 4785 1421 4841 Sic
1460 4801 1675 4857 quoque
1718 4786 1772 4842 in
1802 4787 1942 4844 libro

347 4864 584 4926 August.
616 4861 779 4912 citato
811 4858 862 4910 in
895 4858 1155 4923 margine.

430 4932 452 4971 ί
487 4929 560 4983 Ita
616 4938 886 4982 mutamus
931 4927 1250 4980 anetoritate
1299 4941 1431 4981 mss.
1469 4927 1684 4997 Remig.
1735 4941 1785 4982 et
1806 4928 1939 4993 101.,

345 5020 455 5075 pro
483 5001 671 5075 renati,
699 5000 846 5075 quod
876 4998 1104 5075 habetur
1144 5000 1204 5075 iu_
1240 4998 1399 5052 editis
1441 5002 1649 5075 nostris
1690 5013 1721 5075 :_
1747 5013 1940 5075 quam-

347 5067 517 5138 quam
563 5084 615 5125 et
659 5072 736 5133 hi,
787 5084 817 5121 a
881 5068 1240 5135 Luvanieusi,
1286 5067 1514 5137 margini
1566 5067 1941 5137 in~cripserint

348 5146 499 5202 Alias
524 5142 827 5211 regenerati.

429 5225 456 5262 ε
491 5210 616 5266 Haec
664 5214 843 5275 verba,
888 5212 1079 5264 malum
1108 5229 1119 5262 :
1150 5211 1272 5280 quia
1312 5211 1417 5263 nisi
1445 5212 1499 5264 in
1544 5210 1717 5277 aliqua
1753 5219 1943 5263 natura

353 5288 525 5341 ullum
556 5300 665 5337 esse
695 5298 795 5335 non
828 5292 989 5353 potest
1013 5284 1235 5353 vitium,
1263 5284 1573 5348 suppleuius
1601 5297 1667 5335 ex
1698 5297 1797 5336 ms.
1831 5282 1939 5335 Re-

354 5358 596 5425 migiann
627 5368 677 5408 et
713 5352 860 5407 textu
891 5353 1191 5425 Augustini,
1218 5352 1351 5425 licet
1382 5352 1685 5406 exciderint
1708 5367 1736 5405 a
1782 5361 1943 5425 caete-

355 5422 735 5482 ris'Cndicibus
766 5425 986 5478 nostris.
1016 5425 1115 5479 Ms.
1146 5422 1253 5479 101.
1286 5423 1449 5476 habet
1476 5434 1705 5491 tantum,
1739 5422 1942 5475 nullum

357 5508 525 5569 potest
557 5512 663 5549 esse
693 5496 888 5569 vitium.

430 5568 456 5605 δ
501 5570 575 5621 lia
621 5582 720 5619 ms.
744 5566 853 5620 Joi.
900 5573 1023 5635 post
1066 5568 1289 5635 August.
1342 5564 1559 5619 librum.
1589 5563 1697 5620 Alii
1724 5564 1942 5619 codices

357 5640 554 5699 nostri,
586 5638 759 5690 sensit.

441 5714 453 5746 ι
504 5711 628 5762 11;1;0
660 5712 845 5770 verba,
882 5708 1017 5760 Deus
1046 5716 1255 5760 mortem
1291 5722 1393 5759 non
1442 5706 1583 5774 fecit,
1625 5715 1673 5759 et
1716 5707 1898 5775 legitur
1923 5746 1938 5767 ,

362 5781 612 5840 addimus
640 5782 954 5837 auctoritate
981 5794 1111 5835 mss.
1142 5776 1441 5848 Remigiaui
1470 5786 1522 5834 01
1545 5776 1816 5844 Joiiensts,
1846 5777 1938 5845 qui

778 286 985 343 LIBER
1022 284 1563 346 SEN'I‘EN'I‘IARUM
1604 284 1700 342 EI
1739 281 2092 343 OPERIBUS
2127 282 2186 342 S.
2227 284 2595 344 AUGUSTINI
2633 286 3148 353 DELIBA'I‘ARUM.

325 410 478 470 CCCI
518 406 686 483 [Alias
713 403 1015 479 CCXCIX].
1064 403 1198 483 {De
1240 405 1407 475 primo
1449 411 1496 457 et
1544 401 1773 458 secundo
1816 400 1911 454 ho—
1938 400 1993 461 Α

1964 4606 2018 4665 D

3505 302 3611 358 1⁸11

2183 399 2382 456 CCCVI
2418 400 2598 472 [Alias
2637 402 2834 458 CCCIV
2854 403 2873 477 ]
2890 444 2905 458 .
2934 404 3008 461 De
3029 424 3178 478 pana
3198 411 3414 479 peccati.

2090 491 2233 546 Deus
2269 491 2485 561 quidem
2530 493 2790 548 mundum
2840 496 2994 561 fecit,
3033 507 3089 552 et
3120 514 3346 569 corpora
3390 517 3609 570 prorsus

2018 584 2220 639 omnia.
2271 582 2377 639 Sed
2423 591 2482 637 ut
2531 598 2727 652 corpus
2784 589 3135 655 corruptibile
3187 601 3439 659 aggravet
3495 595 3614 648 ani-

2019 690 2183 737 mam,
2212 683 2267 729 et
2304 689 2430 729 caro
2474 678 2823 745 c0ncupiscat
2864 680 3120 734 adversus
3165 684 3413 751 spiritum
3441 684 3607 755 (Sap.

2020 769 2239 837 ",15),
2274 783 2378 822 000
2401 777 2485 823 est
2510 770 2823 838 praecedens
2856 783 3044 827 natura
3076 774 3307 829 hominis
3348 775 3607 839 insuituti,

2020 860 2115 914 sed
2141 874 2475 929 consequens
2507 859 2521 910 i
2560 875 2716 927 paena
2747 861 2984 916 damnati
3020 866 3191 934 (Aug.
3224 866 3373 930 ibid.,
3405 886 3457 919 η.
3486 869 3605 939 b7).

2020 950 2242 1007 CCCVII
2267 952 2444 1024 [Alias
2463 952 2634 1007 CCCV
2654 952 2667 1025 1
2688 994 2701 1006 .
2727 951 2753 992 ι
2776 954 2853 1007 De
2875 956 3004 1009 bona
3026 958 3340 1011 institutione
3366 959 3599 1019 hominis.

2092 1044 2449 1111 Quantislibet
2488 1045 2630 1098 vitiis
2677 1055 2922 1115 turpetur
2969 1063 3325 1116 qutecumque
3373 1060 3605 1117 initura,

2022 1134 2287 1189 institutio
2316 1136 2432 1203 ejus
2460 1148 2673 1202 semper
2703 1147 2779 1191 est
2816 1137 2979 1192 bona.
3013 1138 3142 1192 Nam
3176 1142 3315 1195 sicut
3344 1142 3610 1197 institutio

2021 1225 2267 1291 corporis
2315 1224 2451 1278 bona
2492 1234 2603 1288 est,
2644 1227 2805 1279 etiam
2848 1229 3063 1295 quando
3094 1231 3333 1283 nascitur
3360 1227 3377 1267 ι
3407 1232 3609 1286 morbi-

2024 1317 2144 1382 dus,
2169 1328 2220 1370 et
2237 1317 2501 1370 institutio
2520 1317 2682 1370 animi
2708 1317 2847 1371 bona
2871 1332 2973 1384 es,
3001 1321 3160 1373 etiam
3193 1321 3405 1390 quando
3432 1323 3610 1378 nasci-

2024 1418 2112 1464 tur
2154 1410 2362 1474 fatuus;
2410 1413 2489 1464 sic
2528 1410 2795 1464 institutio
2836 1411 3004 1479 ipsius
3040 1412 3275 1468 hominis
3319 1413 3456 1468 bona
3502 1424 3608 1482 est,

2024 1502 2241 1570 quando
2271 1500 2507 1555 nascitur
2532 1510 2571 1537 σι
2600 1503 2802 1571 peccati
2834 1502 3115 1573 originalis
3144 1505 3406 1560 obnoxius
3447 1504 3609 1578 (Aug.

2025 1592 2174 1656 ibid.,
2204 1610 2261 1646 η.
2295 1592 2453 1662 115).

2060 1683 2511 1756 CCCVI|I[Alias
2550 1683 2819 1757 CCCVI].
2867 1694 2894 1723 ιλ
2930 1686 3007 1741 De
3045 1688 3319 1743 abolitione
3361 1690 3579 1761 peccati.

1954 1780 2002 1839 Β
2100 1776 2249 1832 Sicut
2289 1776 2501 1847 quidam
2537 1788 2788 1845 parentes
2817 1790 3108 1849 aggravant
3129 1780 3390 1851 originale
3412 1797 3606 1851 pecea-

2031 1878 2166 1934 tum,
2191 1867 2260 1921 ita
2288 1868 2503 1936 quidam
2534 1869 2818 1924 relevant:
2850 1871 2942 1925 sed
2968 1870 3145 1925 nullus
3180 1873 3339 1939 tollit,
3367 1874 3469 1927 nisi
3527 1874 3620 1930 ille

2028 1958 2097 2013 de
2122 1974 2230 2028 quo
2250 1959 2449 2014 dictum
2474 1969 2577 2026 est,
2605 1960 2737 2015 Ecce
2760 1978 2924 2034 agnus
2946 1963 3063 2026 Dei,
3094 1980 3208 2018 ecce
3233 1966 3319 2030 qui
3344 1966 3479 2019 tollit
3503 1980 3621 2033 pec-

2026 2061 2143 2104 cata
2167 2052 2482 2106 mundi:cui
2514 2053 2718 2106 nullum
2746 2054 2945 2108 bonum
2979 2055 3216 2110 hominis
3261 2058 3619 2126 impossibile,

2030 2142 2233 2197 nullum
2264 2143 2462 2197 malum
2491 2154 2574 2198 est
2602 2144 2898 2200 insanabile
2922 2145 3090 2219 (Aug.
3123 2148 3276 2216 ibid.,
3306 2167 3358 2203 η.
3395 2151 3541 2220 152).

2192 2252 2398 2310 0001Χ
2425 2255 2443 2327 [
2466 2256 2610 2309 Alias
2647 2256 2938 2327 CCCVIIJ.
2972 2266 2996 2293 ο
3026 2257 3103 2311 De
3132 2261 3301 2333 gratia
3349 2259 3463 2314 Dei.

2102 2345 2216 2401 Non
2239 2348 2303 2401 ad
2328 2346 2515 2402 merita
2540 2347 2838 2414 hominum,
2867 2349 2961 2405 sed
2986 2350 3049 2405 ad
3076 2350 3168 2405 Dei
3193 2351 3618 2407 misericordiam

2030 2438 2285 2508 pertinet,
2315 2453 2436 2493 cum
2466 2454 2533 2492 es
2563 2439 2650 2493 illa
2681 2454 2859 2493 massa
2895 2441 3051 2507 primi
3097 2442 3352 2505 hominis,
3396 2443 3479 2497 cui
3510 2457 3624 2497 me-

2031 2530 2137 2586 rito
2168 2544 2315 2585 mors
2340 2529 2587 2595 debetur,
2636 2530 2863 2599 quisque
2891 2530 3170 2585 liberatur.
3222 2533 3339 2587 Non
3370 2542 3455 2587 est
3481 2536 3624 2589 enim

2033 2621 2288 2691 iniquitas
2316 2622 2455 2690 apud
2482 2621 2648 2675 Deum
2674 2639 2688 2676 :
2712 2622 2838 2689 quia
2865 2637 3040 2692 neque
3068 2623 3418 2688 remittendo,
3451 2639 3626 2695 neque

2032 2713 2298 2784 exigendo
2328 2714 2468 2783 quod
2498 2713 2749 2774 debetur.
2791 2713 3022 2781 injustus
3061 2723 3176 2780 est;
3203 2726 3254 2770 et
3285 2716 3358 2769 ibi
3388 2717 3625 2785 gratuita

2033 2815 2116 2861 est
2139 2806 2488 2877 indulgentia,
2519 2806 2611 2861 ubi
2641 2807 2779 2875 iusta
2809 2817 2991 2875 posset
3028 2822 3149 2863 esse
3180 2808 3415 2863 vindicta
3448 2809 3621 2880 (Aug.

2033 2918 2115 2972 ep.
2148 2899 2275 2965 I86,
2300 2900 2369 2952 ad
2402 2897 2699 2963 Paulinum,
2731 2915 2777 2951 c.
2807 2898 2862 2964 6,
2893 2916 2955 2952 η.
2980 2897 3100 2969 16).

2033 3011 2214 3069 CCCX
2245 3011 2429 3083 [Alias
2472 3008 2781 3081 CCCVIII].
2822 3010 3092 3065 Neminem
3117 3053 3133 3080 ,
3181 3012 3281 3066 nisi
3316 3010 3429 3067 Deo
3478 3014 3629 3069 mise-

2617 3091 2785 3144 rante,
2830 3084 3040 3136 saluari.

1960 3147 2008 3210 ϐ
2108 3174 2307 3230 Natura
2337 3174 2593 3237 humana,
2632 3172 2843 3228 etiamsi
2869 3174 2920 3227 iu
2954 3173 3040 3227 illa
3074 3173 3380 3243 integritate
3437 3175 3489 3229 in
3521 3189 3629 3245 qua

2039 3276 2124 3322 est
2145 3264 2359 3320 condita
2385 3271 2741 3333 permaneret,
2775 3262 2919 3316 00110
2948 3264 3109 3317 modo
3157 3278 3215 3317 se
3244 3266 3438 3333 ipsum,
3466 3264 3630 3320 Crea-

2040 3369 2161 3415 tore
2204 3374 2301 3413 suo
2350 3374 2455 3411 non
2478 3356 2797 3426 adiuvante,
2838 3364 3100 3412 servaret.
3150 3356 3323 3422 Unde,
3356 3372 3477 3412 cum
3514 3359 3632 3414 sine

2043 3450 2136 3506 Dei
2167 3448 2332 3519 gratia
2380 3448 2606 3501 salutem
2632 3455 2658 3496 P
2692 3461 2796 3499 non
2825 3446 2998 3515 possit
3026 3448 3303 3503 custodire
3349 3464 3509 3519 quam
3539 3463 3632 3503 ae-

2041 3542 2224 3610 cepit,
2269 3538 2542 3610 quomodo
2578 3538 2696 3594 sine
2734 3539 2828 3593 Dei
2865 3540 3037 3609 gratia
3084 3549 3262 3608 potest
3301 3556 3631 3610 recuperare

2038 3648 2198 3703 quam
2250 3630 2482 3701 perdidit
2527 3631 2697 3700 (Aug.
2731 3630 2884 3699 ibid.,
2913 3646 2963 3686 c.
3011 3630 3103 3696 11,
3132 3648 3185 3685 n.
3232 3632 3343 3698 ‘57;
3391 3648 3508 3687 can.
3560 3633 3629 3690 19

2038 3740 2181 3781 conc.
2209 3724 2394 3777 Araus.
2422 3738 2461 3777 11
2485 3722 2538 3792 )?

2038 3841 2239 3898 CCCX!
2270 3840 2448 3913 [Alias
2488 3836 2682 3920 CCCIAX
2704 3837 2721 3909 ]
2744 3880 2757 3893 .
2786 3849 2813 3888 (1
2848 3836 3015 3920 Nihil.
3044 3839 3393 3894 excusationis
3430 3856 3631 3913 capripe-

2631 3918 2733 3962 tere
2762 3918 3035 3979 peccaturi.
3047 3938 3066 3956 ο

2110 4002 2499 4059 Inexcusabilis
2527 4010 2610 4057 est
2635 4001 2812 4055 omnis
2845 4011 3095 4069 peccator
3123 4001 3208 4057 vel
3258 4012 3411 4059 reatu
3462 4005 3629 4073 origi-

2041 4097 2146 4165 nis,
2175 4097 2256 4151 vel
2283 4095 2650 4150 additamento
2671 4094 2832 4148 etiam
2864 4095 3093 4163 propria:
3125 4095 3447 4150 voluntatis:
3469 4097 3633 4169 590

2043 4294 2253 4365 plenius
2275 4294 2450 4347 locum
2483 4292 2766 4360 Augustini
2795 4294 3015 4347 citatum
3041 4295 3318 4349 exhibent.

2119 4366 2132 4415 1
2185 4366 2257 4436 Ita
2285 4365 2840 4436 ins.(Julieusisgjuxtu
2865 4374 3068 4417 tcxmm
3095 4365 3401 4433 Augustini,
3428 4375 3482 4420 et
3502 4384 3629 4436 app.

2046 4450 2174 4489 tom.
2198 4435 2239 4488 Χ
2261 4434 2434 4503 ejusd.
2458 4434 2559 4487 Alii
2585 4434 2805 4488 codices
2823 4436 3013 4500 nostri,
3034 4451 3154 4487 cum
3181 4439 3230 4487 in
3262 4446 3408 4492 textu
3436 4434 3636 4503 ponant

2043 4522 2193 4575 paena
2220 4506 2517 4575 peccati,_in
2550 4505 2791 4575 margine
2844 4504 3081 4575 indicant
3110 4520 3291 4558 vocem
3326 4507 3576 4560 damnati.

2116 4575 2139 4612 ιε
2182 4577 2267 4630 Sic
2298 4588 2399 4627 ms.
2422 4573 2527 4629 Jol.
2552 4573 2746 4629 010101³1
2769 4574 3004 4641 codices,
3036 4574 3116 4627 De
3138 4591 3289 4647 apere
3312 4578 3365 4629 in
3387 4594 3635 4647 quaeaut-

2044 4663 2140 4712 que
2169 4654 2374 4698 natura.

2120 4714 2137 4754 ¹
2184 4717 2348 4769 Duae.
2379 4723 2435 4769 et
2472 4713 2585 4768 Col.
2637 4723 2690 4767 et
2721 4715 3053 4771 recentiores
3084 4716 3283 4771 habent
3322 4719 3631 4774 morbidum.

2044 4787 2178 4842 Cum
2214 4796 2392 4840 tamen
2421 4795 2475 4839 et
2498 4784 2778 4852 Augustini
2814 4786 2963 4838 locus
2991 4798 3095 4839 tam
3129 4788 3179 4840 in
3208 4790 3381 4852 Opere
3409 4789 3630 4856 Imperi.

2044 4874 2207 4927 quam
2249 4859 2300 4910 in
2329 4857 2648 4915 Sententiis,
2689 4863 2743 4908 et
2784 4856 2876 4909 alii
2918 4857 3133 4912 codices
3184 4860 3351 4912 nostri
3404 4860 3635 4915 habeant

2045 4928 2331 4982 morbidus.
2378 4928 2467 4981 Sic
2512 4927 2683 4997 etiam
2719 4927 2879 4980 scribi
2911 4927 3108 4983 debere
3151 4932 3477 4997 putavimus,
3511 4946 3633 4984 cum

2046 5015 2178 5054 sane
2208 4996 2532 5069 subintelligi
2567 4995 2722 5069 faeile
2747 5010 3035 5055 censeatur
3063 4995 3234 5064 homo,
3266 5001 3355 5069 qui
3386 5001 3505 5053 talis
3536 5015 3633 5054 na-

2046 5082 2226 5123 scatur
2256 5068 2459 5121 :itnmo
2491 5075 2611 5137 post
2638 5068 2841 5136 aliquot
2862 5068 3030 5123 lineas
3052 5068 3311 5137 etpresse
3344 5070 3627 5133 habeatur,

2048 5140 2140 5221 ubi
2172 5154 2273 5193 ms.
2304 5138 2409 5193 Jol.
2449 5138 2647 5193 omittit
2691 5153 2878 5193 vocem
2931 5140 3093 5208 ipsius
3125 5150 3251 5195 ante
3283 5141 3423 5195 hanc
3464 5140 3631 5194 homi-

2050 5227 2150 5265 1118.

2122 5290 2162 5317 ω
2197 5283 2421 5350 August.
2447 5278 2629 5344 habet,
2658 5280 2953 5348 contagioni
2976 5280 3173 5346 peccati
3201 5281 3486 5350 originalis.

2119 5360 2148 5388 ιι
2187 5352 2286 5407 Ms.
2312 5352 2440 5415 101.,
2469 5350 2619 5415 Quod
2639 5361 2873 5421 parentes
2894 5361 3174 5422 aggravant
3202 5360 3248 5404 et
3274 5350 3502 5404 relevant
3527 5351 3630 5406 ori-

2049 5423 2219 5495 ginale
2247 5432 2531 5495 peccatum.

2126 5501 2151 5529 ο
2195 5488 2291 5547 Ms.
2326 5488 2598 5554 Juliensis,
2634 5488 2711 5540 De
2738 5489 3088 5543 misericordia
3118 5488 3232 5543 Dei.

2124 5573 2151 5612 Ρ
2191 5565 2291 5616 Ms.
2326 5562 2554 5629 Remig,
2586 5576 2688 5613 non
2739 5560 2942 5621 possit:
2986 5573 3040 5615 ut
3089 5561 3143 5616 in
3192 5562 3422 5633 August.
3470 5560 3634 5633 epist.

2050 5634 2179 5698 Alii,
2212 5650 2311 5686 non
2344 5642 2531 5697 posset.

2122 5715 2148 5754 q
2190 5704 2287 5760 Ms.
2320 5702 2453 5767 Jol.,
2483 5699 2631 5767 Quod
2657 5701 3019 5759 inexcusabilis
3048 5714 3119 5759 est
3146 5706 3312 5763 omnis
3340 5714 3594 5775 peccator.
