4028 6176
437 261 543 314 479

1671 256 1727 314 8.
1767 248 2106 308 PROSPERI
2144 248 2477 317 AQUITANI

3597 258 3703 314 480

435 372 478 439 (l
513 370 635 425 Cor.
686 384 774 435 xv,
805 369 919 438 22),
962 370 1039 423 ita
1080 377 1128 421 et
1167 368 1221 420 in
1271 365 1480 422 Christo
1507 378 1687 417 omnes
1718 373 1745 403 ει
1790 359 2026 428 uiviﬁca—
2046 367 2099 424 Α
2124 360 2479 418 CCCXXXVI
2510 362 2676 436 [Alias
2702 360 3099 436 CCCXXXIV].
3136 362 3154 403 ι
3186 364 3268 420 De
3305 366 3416 423 loco
3436 369 3703 425 orationis.

433 462 629 513 buntur
672 460 827 529 (Aug.
860 459 1012 524 ibid.,
1068 474 1122 512 η.
1162 456 1278 526 10).

433 586 755 643 CCCXXX]!
804 586 989 660 [Alias
1036 588 1381 713 CC$X§XL
1435 589 1463 629 δ
1526 589 1604 644 De
1650 588 2017 644 Incarnatione

1183 677 1235 713 er
1274 678 1309 713 ι.

1183 677 1309 714 ετοι.

503 749 645 805 Deus
695 748 856 803 homo
908 748 1077 804 factus
1117 761 1241 805 est:
1273 752 1397 819 quid
1449 753 1661 806 futurus
1703 763 1788 807 εει
1830 753 2012 820 homo,

431 854 649 911 propter
677 860 833 912 quem
872 845 1010 898 [)eus
1046 845 1217 899 factus
1252 855 1335 900 est
1373 847 1536 899 homo
1566 845 1725 917 (Aug.
1759 856 1907 900 tract.
1949 846 2015 901 10

430 937 481 987 in
509 934 693 1003 Joan.,
726 953 781 988 η.
813 936 903 1006 1)ἳ

430 1047 777 1103 CCCXXXIII
818 1046 992 1121 [Alias
1018 1048 1372 1122 CCCXXXI].
1408 1050 1483 1104 De
1509 1051 1706 1105 duabus
1735 1054 2015 1107 nativitati-

1020 1123 1110 1174 bus
1140 1121 1425 1176 hominum.

503 1230 616 1287 Una
656 1241 741 1286 est
770 1233 1020 1287 nativitas
1046 1234 1114 1288 de
1152 1241 1295 1289 terra
1316 1275 1333 1302 ,
1362 1234 1463 1289 alia
1488 1234 1557 1290 de
1582 1237 1759 1303 casio;
1797 1252 1900 1292 una
1930 1247 2013 1294 est

428 1325 495 1379 de
525 1341 688 1381 carne
716 1367 729 1391 ,
778 1328 881 1380 alia
927 1328 994 1381 de
1037 1327 1280 1396 Spiritu;
1331 1343 1435 1382 una
1471 1339 1553 1382 est
1591 1329 1661 1384 de
1690 1332 2010 1397 aeternitate,

428 1418 528 1471 alia
576 1419 643 1473 de
671 1420 1033 1485 mortalitate;
1076 1435 1178 1473 una
1209 1429 1292 1474 est
1333 1421 1401 1475 de
1441 1422 1679 1475 masculo
1706 1431 1762 1477 et
1789 1422 2009 1491 femina,

430 1509 533 1561 alia
566 1508 633 1562 de
677 1509 786 1561 Deo
816 1517 871 1562 et
916 1508 1178 1563 Ecclesia.
1230 1509 1337 1564 Sed
1384 1511 1513 1578 ipsa
1553 1510 1672 1565 duae
1712 1512 2013 1581 singulares

431 1610 578 1653 sunt.
630 1601 911 1667 Quomodo
952 1602 1095 1655 enim
1146 1600 1310 1673 594
1352 1610 1537 1657 uterus
1586 1620 1690 1659 non
1723 1616 1897 1672 potest
1925 1623 2013 1662 re-

428 1693 575 1761 peti,
622 1696 701 1749 sic
738 1710 839 1750 nec
884 1698 1185 1766 baptismus
1222 1699 1409 1754 iterari
1450 1698 1611 1771 (Aug.
1665 1710 1818 1757 tract.
1854 1703 1913 1757 11
1960 1702 2012 1755 in

427 1785 607 1849 Joan.,
638 1804 693 1840 n.
724 1786 804 1855 6).
875 1806 888 1817 ’

427 1898 779 1955 CCCXXXIV
812 1900 978 1974 [Alias
1005 1901 1374 1975 CCCXXXH].
1422 1905 1494 1960 De
1523 1907 1816 1963 diversitate
1853 1908 2013 1963 bono-

1016 1991 1130 2027 rum
1159 1985 1181 2013 α
1213 1978 1266 2028 in
1295 1976 1427 2030 Deo.

496 2082 524 2119 ἀ
550 2083 606 2137 Si
653 2084 889 2138 visibilia
937 2086 1184 2141 attendas
1210 2126 1224 2149 ,
1276 2103 1379 2143 nec
1416 2089 1570 2157 panis
1595 2099 1678 2146 est
1702 2090 1877 2160 Deus,
1914 2109 2015 2149 nec

430 2190 567 2242 aqua
592 2184 675 2229 est
703 2177 874 2243 Deus,
908 2193 1007 2232 nec
1038 2180 1125 2233 lux
1157 2180 1257 2233 ista
1285 2192 1367 2235 est
1400 2182 1541 2237 Deus
1561 2225 1578 2252 ,
1612 2201 1711 2240 nec
1740 2189 1908 2241 vestis
1933 2197 2015 2243 est

428 2264 589 2330 Deus,
623 2280 721 2320 nec
750 2267 940 2321 domus
969 2276 992 2304 ο
1023 2280 1105 2322 εει
1141 2270 1321 2324 Deus:
1355 2273 1533 2326 omnia
1565 2275 1705 2329 enim
1744 2275 1858 2330 hanc
1889 2279 2016 2332 visi-

430 2356 555 2409 bilia
586 2366 748 2421 sunt,
791 2368 845 2413 et
892 2358 1099 2429 singula
1154 2370 1300 2415 sunt.
1353 2363 1507 2428 Quod
1538 2365 1681 2419 enim
1727 2376 1809 2421 est
1839 2370 2011 2436 panis,

430 2462 537 2500 non
571 2447 674 2501 hoc
704 2460 784 2502 ρει
813 2465 948 2518 aqua
977 2466 991 2510 ;
1026 2459 1084 2505 et
1114 2453 1256 2520 quod
1287 2465 1368 2507 est
1396 2454 1562 2509 vestis
1587 2496 1602 2520 ,
1654 2473 1759 2511 non
1802 2458 1907 2513 hoc
1930 2471 2015 2515 est

427 2541 653 2605 domus;
686 2553 739 2598 et
767 2543 907 2612 quod
934 2553 1060 2598 sunt
1090 2546 1187 2599 ista
1214 2587 1229 2611 ,
1281 2562 1387 2601 non
1428 2548 1530 2602 hoc
1558 2558 1641 2604 est
1670 2550 1848 2617 Deus;
1882 2553 2013 2607 visi-

427 2630 555 2684 bilia
599 2634 742 2686 enim
784 2642 932 2701 sunt,
981 2634 1125 2690 Deus
1168 2645 1350 2691 autem
1400 2648 1566 2692 tctum
1600 2641 1693 2695 tibi
1733 2653 1836 2709 est,
1870 2645 2012 2713 quod

427 2732 575 2777 recte
613 2725 930 2780 desideras:
980 2737 1034 2782 et
1077 2734 1316 2785 omnium
1349 2731 1614 2788 bonorum
1643 2738 1875 2791 varietas
1909 2754 2014 2792 uno

427 2813 621 2870 l‘untet
656 2817 1019 2883 profunditur.
1072 2820 1337 2888 Quoniam
1381 2839 1503 2878 cum
1546 2840 1640 2879 sua
1688 2827 1912 2894 tribuit,
1956 2845 2015 2884 se

426 2906 603 2975 ipsum
637 2908 737 2961 sub
764 2909 995 2964 diversis
1025 2927 1306 2967 munerum
1337 2930 1560 2970 suorum
1589 2920 1894 2974 nominibus
1916 2920 2016 2975 im-

428 3000 589 3067 pertit
621 2999 774 3071 (Aug.
808 3010 954 3056 tract.
995 3006 1059 3060 15
1086 3007 1139 3058 in
1166 3005 1355 3073 Joan.,
1383 3026 1437 3061 u.
1462 3007 1542 3079 5).

2193 479 2233 507 ω
2261 471 2364 536 Qui
2388 472 2789 541 supplicaturus
2812 473 2923 529 Deo
2956 473 3133 530 locum
3158 486 3341 545 aptum
3369 486 3424 533 et
3461 490 3707 536 sanctum

2122 564 2353 632 requiris
2376 608 2391 631 ,
2446 566 2703 620 interiora
2737 579 2825 620 tua
2862 568 3059 622 munda
3085 607 3100 632 ,
3150 580 3203 623 et
3243 571 3390 624 enini
3420 572 3542 628 inde
3567 574 3705 627 mala

2128 656 2426 723 cupiditate
2455 658 2700 727 depulsa,
2734 676 2974 730 praepara
3018 663 3112 715 tibi
3155 664 3208 717 in
3244 664 3421 719 cordis
3463 668 3537 721 tui
3575 684 3710 737 pace

2119 756 2407 801 secretum.
2462 748 2665 804 Volens
2690 751 2741 803 in
2773 752 2975 819 templo
3002 766 3193 819 orare,
3241 752 3292 807 in
3321 762 3372 808 te
3394 768 3521 821 ora;
3554 768 3609 812 et
3634 759 3708 812 ita

2119 852 2217 903 age
2258 854 2497 909 semper,
2547 850 2603 895 ut
2653 841 2748 895 Dei
2793 844 3052 913 templum
3098 844 3195 898 sis.
3251 843 3328 900 Ibi
3373 846 3516 903 enim
3565 848 3709 904 Deus

2118 931 2359 997 exaudit,
2394 932 2482 986 ubi
2512 932 2718 987 habitat
2748 934 2907 1006 (Aug.
2938 935 3090 1001 ibid.,
3124 953 3178 989 η.
3210 934 3322 1005 25).

2116 1039 2489 1097 CCCXXXVII
2521 1042 2693 1115 [Alias
2722 1044 3099 1117 CCCXXXV].
3139 1056 3167 1083 ιι
3200 1048 3275 1101 De
3298 1049 3530 1105 sensibus
3590 1069 3709 1107 cor-

2581 1116 2743 1185 poris,
2774 1127 2819 1168 et
2842 1119 3044 1185 judicio
3064 1116 3254 1171 animi.

2187 1219 2390 1276 Sensus
2437 1225 2683 1292 corporis
2728 1226 3029 1294 corporalia
3087 1229 3339 1282 nuntiant
3382 1231 3549 1286 cordi.
3587 1241 3612 1269 °
3639 1233 3709 1290 Et

2121 1329 2228 1368 non
2256 1314 2495 1370 omnium
2530 1317 2756 1372 facultas
2779 1318 2967 1372 eadem
2998 1336 3011 1371 :
3038 1322 3158 1390 quia
3189 1337 3296 1375 non
3322 1323 3443 1376 inde
3470 1324 3705 1392 videtur,

2115 1407 2261 1461 unde
2290 1408 2540 1473 auditur;
2590 1424 2689 1464 nec
2737 1410 2878 1465 unde
2919 1427 3101 1482 sapor,
3151 1414 3276 1468 inde
3314 1427 3367 1469 et
3403 1416 3535 1470 odor
3562 1420 3710 1486 capi-

2118 1508 2237 1552 tur:
2272 1514 2371 1554 nec
2403 1502 2457 1554 lii
2487 1501 2759 1568 ministri,
2808 1505 2926 1558 sine
2967 1513 3109 1559 tactu
3141 1505 3208 1560 ad
3234 1506 3383 1561 laevia
3416 1516 3470 1563 et
3495 1524 3709 1580 aspera,

2116 1590 2288 1644 calida
2318 1602 2371 1645 et
2404 1590 2614 1661 frigida,
2646 1593 2861 1648 humida
2894 1603 2948 1650 et
2978 1599 3120 1650 sicca
3147 1637 3161 1659 ,
3186 1597 3564 1669 discernenda,
3599 1602 3711 1655 suf-

2122 1683 2325 1738 liciunt.
2382 1684 2702 1754 lncorporea
2743 1702 2873 1742 vero
2916 1687 3132 1743 animus
3181 1705 3277 1745 suo
3309 1700 3513 1746 tantum
3544 1709 3710 1749 sensu

2117 1774 2416 1842 dijudicat,
2472 1786 2528 1831 et
2571 1792 2763 1834 omnes
2813 1781 3104 1835 varietates
3147 1797 3253 1836 uno
3281 1793 3427 1837 motu
3452 1785 3708 1854 attingit:

2117 1868 2279 1940 595
2307 1879 2361 1924 et
2382 1869 2640 1940 quidquid
2673 1881 2701 1920 ι)
2740 1871 3082 1928 discretionis
3130 1874 3271 1929 inter
3298 1876 3437 1931 bona
3462 1886 3517 1932 et
3543 1879 3704 1945 mala,

2112 1959 2257 2027 justa
2305 1969 2361 2015 et
2409 1961 2610 2031 injusta
2656 1962 3049 2020 rationabiliter
3088 1966 3319 2033 invenit,
3359 1978 3387 2018 (ι
3426 1969 3583 2025 unius
3620 1978 3707 2026 est

2116 2053 2436 2108 intentionis
2477 2053 2741 2111 eﬂ‘ectus:
2774 2063 2831 2110 ut
2861 2057 2934 2111 ibi
2962 2058 3139 2129 imago
3174 2060 3270 2116 Dei
3309 2072 3581 2131 appareat,
3609 2062 3700 2119 ubi

2116 2158 2279 2198 unum
2306 2144 2555 2215 idemque
2581 2155 2663 2201 est
2691 2186 2708 2213 ,
2742 2156 2764 2185 τ
2798 2163 2905 2213 quo
2936 2163 3089 2204 meus
3116 2160 3295 2218 potest
3321 2165 3578 2222 quantum
3608 2169 3703 2225 po-

2118 2245 2221 2289 test
2254 2232 2412 2307 (Aug.
2445 2246 2595 2291 tract.
2630 2239 2695 2293 18
2721 2238 2775 2291 in
2799 2236 2987 2303 Joan.,
3018 2256 3073 2293 η.
3101 2238 3135 2295 9
3164 2250 3211 2296 et
3235 2241 3347 2313 10).

2115 2343 2514 2403 CCCXXXVIII
2541 2348 2711 2422 [Alias
2736 2349 3133 2423 CCCXXXVI].
3158 2361 3179 2390 ⁸
3213 2352 3292 2407 De
3306 2355 3409 2407 vita
3424 2351 3555 2409 Filii
3586 2356 3715 2416 Dei.

2191 2460 2211 2494 ι
2245 2459 2335 2513 Dei
2380 2460 2549 2515 Filius
2597 2460 2795 2516 dicitur
2835 2464 2999 2517 vitam
3041 2463 3243 2520 habere
3282 2465 3336 2520 in
3385 2468 3707 2539 semetipso,

2116 2549 2253 2604 sicut
2280 2550 2439 2604 habet
2464 2551 2639 2617 Pater,
2668 2567 2774 2607 non
2801 2554 3172 2623 participando
3197 2555 3441 2625 adeptus,
3475 2557 3572 2611 sed
3606 2575 3705 2613 ua-

2115 2643 2340 2697 scendo.
2381 2642 2557 2698 Vitam
2602 2645 2745 2700 enim
2793 2646 2981 2716 genuit
3026 2647 3186 2701 Pater
3213 2649 3364 2702 vita:
3398 2664 3496 2702 nec
3524 2649 3714 2706 diﬂett

2117 2734 2171 2789 in
2194 2736 2375 2805 aliquo
2402 2736 2637 2791 essentia
2659 2737 2933 2807 gignentis
2955 2747 3009 2792 ct
3031 2739 3229 2808 geniti;
3262 2754 3385 2793 cum
3416 2739 3495 2794 sic
3515 2756 3580 2794 ex
3607 2740 3710 2795 Pa-

2120 2833 2199 2879 tre
2223 2827 2293 2879 sit
2321 2825 2512 2891 Filius,
2542 2836 2568 2861 “
2602 2838 2659 2880 ut
2707 2830 3162 2897 eonsempiterna:
3203 2830 3563 2898 aequslitatis,
3598 2847 3709 2885 non

2119 2931 2223 2970 uua
2251 2917 2467 2986 quidem
2492 2932 2719 2985 persona
2745 2963 2759 2987 ,
2789 2919 2883 2973 sed
2913 2935 3017 2974 una
3050 2920 3121 2975 sit
3150 2919 3334 2975 Deitas
3363 2921 3523 2993 (Aug.
3548 2932 3707 2978 tract.

2120 3009 2186 3065 19
2216 3011 2270 3063 in
2298 3009 2482 3073 Joan.,
2512 3028 2567 3065 n.
2602 3010 2669 3065 12
2695 3022 2739 3066 et
2771 3012 2879 3082 l5).

426 3110 752 3169 CCCXXXV
785 3115 962 3188 [Alias
997 3118 1407 3194 CCCXXXIII].
1442 3131 1467 3170 ε
1500 3122 1580 3179 De
1624 3088 1802 3181 anima
1841 3136 1886 3182 et
1927 3129 2011 3181 in-
2040 3101 2085 3162 C
2117 3102 2475 3176 CCCXXXIX
2506 3120 2681 3194 [Alias
2717 3114 3149 3194 CCCXXXVII].
3174 3133 3201 3162 ν
3232 3122 3405 3188 Quare
3430 3121 3625 3191 Filius,
3658 3134 3710 3180 et

1106 3190 1330 3245 tellecta.

497 3275 693 3329 Anima
724 3278 961 3333 carnalia
994 3293 1256 3350 appetens
1295 3284 1506 3341 feminae
1531 3301 1876 3359 comparatur
1905 3308 2011 3348 non

429 3366 653 3421 habenti
684 3379 948 3424 rectorem
979 3373 1153 3427 virum
1181 3414 1197 3440 ,
1239 3377 1328 3445 qui
1378 3387 1461 3432 est
1491 3379 1831 3449 intellectus,
1859 3383 2014 3452 cujus

427 3470 545 3510 eam
596 3468 813 3524 Oportet
858 3462 1122 3528 sapientia
1164 3464 1458 3532 gubernari
1492 3485 1505 3521 :
1551 3484 1655 3524 non
1686 3472 1837 3541 quasi
1868 3473 2011 3528 aliud

429 3546 501 3599 sit
526 3560 684 3616 quam
713 3549 891 3604 anima
920 3565 935 3617 ;
978 3552 1071 3607 sed
1099 3554 1222 3623 quia
1267 3557 1485 3613 obtutus
1523 3562 1743 3629 quidam
1777 3560 1806 3601 ιι
1826 3566 2012 3622 occul-

427 3647 514 3692 tus
540 3640 610 3693 sit
649 3642 860 3695 animm.
913 3644 1062 3701 Sicut
1099 3647 1243 3701 enim
1278 3650 1577 3707 exteriores
1614 3655 1759 3709 oculi
1806 3654 1820 3692 ε
1857 3657 2015 3727 quid-

427 3733 548 3789 dam
574 3747 698 3791 sunt
741 3738 947 3805 carnis,
1001 3741 1073 3796 ita
1115 3758 1271 3799 mens
1317 3746 1572 3814 quiddam
1619 3758 1704 3804 est
1750 3750 1764 3802 i
1800 3754 2014 3822 animus,

426 3826 569 3894 quod
600 3827 653 3881 in
682 3845 743 3882 ea
786 3830 1083 3886 secundum
1121 3835 1591 3906 participationem
1619 3841 1816 3898 divinae
1846 3846 2013 3902 ratio-

426 3917 512 3971 nis
548 3921 789 3974 excellit.
845 3921 913 3977 Et
950 3931 1076 3978 tunc
1115 3925 1365 3982 omnibus
1402 3925 1429 3966 ιι
1458 3931 1693 3987 motibus
1734 3935 1848 3989 suis
1878 3935 2016 3992 bene

426 4008 680 4073 ptesidet
705 4050 719 4074 ,
765 4026 887 4065 cum
936 4027 1169 4082 superna
1198 4017 1317 4071 luce
1345 4019 1602 4087 radiatur,
1653 4032 1710 4077 ut
1754 4025 1824 4080 sit
1863 4026 1916 4081 in
1950 4044 2012 4084 ea

430 4098 599 4151 lumen
622 4115 823 4164 verum,
853 4105 989 4170 quod
1018 4106 1274 4161 illuminat
1303 4125 1499 4163 omnem
1529 4112 1784 4170 hominem
1811 4120 2012 4173 venien-

427 4199 526 4243 tem
551 4194 602 4246 in
628 4197 762 4247 hunc
788 4197 1035 4251 mundum
1067 4200 1222 4272 (Aug.
1250 4214 1400 4258 tract.
1429 4204 1495 4261 15
1516 4209 1569 4262 in
1596 4209 1782 4279 Joan..
1811 4230 1864 4267 η.
1893 4217 2006 4288 19).

499 4363 527 4429 f
689 4356 919 4429 Bemig,
950 4360 1289 4429 viviﬁcantur.

424 4424 822 4551 “Iazugum
848 4424 996 4495 Quid
1036 4424 1123 4499 [iet
1162 4434 1348 4503 homo,
1396 4451 1490 4506 pro
1531 4454 1630 4508 quo
1673 4437 1812 4493 Deus
1840 4442 2009 4513 factus

502 4577 524 4604 ε
682 4568 810 4651 Jol.,
844 4570 995 4636 Quod
1026 4572 1162 4627 Deus
1197 4575 1263 4651 sit
1291 4575 1576 4651 invisibilis.
1626 4580 1779 4649 Quod
1820 4599 2006 4651 parum

428 4641 636 4718 accedit
665 4641 728 4692 ad
768 4655 983 4723 sensum
1017 4646 1298 4727 sententia:
1324 4687 1339 4711 ,
1374 4649 1459 4701 cui
1487 4688 1502 4714 ,
1537 4652 1589 4703 in
1629 4641 1735 4706 Deo
1761 4641 2007 4712 addimus

430 4723 651 4774 majoris
678 4722 1070 4777 perspicuuatts
1097 4722 1287 4783 gratia.

495 4774 521 4813 ἀ
555 4778 694 4831 Edil.
721 4781 910 4841 Colon.
944 4792 1079 4844 γει..
1111 4788 1165 4839 in
1193 4786 1413 4840 visibilia
1440 4791 1695 4846 attendas.

500 4857 524 4885 ο
558 4849 696 4931 [aditi
727 4865 914 4905 omnes
939 4893 953 4918 ,
988 4854 1191 4931 domus
1214 4859 1332 4911 ista.
1387 4858 1511 4913 Mss.
1562 4862 1768 4931 lietntg.
1815 4874 1870 4920 ει
1896 4865 2003 4922 Jol.

424 4933 533 5044 Eum
583 4920 778 5043 habent
832 4936 1128 4991 pr0nouten
1174 4927 1295 4994 ista,
1344 4944 1444 4985 nec
1501 4931 1653 4988 locus
1679 4920 2004 5004 Αἶιειιειδῑιι

456 5002 579 5043 0³η.
660 5008 813 5044 vane.

423 5008 913 5184 ;:i"it:fvﬁ:ﬁiig.,
948 5067 1179 5134 proﬂuit.
1225 5067 1366 5124 Edit.
1414 5069 1607 5128 Colon.
1650 5084 1757 5131 vet.
1794 5079 2007 5149 ρεηεηη,

462 5147 475 5181 ι
504 5148 582 5183 ur.

504 5150 516 5180 1
569 5170 582 5182 .

462 5143 650 5282 “law-Ms.
680 5203 811 5282 19L,
846 5204 923 5282 De
943 5207 1116 5282 auium
1145 5206 1379 5262 carnalia
1408 5221 1692 5282 appetente.

490 5270 515 5350 λζ
552 5273 918 5350 _M_~s._liemig.
948 5290 1001 5331 et
1026 5277 1156 5340 101..
1191 5270 1557 5350 οοιιιιιειμιὲέἱι
1585 5285 1790 5340 animm.

500 5341 512 5414 ξ
551 5343 646 5414 Ms.
679 5341 908 5414 Remigj,
934 5350 1144 5414 quidam
1168 5361 1288 5403 sunt
1310 5341 1475 5404 carni.

427 5484 437 5495 .
492 5411 508 5460 l
549 5412 643 5467 Ms.
674 5411 1025 5485 Jol.,anima:,
1051 5421 1187 5488 quod
1216 5422 1269 5475 in
1302 5438 1384 5475 ea.
1407 5421 1650 5494 Reliqui,
1670 5427 2004 5497 animi,quod

421 5499 473 5535 ιη
505 5499 583 5535 ρο.

489 5551 512 5625 ξ
548 5553 695 5625 fidit.
718 5553 907 5611 Colon.
941 5569 1070 5624 vet.,
1104 5562 1320 5616 motibus
1349 5564 1482 5625 eius.

493 5620 508 5659 ι
546 5623 640 5680 Ms.
672 5624 944 5693 Joliensis,
1006 5620 1158 5693 Quod
1196 5633 1248 5685 in
1277 5620 1417 5687 nobis
1447 5636 1513 5687 sit
1544 5638 1819 5693 orandum.

478 5701 525 5736 ι·
554 5694 746 5749 Colon.
795 5709 902 5753 vet.
950 5700 1108 5767 edin,
1160 5704 1298 5769 Quid
1339 5706 1726 5771 supplicaturus
1747 5752 1762 5777 ,
1795 5752 1806 5765 .
1836 5751 1849 5766 .
1880 5752 1890 5766 .
1924 5728 2003 5767 re-

2455 3191 2558 3245 nou
2580 3191 2759 3259 Pater,
2799 3194 2988 3247 dicitur
3006 3191 3365 3265 judicaturus.

2187 3300 2444 3367 Quamvis
2490 3317 2785 3373 numquam
2815 3304 3033 3361 recedat
3054 3320 3085 3359 a
3117 3304 3255 3360 Filio
3280 3304 3441 3361 Pater
3466 3349 3482 3375 ,
3530 3307 3596 3362 ad
3612 3306 3706 3378 ju-

2117 3396 2378 3451 dicandos
2408 3404 2588 3451 tamen
2629 3398 2782 3452 vivos
2808 3405 2866 3453 et
2895 3408 3136 3453 mortuos
3157 3439 3172 3463 ,
3199 3413 3305 3453 non
3334 3398 3456 3468 ipse
3482 3400 3707 3468 dicitur,

2119 3487 2215 3541 sed
2269 3486 2441 3542 Filius
2469 3487 2769 3543 aﬂ’uturus:
2814 3490 2940 3558 quia
2982 3488 3055 3543 ibi
3103 3504 3203 3544 nec
3228 3490 3420 3555 Patris,
3464 3506 3560 3545 nec
3583 3490 3711 3545 Filii

2124 3581 2322 3644 Deitas,
2350 3580 2449 3635 sed
2500 3581 2595 3635 illa
2624 3580 2799 3636 forma
2826 3581 3100 3637 videbitur
3128 3582 3255 3637 Filii
3289 3597 3451 3650 quam
3479 3583 3579 3637 sibi
3610 3598 3707 3651 per

2120 3678 2516 3727 sacramentum
2548 3672 2934 3727 incarnationis
2961 3672 3148 3726 univit.
3195 3672 3313 3740 Ipsa
3335 3688 3469 3742 ergo
3489 3672 3594 3726 erit
3612 3672 3705 3740 ju-

2119 3764 2249 3827 dex,
2282 3780 2401 3834 qua:
2432 3763 2532 3818 sub
2554 3763 2737 3833 judice
2763 3766 2948 3819 stetit:
2982 3765 3094 3834 ipsa
3122 3765 3401 3835 judicabit,
3428 3781 3549 3834 quas
3565 3766 3708 3836 judi-

2119 3865 2237 3909 cata
2278 3865 2391 3920 est;
2439 3864 2494 3908 ut
2540 3853 2755 3910 videant
2789 3854 2938 3924 impii
2980 3857 3096 3924 ejus
3132 3856 3361 3923 gloriam
3390 3894 3406 3920 ,
3458 3855 3511 3909 in
3552 3855 3707 3924 cujus

2125 3947 2591 4002 mansuetudinem
2623 3946 2992 4001 *sazvierunt.
3054 3946 3201 4001 Talis
3246 3962 3377 4016 ergo
3423 3949 3707 4017 apparebit

2120 4040 2306 4105 judex,
2338 4039 2511 4107 qualis
2539 4037 2710 4093 videri
2747 4037 2950 4107 possit,
2985 4047 3038 4092 et
3067 4037 3136 4092 ab
3157 4039 3235 4093 eis
3261 4052 3396 4107 quos
3420 4048 3707 4092 coronatm

2123 4146 2215 4184 rus
2240 4138 2343 4193 est,
2375 4140 2428 4184 et
2456 4129 2523 4183 ab
2548 4129 2628 4184 eis
2657 4145 2791 4197 quos
2815 4129 3162 4183 damnaturus
3191 4140 3295 4185 est.
3338 4129 3497 4185 Pater
3521 4139 3704 4186 autem

2120 4234 2229 4274 non
2274 4218 2595 4290 apparebit;
2641 4221 2766 4290 quia
2814 4219 2987 4275 forma
3014 4220 3156 4275 servi
3186 4234 3294 4276 non
3335 4232 3418 4277 εει
3445 4221 3700 4278 indutus:

2038 4380 2089 4442 ι)
2114 4378 2293 4447 quiris.

2189 4457 2216 4483 ιι
2249 4448 2321 4501 Ita
2354 4447 2449 4501 Ms.
2482 4445 2815 4512 Jol.C:eteri,
2854 4446 2930 4502 De
2955 4448 3158 4502 nomine
3190 4449 3449 4504 interiore.

2192 4526 2216 4591 ξ’
2249 4519 2374 4572 Μεε.
2410 4518 2619 4591 (genus.
2653 4527 2711 4573 et
2732 4519 3004 4586 Joliensis,
3034 4530 3083 4574 et
3112 4536 3210 4572 non
3241 4521 3468 4591 omnibus
3496 4536 3598 4574 una
3621 4523 3697 4591 fa-

2116 4587 2279 4642 cultas
2305 4601 2396 4644 est.
2431 4589 2594 4649 Editi.
2621 4599 2669 4643 et
2692 4606 2795 4643 non
2823 4591 3049 4643 omnium
3078 4591 3301 4658 facultas
3330 4590 3521 4645 eadem.

2189 4669 2216 4706 P
2248 4658 2346 4713 Ms.
2380 4659 2744 4727 Remigianus.
2778 4659 3156 4713 discretionum.

2187 4738 2215 4778 (ι
2248 4728 2339 4784 Sic
2373 4744 2474 4799 ms.
2505 4729 2614 4783 Jul.
2648 4731 2775 4794 Alii,
2821 4747 2949 4783 unus
2991 4740 3065 4784 est
3112 4730 3405 4785 intentionis
3457 4730 3698 4799 a/fectus.

2114 4797 2209 4855 Ms.
2243 4814 2371 4851 vero
2399 4798 2635 4868 Remig,
2654 4802 2807 4854 unius
2836 4813 2910 4854 est
2936 4803 3231 4856 intentionis
3251 4802 3298 4855 ei
3320 4797 3548 4867 effectus.

2190 4879 2211 4908 τ
2241 4868 2317 4925 Ita
2343 4869 2471 4925 Mss.
2501 4868 2711 4940 Retuig.
2743 4883 2798 4926 et
2822 4871 2963 4937 Jol.;
2995 4874 3178 4927 caeteri
3202 4911 3219 4938 ,
3248 4874 3386 4942 quod
3418 4887 3559 4926 mens
3601 4890 3700 4940 po-

2114 4950 2232 4995 test.

2186 5019 2207 5047 ο
2243 5008 2339 5065 Ms.
2372 5009 2655 5080 Joliensis,
2693 5010 2959 5079 Quomodo
2992 5011 3165 5068 Filius
3192 5012 3385 5066 dicitur
3414 5012 3598 5067 habere
3622 5014 3701 5067 vi-

2111 5092 2217 5134 tam
2243 5082 2297 5152 in
2322 5085 2605 5152 semetipso.

2188 5155 2207 5188 ι
2242 5151 2329 5207 Sic
2360 5167 2462 5206 ms.
2490 5151 2595 5207 .Iul.
2639 5162 2696 5208 et
2734 5152 2865 5207 edit.
2907 5151 3097 5208 Colon.
3133 5163 3236 5209 vet.
3274 5154 3377 5209 Alii
3411 5170 3562 5217 vero.
3597 5154 3696 5209 Dei

2113 5220 2283 5275 Filius
2308 5221 2444 5275 Deus
2466 5223 2649 5276 habere
2675 5225 2827 5276 vitam
2848 5226 2899 5277 in
2927 5226 3215 5293 semetipso,
3246 5226 3375 5279 sicut
3408 5226 3568 5279 Pater
3592 5227 3694 5279 Ita-

2111 5293 2213 5356 bet,
2245 5308 2346 5369 non
2374 5294 2735 5369 participando
2762 5297 2973 5365 adeptus
3003 5298 3218 5369 est,sed
3244 5296 3519 5349 nascendo.
3656 5368 3663 5369 ί
3740 5356 3747 5369 ι

2180 5371 2208 5400 υ
2239 5361 2430 5417 Colon.
2464 5374 2571 5417 vet.
2602 5365 2758 5437 edit.,
2792 5361 3294 5437 utlconsempiterita,
3324 5382 3427 5421 non
3451 5383 3556 5422 una
3576 5368 3701 5437 qui-
3740 5361 3767 5387 "

2107 5432 2223 5485 dem
2256 5448 2492 5497 persona,
2520 5436 2608 5486 sed
2634 5452 2736 5487 una
2756 5436 2822 5487 sit
2850 5436 3046 5488 Deitas.

2178 5513 2203 5539 ν
2240 5501 2329 5574 Sic
2356 5518 2455 5574 ius.
2490 5505 2620 5569 Jol;
2651 5505 2854 5565 caeteri,
2888 5504 2963 5557 De
2985 5507 3207 5574 judicio.

2181 5582 2207 5609 ι
2234 5573 2334 5646 Ms.
2363 5573 2491 5638 Jol.,
2524 5576 2576 5627 in
2605 5580 2751 5646 cujus
2792 5573 3224 5631 mansuetudinem
3253 5578 3541 5632 satvierunt.
3576 5575 3691 5632 Be-

2107 5644 2261 5720 mig.,
2294 5644 2346 5695 in
2367 5648 2515 5720 cujus
2544 5644 2933 5720 mansuetudine
2953 5648 3242 5720 stet'ierunt.
3287 5649 3393 5705 Alii
3421 5649 3477 5706 in
3516 5655 3695 5720 textu,

2104 5718 2444 5782 fremuerunt;
2474 5716 2527 5772 iu
2555 5716 2819 5787 margine,
2843 5718 3134 5772 excierunt.
