4028 6176
780 331 983 389 LIBER
1020 330 1579 389 SENTENTIABIUM
1624 329 1714 385 EX
1753 324 2089 384 OPERIBUS
2130 323 2188 379 S.
2232 318 2602 379 AUGUSTINI
2646 314 3161 374 DELIBATARUM.

3505 319 3609 375 δεῖ

344 445 441 500 sed
469 441 627 507 Filio,
658 450 685 479 ⁸
713 443 803 512 qui
833 443 999 497 etiam
1038 442 1198 495 homo
1230 440 1398 495 factus
1431 449 1547 505 est,
1578 438 1927 509 deditjudicil
1956 441 2006 499 Α
2033 436 2169 501 lunt,
2204 435 2388 490 felices
2416 442 2692 502 putantur,
2728 432 2850 502 quia
2884 432 3011 501 quid
3041 432 3111 485 sit
3146 429 3376 487 felicitas
3399 431 3427 470 ι
3452 432 3609 503 igno-

346 542 666 606 poteStatem
700 534 857 605 (Aug.
884 534 1036 599 ibid.,
1067 549 1120 586 η.
1149 533 1261 601 16).

367 669 594 744 CCCXL
637 670 818 744 [Alias
858 668 1284 744 CCCXXXVIII,
1327 677 1445 722 ante
1489 664 1896 744 CCCXXXVI].

415 740 443 779 δ
477 739 748 808 ρεισιηόάο
786 741 1099 795 voluntatem
1129 739 1225 793 Dei
1250 750 1297 792 et
1326 748 1551 792 nostram
1579 739 1851 808 faciamus.

413 831 580 887 Suam
649 833 977 887 voluntatem
1043 833 1290 885 homines
1335 829 1571 893 faciunt,
1636 844 1740 882 non
1805 827 1917 891 Dei,

339 922 558 989 quando
602 922 655 976 id
684 934 845 993 agunt
874 922 1015 992 quod
1051 924 1158 977 Deo
1201 920 1464 985 displicet.
1495 919 1720 985 Quando
1742 927 1922 971 autem

340 1010 421 1063 ita
464 1010 671 1065 faciunt
704 1012 846 1081 quod
875 1012 1060 1065 volunt
1088 1050 1103 1077 ,
1146 1022 1204 1065 ut
1231 1010 1425 1063 divina:
1468 1009 1705 1061 serviant
1734 1007 1923 1059 volun-

347 1104 441 1155 tati
469 1119 483 1155 :
536 1106 784 1170 quamvis
825 1104 1069 1157 volentes
1100 1111 1257 1170 agant
1286 1099 1427 1169 quod
1454 1106 1650 1167 agunt,
1676 1097 1816 1151 illius
1845 1104 1923 1149 ta-

338 1206 471 1246 men
513 1194 757 1249 voluntas
780 1202 861 1247 est
885 1233 900 1257 ,
948 1206 976 1245 a
1021 1208 1126 1261 quo
1159 1200 1213 1246 et
1251 1202 1582 1259 praeparatur
1607 1196 1662 1241 et
1704 1187 1923 1254 jubetur

342 1286 486 1355 quod
539 1285 725 1341 volunt
774 1286 951 1355 (Aug.
996 1284 1121 1339 ibid.
1150 1324 1165 1350 ,
1211 1301 1268 1337 η.
1322 1284 1427 1339 l9:
1496 1298 1615 1336 can.
1656 1280 1728 1336 25
1773 1296 1919 1333 conc.

342 1374 535 1428 Araus.
566 1375 647 1444 ιι).

336 1507 587 1564 CCCXL!
620 1506 806 1580 [Alias
836 1506 1228 1580 cccxxstx,
1297 1514 1431 1580 ante
1478 1500 1916 1580 cccxxxvu].

630 1574 650 1617 ἒ
696 1579 771 1633 De
805 1579 1037 1631 doctrina
1070 1577 1243 1630 Patris
1268 1593 1355 1644 per
1392 1574 1638 1628 Verbum.

413 1671 474 1726 Si
510 1671 658 1725 illum
686 1672 841 1725 docet
862 1669 1038 1732 Pater,
1064 1670 1151 1737 qui
1175 1667 1320 1719 audit
1342 1666 1562 1719 verbum
1583 1664 1700 1733 ejus
1729 1680 1744 1719 :
1773 1680 1921 1735 quie-

339 1775 401 1815 re
426 1759 451 1797 ά
476 1763 604 1831 quid
650 1763 720 1815 sit
750 1760 1000 1814 Christus
1022 1800 1036 1824 ,
1068 1769 1121 1813 et
1156 1758 1397 1812 invenies
1431 1756 1660 1810 Verbum
1684 1756 1820 1825 ejus,
1855 1755 1918 1809 In

338 1855 600 1923 principio
626 1862 733 1907 erat
772 1852 1013 1918 Verbum;
1041 1866 1145 1905 non
1168 1860 1345 1905 autem
1365 1894 1378 1917 ,
1406 1849 1465 1904 In
1494 1848 1754 1917 principio
1783 1849 1920 1902 Deus

338 1946 470 2000 fecit
498 1946 732 2000 Verbum
758 1963 773 2000 :
801 1946 980 2011 sicut,
1025 1942 1091 1997 In
1151 1944 1407 2012 principio
1434 1941 1571 1997 Deus
1600 1942 1714 2012 fecit
1740 1940 1920 1995 coelum

334 2047 383 2092 et
416 2048 629 2093 terram.
678 2038 914 2097 Verbum
963 2037 1106 2091 enim
1152 2035 1247 2091 Dei
1295 2036 1436 2090 Deus
1477 2044 1584 2099 est,
1630 2050 1736 2088 non
1765 2048 1919 2088 crea-

335 2136 457 2182 tura
486 2147 501 2183 :
534 2129 693 2200 596
725 2144 821 2184 nec
852 2131 1045 2183 factum
1079 2129 1217 2181 inter
1252 2128 1427 2181 omnia
1452 2166 1468 2193 ,
1518 2126 1611 2181 sed
1658 2142 1749 2191 per
1777 2126 1919 2195 quod

335 2217 474 2273 facta
504 2229 631 2273 sunt
681 2220 879 2273 omnia.
932 2217 1001 2274 Ut
1037 2234 1164 2287 ergo
1187 2218 1251 2271 ad
1292 2218 1416 2271 talis
1447 2216 1593 2272 verbi
1621 2217 1917 2271 doctrinam

335 2310 501 2364 homo
531 2310 581 2364 in
612 2326 775 2366 carne
816 2313 1136 2366 constitutus
1179 2313 1350 2379 possit
1373 2311 1659 2377 accedere;
1680 2306 1919 2365 Verbum

333 2415 456 2451 caro
484 2403 678 2468 factum
707 2410 818 2467 cst,
860 2410 906 2455 et
942 2400 1185 2454 habitavit
1213 2401 1263 2454 in
1293 2398 1437 2453 nobis
1468 2399 1628 2471 (Aug.
1670 2410 1819 2453 tract.
1849 2399 1918 2455 9-6

334 2493 387 2543 in
415 2491 605 2559 Joan.,
639 2511 691 2546 n.
721 2494 800 2562 8).

329 2604 607 2662 CCCXL"
652 2608 815 2680 [Alias
849 2606 1075 2662 CCCXL
1098 2617 1271 2680 ,“ante
1293 2605 1749 2680 Acccxxxvuu.
1789 2615 1811 2643 ο
1841 2606 1919 2659 De

928 2694 1082 2730 carne
1112 2676 1323 2731 Christi.

400 2768 543 2823 Caro
586 2769 786 2825 Christi
834 2771 1072 2825 ﬁdelium
1124 2771 1231 2824 vita
1280 2780 1381 2835 eat,
1430 2768 1477 2823 si
1523 2783 1719 2837 corpus
1752 2769 1916 2838 ipsius

327 2874 454 2915 es.~e
495 2876 601 2915 non
651 2862 941 2932 negligant.
990 2862 1145 2916 Fiant
1181 2877 1310 2931 ergo
1353 2876 1547 2929 corpus
1591 2858 1827 2927 Christi,
1871 2860 1916 2915 si

327 2953 518 3005 volunt
563 2954 742 3007 vivere
791 2956 857 3009 de
903 2955 1095 3022 Spiritu
1139 2951 1375 3018 Christi;
1405 2953 1473 3007 de
1500 2967 1607 3022 quo
1632 2970 1737 3009 non
1766 2951 1914 3019 vivit,

326 3042 434 3096 nisi
464 3059 661 3116 corpus
684 3044 882 3100 Christi
925 3047 1081 3116 (Aug.
1106 3047 1261 3110 ibid.,
1290 3063 1344 3100 n.
1380 3046 1489 3113 15).

2024 532 2145 577 rant
2170 524 2326 593 (Aug.
2360 531 2509 575 tract.
2533 522 2603 576 28
2634 522 2686 573 in
2712 520 2896 585 Joan.,
2927 538 2982 573 η.
3011 520 3087 590 7).

2022 631 2292 690 CCCXLV
2323 633 2488 705 [Alias
2512 631 2826 690 CCCXLIII.
2854 644 2971 705 ante
2994 631 3285 705 CCCXLI].
3336 631 3416 686 De
3438 642 3609 687 muta-

2636 708 2772 756 tione
2799 704 2988 755 cordis.

2099 791 2117 829 ι
2154 792 2312 847 Aliud
2343 800 2427 846 est
2458 792 2688 860 migrare
2717 806 2945 859 corpore
2968 831 2984 856 ,
3033 790 3177 845 aliud
3207 791 3387 846 corde.
3416 791 3603 859 Migrat

2021 898 2253 951 corpore
2281 925 2296 949 ,
2346 883 2435 952 qui
2481 893 2629 937 motu
2686 884 2931 950 corporis
2977 891 3147 936 mutat
3190 883 3384 946 locum;
3414 885 3606 951 migrat

2021 973 2224 1037 corde.
2276 975 2366 1041 qui
2417 983 2565 1027 motu
2614 973 2793 1026 cordis
2842 981 3011 1026 mutat
3051 972 3321 1027 affectum.
3371 972 3430 1028 Si
3458 974 3603 1028 aliud

2021 1078 2194 1128 amas,
2225 1066 2370 1118 aliud
2396 1066 2655 1129 amabas;
2685 1077 2789 1118 non
2814 1064 2885 1117 ibi
2906 1080 2965 1119 es
2997 1064 3085 1118 ubi
3115 1078 3237 1120 eras
3263 1066 3418 1136 (Aug.
3449 1076 3600 1120 tract.

2022 1152 2094 1208 32
2122 1155 2174 1207 in
2199 1154 2382 1215 Joan.,
2413 1171 2465 1208 η.
2498 1156 2612 1222 21).

2020 1262 2316 1319 CCCXLVI
2363 1262 2530 1334 [Alias
2570 1262 2886 1336 cccxuv,
2937 1274 3054 1319 ante
3098 1262 3409 1336 CCCXLII].
3455 1264 3605 1320 mne

2659 1333 2954 1387 chrismate.

2090 1425 2287 1480 Christi
2318 1441 2513 1481 nomen
2542 1441 2569 1478 a
2597 1426 2893 1481 chrismate
2921 1436 3022 1491 est,
3056 1426 3107 1481 id
3146 1435 3249 1493 est,
3289 1430 3356 1482 ab
3382 1430 3595 1485 unctio-

2022 1533 2110 1572 ne.
2153 1518 2286 1583 Qnia
2341 1519 2465 1573 ideo
2509 1520 2685 1572 omnis
2726 1516 3062 1572 Christianus
3104 1520 3488 1586 sanctiﬁcatur,
3544 1532 3601 1576 ut

2022 1608 2288 1680 intelligat
2317 1624 2377 1663 se
2407 1624 2510 1663 non
2557 1610 2731 1663 solum
2762 1609 3115 1675 sacerdotalis
3144 1618 3199 1664 et
3235 1612 3393 1680 regiae
3430 1613 3603 1679 digni-

2020 1702 2148 1756 tatis
2190 1716 2312 1755 esse
2352 1709 2657 1756 consortem
2682 1742 2697 1765 ,
2754 1700 2847 1754 sed
2888 1702 3051 1754 etiam
3095 1710 3286 1755 contra
3330 1704 3598 1759 diabolum

1952 1797 1997 1857 Β
2026 1792 2141 1845 ﬁeri
2174 1791 2491 1845 luctatorem
2522 1791 2677 1861 (Aug.
2706 1798 2855 1842 tract.
2890 1790 2958 1845 33
2984 1791 3036 1842 in
3065 1788 3247 1859 Joan.,
3274 1808 3326 1844 η.
3360 1794 3435 1863 5).

2022 1904 2340 1961 CCCXLVII
2390 1904 2554 1977 [Alias
2597 1902 2889 1977 CCCXLV,
2933 1914 3051 1957 ante
3095 1902 3437 1975 CCCXLlll].
3469 1913 3495 1940 υ
3527 1904 3602 1959 De

2709 1975 2915 2027 lumine.

2093 2063 2391 2134 Sequamur
2421 2064 2691 2119 Christum
2716 2064 2895 2118 lumen
2926 2079 3131 2128 verum,
3167 2080 3235 2119 ne
3262 2066 3601 2121 ambulemus

2022 2155 2077 2210 in
2105 2158 2365 2211 tenebris.
2396 2156 2659 2211 Tenebrae
2681 2167 2857 2209 autem
2888 2157 3186 2211 metuenda:
3216 2167 3339 2211 sunt
3369 2174 3598 2225 morum,

2024 2262 2129 2301 non
2151 2248 2467 2303 oculorum:
2498 2256 2553 2301 et
2579 2247 2623 2302 si
2647 2247 2952 2314 oculorum,
2984 2263 3091 2302 non
3118 2249 3471 2316 exteriorum,
3504 2250 3601 2306 sed

2023 2346 2049 2374 ο
2075 2339 2413 2406 interiorum,
2446 2339 2588 2394 unde
2618 2339 2941 2393 discernitur
2962 2356 3065 2394 non
3091 2342 3269 2396 album
3291 2351 3340 2397 et
3364 2344 3598 2414 nigrum,

2020 2430 2113 2481 sed
2133 2429 2334 2497 justum
2356 2436 2411 2483 et
2432 2428 2684 2497 injustum
2705 2429 2861 2499 (Aug.
2888 2438 3037 2483 tract.
3068 2432 3137 2487 55
3158 2433 3210 2485 in
3232 2430 3413 2499 Joan.,
3440 2451 3491 2488 n.
3521 2434 3598 2507 1).

2018 2538 2355 2616 CCCxiNut
2415 2540 2592 2616 [Alias
2667 2538 3002 2608 CCCXLVI,
3056 2551 3186 2616 ante
3242 2541 3597 2616 CCCXLIV].

2130 2622 2154 2659 ρ
2182 2612 2331 2676 Quod
2356 2627 2501 2664 verus
2534 2610 2671 2663 Deus
2699 2620 2743 2661 et
2778 2626 2923 2664 verus
2954 2616 3109 2664 homo
3144 2614 3209 2665 sit
3237 2613 3489 2668 Christus.

2093 2703 2250 2773 597
2279 2700 2551 2755 Catholica
2577 2699 2707 2754 ﬁdes
2738 2700 3021 2754 Dominum
3038 2702 3219 2756 Jesum
3239 2703 3511 2758 Christum
3545 2714 3600 2760 et

2018 2807 2203 2845 verum
2228 2792 2393 2845 Deum
2425 2800 2478 2845 et
2512 2805 2699 2845 verum
2737 2790 3006 2844 hominem
3033 2793 3224 2859 credit,
3248 2801 3304 2847 et
3323 2794 3596 2861 praedicat.

2017 2878 2317 2950 Utrumque
2358 2879 2499 2933 enim
2540 2879 2796 2947 scriptum
2844 2889 2946 2947 est,
2979 2889 3034 2933 et
3077 2888 3364 2951 utrumque
3412 2900 3599 2939 verum

2016 2985 2118 3033 est.
2143 2975 2241 3043 Qui
2270 2976 2435 3029 Deum
2486 2975 2852 3029 tantummodo
2891 2978 3083 3031 asserit
3111 2976 3406 3047 Christum,
3437 2990 3464 3032 (ι
3488 2998 3600 3038 nie-

2017 3066 2249 3121 dicinam
2282 3074 2460 3133 negat,
2490 3080 2593 3134 qua
2626 3075 2845 3120 sanatus
2885 3076 2989 3121 est.
3031 3068 3129 3133 Qui
3165 3068 3435 3126 hominem
3478 3081 3597 3126 tan-

322 3178 621 3235 Cccxuu
653 3181 817 3254 [Alias
860 3181 1143 3254 CCCXLI,
1187 3178 1726 3254 anteCCCXXXlX].
1761 3178 1780 3218 ί
1815 3180 1914 3248 Qui
1940 3159 1986 3221 C
2019 3157 2295 3211 ιυιιτηιοάο
2350 3158 2547 3254 affer"
2595 3156 2893 3221 Christum.
2940 3161 3451 3254 ρίξιεηιίεξιῖιίηεειιι.
3493 3181 3599 3234 qua

818 3252 974 3305 edunt
1005 3268 1190 3320 corpus
1211 3252 1425 3306 Christi.

397 3339 592 3395 Escam
637 3341 764 3397 vitae
792 3343 1011 3410 accipit,
1040 3352 1064 3389 ε
1116 3351 1171 3397 et
1213 3342 1530 3398 aeternitatis
1558 3343 1805 3412 poculum
1834 3343 1914 3398 hi-

325 3431 426 3495 bit,
457 3434 551 3502 qui
582 3434 633 3488 in
661 3436 877 3489 Christo
908 3446 1086 3490 manet
1113 3476 1128 3501 ,
1160 3444 1213 3490 et
1240 3434 1394 3505 cujus
1435 3434 1681 3490 Christus
1706 3434 1911 3490 habita.

326 3530 412 3576 tor
443 3532 545 3578 est.
593 3524 726 3579 Nam
755 3524 846 3594 qui
876 3525 1151 3580 discordat
1176 3542 1204 3579 a
1232 3524 1468 3590 Christo,
1498 3522 1525 3562 ³³
1553 3540 1654 3580 nec
1690 3540 1909 3581 carnem

325 3614 446 3682 ejus
473 3616 781 3685 manducat,
812 3633 910 3672 nec
939 3620 1255 3689 sanguinem
1284 3618 1454 3673 bibit:
1480 3619 1641 3671 etiam
1672 3618 1719 3672 si
1746 3628 1909 3674 tanta:

327 3709 408 3761 rei
453 3719 851 3762 sacramentum
894 3708 959 3762 ad
1001 3709 1259 3778 judicium
1316 3724 1428 3762 suae
1475 3712 1909 3778 praesumptionis

324 3798 564 3865 quotidie
591 3798 961 3855 indiﬁ'erenter
987 3802 1214 3869 accipiat
1245 3800 1404 3871 (Aug.
1431 3800 1581 3864 ibid.,
1605 3818 1658 3853 η.
1691 3800 1806 3871 18).

322 3927 615 3985 CCCXLIV
646 3930 829 4003 [Alias
857 3928 1149 4003 CCCXL",
1179 3942 1296 3984 ante
1323 3927 1603 4001 CCCXL].
1634 3930 1651 3967 ι
1688 3930 1768 3986 De
1796 3948 1909 3985 ina-

882 4002 1051 4055 lorum
1081 4002 1345 4072 felicitate.

395 4091 572 4146 Vellet
602 4094 868 4150 mundana
891 4097 1176 4165 sapientia,
1212 4104 1272 4150 ut
1296 4112 1582 4168 numquam
1613 4100 1897 4166 permitte-

319 4195 405 4239 ret
433 4184 576 4239 Deus
602 4199 695 4241 eos
721 4188 810 4255 qui
859 4189 979 4242 mali
1012 4200 1137 4243 sunt
1166 4203 1286 4243 esse
1315 4188 1500 4244 felices
1523 4230 1539 4255 ,
1579 4201 1594 4240 ι
1624 4191 1766 4259 quod
1793 4193 1901 4245 uti-

317 4291 426 4346 que
457 4290 565 4331 non
591 4276 766 4343 sinet;
811 4279 904 4334 sed
950 4279 1074 4337 ideo
1100 4281 1225 4335 mali
1256 4295 1379 4335 cum
1405 4280 1604 4338 habent
1629 4283 1773 4353 quod
1803 4299 1901 4340 vo-

2014 3261 2227 3305 creatus
2249 3259 2350 3303 cst.
2386 3247 2683 3316 Utrumque
2736 3264 2864 3318 ergo
2911 3250 3089 3304 anima
3138 3250 3315 3306 ﬁdelis
3345 3268 3407 3307 ac
3453 3267 3601 3313 recta

2013 3344 2262 3410 suscipe:
2295 3351 2348 3396 et
2374 3342 2513 3395 Deus
2535 3342 2781 3395 Christus
2809 3350 2912 3409 est,
2940 3352 2994 3395 et
3022 3344 3181 3397 homo
3214 3342 3462 3400 Christus
3492 3361 3600 3402 εει.

2012 3433 2197 3501 Qualis
2220 3433 2358 3487 Deus
2388 3430 2676 3487 Christus?
2696 3431 2940 3501 ,λΕριυεΙίε
2964 3432 3131 3499 Patri,
3157 3450 3318 3489 unum
3345 3451 3466 3491 cum
3495 3438 3593 3491 Pa-

2013 3538 2112 3585 tre.
2146 3527 2327 3595 Qualis
2377 3528 2538 3603 homo
2585 3527 2875 3582 Christus?
2912 3525 3143 3596 Virginis
3191 3526 3352 3593 ﬁlius,
3382 3529 3599 3582 trahens

2012 3619 2081 3673 de
2117 3619 2335 3675 homine
2383 3620 2800 3684 mortalitatem,
2853 3633 2960 3672 non
3002 3620 3223 3674 trabeas
3261 3618 3600 3688 iniquitatem

2012 3710 2169 3782 (Aug.
2197 3721 2346 3765 tract.
2380 3713 2448 3767 38
2486 3714 2539 3764 in
2567 3710 2753 3777 Joan.,
2786 3727 2841 3764 η.
2872 3709 2962 3779 2).

2010 3840 2326 3906 CCCXLIX,
2375 3840 2558 3913 [Alias
2601 3838 2941 3913 CCCXLVll,
2974 3848 3112 3913 ante
3159 3837 3475 3912 CCCXLV].
3524 3842 3600 3898 De

2538 3912 2776 3964 missione
2808 3920 2828 3947 ι’
2860 3909 3034 3964 Verbi.

2084 4011 2107 4040 ι
2139 4003 2331 4057 Missus
2377 4011 2460 4057 est
2503 4001 2762 4055 Dominus
2798 4002 3049 4055 Christus
3080 4016 3109 4055 a
3148 4002 3328 4067 Patre,
3354 4018 3459 4059 non
3504 4020 3596 4060 re-

2007 4097 2169 4150 cessit
2193 4110 2220 4145 a
2254 4092 2430 4147 Patre.
2466 4092 2648 4147 Missio
2669 4093 2785 4161 ejus
2807 4091 3105 4145 incarnatio
3130 4092 3227 4147 fuit
3256 4103 3309 4148 et
3334 4093 3594 4151 invisibili

2009 4184 2209 4248 Deitati
2237 4185 2336 4239 hoc
2364 4183 2459 4237 fuit
2489 4184 2539 4238 in
2572 4183 2715 4238 hunc
2738 4183 2993 4237 mundum
3026 4186 3230 4251 venire,
3256 4186 3397 4256 quod
3424 4202 3591 4257 appa-

2009 4293 2150 4336 rere.
2182 4277 2334 4346 Quod
2374 4277 2417 4331 si
2451 4276 2560 4331 eito
2585 4289 2893 4347 caperetur,
2927 4293 3034 4333 non
3077 4293 3216 4350 opus
3246 4291 3362 4336 erat
3390 4291 3451 4335 ut
3476 4296 3596 4336 cre-

396 4511 419 4571 P
455 4502 552 4557 Ms.
582 4501 811 4565 Remig.,
839 4503 957 4570 quia
979 4503 1130 4556 etiam
1160 4502 1310 4555 homo
1341 4504 1505 4571 factus
1529 4512 1620 4566 est,
1653 4505 1699 4556 ei
1735 4505 1893 4558 dedit.
1929 4507 1979 4567 D
2076 4500 2092 4539 ³
2132 4501 2232 4555 Ms.
2262 4499 2389 4571 Joh,
2420 4499 2579 4571 Aliud
2599 4516 2705 4571 esse
2725 4501 2946 4569 migrare
2975 4515 3209 4571 corpore,
3240 4500 3387 4551 aliud
3412 4502 3584 4556 corde.

397 4570 420 4608 δ
457 4573 530 4625 Ita
581 4587 682 4625 nis.
726 4572 828 4627 Jol.
877 4572 999 4635 Alii,
1050 4572 1128 4626 De
1166 4570 1423 4626 voluntate
1459 4571 1586 4633 Dei,
1620 4584 1675 4626 ut
1700 4574 1894 4630 Colon.

316 4654 464 4705 vet.;
500 4643 607 4713 vel,
635 4643 696 4695 de
716 4643 967 4713 voluntate
996 4642 1086 4713 Dei
1115 4652 1161 4696 et
1185 4642 1428 4713 hominis,
1453 4651 1512 4696 ut
1538 4644 1754 4713 reliqui.

400 4722 423 4748 ο
456 4714 554 4766 Ms.
585 4712 857 4775 Joliensis,
891 4711 963 4764 De
991 4712 1153 4766 Verbo
1185 4705 1298 4765 Dei.

400 4780 427 4819 d
463 4784 564 4853 me:
600 4783 829 4853 Remig.,
872 4782 1082 4835 Verbum
1108 4786 1241 4853 ejus,
1269 4783 1406 4853 quod
1433 4794 1507 4836 est
1532 4784 1791 4849 Christus,
1816 4787 1897 4841 in-

316 4856 487 4910 veniet
526 4851 738 4922 Verbum
766 4856 895 4922 ejus,
928 4851 1137 4907 caeteris
1161 4851 1393 4907 omiSsis.

403 4934 427 4993 ἐ
458 4923 549 4977 Sic
577 4939 676 4976 ms.
706 4921 808 4976 Jol.
837 4922 965 4986 Alii,
1000 4922 1077 4975 De
1104 4939 1314 4993 corpore
1342 4922 1553 4977 Christi.

402 4992 421 5030 τ
452 4994 689 5116 ἓέκπρι.
716 5034 733 5059 ,
784 4994 885 5061 Qui
917 4993 1168 5064 accipiant
1195 4992 1241 5047 et
1265 4995 1353 5064 qui
1385 5010 1487 5047 non
1508 4996 1766 5063 accipiant
1792 5012 1907 5049 cor-

402 5079 419 5115 l
532 5072 665 5115 mti.

358 5079 419 5115 us
452 5064 665 5115 Christi.

314 5082 419 5135 ριη
452 5082 665 5116 unum.

397 5142 423 5203 _I
455 5132 644 5203 Colon.
680 5133 973 5203 vet4._edit.,
1005 5141 1052 5186 et
1072 5133 1313 5203 poculum
1337 5133 1453 5187 uiue
1478 5135 1687 5203 accipit.

395 5198 425 5236 λ
453 5202 552 5255 Ms.
584 5203 716 5267 10L,
750 5201 860 5256 Nec
882 5198 1086 5255 carnem
1113 5202 1303 5255 Christi
1332 5198 1633 5257 manducat.

405 5271 421 5307 ί
457 5272 557 5326 Ms.
586 5272 716 5335 Jnl.,
752 5271 825 5325 De
850 5274 982 5341 falsa
1011 5273 1250 5340 felicitate
1272 5272 1545 5328 malorum.

401 5341 418 5391 l
457 5341 553 5396 Ms.
604 5343 833 5411 Remig.,
881 5345 1014 5413 quod
1052 5343 1222 5406 utique
1248 5342 1383 5395 Deus
1431 5361 1531 5397 non
1573 5345 1724 5398 sinet.
1773 5344 1903 5409 Alii,

317 5413 523 5470 omissa
554 5427 686 5467 voce
717 5414 871 5476 Deus,
902 5428 1004 5466 non
1029 5415 1179 5465 sinet.
1214 5414 1309 5466 Ms.
1339 5412 1609 5477 Joliensis,
1637 5432 1735 5469 non
1758 5418 1902 5479 sinit;

320 5498 427 5539 nec
472 5484 653 5555 male,
705 5497 825 5543 cum
870 5482 1015 5538 dicat
1061 5484 1387 5553 Augustinus
1414 5526 1430 5551 ,
1476 5501 1760 5555 numquam
1808 5486 1904 5541 hoc

319 5554 578 5625 permittit
598 5552 754 5625 Deus.
960 5594 966 5601 .

400 5622 426 5659 ¹ι
454 5622 648 5695 Melius
693 5624 977 5695 legeretur,
1026 5624 1294 5694 ignoratur
1342 5634 1461 5692 post
1504 5626 1901 5695 Augustinum:

320 5693 470 5767 quod
498 5693 550 5747 in
581 5700 817 5767 margine
846 5693 1082 5767 indicant
1111 5695 1435 5767 editiDuac.
1460 5735 1476 5759 ,
1507 5693 1698 5751 Colon.
1728 5708 1782 5753 et
1810 5714 1905 5767 po-

321 5765 607 5824 steriores,
638 5766 681 5819 si
711 5777 841 5819 mss.
872 5764 1125 5830 Prosperi
1154 5765 1594 5831 suﬁragarentur.

2074 4581 2114 4609 ω
2147 4572 2245 4625 Ms.
2271 4570 2400 4635 Joh,
2432 4570 2582 4636 Quod
2611 4570 2796 4623 Christi
2824 4585 3006 4621 nomen
3035 4587 3067 4621 α
3102 4569 3374 4623 chrismate
3395 4572 3480 4625 sit.

2073 4651 2099 4679 ιι
2133 4642 2230 4695 Ms.
2262 4641 2393 4707 Jol.,
2442 4641 2522 4692 De
2565 4640 2781 4693 tenebris
2822 4639 3166 4693 interioribus.
3213 4640 3340 4708 Alii,
3392 4641 3465 4694 De
3506 4643 3589 4696 lu-

2002 4716 2161 4775 mine,
2191 4712 2385 4781 quibus
2411 4711 2707 4778 adjecimus
2733 4725 2869 4761 uero.

2075 4792 2100 4819 ο
2136 4779 2261 4836 llsec
2298 4782 2405 4835 duo
2457 4781 2640 4845 verba,
2709 4780 2802 4831 sed
2867 4779 3211 4845 interiorum,
3278 4781 3591 4849 supplemus

2001 4856 2317 4909 auctoritate
2368 4866 2469 4909 ms.
2523 4849 3151 4917 Remigiann-Remensis
3192 4852 3351 4903 etiam
3394 4852 3584 4918 solius,

2000 4927 2123 4994 quia
2154 4925 2207 4976 in
2236 4921 2517 4994 Augustini
2552 4923 2673 4994 loco
2698 4922 2865 4974 citato
2911 4920 2996 4973 hic
3040 4922 3091 4973 in
3130 4924 3373 4990 margine
3404 4922 3591 4993 legun-

2012 4992 2119 5055 tur,
2146 5003 2200 5047 et
2224 4992 2406 5046 sensui
2430 4992 2711 5044 sententiae
2740 5000 2864 5045 sunt
2886 4994 3208 5044 necessaria.

2080 5075 2109 5114 P
2140 5064 2228 5116 Sic
2254 5078 2356 5116 ms.
2379 5062 2483 5115 Jol.
2510 5060 2615 5120 Alii
2640 5077 2787 5129 vero,
2818 5062 2889 5114 De
2909 5063 3260 5115 incarnatione
3288 5061 3448 5115 verbi.

2083 5145 2109 5183 τι
2138 5134 2328 5185 Colon.
2363 5142 2468 5186 vet.
2496 5133 2653 5196 edit.,
2677 5141 2725 5186 et
2755 5134 3030 5203 potentiam
3056 5140 3204 5202 negat
3247 5148 3351 5201 qua
3391 5140 3592 5203 creatus

2010 5214 2103 5266 est,
2132 5213 2178 5257 et
2205 5203 2510 5256 medicinam
2540 5213 2690 5273 negat
2718 5202 2819 5270 qua
2848 5214 3046 5273 creatus
3072 5213 3143 5273 est
3164 5240 3176 5253 .
3267 5240 3281 5254 .
3308 5241 3319 5253 .
3346 5213 3426 5273 est
3453 5202 3591 5257 Deus

2011 5273 2246 5328 Christus
2273 5282 2379 5327 :est
2407 5283 2455 5327 et
2481 5270 2631 5327 homo
2656 5273 2905 5341 Christus.
2936 5271 3176 5339 quuatis
3203 5270 3309 5323 Deo
3329 5271 3585 5341 Christus,

2010 5346 2220 5409 (aqualis
2250 5343 2417 5403 Patri,
2451 5361 2609 5396 unum
2650 5358 2766 5394 cum
2802 5339 2976 5400 Putre.
3007 5342 3218 5407 requatis
3252 5342 3400 5393 homo
3431 5339 3589 5395 Chri;

2007 5425 2120 5469 stus
2156 5414 2383 5483 Virginis
2414 5415 2573 5483 ﬁlius,
2614 5412 2820 5465 trahens
2853 5416 2916 5466 de
2967 5412 3169 5463 homine
3198 5411 3581 5479 mortalitatem,

2009 5503 2111 5540 non
2136 5493 2304 5538 autem
2325 5486 2661 5553 iniquitatem.

2081 5567 2104 5594 ι’
2136 5557 2229 5609 Ms.
2258 5552 2533 5618 Jnliensis,
2563 5552 2708 5605 Filii.

2081 5635 2102 5661 '
2130 5627 2228 5680 Ms.
2264 5625 2475 5692 Remig.
2496 5635 2549 5678 et
2573 5621 2767 5675 Colon.
2791 5627 2901 5676 vet.
2927 5620 3080 5685 edit,
3115 5620 3310 5677 Missus
3339 5622 3587 5677 Dominus

2006 5715 2038 5750 α
2075 5695 2250 5749 Patre.
2288 5694 2485 5747 Eadem
2516 5692 2706 5746 Colon.
2733 5692 2890 5756 edit.,
2922 5702 2968 5745 et
2996 5693 3239 5746 invisibili
3262 5696 3454 5748 deitate
3475 5694 3589 5747 hiet:

2007 5768 2070 5835 (Γ.
2101 5767 2217 5831 hoc)
2248 5765 2420 5818 fuitin
2447 5763 2582 5816 hunc
2609 5762 2854 5816 mundum
2882 5764 3072 5831 venire,
3104 5765 3241 5832 quod
3287 5774 3589 5839 appareret.
