3978 6178
443 303 549 360 δθδ

1672 294 1728 352 S.
1772 291 2110 350 PROSPERI
2154 289 2481 367 AQUITANI

3607 285 3717 346 886

443 421 733 479 ἀετθιυτ,ι
774 412 894 485 quia
940 411 1228 467 videretur.
1274 407 1559 463 Credcndo
1608 422 1737 477 ergo
1789 408 2019 477 capitur,
2048 402 2368 469 ACCCLIV
2418 400 2611 474 [Alias
2651 392 3065 485 CCCLll.ha_nte
3116 396 3335 471 CCCL].
3392 397 3468 455 De
3517 398 3623 468 ﬁde
3674 406 3723 452 et

445 509 587 578 quod
655 507 752 560 nisi
801 504 1073 561 credatur,
1119 516 1414 570 numquam
1471 499 1788 570 intelligitur
1846 498 2023 569 (Aug.

445 608 598 655 tract.
634 599 703 650 ‘58
730 598 781 648 in
808 591 967 647 Joau.
1000 610 1054 646 η.
1085 592 1162 661 7).

447 729 619 787 CCCL
662 725 828 800 [Alias
856 722 1217 800 cccxgvut,
1259 718 1741 800 augescunt].
1773 718 1801 759 ιι
1824 718 1902 773 De
1928 719 2031 788 ﬁde

1026 794 1203 845 Patris
1232 803 1279 846 et
1314 790 1460 844 Filii.

518 891 589 947 Ut
615 898 760 945 recte
805 886 1057 942 credatur
1086 885 1241 938 Pater
1270 892 1324 937 et
1367 884 1558 951 Filius,
1591 882 1705 951 ipse
1746 881 1911 936 Filius
1937 896 2032 935 au-

450 983 675 1040 diendus
706 989 808 1047 est,
840 979 1046 1043 dicens,
1076 975 1190 1048 Ego
1212 986 1259 1028 et
1284 975 1444 1029 Pater
1471 991 1629 1027 unum
1655 990 1829 1027 sumus
1846 973 2028 1044 (Joan.

449 1090 505 1142 ι,
534 1074 645 1143 50).
673 1071 889 1126 Duobus
914 1068 1056 1123 enini
1096 1066 1279 1121 verbis
1304 1066 1425 1119 dua:
1470 1067 1627 1118 simul
1658 1065 1895 1119 haereses
1934 1063 2032 1118 de-

451 1172 785 1220 truncantnr.
819 1161 948 1215 Nam
991 1174 1085 1228 per
1116 1158 1165 1211 id
1188 1158 1327 1226 quod
1352 1158 1447 1218 ait,
1469 1171 1651 1218 unum,
1682 1155 1871 1210 Arium
1906 1170 2033 1224 per-

451 1258 583 1313 culit
609 1276 622 1312 :
649 1270 742 1325 per
763 1253 891 1308 illud
922 1250 1065 1321 quod
1105 1252 1199 1316 ait,
1234 1265 1432 1313 sumus,
1462 1247 1757 1303 Sabellium
1801 1246 2030 1301 stravit:

452 1350 575 1420 quia
630 1361 748 1407 nec,
799 1360 998 1406 sumus,
1044 1341 1111 1396 de
1140 1354 1271 1405 uno,
1301 1353 1420 1403 nec,
1470 1354 1628 1391 unum
1664 1347 1687 1376 ο
1717 1336 1924 1393 diceret
1965 1337 2034 1391 de

454 1441 667 1493 diverso
688 1436 846 1507 (Aug.
870 1435 1019 1498 ibid.,
1049 1450 1103 1486 n.
1132 1432 1213 1501 9).

456 1573 649 1631 cccu
678 1570 843 1643 [Alias
863 1564 1179 1643 CC(:_XLl'_X,
1209 1574 1324 1643 ante
1360 1558 1733 1643 ςβᾳχωιιη.
1766 1556 1791 1596 ιι
1825 1558 1899 1612 De
1928 1558 2036 1611 Deo

905 1649 949 1691 et
981 1638 1181 1689 homine
1206 1634 1329 1688 Jesu
1353 1632 1577 1688 Christo.

2804 470 3038 523 veritate.

2201 585 2361 641 Fides
2386 596 2604 652 semper
2642 579 2903 650 praevenit
2939 578 3232 635 visionem.
3260 578 3546 634 Credimus
3572 579 3725 634 enim

2130 686 2190 733 ut
2217 687 2631 746 cognoscamus,
2662 686 2768 726 non
2802 670 3177 741 cognoscimus
3208 679 3267 724 ut
3296 669 3605 725 credamus.
3631 669 3725 724 Fi-

2132 769 2229 823 des
2254 781 2381 836 ergo
2408 774 2512 828 est,
2544 763 2686 833 quod
2718 778 2823 816 non
2848 762 2999 817 vides
3020 760 3281 826 credere;
3311 761 3537 827 veritas,
3566 757 3721 829 quod

2131 856 2404 912 credidisti
2428 855 2613 910 videre
2634 854 2794 927 (Aug.
2823 852 2983 920 ibid.,
3008 868 3064 905 n.
3088 849 3168 922 9).

2132 992 2349 1050 CCCLV
2380 991 2547 1065 [Alias
2593 985 3290 1114 CCCLlllégr?:tei.CCCLI].
3314 984 3395 1042 De
3413 986 3547 1043 bona
3567 986 3726 1071 odore

2206 1156 2384 1211 Bonus
2405 1152 2604 1209 Christi
2627 1150 2762 1208 odor
2789 1162 2873 1207 est
2920 1150 3238 1220 praedicatio
3268 1151 3537 1218 veritatis,
3564 1148 3595 1189 ιι
3620 1164 3731 1219 quo

2135 1248 2306 1304 odore
2353 1248 2513 1301 vitam
2568 1245 2713 1315 capit
2770 1244 2863 1315 qui
2909 1244 3198 1313 Evangelia
3243 1244 3396 1299 bonis
3430 1241 3450 1281 ι
3480 1236 3733 1298 ἐπωτίδας

2137 1342 2304 1395 servit
2332 1349 2386 1395 et
2415 1338 2698 1408 congruit;
2730 1346 2960 1391 mortem
2993 1345 3171 1390 autem
3196 1336 3445 1401 incurrit,
3472 1335 3631 1405 cujus
3656 1333 3728 1387 ab

2140 1432 2223 1485 his
2254 1446 2372 1501 qua:
2398 1430 2536 1483 bene
2576 1427 2837 1498 loquitur,
2869 1429 2979 1481 vita
3020 1427 3290 1482 dissentit.
3322 1427 3453 1494 Quae
3481 1425 3730 1482 conditio

2137 1524 2299 1575 etiam
2330 1520 2607 1574 auditores
2636 1519 2944 1588 obstringit,
2981 1533 3102 1572 cum
3133 1526 3281 1573 recta
3314 1516 3633 1587 praedicatio
3662 1521 3735 1570 ab

2140 1613 2257 1666 aliis
2283 1628 2378 1678 per
2411 1611 2844 1665 incredulitatem
2886 1608 3102 1664 auditur
3142 1610 3195 1665 in
3226 1623 3476 1679 mortem,
3509 1610 3581 1665 ab
3607 1610 3733 1664 aliis

532 1748 553 1775 ε
583 1734 882 1799 Utrumque
909 1737 1121 1799 oportet
1144 1726 1454 1780 noverimus
1484 1725 1536 1777 in
1558 1722 1795 1789 Christo,
1822 1719 2035 1776 etunde

2166 1718 2237 1758 per
2272 1702 2430 1757 tidem
2472 1700 2761 1771 suscipitur
2792 1700 2845 1754 in
2886 1700 3116 1755 salutem
3162 1700 3339 1774 (Aug.
3371 1709 3528 1754 tract.
3558 1700 3629 1756 50
3678 1700 3734 1754 in

457 1782 982 1895 aqualis'ewst‘Patri,
1010 1827 1065 1873 et
1094 1818 1237 1872 unde
1260 1816 1355 1871 illo
1383 1817 1555 1882 major
1583 1826 1666 1869 est
1696 1782 1874 1868 Pater.
1901 1811 2034 1866 Illud
2067 1782 2115 1841 Β
2140 1792 2324 1857 Ῑοαηον
2358 1810 2412 1846 ηε
2443 1790 2523 1863 3)-

460 1919 699 1976 Verbum
745 1924 849 1981 est,
882 1913 1009 1967 illud
1037 1926 1198 1975 caro;
1230 1908 1357 1963 illud
1390 1907 1529 1962 Deus
1558 1914 1662 1970 est,
1694 1904 1823 1959 illud
1856 1904 2036 1958 homo.

458 2014 561 2067 Sed
588 2023 725 2062 unus
750 2016 833 2061 est
871 2005 1120 2059 Christus
1152 2003 1294 2057 Deus
1329 2008 1384 2055 et
1414 1999 1575 2053 homo
1605 1996 1762 2069 (Aug.
1788 2006 1936 2049 tract.
1971 1994 2039 2048 '57

459 2105 511 2157 in
530 2101 714 2165 Joan.,
734 2116 787 2152 η.
815 2097 939 2167 10).

460 2234 674 2295 CCCLH
704 2232 870 2305 [Alias
893 2222 1647 2305 CCCD,_ante_CCCXlaVlll}.
1681 2221 1701 2261 τ
1734 2222 1813 2277 De
1848 2222 2044 2277 unitate

998 2300 1186 2352 divina:
1232 2297 1521 2350 Trinitatis.

532 2399 821 2455 Multorum
868 2396 1141 2449 hominum
1182 2392 1363 2445 multae
1399 2392 1516 2445 sine
1553 2389 1717 2445 dubio
1747 2390 1962 2453 animai,
1991 2396 2046 2443 et

464 2493 627 2547 multa
660 2498 785 2544 sunt
813 2487 974 2543 corda
1010 2503 1023 2540 :
1055 2485 1147 2539 sed
1175 2493 1199 2532 ε
1224 2484 1267 2538 si
1299 2497 1394 2552 per
1429 2482 1587 2536 ﬁdem
1621 2491 1675 2536 et
1702 2480 2042 2535 dilectionem

463 2585 773 2638 adhzrreant
798 2582 926 2643 Deo,
947 2578 1080 2631 fiunt
1106 2592 1296 2630 omnes
1326 2590 1426 2627 una
1454 2575 1653 2636 anima,
1670 2584 1720 2626 et
1742 2587 1839 2625 cor
1860 2586 2041 2624 unum.

462 2678 518 2732 Si
549 2691 675 2744 ergo
700 2673 923 2726 charitas
950 2670 1064 2734 Dei,
1090 2670 1253 2740 598
1276 2683 1393 2736 qua:
1416 2664 1607 2731 di/Tusa
1633 2672 1708 2718 est
1727 2666 1780 2718 in
1808 2664 2047 2716 cordibus

462 2766 669 2828 nostris,
700 2780 788 2833 per
837 2761 1089 2831 Spiritum
1146 2770 1400 2819 sanctum,
1446 2757 1532 2822 qui
1576 2756 1727 2808 datus
1776 2761 1849 2808 est
1905 2752 2047 2805 nobis

464 2858 639 2922 (Rom.
674 2871 728 2919 v,
760 2855 840 2922 5),
866 2862 1064 2905 tantam
1102 2851 1362 2903 unitatem
1404 2849 1697 2902 multarum
1745 2847 2046 2898 animarum

464 2956 519 3001 et
548 2947 833 2999 multorum
863 2940 1103 2995 cordium
1132 2939 1285 3001 facit;
1311 2949 1509 3005 quanto
1536 2938 1705 3005 magis
1735 2937 2047 3004 certiusque

464 3038 518 3091 in
550 3037 707 3090 Patre
738 3044 791 3087 et
818 3032 955 3085 Filio
987 3038 1040 3084 et
1062 3030 1263 3096 Spiritu
1296 3039 1485 3081 sancto
1516 3035 1721 3080 mterna
1754 3034 1811 3080 et
1843 3026 2050 3079 incom—

2138 1902 2383 1960 cccmn
2411 1901 2574 1975 [Alias
2598 1901 3358 2029 cccctzr,c::;2iccccttj.m
3381 1903 3463 1960 De
3482 1904 3734 1976 facultate

2214 2067 2374 2123 Fides
2419 2064 2617 2122 Christi
2665 2076 2772 2135 est,
2799 2066 3022 2121 credere
3073 2066 3127 2121 in
3177 2081 3301 2123 eum
3332 2066 3428 2137 qui
3472 2066 3727 2137 justiﬁest

2147 2162 2397 2230 impium,
2447 2160 2670 2215 credere
2722 2161 2776 2214 in
2823 2160 3200 2225 Mediatorem,
3231 2160 3352 2215 sine
3397 2176 3506 2230 quo
3557 2160 3729 2215 nullus

2143 2252 2525 2309 reconciliatur
2552 2252 2697 2315 Deo;
2730 2252 2955 2307 credere
2983 2253 3035 2306 in
3064 2253 3424 2316 Salvatorem,
3454 2253 3548 2321 qui
3594 2252 3740 2308 venit

2145 2360 2390 2417 quaerere
2421 2353 2478 2399 et
2523 2342 2734 2398 salvare
2778 2342 2921 2411 quod
2972 2342 3246 2410 perierat;
3276 2342 3504 2397 credere
3531 2343 3591 2398 in
3618 2357 3741 2398 eum

2147 2438 2237 2507 qui
2268 2436 2420 2500 dixit,
2454 2434 2581 2490 Sine
2605 2451 2683 2487 me
2712 2432 2842 2488 nihil
2869 2434 3079 2503 potestis
3120 2433 3287 2499 facere
3319 2430 3505 2502 (Joan.
3537 2448 3635 2498 xv,
3660 2432 3742 2502 5).

2149 2528 2258 2584 Sed
2289 2527 2431 2582 hanc
2469 2525 2628 2580 ﬁdem
2670 2540 2776 2579 non
2823 2524 3205 2594 apprehendit,
3232 2525 3321 2593 qui
3353 2526 3618 2594 ignorans
3648 2525 3746 2580 Dei

2144 2619 2430 2691 justitiam,
2463 2631 2567 2688 qua
2590 2617 2914 2684 justiﬁeatur
2950 2615 3167 2683 impius,
3199 2629 3352 2669 suam
3383 2616 3502 2669 vult
3538 2615 3749 2670 consti-

2150 2722 2326 2778 tuere,
2357 2718 2387 2746 ιι
2408 2724 2512 2779 qua
2542 2708 2894 2763 convincatur
2924 2705 3214 2775 superbus.
3241 2704 3388 2759 Talia
3430 2706 3583 2759 enim
3624 2720 3752 2758 sen-

2152 2802 2346 2856 tientes
2369 2814 2464 2854 sua
2489 2798 2727 2854 elatione
2747 2798 3102 2863 obdurantur,
3118 2804 3172 2851 et
3190 2806 3561 2851 exczecautur:
3588 2797 3751 2868 599

2150 2896 2275 2964 quia
2316 2892 2564 2962 negando
2613 2890 2708 2945 Dei
2762 2889 3011 2961 gratiam,
3060 2903 3166 2943 non
3210 2887 3535 2956 adjuvantur
3586 2889 3751 2959 (Aug.

2152 2996 2303 3042 tract.
2334 2988 2405 3042 53
2428 2987 2481 3039 in
2502 2981 2684 3055 10am,
2719 3001 2771 3038 η.
2808 2982 2920 3054 10).

466 3125 737 3179 mutabilis
768 3124 939 3175 unitas
970 3093 1166 3182 manet,
1197 3118 1287 3172 ubi
1307 3116 1619 3171 indili'erens
1648 3115 1883 3169 Trinitas
1912 3129 2049 3168 unus
2077 3143 2123 3205 ο
2152 3099 2417 3159 CCCLV“
2463 3101 2648 3174 [Αίίαε
2692 3098 3105 3205 Οεοὲχληιξὶῖξε
3149 3093 3430 3166 CCCUH]
3456 3103 3482 3132 °
3515 3094 3600 3149 De
3634 3110 3751 3151 υετη

468 3220 609 3271 Deus
638 3224 738 3277 est,
783 3228 943 3267 unum
993 3212 1196 3275 lumen,
1233 3225 1505 3280 unumque
1549 3208 1869 3279 principium
1887 3207 2045 3280 (Aug.

469 3316 617 3361 tract.
647 3305 714 3359 '59
737 3305 789 3357 in
817 3303 997 3363 Joan.,
1022 3319 1074 3355 n.
1104 3302 1188 3372 5)!

470 3436 712 3494 CCCLlll
732 3434 897 3507 [Alias
937 3432 1151 3507 CCCLl,
1184 3442 1302 3507 gnte
1331 3431 1688 3507 CCCXLIX].
1720 3430 1750 3469 ⁸³
1781 3434 2050 3499 Quomodo

974 3506 1145 3556 docuit
1177 3503 1335 3556 Pater
1358 3502 1573 3557 Filium.

539 3620 653 3675 Non
687 3620 764 3674 sic
793 3618 977 3671 docuit
1010 3617 1167 3670 Pater
1199 3616 1389 3669 Filium
1436 3620 1585 3686 quasi
1633 3618 1908 3674 indoctum
1952 3634 2049 3690 ge-

471 3713 668 3775 nuerit,
693 3720 745 3763 et
770 3709 1045 3763 scientiam
1062 3708 1350 3761 contulerit
1370 3711 1629 3763 nescienti
1656 3727 1669 3764 :
1698 3709 1828 3766 ised
1858 3714 2052 3767 intem-

471 3804 669 3873 poralis
691 3801 931 3855 doctrina
957 3808 1038 3853 est
1064 3798 1431 3868 intemporalis
1462 3802 1729 3864 essentia;
1763 3812 1816 3857 et
1851 3803 1952 3857 hoc
1970 3813 2054 3857 est

472 3913 501 3950 a
536 3897 689 3951 Patre
710 3895 919 3958 doceri,
942 3893 1081 3961 quod
1110 3901 1193 3945 est
1221 3909 1246 3943 τι
1277 3892 1435 3946 Patre
1458 3894 1708 3962 generari
1737 3911 1750 3946 :
1776 3895 1900 3964 quia
1924 3896 2055 3948 sim-

472 3988 595 4056 plici
635 3985 880 4040 veritatis
910 3990 1115 4036 natura:
1161 3998 1283 4037 esse
1327 3992 1381 4036 et
1424 3998 1583 4039 nosse
1631 3999 1737 4039 non
1777 3995 1864 4041 est
1908 3986 2051 4040 aliud

473 4088 632 4145 atque
678 4074 844 4140 aliud,
874 4072 888 4123 l
927 4074 1021 4127 sed
1069 4073 1296 4139 idipsum
1325 4074 1483 4142 (Aug.
1517 4084 1666 4130 tract.
1689 4076 1760 4130 40
1799 4078 1854 4129 in
1891 4076 2053 4131 Joan.

475 4185 529 4220 η.
562 4164 653 4235 5).

550 4290 575 4317 ι
598 4279 726 4333 Hmc
750 4278 935 4344 verba,
965 4278 1083 4345 quia
1103 4276 1370 4337 uideretur,
1405 4276 1650 4333 addimus
1682 4295 1748 4334 ex
1778 4295 1907 4335 mss.
1944 4282 2050 4338 Re—

478 4353 717 4420 migiano
745 4359 797 4402 et
825 4348 1072 4420 Joliensi,
1100 4358 1154 4401 et
1182 4363 1257 4420 es_
1285 4349 1400 4413 ipso
1448 4358 1595 4420 textu
1635 4350 1775 4419 Aug.
1809 4354 1861 4404 in
1891 4353 2047 4407 Joan.

482 4417 683 4489 Evang.
708 4419 764 4473 lu
789 4422 905 4471 aliis
932 4418 1203 4471 codicibus
1229 4417 1597 4484 Presperianis
1624 4417 1739 4481 non
1765 4422 2049 4477 habentur.

478 4493 575 4549 Ms.
608 4488 738 4553 101..
778 4488 1041 4563 Credendo
1088 4504 1208 4557 ergo
1244 4490 1472 4563 (capitur,
1517 4493 1650 4557 quod
1705 4492 1804 4546 nisi
1848 4496 2053 4563 capitur

481 4565 639 4632 (torte
669 4561 915 4632 creditur)
937 4575 1215 4625 numquam
1236 4559 1560 4632 intelligitur.

552 4631 677 4685 1’lta
707 4648 807 4684 ms.
836 4630 975 4695 θοις
1008 4632 1211 4694 caeteri,
1244 4631 1318 4682 De
1355 4629 1507 4684 Patre
1524 4643 1568 4684 et
1594 4629 1755 4686 Filio.

2816 3168 3112 3222 dilectione.

2226 3264 2557 3319 Charitatem
2602 3261 2830 3321 habens,
2856 3276 2967 3329 qua
2997 3268 3069 3313 est
3093 3260 3152 3313 de
3183 3258 3335 3311 corde
3368 3272 3521 3323 puro,
3556 3266 3607 3309 et
3630 3271 3748 3309 con-

2155 3359 2371 3413 scientia
2393 3356 2543 3419 bona,
2577 3362 2623 3407 et
2654 3353 2754 3422 ﬁde
2776 3369 2875 3405 non
2907 3352 3046 3421 ﬁcta,
3080 3351 3258 3418 diligit
3284 3350 3450 3403 Deum
3480 3357 3534 3403 et
3563 3348 3745 3412 proxi-

2158 3464 2302 3503 mum
2343 3447 2483 3500 sicut
2514 3445 2770 3511 seipsum.
2807 3445 3028 3495 Amator
3069 3441 3215 3495 enim
3261 3438 3382 3506 Dei,
3416 3448 3630 3491 amator
3668 3448 3749 3491 est

2158 3539 2239 3591 sui
2277 3547 2371 3591 :et
2401 3550 2506 3590 non
2537 3534 2765 3613 diligens
2805 3532 2994 3596 Deum,
3029 3546 3134 3585 non
3173 3528 3347 3599 diligit
3390 3529 3699 3597 proximum
3729 3542 3745 3587 ;

2155 3628 2278 3698 quia
2310 3641 2417 3680 non
2448 3626 2621 3691 diligit
2659 3624 2917 3691 seipsum.
2953 3621 3056 3674 Pro
3101 3621 3201 3673 hac
3245 3629 3426 3674 autem
3460 3619 3750 3673 dilectione

2156 3720 2429 3792 patienter
2458 3718 2620 3772 etiam
2658 3714 2843 3769 mundi
2864 3714 2986 3768 odia
3018 3720 3143 3767 sunt
3172 3712 3493 3777 toleranda;
3523 3725 3750 3766 necesse

2156 3818 2242 3865 est
2269 3810 2411 3863 enim
2438 3817 2491 3861 ut
2526 3822 2620 3862 nos
2644 3806 2841 3869 oderit,
2870 3819 3007 3874 quos
3033 3804 3175 3858 videt
3196 3803 3380 3858 odisse
3410 3802 3606 3872 Pquod
3628 3801 3749 3855 dili-

2156 3903 2230 3971 git
2260 3899 2417 3972 (Aug.
2443 3909 2593 3952 tract.
2615 3900 2683 3952 87
2706 3899 2757 3951 in
2792 3895 2977 3961 Joan.,
3004 3912 3058 3949 n.
3098 3897 3124 3952 1
3159 3904 3204 3948 et
3230 3894 3310 3961 2).

2158 4010 2445 4067 CCCLVIII
2476 4009 2639 4082 [Alias
2661 4006 3057 4082 CCCLVI,ante
3084 4006 3375 4082 eccum.
3410 4016 3439 4057 ιι
3469 4006 3549 4063 De
3574 4008 3749 4080 bipar-

2613 4082 2705 4134 tila
2747 4081 2927 4133 mundi
2956 4078 3354 4149 signiﬁcatione.

2236 4175 2351 4229 Duo
2403 4172 2679 4227 hominum
2724 4185 2919 4239 genera
2961 4169 3064 4223 sub
3124 4184 3233 4223 uno
3279 4167 3467 4222 mundi
3530 4168 3752 4222 nomine

2231 4285 2246 4324 ί
2286 4288 2454 4342 Antea
2484 4283 2636 4341 editi,
2667 4282 2755 4336 sed
2794 4285 3091 4353 temporalis
3113 4284 3348 4336 doctrina
3383 4291 3456 4337 est
3490 4283 3750 4353 intempo-

2155 4356 2282 4411 ralis
2313 4358 2551 4410 rssentia.
2583 4356 2799 4415 Colum,
2821 4354 3170 4424 intemporalis
3201 4356 3464 4419 doctrinm,
3492 4362 3605 4406 etc.
3636 4355 3748 4424 Mu-

2162 4429 2389 4481 tavimus
2414 4438 2471 4480 ut
2494 4427 2548 4481 in
2581 4436 2732 4477 textu
2777 4423 3129 4489 intemporalis
3179 4425 3437 4489 doctrina,
3469 4425 3553 4477 sic
3592 4423 3749 4477 exhi-

2163 4498 2325 4552 bente
2378 4512 2478 4550 ms.
2528 4496 2863 4563 Remigiano,
2921 4496 3144 4549 Joliensi
3218 4509 3433 4563 quoque
3487 4493 3749 4558 scriptum

2079 4611 2104 4631 .
2163 4568 2504 4634 praeferente,
2557 4566 2911 4632 intemporalis
2977 4566 3226 4617 doctrina:
3269 4574 3341 4616 est
3393 4565 3751 4634 intemporalis

2161 4632 2401 4692 essentia.
2433 4638 2528 4693 Ubi
2553 4636 2718 4689 alludi
2741 4638 2962 4689 omnino
2989 4635 3201 4689 videtur
3226 4634 3291 4687 ad
3318 4635 3430 4686 haec
3456 4632 3745 4701 Augustini

558 4712 579 4739 ε
610 4702 704 4755 Ms.
733 4701 865 4762 Jol.,
894 4700 1164 4753 diceretur.
1190 4701 1286 4754 Ms.
1313 4701 1545 4771 Retnig.,
1570 4705 1738 4758 dicere
1764 4703 1827 4759 de
1855 4706 2046 4761 diuersa

2166 4712 2278 4762 loco
2306 4711 2470 4762 citato
2493 4708 2542 4759 in
2575 4706 2833 4774 margine.
2851 4704 3257 4774 Incorporaliter
3275 4704 3431 4774 Pgter
3458 4699 3661 4756 locutus
3683 4713 3749 4757 es!

484 4780 664 4842 potest.

545 4840 581 4922 ,ά
614 4842 709 4896 Ms.
734 4840 865 4904 Jol.,
898 4837 1045 4893 Unde
1091 4840 1306 4911 azqualis
1344 4841 1409 4894 sit
1440 4839 1614 4898 Filius
1646 4842 1819 4912 Patri,
1850 4854 1898 4899 et
1925 4850 2060 4902 unde

486 4930 673 4965 minor.

561 4993 581 5018 θ
614 4982 754 5035 Edit.
780 4979 970 5034 Colon.
1012 4988 1145 5045 vct.,
1182 4978 1465 5050 Utrumque
1518 4986 1806 5039 noverimus
1855 5002 1963 5040 esse
2008 4989 2061 5040 in

488 5051 707 5176 gltrislo,
734 5062 780 5104 et
806 5066 965 5103 unum
993 5067 1112 5116 quo.
1136 5089 1151 5104 .
1174 5088 1188 5103 .
1207 5090 1222 5103 .
1246 5090 1260 5104 .
1291 5064 1339 5104 et
1367 5070 1525 5106 unum
1554 5072 1652 5125 quo
1679 5057 1769 5110 illo
1804 5059 1970 5127 major
1991 5070 2062 5113 est

488 5166 495 5172 .
536 5136 665 5176 ater.

486 5136 665 5176 μαίων.

561 5193 578 5230 τ
608 5193 703 5246 Ms.
735 5191 1006 5256 Joliensis,
1042 5192 1309 5255 Quomodo
1343 5194 1492 5247 multi
1543 5197 1645 5247 sint
1672 5213 1757 5251 cor
1802 5215 1982 5259 unum.
2015 5209 2064 5251 et

485 5267 659 5316 annua
689 5280 809 5325 una,
845 5274 890 5313 et
932 5264 994 5314 de
1021 5265 1216 5315 unitate
1246 5262 1533 5318 Trinitatis.
1553 5264 1745 5321 Colon.
1776 5269 2058 5330 vet.edit..

487 5333 566 5387 De
589 5344 780 5386 mutate
808 5334 1114 5385 dilectionis.

560 5414 583 5451 s
615 5405 686 5456 Ita
720 5406 944 5465 legimus
974 5404 1025 5455 iu
1063 5418 1192 5473 mss.
1228 5401 1434 5473 Remig.
1463 5415 1517 5458 et
1544 5403 1649 5458 Jol.
1677 5407 1734 5459 In
1760 5408 1943 5469 editis,
1970 5409 2058 5462 sed

485 5474 571 5527 ubi
601 5491 689 5544 per
734 5474 1052 5527 dilectionem
1089 5472 1338 5543 ﬁdemque
1376 5472 1670 5528 adhaereant
1711 5476 1837 5529 Deo.
1863 5477 2056 5532 Colon.

484 5558 593 5597 Vel.
617 5548 743 5616 etlit.
777 5544 970 5612 pergit,
994 5560 1100 5595 una
1128 5546 1299 5616 anima
1320 5554 1367 5597 et
1380 5562 1551 5616 unum
1577 5563 1662 5599 cor
1680 5547 1835 5616 ﬁunt,
1859 5560 1911 5600 et
1937 5558 2059 5616 post

482 5616 691 5681 aliquot
714 5615 902 5679 lineas,
933 5623 989 5667 ut
1038 5612 1334 5679 indiderat:
1375 5614 1598 5670 Trinitas
1641 5612 1772 5671 unus
1810 5612 1970 5682 Deus,
2012 5630 2060 5672 et

481 5700 644 5755 unum
674 5685 840 5738 lumen
869 5693 915 5735 et
946 5701 1104 5735 unum
1134 5685 1464 5755 principium.

557 5754 583 5793 ⁸·
614 5758 702 5811 Sic
746 5774 846 5811 ms.
875 5759 980 5813 Jul.
1004 5750 1236 5823 Alii,VDs
1261 5750 1497 5810 doctrina
1524 5750 1698 5813 Patris
1729 5760 1797 5812 ad
1832 5756 2052 5813 Filium.

2164 4776 2331 4845 Filio,
2359 4780 2483 4848 quia
2503 4771 2898 4848 incorporaliter
2932 4771 3095 4848 Pater
3114 4775 3284 4848 genuit
3313 4771 3537 4848 ilium.

2239 4850 2253 4897 i
2296 4843 2395 4902 Alii
2428 4843 2666 4911 Codices,
2699 4845 2789 4899 sed
2828 4847 3015 4916 ipsum.
3050 4844 3147 4897 Ms.
3179 4843 3413 4913 Remig,
3437 4845 3527 4899 sed
3574 4844 3630 4899 id
3672 4846 3748 4914 ipe

2164 4934 2298 4978 sum,
2328 4918 2475 4986 juxta
2508 4917 2559 4971 id
2590 4914 2857 4983 Augustg
2876 4918 2963 4970 sed
2994 4914 3089 4967 hoc
3115 4917 3301 4985 ipsum.

2236 4988 2262 5026 ⁸
2293 4985 2390 5043 Ms.
2415 4988 2545 5049 λοι,
2576 5002 2723 5056 quem
2747 4986 2956 5039 odorem
2981 4986 3036 5037 in
3069 4989 3223 5037 vitam
3247 4985 3402 5055 capit.

2244 5058 2260 5096 ι
2299 5060 2426 5114 Mss.
2454 5058 2563 5112 Jul.
2591 5055 2649 5108 rt
2674 5057 2899 5125 κωπήρη
2927 5057 3069 5109 bonis
3098 5056 3341 5118 moribus,
3377 5069 3475 5123 pro
3507 5070 3576 5109 eo
3604 5055 3737 5125 quod

2167 5130 2576 5213 aliioliabebant,
2602 5127 2743 5179 bonis
2761 5128 3029 5195 operibus;
3055 5129 3200 5196 prius
3221 5133 3401 5179 tamen
3435 5128 3488 5180 in
3513 5136 3743 5195 margine

2166 5202 2570 5336 "ﬁliiﬁlii;
2607 5269 2681 5323 De
2702 5267 2803 5338 ﬁde
2832 5264 3044 5320 Christi.

2235 5348 2262 5377 ³
2296 5339 2438 5393 Edit.
2462 5331 2651 5393 Colon.
2682 5331 2811 5402 vel,
2845 5354 2948 5408 qua
2976 5336 3311 5390 convincitur.
3333 5334 3419 5408 Abi
3446 5334 3632 5390 eodem
3654 5331 3737 5384 ab-

2165 5420 2295 5465 sunt
2335 5412 2448 5463 h:rc
2489 5409 2664 5471 Talia,
2710 5406 2940 5474 etc.,'ad
2982 5410 3139 5460 tinem
3191 5407 3499 5475 sententiae,
3529 5418 3644 5476 qua:
3685 5406 3743 5454 ut

2164 5482 2393 5549 August.
2418 5488 2473 5533 et
2501 5479 2718 5534 ca'teris
2744 5479 3018 5532 codicibus
3051 5478 3339 5531 habentur.

2236 5558 2260 5587 ο
2303 5552 2399 5603 Ms.
2431 5550 2710 5604 Joliensis.
2743 5550 2805 5602 de
2833 5550 3100 5601 charitote.

2354 5566 2399 5603 3.
2431 5563 2710 5616 JOIICDSIS,
2743 5563 2805 5602 αε
2833 5563 3100 5601 cnaruate.

2240 5631 2267 5670 Ρ
2298 5621 2397 5675 Ms.
2428 5621 2793 5690 Remigianus,
2826 5634 2957 5690 quos
2982 5618 3174 5689 diligit.

2241 5701 2269 5741 ct
2300 5691 2396 5747 Ms.
2423 5687 2699 5760 Jolietisis,
2727 5689 2802 5745 De
2837 5687 3033 5743 duobus
3062 5687 3332 5760 generibus
3354 5687 3629 5743 hominum.
