4028 6176
287 289 390 346 ι85

725 288 926 345 LIBER
967 289 1503 349 SENTENTIARUM
1545 294 1638 349 EX
1679 294 2012 351 OPERIBUS
2051 297 2108 352 S.
2150 299 2515 356 AUGUSTINI
2558 303 3072 361 DELIBATARUM.

3420 316 3524 373 486

288 408 675 471 nuncupantur.
704 401 854 457 Sicut
892 404 1035 457 enim
1067 404 1261 459 dicitur
1303 405 1531 461 mundus
1565 406 1616 461 in
1646 407 1847 477 impiis,
1878 415 1928 471 Α
1956 415 2078 475 erit,
2110 414 2323 480 quando
2351 414 2486 468 Deus
2512 420 2687 469 omnia
2712 419 2763 472 in
2798 420 2904 474 illis
2936 423 3187 479 omnibus
3207 424 3314 480 erit
3342 427 3382 498 (Ι
3406 428 3522 485 Cor.

281 493 350 546 ita
381 493 574 547 dicitur
598 493 829 547 mundus
858 494 911 547 in
939 496 1159 550 sanctis.
1198 495 1345 551 Unde
1370 512 1492 551 eum
1519 508 1658 553 totus
1704 516 1733 552 a
1760 516 1848 554 se-

276 584 498 651 metipso
524 596 579 640 et
604 583 657 636 in
687 583 811 637 odio
836 593 889 637 et
916 588 966 637 in
992 601 1173 640 amore
1196 586 1502 653 discordet,
1533 602 1631 641 nos
1653 604 1773 642 eum
1792 600 1846 644 et

274 674 452 728 odisse
485 672 757 741 iubemur,
782 685 833 729 et
854 690 1059 741 amare,
1090 690 1211 729 cum
1242 676 1438 730 dicitur
1463 679 1637 742 nobis,
1667 678 1846 734 Nolite

271 761 481 830 diligere
509 763 755 815 mundum
776 763 817 835 (1
840 762 996 817 Joan.
1030 779 1089 825 tt,
1118 765 1225 835 i5);
1252 774 1447 819 etcum
1478 765 1692 833 dicitur,
1716 766 1846 821 Dili-

269 853 370 923 gite
390 853 618 906 inimicos
640 866 830 908 vestros
853 854 1031 925 (Matt.
1064 872 1115 920 ν,
1132 854 1249 924 44),
1267 865 1325 910 ut
1346 873 1571 925 quorum
1596 874 1843 913 exsecra-

267 961 387 998 mur
412 944 769 1015 iniquitatem,
789 956 1035 1015 Optemus
1055 950 1280 1003 salutem
1306 950 1462 1021 (Aug.
1491 950 1641 1016 ibid,
1671 967 1725 1005 n.
1758 951 1837 1021 4).

264 1052 507 1110 CCCLIX
535 1054 701 1129 [Alias
727 1055 1011 1133 CCCLVII,
1040 1070 1159 1113 ante
1176 1060 1439 1133 CCCLV].
1477 1072 1502 1098 ³
1531 1060 1610 1116 De
1629 1066 1839 1118 vitanda

835 1131 1059 1183 scientia:
1088 1132 1275 1201 gloria.

330 1217 411 1272 Ad
443 1217 716 1273 vitandam
748 1226 1098 1277 tentationem
1125 1238 1275 1277 vanae
1301 1222 1508 1292 gloriae,
1536 1226 1730 1279 melior
1754 1234 1837 1281 est

262 1302 288 1345 ι’
326 1308 586 1365 discentis
628 1311 861 1365 conditio
913 1328 1069 1379 quam
1132 1313 1400 1368 docentis.
1457 1316 1642 1371 Tutius
1689 1318 1833 1371 enim

261 1399 475 1453 auditur
536 1402 733 1454 veritas
788 1418 945 1469 quam
1004 1403 1345 1470 prtedicatur.
1400 1405 1661 1471 Quoniam
1711 1423 1832 1463 cum

260 1488 500 1543 doctrina
532 1492 811 1560 recipitur,
845 1492 1118 1547 humilitas
1143 1496 1475 1560 custoditur;
1509 1511 1628 1549 cum
1654 1510 1832 1552 autem

261 1580 549 1649 disputatio
581 1582 776 1650 placet,
804 1584 893 1635 vix
934 1596 1017 1638 est
1049 1593 1107 1637 ut
1136 1586 1487 1640 disserentem
1529 1603 1633 1641 non
1661 1590 1834 1655 pulset

261 1677 747 1746 quantulacumque
798 1677 1053 1745 iactantia
1082 1680 1250 1750 (Aug.
1284 1689 1431 1734 tract.
1466 1683 1533 1736 57
1567 1683 1618 1735 in
1646 1684 1827 1750 Joan.,

259 1781 307 1817 η.
338 1764 426 1830 2).

259 1854 467 1910 CCCLX
498 1855 667 1929 [Alias
698 1859 1009 1924 CCCLVlll,
1036 1870 1154 1913 ante
1194 1859 1481 1932 CCCLVI].
1512 1873 1533 1901 ο
1566 1863 1643 1918 De
1673 1866 1829 1920 laude

728 1947 825 1999 qua
846 1948 899 1984 se
928 1933 1175 1999 praedicat
1205 1932 1365 1986 Deus.

324 2037 686 2094 Periculosum
711 2051 794 2096 est
816 2042 1015 2096 homini
1039 2042 1143 2096 sibi
1163 2044 1393 2110 placere,
1422 2046 1504 2099 cui
1532 2048 1825 2102 cavendum

260 2140 333 2182 est
361 2133 667 2201 superbire.
704 2134 842 2187 Deus
875 2144 1054 2189 autem
1100 2146 1589 2205 quantuntmttnque
1628 2154 1684 2192 se
1716 2141 1829 2193 lau-

261 2221 361 2287 det,
387 2240 491 2277 non
532 2240 592 2279 se
621 2226 828 2283 extollit
855 2226 1119 2291 excelsus,
1149 2242 1248 2281 nec
1294 2229 1406 2281 vult
1445 2244 1503 2281 se
1538 2243 1630 2282 sua
1662 2232 1826 2285 videri

263 2314 533 2381 majestate
583 2319 859 2384 majorem.
895 2316 1000 2371 Sed
1030 2333 1151 2371 cum
1200 2318 1402 2370 homini
1447 2321 1679 2387 loquitur
1733 2336 1826 2388 po-

263 2407 461 2460 tentiam
512 2424 703 2474 suam,
768 2424 874 2462 non
932 2410 1034 2463 hoc
1091 2413 1201 2479 agit
1254 2422 1310 2463 ut
1354 2413 1468 2479 ipse
1519 2412 1823 2480 gloriosior,

262 2498 342 2553 sed
368 2507 425 2553 ut
451 2500 549 2555 ille
573 2502 761 2555 melior
791 2502 884 2556 liat
906 2510 961 2555 et
985 2500 1217 2556 doctior.
1249 2501 1416 2556 Nobis
1439 2504 1581 2558 enim
1607 2506 1827 2570 prodest

260 2604 512 2647 auctorem
562 2603 800 2649 nostrum
855 2611 1167 2664 agnoscere,
1202 2604 1256 2650 et
1300 2600 1348 2652 ei
1391 2600 1481 2668 qui
1530 2608 1616 2653 est
1664 2616 1825 2669 super

261 2687 416 2738 omnia
454 2686 768 2753 subiacere:
801 2685 827 2723 ἀ
854 2703 920 2740 ne
966 2688 1033 2741 de
1064 2702 1168 2755 quo
1208 2704 1311 2741 non
1359 2704 1641 2758 possumus
1671 2709 1821 2746 cum-

261 2777 584 2844 prehendere
611 2780 734 2847 quid
765 2790 863 2845 est,
894 2780 1160 2848 possimus
1190 2782 1394 2837 sentire
1437 2783 1579 2853 quod
1611 2800 1715 2838 non
1740 2795 1823 2841 est

261 2870 395 2940 (Aug.
414 2882 571 2924 tract.
592 2872 659 2925 58
682 2873 731 2924 in
752 2870 936 2936 Joan.,
966 2889 1019 2924 η.
1046 2872 1131 2941 5).

257 2977 473 3039 CCCLXI
502 2985 681 3059 [Alias
727 2982 998 3060 C(ICLIX,
1040 2992 1157 3038 ante
1205 2983 1515 3060 CCCLVll].
1554 2998 1577 3027 ο
1609 2990 1684 3044 De
1740 3009 1819 3046 re-

767 3055 1024 3108 mittendis
1061 3058 1298 3120 peccatis.

312 3140 609 3197 Christiana
640 3144 983 3199 observantia
1007 3146 1069 3199 ad
1102 3147 1352 3215 perfectae
1394 3149 1606 3218 pietatis
1640 3150 1659 3188 τ
1690 3168 1815 3220 pro-
1841 3156 1886 3220 C

256 3232 428 3287 fectum
461 3251 565 3301 per
620 3246 855 3290 mutuam
907 3238 1136 3292 maxime
1185 3240 1814 3312 pervenit600indul-

254 3326 460 3387 gentiam
498 3335 868 3391 peccatorum,
912 3327 1076 3381 dante
1118 3328 1272 3383 nobis
1318 3330 1541 3386 Domino
1565 3349 1676 3388 suae
1721 3336 1814 3389 ho-

255 3413 413 3465 nitatis
434 3416 774 3481 exemplum.
805 3417 938 3469 Nam
969 3418 1014 3471 si
1049 3420 1159 3479 ille,
1192 3419 1245 3474 in
1269 3437 1374 3489 quo
1406 3424 1611 3477 nullum
1641 3428 1814 3479 omni-

254 3514 312 3552 no
335 3502 757 3573 fuitpeccattun,
796 3506 1103 3576 interpellat
1156 3525 1251 3578 pro
1296 3514 1530 3575 peccatis
1572 3518 1808 3582 nostris,

250 3600 427 3657 quanto
466 3593 647 3660 magis
690 3608 787 3647 nos
816 3594 1045 3651 invicem
1076 3613 1171 3667 pro
1202 3602 1437 3669 prepriis
1474 3619 1631 3659 orare
1653 3605 1815 3660 debe-

250 3686 381 3735 musl
424 3685 815 3753 Amplectenda
856 3692 1055 3758 quippe
1102 3701 1185 3745 est
1240 3692 1467 3762 homini,
1518 3698 1605 3764 qui
1649 3706 1674 3743 8
1707 3713 1812 3753 non

248 3774 375 3828 omni
407 3786 588 3844 potest
622 3792 808 3833 carere
848 3790 1089 3848 peccato,
1123 3792 1229 3836 tam
1270 3784 1494 3854 benigna
1536 3789 1775 3843 conditio
1796 3834 1810 3859 ,

248 3872 296 3915 ut
322 3864 639 3923 dimittendo
683 3870 878 3926 delicta
915 3873 1112 3939 aliena,
1142 3874 1310 3929 diluat
1351 3892 1446 3930 sua
1472 3876 1628 3949 (Aug.
1658 3881 1808 3947 ibid.,

247 3969 292 4006 η.
327 3955 408 4025 5).

247 4046 482 4105 CCCLX"
524 4051 697 4133 [Alias
722 4054 977 4133 CCCLX,
1009 4070 1125 4133 ante
1172 4058 1504 4133 CCCLVlll].
1541 4062 1566 4100 δ
1601 4064 1676 4119 De
1706 4066 1803 4119 im-

572 4124 791 4191 pletione
818 4128 1183 4183 desideriorum
1216 4124 1486 4201 iustarum:

302 4230 570 4289 Justorum
615 4235 1009 4293 desideriorum
1047 4238 1062 4278 ί
1104 4244 1334 4298 satietati
1376 4254 1500 4300 tunc
1541 4246 1673 4301 nihil
1706 4248 1803 4303 de-

301 4398 323 4465 f
354 4392 445 4447 Ms.
470 4396 748 4461 Joliensis,
766 4398 842 4453 De
862 4401 1152 4456 conditione
1175 4404 1433 4465 discentis,
1472 4414 1519 4459 et
1550 4407 1799 4461 docentis.

263 4456 325 4577 ιδ
353 4465 527 4520 Editio
574 4456 763 4523 Colon.
828 4481 1003 4538 vetus,
1047 4456 1337 4540 discentis,
1375 4456 1804 4545 quam

240 4541 400 4584 satus.

303 4610 323 4636 ε
350 4603 444 4677 Ms.
491 4607 770 4676 Joliensis,
808 4612 957 4677 Quod
994 4628 1096 4665 non
1147 4614 1357 4667 extollat
1400 4632 1453 4670 se
1499 4613 1639 4670 Deus
1686 4618 1801 4670 lau-

240 4667 393 4723 dando
416 4691 486 4728 se.

298 4737 323 4775 δ
342 4741 445 4827 με..
465 4745 739 4827 Ιοιίθηρἰς,
767 4753 902 4803 utde
931 4768 1031 4827 quo
1061 4770 1163 4827 non
1195 4771 1465 4823 possumus
1496 4772 1797 4827 cognoscere

237 4812 360 4895 θηοιζ
388 4825 481 4875 εει.
511 4812 787 4895 possimus,
814 4832 916 4895 etc.
943 4812 1046 4876 Ms.
1077 4812 1310 4893 iiettiig.,
1341 4842 1405 4878 ne
1432 4829 1493 4878 de
1514 4812 1614 4895 quo
1638 4866 1679 4880 ..
1699 4866 1713 4880 .
1736 4864 1748 4879 .
1777 4867 1791 4881 .

236 4880 359 4963 quod
396 4895 486 4936 est.
518 4887 654 4963 [ξόὶιὶ
691 4880 952 4963 plerique,
995 4910 1055 4945 ne
1103 4895 1163 4945 de
1207 4880 1308 4963 quo
1330 4934 1343 4947 .
1370 4935 1381 4947 .
1403 4933 1417 4949 .
1444 4933 1460 4949 .
1481 4936 1494 4949 .
1526 4880 1795 4962 possumus

234 4952 405 5021 sentire
424 4956 559 5016 quod
586 4952 801 5014 nonest.
840 4952 1001 5015 Duae.
1028 4978 1081 5017 et
1106 4952 1294 5018 Colon.
1324 4981 1442 5019 cum
1476 4952 1795 5021 recentiori-

236 5014 422 5106 δίᾳ-ξε
440 5014 505 5106 ’ἀς
532 5043 693 5106 φασὶ.
714 5070 725 5081 .
746 5071 758 5082 .
784 5070 797 5083 .
828 5034 1082 5098 possimus
1109 5038 1295 5089 sentire
1323 5036 1461 5106 quod
1494 5053 1594 5089 non
1622 5047 1718 5091 est.

300 5090 441 5177 {Ms
471 5090 602 5164 10L,
629 5098 705 5152 De
734 5090 963 5171 profectu
1015 5107 1214 5171 pietatis
1266 5090 1354 5176 pei-
1404 5090 1785 5177 indulgentiam

232 5171 558 5222 peccatorum.

300 5226 438 5309 iiiis.
473 5236 703 5309 liemig.,
733 5255 1041 5309 provectum.

298 5306 322 5371 ξ
348 5300 438 5371 Ms.
465 5300 859 5371 ιυιὶθηέἱὲξηοη
882 5315 1106 5367 οιιηιὶηο.

202 5411 209 5429 ς
295 5365 418 5448 ξιια
445 5392 546 5448 ms.
570 5365 841 5435 Joliensis.
880 5365 1010 5448 Alii,
1040 5386 1112 5438 De
1136 5389 1418 5442 teteruitate
1462 5397 1781 5445 sanctorum.

302 5434 443 5528 itus;
486 5434 964 5528 l‘i-emignetilolu
992 5434 1266 5521 ,satietati;
1298 5461 1385 5513 ubi
1427 5460 1523 5513 alii
1569 5476 1781 5528 omnes,

236 5512 461 5595 fatigati.
492 5512 663 5595 Minus
703 5521 859 5581 bene.
891 5512 1010 5577 cum
1042 5512 1485 5595 respiciatverba
1518 5512 1642 5583 haec
1674 5512 1783 5585 Adii-,-

234 5585 436 5672 Egslitll,
458 5588 792 5672 perductums
836 5610 917 5672 eos
946 5596 1014 5672 ad
1037 5585 1206 5672 illum
1235 5599 1387 5668 ﬁnem
1435 5602 1522 5669 qui
1561 5603 1782 5672 su/ficia’t

237 5649 320 5710 tis,
344 5649 422 5702 ubi
452 5649 654 5710 satietur
686 5663 739 5715 in
773 5664 915 5717 bonis
942 5649 1248 5722 desideriuni
1290 5649 1483 5725 eorum.
1517 5649 1649 5727 Pos't'
1682 5676 1782 5727 ali-

237 5726 354 5779 quot
380 5727 554 5794 verba,
600 5728 761 5790 Duae.
794 5747 849 5791 et
891 5736 1078 5793 Colon.
1109 5751 1338 5807 recent.,
1382 5742 1545 5796 omnis
1576 5726 1635 5796 in
1674 5726 1781 5799 illii

1832 4709 1881 4768 D

1951 515 2041 563 xv,
2069 500 2182 571 28).
2225 502 2305 557 Ad
2339 519 2495 573 quam
2535 506 2916 565 beatitudinem
2956 512 3009 566 hi
3050 516 3388 583 perveniunt.
3433 520 3524 589 qui

1952 591 2075 647 huic
2103 596 2301 649 saeculo
2331 608 2457 651 ante
2482 602 2872 666 separationem
2902 603 2916 653 t'
2956 606 3149 660 animae
3177 623 3205 660 a
3228 623 3389 664 carne
3410 626 3525 663 mo-

1947 683 2179 747 riuntur,
2204 701 2305 739 nec
2343 687 2393 740 in
2433 686 2511 741 eis
2540 688 2886 747 inveniuntur
2907 692 2933 731 ¹ί
2963 696 3364 764 cupiditatibus,
3389 715 3522 769 quas

1944 773 2062 826 sola
2094 784 2317 841 superat
2348 776 2568 831 dilectio
2595 778 2687 832 Dei
2716 796 2728 830 :
2766 777 2782 816 1
2820 793 2876 834 ut
2900 794 2952 837 et
2980 786 3028 837 id
3064 786 3293 851 patiatur
3320 789 3519 857 iniqui-

1946 870 2048 929 tas,
2074 866 2215 932 quod
2264 867 2465 934 elegit;
2502 877 2556 921 et
2588 884 2653 922 eo
2691 870 2832 924 bono
2873 874 3076 929 fruatur
3116 878 3343 945 justitia,
3376 882 3517 949 quod

1940 957 2135 1009 amavit
2171 956 2327 1028 (Aug.
2356 968 2507 1012 tract.
2538 960 2606 1014 65
2636 962 2690 1014 in
2718 960 2903 1032 Joan.,
2929 983 2981 1019 n.
3014 966 3089 1037 1).

1939 1108 2229 1167 CCCLxm
2253 1112 2417 1197 [Alias
2440 1115 2725 1197 cccnxt,
2755 1128 2877 1197 μητε
2902 1119 3163 1197 ηςεβιιχ
3178 1122 3218 1193 j.
3250 1124 3329 1179 De
3356 1128 3514 1197 conﬁ-

2332 1186 2481 1237 tendo
2509 1186 2713 1239 homine
2740 1185 2863 1240 Iesu
2893 1188 3117 1245 Christo.

2007 1292 2106 1358 Qui
2139 1294 2216 1347 sic
2263 1295 2552 1349 conﬁtetur
2607 1299 2879 1353 Christum
2927 1302 3120 1367 Deum,
3156 1314 3212 1357 ut
3264 1307 3511 1364 eumdem

1938 1382 2207 1437 hominem
2261 1395 2418 1454 neget
2471 1404 2689 1452 verum,
2724 1391 3008 1445 habentem
3051 1394 3259 1449 scilicet
3303 1398 3510 1452 unitam

1935 1476 2035 1530 sibi
2082 1488 2280 1530 nostra!
2318 1482 2494 1533 carnis
2522 1482 2820 1551 animisque
2850 1496 3092 1536 naturam
3112 1528 3126 1551 ,
3155 1501 3259 1541 non
3287 1499 3367 1542 est
3416 1506 3512 1557 pro

1942 1565 2040 1620 illo
2092 1579 2337 1622 mortuus
2378 1570 2644 1632 Christus,
2700 1574 2818 1641 quia
2875 1576 3166 1628 secundum
3240 1580 3511 1637 hominem

1934 1666 2182 1713 mortuus
2211 1669 2295 1713 est
2334 1659 2602 1716 Christus.
2622 1664 2737 1717 Non
2776 1668 3158 1722 reconciliatur
3188 1685 3281 1736 per
3312 1673 3511 1725 Media-

1862 1784 1909 1843 Β
1937 1756 2104 1803 torem
2132 1751 2263 1805 Deo.
2300 1751 2442 1806 Unus
2472 1755 2606 1806 enim
2637 1753 2807 1819 Deus,
2832 1765 2871 1792 ω
2893 1767 2939 1809 et
2969 1775 3099 1811 unus
3131 1759 3388 1816 Mt'diator
3416 1763 3509 1818 Dei

1934 1848 1981 1892 et
2014 1840 2300 1906 hominum,
2330 1846 2480 1896 homo
2511 1842 2741 1899 Christus
2770 1844 2923 1899 Jesus
2950 1850 2989 1917 (ι
3022 1848 3153 1901 Tim.
3195 1866 3254 1917 ll,
3279 1852 3357 1921 ὃ).
3391 1854 3508 1910 Νοη

1928 1930 2257 2000 justiﬁcatur
2304 1951 2399 2002 per
2443 1938 2637 2005 ipsum,
2667 1941 2789 2007 quia
2817 1941 2946 1993 sicut
2981 1958 3069 2009 per
3115 1945 3507 2016 inobedientiam

1928 2024 2081 2076 unius
2116 2025 2334 2081 hominis
2363 2040 2646 2097 peccatores
2674 2033 2938 2086 constituti
2960 2046 3075 2088 sunt
3101 2037 3275 2103 multi,
3312 2040 3387 2093 ita
3414 2058 3506 2111 per

1927 2116 2265 2170 obedientiam
2305 2120 2455 2172 unius
2494 2120 2715 2175 hominis
2755 2126 2888 2193 justi
2932 2128 3303 2182 constituentur
3359 2135 3506 2187 multi

1929 2207 2103 2277 (Rom.
2138 2225 2189 2270 ν,
2210 2209 2315 2279 19).
2334 2211 2448 2265 Non
2480 2224 2722 2282 resurget
2750 2228 2780 2262 η
2802 2215 2854 2269 in
2881 2222 3330 2275 resurrectionem
3358 2225 3502 2293 vitae,

1868 2304 1871 2307 λ
1928 2302 2049 2369 quia
2081 2319 2169 2369 per
2195 2303 2450 2358 hominem
2495 2323 2649 2371 mors,
2681 2317 2728 2360 et
2771 2324 2859 2379 per
2906 2309 3164 2365 hominem
3201 2318 3504 2370 resurrectio

1927 2402 2264 2446 mortuorum.
2299 2395 2445 2449 Sicut
2473 2397 2605 2449 enim
2637 2398 2687 2449 in
2710 2399 2876 2451 Adam
2907 2416 3078 2454 omnes
3106 2404 3416 2470 moriuntur,
3432 2408 3504 2461 ixa

1926 2490 1973 2534 et
2003 2484 2055 2535 in
2083 2482 2283 2539 Christo
2309 2502 2481 2539 omnes
2504 2495 2528 2521 ο
2555 2488 2942 2556 viviﬁcabuntur
2964 2491 3005 2562 (l
3037 2491 3156 2548 Cor.
3175 2488 3367 2562 xv,2l,
3386 2496 3500 2564 22).

1925 2580 1954 2619 Ρ
1981 2570 2089 2625 Nec
2120 2573 2258 2627 ullus
2290 2590 2348 2629 se
2378 2576 2523 2629 beati
2555 2576 2701 2631 Petri
2739 2578 2991 2634 defendat
3033 2586 3301 2655 exemplo,
3328 2588 3415 2656 qui
3444 2604 3504 2643 se

1925 2664 2105 2716 multis
2129 2664 2383 2734 lacrymis
2411 2670 2751 2723 etaccusavit
2774 2680 2824 2724 ct
2858 2673 2983 2726 lavit
3008 2674 3187 2743 (Matt.
3219 2683 3500 2752 xsvr,75),

1923 2762 1976 2803 ut
2001 2753 2295 2822 principem
2328 2772 2481 2809 suum
2516 2756 2753 2812 Ecclesia
2782 2775 2886 2814 non
2913 2763 3232 2833 negationis,
3268 2769 3361 2824 sed
3391 2786 3503 2837 nas-

1921 2842 2158 2898 nitentia:
2205 2847 2500 2904 imitatione
2544 2862 2865 2920 sequeretur
2915 2856 3074 2927 (Aug.
3126 2868 3273 2916 tract.
3328 2862 3397 2917 66
3448 2867 3501 2919 in

1919 2930 2102 3001 Joan.,
2134 2952 2185 2988 η.
2214 2936 2293 3005 2).

1990 3064 2282 3123 CCCLXIV
2324 3068 2505 3141 [Alias
2558 3072 2849 3195 CCCLX",
2903 3087 3021 3131 ante
3072 3078 3357 3152 CCCLX].
3428 3086 3500 3141 De

2559 3160 2601 3195 αἶ
2628 3160 2859 3195 ετηιιιιιε.

2559 3160 2859 3200 aeternitate.

2005 3250 2060 3303 In
2090 3252 2407 3319 quibusdam
2439 3258 2655 3310 aeternis
2688 3266 2861 3326 potest
2884 3260 3057 3329 aliqua
3087 3278 3207 3318 esse
3223 3264 3496 3334 distantia,

1920 3339 2033 3408 ipsa
2081 3354 2258 3397 autem
2312 3348 2583 3400 aeternitas
2623 3352 2827 3418 alisque
2866 3351 3179 3409 diversitate
3226 3372 3496 3414 mensuras

1919 3442 2025 3489 est.
2048 3434 2223 3489 Multa:
2246 3437 2441 3505 quippe
2464 3440 2790 3503 mansiones,
2825 3442 2876 3495 in
2907 3458 3010 3496 una
3041 3445 3147 3499 vita
3176 3449 3356 3502 varias
3383 3465 3495 3505 me-

1919 3526 2143 3579 ritorum
2188 3526 2493 3597 significant
2528 3531 2836 3601 dignitates.
2864 3534 2968 3590 Sed
3001 3546 3028 3586 (ι
3060 3545 3115 3591 ut
3146 3538 3285 3594 Deus
3314 3545 3494 3597 omnia

1918 3615 1973 3668 in
2004 3618 2254 3671 omnibus
2283 3620 2410 3683 erit,
2441 3622 2531 3674 liet
2558 3622 2719 3676 etiam
2749 3623 2803 3677 in
2843 3625 3042 3695 dispari
3067 3628 3313 3687 claritate
3342 3642 3364 3670 τ
3399 3650 3496 3703 par

1916 3707 2369 3781 gaudium,601
2387 3719 2444 3763 ut
2471 3713 2611 3780 quod
2637 3713 2834 3769 habent
2855 3716 3073 3787 singuli,
3108 3735 3395 3779 commune
3424 3726 3495 3782 sit

1916 3796 2185 3851 omnibus.
2233 3800 2493 3865 Quoniam
2535 3818 2630 3872 per
2677 3809 3071 3863 connexionem
3116 3811 3495 3883 dilectionis,a

1915 3889 2082 3956 gloria
2113 3891 2303 3958 capitis
2342 3894 2485 3947 nulla
2529 3897 2633 3950 erit
2673 3898 2844 3954 aliena
2886 3917 3007 3970 pars
3055 3906 3303 3973 corporis
3329 3909 3492 3980 (Aug.

1914 3988 2066 4035 tract.
2095 3982 2163 4036 67
2188 3984 2242 4036 in
2270 3981 2452 4052 Joan.,
2481 4004 2536 4041 η.
2563 3986 2644 4058 2).

1913 4138 2180 4193 CCCLXV
2223 4140 2407 4212 [Alias
2437 4141 2747 4205 CCCLXIII,
2775 4157 2891 4201 ante
2922 4148 3161 4204 CCCLX]
3256 4151 3331 4206 De
3366 4155 3489 4221 ﬁle.

1985 4252 2144 4307 Fides
2166 4270 2351 4308 eorum
2381 4257 2470 4325 qui
2507 4257 2669 4311 Deum
2710 4260 2869 4315 visuri
2904 4273 3048 4329 sunt,
3091 4266 3233 4333 quod
3268 4283 3375 4321 non
3410 4270 3489 4323 vi-

1914 4409 2166 4490 onmibus.
2191 4410 2530 4490 Melius'mss.
2560 4413 2763 4482 Remig.
2786 4423 2839 4467 et
2867 4415 2995 4478 10L,
3015 4417 3131 4470 Col.
3160 4425 3295 4483 vct.,
3315 4417 3487 4490 Lugd.

1911 4489 1965 4533 et
1996 4480 2222 4547 Lovan.,
2258 4483 2449 4533 omnia.

1986 4550 2000 4599 J’
2038 4550 2133 4602 Ms.
2166 4550 2432 4618 Joliensis,
2464 4553 2650 4606 anima:
2679 4570 2709 4605 a
2740 4570 2912 4608 carne.
2945 4555 3045 4609 Alii
3078 4556 3329 4611 omittunt
3350 4575 3487 4629 pra:-

1909 4623 2227 4686 positionetn
2256 4639 2305 4675 (ι.

1980 4686 2003 4763 ξ
2034 4691 2130 4763 Ms.
2162 4690 2393 4759 Retnig.,
2422 4693 2741 4763 cupiditates.
2773 4695 2870 4749 Ms.
2894 4696 3022 4761 Jol.,
3045 4697 3364 4753 invenientur
3391 4719 3485 4757 cu-

1908 4760 2237 4828 piditatibus.

1978 4827 1993 4866 ι
2039 4831 2183 4908 βμίι.
2216 4830 2408 4908 Colon.
2435 4842 2571 4908 vet.,
2608 4843 2655 4885 et
2686 4844 2738 4888 ut
2767 4836 2880 4891 ideo
2909 4839 3037 4891 bono
3069 4840 3295 4908 fruatur.

1970 4908 2009 4936 ω
2034 4900 2125 4977 Sic
2158 4917 2285 4977 mss.
2313 4901 2659 4971 Remigianus
2683 4916 2735 4960 et
2758 4908 2864 4961 Jol.
2893 4919 3009 4977 post
3043 4900 3177 4977 Aug.
3206 4910 3323 4961 loco
3345 4912 3480 4967 cita-

1896 4978 1973 5024 to.
2030 4970 2168 5046 Ejliti
2221 4972 2428 5046 Lovan.
2459 4970 2903 5046 et_posteriores,'
2923 4992 2965 5034 et
2997 4970 3259 5033 unusvest.
3285 4980 3474 5038 Colon.

1894 5050 2030 5101 vct.,
2059 5039 2206 5094 Unus
2234 5052 2307 5095 est
2332 5045 2467 5096 enim
2499 5039 2659 5109 Deus,
2688 5060 2732 5101 et
2762 5039 2918 5107 unus.

1964 5120 1991 5148 η
2027 5113 2115 5165 Sic
2154 5128 2278 5191 cum
2333 5116 2556 5183 August.
2612 5133 2742 5171 mss.
2780 5122 2987 5191 ttetttig.
3023 5120 3201 5175 etJol.
3228 5122 3392 5187 Editi,
3424 5124 3480 5179 in

1895 5194 2282 5236 τεειιννεειιοηε.

1968 5261 1992 5287 °
2184 5255 2412 5320 liemig.,
2440 5256 2778 5324 viviﬁcantur.

1963 5332 1991 5371 P
2034 5323 2214 5376 Editio
2241 5324 2430 5380 Colon.
2468 5338 2594 5388 vet,
2632 5328 2825 5382 Nullus
2850 5346 2921 5383 se.

1964 5402 1989 5443 ι]
2023 5394 2151 5465 Mss.
2182 5394 2436 5449 Joliensis
2467 5408 2519 5451 et
2547 5397 2776 5465 Renhg,
2812 5403 2928 5463 ubi;
2954 5402 3063 5456 alii.
3091 5410 3166 5456 ut.

1964 5473 1989 5500 ι’
2026 5464 2493 5545 Emendamusex
2535 5464 2768 5545 editione
2806 5470 2998 5545 [ιιιίιῡηΔ
3016 5485 3177 5524 sensu
3204 5476 3472 5545 exigente,

1890 5542 1945 5589 et
1971 5536 2270 5603 Augustino
2292 5538 2560 5589 scribente
2584 5538 2633 5589 in
2655 5540 2770 5591 loco
2800 5556 2955 5604 quem
2989 5542 3230 5598 intuetur
3261 5536 3321 5602 ST
3340 5536 3474 5601 Pro;

1889 5620 2037 5672 Sper,
2054 5616 2263 5673 propter
2274 5622 2439 5688 unum
2462 5609 2726 5659 denarium
2741 5608 2926 5688 ‘nul/us
2948 5622 3221 5681 separatur
3243 5633 3275 5668 α
3293 5633 3469 5688 regno.

1890 5677 1993 5731 Alii
2023 5688 2241 5747 codices
2274 5676 2467 5747 habent
2497 5693 2588 5743 per
2613 5679 2895 5747 gaudium;
2939 5676 3022 5734 cui
3074 5698 3180 5740 non
3221 5676 3472 5745 convenit

1892 5746 2201 5803 immediate
2232 5746 2578 5814 antecedens,
2603 5749 2659 5803 in
2686 5750 2882 5819 dispari
2904 5752 3157 5811 claritate.
