4028 6176
489 214 596 271 ιὸἳ

1731 215 1791 270 S.
1832 212 2173 271 PROSPBR‘
2212 212 2537 283 AQUITANI

3654 216 3769 274 £88

484 331 577 387 det
602 329 772 385 credit
803 345 819 385 :
861 342 983 384 nam
1036 328 1083 382 si
1123 326 1305 393 videt,
1330 342 1441 384 non
1502 334 1587 383 est
1623 326 1777 383 ﬁdes.
1808 328 2064 384 Credenti
2091 330 2145 388 Δ
2168 324 2463 382 GCCLXIX
2510 325 2693 400 [Alias
2718 322 3210 400 CCCLXVll,Aante
3255 324 3581 400 CCCLXV].
3617 327 3638 368 ι
3674 330 3762 385 De

487 430 513 461 ι
541 420 1094 492 colligiturmeritum,
1112 420 1318 477 videnti
1344 420 1586 477 redditur
1606 421 1885 491 prtemium
1909 422 2066 494 (Aug.

482 522 632 569 tract.
658 514 728 569 68
746 516 798 566 in
820 510 1009 579 Joan.,
1038 529 1095 566 n.
1135 511 1225 583 3).

476 623 771 680 CCCLXV]
800 622 967 695 [Alias
991 621 1305 689 CCCLXIV,
1339 634 1458 677 ante
1498 622 1822 694 CCCLXII].
1858 623 1888 664 ι’
1914 626 2065 691 Quod

547 694 813 765 propitius
838 696 905 747 sit
936 694 1076 748 Deus
1106 712 1210 748 non
1251 696 1523 749 annuendo
1554 698 1811 748 malorum
1840 699 1989 749 votis.

546 784 684 839 Male
720 799 915 839 usurus
958 801 1023 840 eo
1064 787 1205 855 quod
1240 796 1262 825 ε
1288 786 1403 840 vult
1430 788 1714 855 accipere,
1746 787 1858 841 Deo
1889 794 2063 855 potius

474 876 774 928 miserante
799 891 903 930 non
931 878 1150 945 accipit.
1179 876 1413 932 Proinde
1441 878 1484 932 si
1519 878 1622 931 hoc
1648 878 1718 931 ab
1747 892 1818 932 eo
1865 880 2063 947 petitur

472 965 617 1019 unde
649 965 810 1019 homo
849 967 1133 1021 exauditus
1185 968 1447 1034 ladatur,
1495 969 1667 1037 magis
1712 970 2057 1024 metuendum

468 1068 573 1122 est,
625 1071 693 1111 ne
738 1057 880 1124 quod
911 1054 938 1093 ἀ
970 1060 1139 1128 possit
1184 1059 1322 1113 Deus
1356 1074 1460 1113 non
1499 1059 1629 1114 dare
1658 1060 1940 1131 propitius,
1969 1060 2060 1116 det

468 1150 637 1203 iratus
665 1148 824 1218 (Aug.
852 1158 1000 1202 tract.
1034 1150 1102 1204 75
1131 1149 1183 1202 in
1212 1147 1394 1215 10am,
1419 1167 1472 1205 η.
1502 1151 1586 1220 1).

465 1258 782 1331 CCCvau
811 1259 991 1331 [Alias
1045 1260 1343 1325 CCCLXV,
1392 1270 1507 1313 ante
1536 1258 1890 1331 eccum].
1924 1269 1948 1299 ε
1977 1260 2055 1316 De

632 1330 828 1400 duplici
859 1331 1128 1384 dilectione
1160 1331 1349 1385 Christi
1370 1347 1490 1400 erga
1520 1330 1788 1401 diligentes
1816 1330 1890 1390 se.

541 1423 641 1491 Qui
670 1424 841 1492 diligit
870 1440 968 1488 me,
1020 1424 1193 1493 inquit
1237 1423 1530 1487 Dominus,
1563 1424 1804 1495 diligetur
1833 1441 1866 1476 a
1901 1424 2055 1478 Patre

465 1532 609 1582 meo;
640 1525 688 1568 st
711 1532 801 1588 ego
829 1515 1043 1587 diligam
1072 1532 1209 1577 eum,
1234 1524 1283 1568 et
1314 1515 1656 1583 manifestabo
1682 1516 1729 1568 ei
1752 1532 1830 1569 me
1856 1517 2046 1583 ipsum.

468 1608 488 1647 ι
512 1610 652 1677 Quid
683 1618 787 1673 est,
816 1608 1070 1680 diligam?
1094 1618 1367 1677 tamquam
1398 1615 1523 1660 tunc
1552 1607 1851 1663 dilecturus
1880 1609 1971 1672 sit,
1994 1616 2051 1663 et

2642 396 2882 450 humana:
2894 398 3117 466 justitia:
3148 400 3318 452 modo.

2245 506 2511 563 Divinitus
2533 506 2737 563 dictum
2769 515 2874 575 est,
2909 506 3037 562 Noli
3066 525 3172 562 esse
3178 510 3354 581 justus
3381 508 3601 563 multum
3628 508 3764 581 (Ec-

2169 597 2266 652 cle.
2297 614 2392 665 vn,
2427 598 2537 669 l7).
2569 599 2747 666 nl'Quo
2782 609 2966 653 notata
2993 615 3101 654 non
3130 611 3212 654 est
3237 599 3445 669 iustitia
3472 603 3757 670 sapientis,

2169 688 2265 742 sed
2297 691 2557 759 superbia
2586 691 2982 759 praisumentis.
3006 691 3107 759 Qui
3139 707 3268 761 ergo
3296 692 3529 747 ﬁtnimis
3547 693 3757 763 justus,

2167 780 2285 848 ipso
2311 782 2478 836 nimio
2528 782 2587 835 lit
2616 782 2870 849 injustus.
2905 782 3037 849 Quis
3066 792 3154 839 est
3181 791 3362 838 autem
3394 784 3483 853 qui
3522 800 3583 839 se
3614 793 3641 820 ιι
3672 786 3758 838 ηἰ-

2165 873 2271 926 mis
2298 872 2429 928 facit
2450 875 2680 942 justum,
2710 875 2813 928 nisi
2840 875 2932 944 qui
2961 876 3090 929 dicit
3117 891 3176 929 se
3206 892 3311 930 non
3340 876 3540 931 habere
3564 892 3758 946 pecca-

2164 971 2274 1017 tum
2305 965 2471 1036 (Aug.
2501 975 2653 1019 tract.
2686 967 2754 1021 95
2779 967 2830 1018 in
2856 966 3035 1032 Joan.,
3059 982 3113 1019 n.
3144 964 3255 1037 2)?

2159 1076 2433 1134 CCCLXX
2457 1078 2628 1150 [Alias
2650 1078 3010 1140 CCCLXVIII.
3035 1088 3153 1134 ante
3176 1078 3464 1133 CCCLXV!
3547 1087 3572 1115 °
3598 1079 3752 1145 Quod

2414 1155 2525 1205 sola
2547 1151 2719 1203 divina
2746 1151 3030 1204 substantia
3051 1166 3162 1203 vere
3182 1152 3243 1203 sit
3271 1152 3508 1219 simplex.

2229 1241 2461 1307 Nullius,
2492 1245 2652 1296 etiam
2696 1242 3033 1312 incorporea:
3063 1251 3344 1306 creaturae,
3371 1257 3497 1295 vere
3516 1240 3746 1308 simplex

2160 1342 2243 1388 est
2272 1334 2599 1399 substantia,
2631 1334 2715 1387 cui
2758 1348 2865 1387 non
2916 1333 3017 1386 hoc
3056 1343 3138 1387 est
3164 1348 3307 1398 esse,
3356 1332 3495 1403 quod
3545 1348 3740 1398 nosse;

2155 1432 2335 1495 potest
2363 1426 2506 1480 enim
2532 1435 2560 1475 P
2589 1439 2730 1489 esse,
2786 1440 2886 1479 nec
2928 1439 3089 1479 nosse
3116 1441 3128 1477 :
3160 1432 3212 1476 at
3242 1425 3333 1477 illa
3368 1423 3541 1477 divina
3575 1434 3601 1473 ει
3632 1440 3739 1478 non

2157 1524 2357 1585 potest,
2380 1516 2501 1586 quia
2536 1516 2769 1585 idipsum
2798 1524 2883 1569 est
2904 1514 3046 1583 quod
3080 1514 3258 1570 habet.
3286 1514 3364 1568 Ac
3390 1529 3480 1583 per
3508 1513 3611 1567 hoc
3633 1530 3739 1569 non

2153 1609 2232 1661 sic
2263 1608 2424 1661 habet
2446 1607 2748 1670 scientiam,
2777 1614 2834 1660 ut
2863 1605 3003 1659 aliud
3032 1606 3111 1659 illi
3137 1606 3205 1659 sit
3233 1604 3459 1659 scientia
3484 1620 3588 1674 qua
3611 1606 3735 1668 scit,

464 1716 609 1753 nunc
641 1714 745 1753 non
793 1698 1023 1768 diligat?
1063 1698 1240 1753 Absit.
1270 1699 1555 1765 Quomodo
1587 1700 1731 1754 enim
1762 1715 1861 1753 nos
1889 1700 2048 1756 Pater
2078 1705 2124 1764 B
2152 1698 2296 1753 aliud
2316 1699 2549 1753 essentia
2567 1713 2666 1765 qua
2694 1706 2799 1763 est,
2818 1697 2915 1751 sed
2945 1706 3235 1764 utrumque
3264 1711 3459 1750 unum:
3492 1697 3736 1766 quamvis

461 1789 580 1843 sine
612 1788 769 1854 Filio,
798 1798 887 1842 aut
916 1788 1086 1844 Filius
1109 1791 1228 1843 sine
1259 1789 1416 1843 Patre
1444 1790 1732 1860 diligeret?
1760 1800 1785 1838 8
1812 1791 2050 1857 Quomo«

464 1882 556 1951 do,
582 1897 703 1936 cum
739 1882 1176 1951 inseparabiliter
1205 1892 1498 1950 operentur
1518 1924 1533 1946 ,
1567 1883 1938 1951 separabiliter
1967 1883 2049 1937 dio

459 1972 665 2043 Iigunt?
691 1972 796 2029 Sed
822 1972 888 2025 ad
933 1973 1036 2026 hoc
1083 1973 1298 2042 diligam
1340 1988 1477 2036 eum,
1506 1972 1572 2026 ad
1603 1972 1745 2041 quod
1778 1974 2043 2042 sequitur,

455 2074 505 2118 et
526 2064 861 2135 manifestabo
886 2066 931 2118 ei
960 2081 1039 2118 me
1064 2066 1269 2134 ipsum;
1305 2065 1541 2135 diligam,
1557 2075 1605 2119 et
1620 2067 1980 2137 manifestabo,
1997 2068 2046 2121 id

455 2166 557 2220 est,
586 2158 650 2211 ad
683 2157 787 2211 hoc
828 2156 1078 2226 diligam,
1113 2165 1171 2210 ut
1215 2156 1759 2212 manifestem.~Nunc
1787 2159 1931 2213 enim
1978 2161 2046 2214 ad

454 2248 559 2302 hoc
586 2245 613 2284 δ
643 2247 852 2313 dilexit,
883 2258 942 2302 ut
973 2247 1286 2313 credamus,
1316 2256 1371 2302 et
1414 2246 1432 2285 ί
1466 2249 1777 2303 mandatum
1822 2249 1944 2304 ﬁdei
1968 2257 2048 2305 te-

454 2355 677 2395 neamus
708 2357 721 2392 :
753 2350 877 2395 tunc
903 2340 968 2394 ad
998 2338 1102 2394 hoc
1142 2339 1350 2410 diliget,
1378 2350 1440 2394 ut
1468 2340 1768 2405 videamus,
1794 2352 1848 2396 et
1874 2343 2042 2412 ipsam

452 2434 715 2488 visionem
741 2434 1044 2488 mercedem
1079 2433 1202 2488 ﬁdei
1226 2434 1671 2503 capiamus.Quia
1698 2445 1752 2490 et
1784 2450 1881 2491 nos
1904 2450 2044 2491 nunc

452 2525 731 2595 diligimus
760 2525 1032 2580 credendo
1066 2522 1081 2575 ἕ
1135 2526 1281 2594 quod
1309 2526 1646 2592 videbimus;
1697 2535 1824 2582 tunc
1860 2537 2039 2583 autem

449 2618 735 2686 diligemus
765 2617 996 2672 videndo
1026 2617 1167 2686 quod
1212 2617 1544 2673 credidimus
1575 2616 1749 2690 (Aug.
1783 2627 1928 2674 tract.
1969 2619 2040 2675 75

448 2708 499 2761 in
522 2706 705 2778 10am,
729 2724 783 2762 η.
812 2710 901 2777 5).

447 2820 789 2877 ccccxvm
815 2820 989 2894 [Alias
1010 2819 1326 2896 eccm],
1353 2832 1478 2896 ante
1516 2821 1813 2896 cecmv
1830 2822 1869 2896 ].
1904 2821 1932 2861 ιι
1961 2822 2039 2877 De

898 2896 1000 2946 vite
1028 2900 1075 2946 et
1106 2893 1401 2961 palmitibus
1431 2893 1571 2946 vitis.

517 2983 593 3038 Ita
627 2991 752 3038 sunt
786 2984 836 3038 in
886 2984 995 3038 vite
1041 2983 1287 3052 palmites
1312 3022 1327 3049 ,
1356 2992 1417 3037 ut
1443 2983 1538 3037 viti
1569 2984 1702 3038 nihil
1731 2984 2031 3052 conferant,

2153 1808 2260 1846 non
2300 1802 2590 1859 utrumque
2624 1788 2911 1844 dicendum
2937 1789 3026 1852 sit,
3048 1788 3187 1857 quod
3208 1788 3489 1843 verissime
3509 1790 3736 1858 simplex

2152 1893 2206 1938 et
2237 1898 2405 1937 unum
2451 1891 2553 1936 est.
2583 1880 2754 1936 Habet
2781 1881 2925 1936 enim
2954 1879 3115 1934 Pater
3141 1880 3303 1933 vitam
3328 1880 3379 1933 in
3409 1881 3731 1949 semetipso:

2152 1991 2253 2030 nec
2278 1973 2423 2029 aliud
2454 1986 2534 2029 est
2558 1975 2674 2043 ipse
2703 1988 2865 2043 quam
2901 1973 3032 2039 vita,
3064 1988 3183 2043 qua:
3212 1973 3262 2025 in
3294 1973 3390 2027 illo
3415 1982 3531 2028 est:
3556 1983 3607 2027 et
3633 1972 3731 2027 de-

2148 2068 2224 2123 dit
2251 2068 2386 2122 Filio
2410 2067 2612 2122 habere
2642 2068 2804 2121 vitam
2830 2067 2883 2121 in
2915 2066 3247 2135 semetipso;
3281 2067 3381 2121 hoc
3410 2077 3517 2134 est,
3545 2067 3725 2136 genuit

2154 2159 2372 2228 Filium,
2397 2159 2487 2229 qui
2518 2167 2575 2212 et
2602 2162 2715 2227 ipse
2746 2167 2766 2194 τ
2802 2157 2910 2212 vita
2932 2166 3094 2212 esset.
3120 2157 3211 2212 Sic
3254 2158 3430 2227 itaque
3470 2157 3727 2212 debemus

2148 2254 2396 2321 accipere
2443 2250 2585 2320 quod
2617 2251 2685 2305 de
2717 2249 2920 2318 Spiritu
2971 2259 3158 2303 sancto
3214 2248 3413 2303 dictum
3461 2257 3571 2313 est,
3609 2247 3730 2303 Non

2146 2345 2283 2397 enim
2310 2343 2541 2412 loquetur
2565 2359 2595 2394 a
2624 2342 2893 2411 semetipso
2918 2382 2933 2405 ,
2977 2341 3067 2395 sed
3113 2357 3443 2411 quaecumque
3484 2340 3726 2404 audierit,

2146 2433 2379 2503 loquetur
2407 2431 2590 2502 (Joan.
2630 2448 2742 2494 xvi,
2772 2432 2909 2501 l5);
2937 2442 2994 2485 ut
3036 2431 3416 2501 intelligamus,
3460 2446 3565 2485 non
3605 2445 3728 2485 eum

2144 2540 2267 2581 esse
2293 2542 2319 2578 a
2344 2524 2655 2594 semetipso.
2685 2525 2845 2579 Pater
2871 2526 3069 2594 quippe
3097 2525 3245 2579 solus
3266 2525 3333 2578 de
3356 2523 3463 2578 alio
3486 2538 3592 2577 non
3620 2532 3724 2579 est.

2142 2616 2277 2674 Nam
2307 2628 2361 2674 et
2389 2618 2555 2672 Filius
2576 2617 2644 2672 de
2668 2618 2828 2671 Patre
2850 2625 3008 2672 natus
3035 2627 3142 2683 est,
3166 2627 3223 2671 et
3242 2617 3479 2687 Spiritus
3507 2627 3727 2672 sanctus

2141 2710 2211 2768 de
2234 2710 2393 2766 Patre
2427 2719 2448 2746 ⁸
2486 2709 2729 2780 procedit
2760 2725 2774 2762 :
2807 2709 2969 2763 Pater
3010 2719 3191 2763 autem
3225 2723 3322 2763 nec
3352 2718 3509 2762 natus
3547 2719 3627 2762 est
3658 2709 3728 2763 de

2140 2806 2269 2870 alio,
2301 2819 2401 2860 nec
2445 2803 2710 2873 procedit.
2734 2802 2842 2856 Nec
2872 2802 2996 2857 ideo
3036 2817 3164 2857 sane
3192 2801 3364 2871 aliqua
3396 2799 3728 2870 disparilitas

2142 2898 2198 2950 in
2230 2910 2439 2950 summa
2466 2895 2557 2949 illa
2585 2893 2851 2949 Trinitate
2896 2892 3206 2962 cogitationi
3246 2902 3493 2946 occurrat
3537 2891 3731 2945 buma-

2143 3002 2225 3041 nte
2259 3004 2272 3040 :
2305 2986 2426 3056 quia
2468 2995 2520 3040 et
2552 2984 2718 3039 Filius
2745 2985 2792 3040 ei
2819 2984 2888 3039 de
2934 3001 3040 3054 quo
3066 2992 3220 3037 natus
3268 2992 3371 3048 est,
3403 2992 3457 3037 et
3481 2980 3729 3051 Spiritus

444 3076 539 3130 sed
584 3076 708 3130 inde
735 3075 998 3143 accipiant
1024 3074 1172 3153 unde
1200 3074 1406 3127 vivant.
1442 3073 1532 3130 Sic
1568 3077 1768 3144 quippe
1797 3075 1921 3131 vitis
1949 3086 2034 3131 est
2063 3082 2107 3142 (ζ
2139 3088 2356 3133 sanctus
2384 3077 2435 3133 ei
2473 3077 2541 3132 de
2569 3092 2674 3146 quo
2705 3074 2968 3146 procedit.
3002 3075 3222 3145 aequalis
3252 3083 3335 3131 est
3366 3074 3534 3146 (Aug.
3566 3081 3725 3129 tract.

445 3168 496 3222 in
522 3168 863 3237 palmitibus,
899 3177 955 3222 ut
980 3167 1145 3223 vitale
1173 3166 1496 3222 alimentum
1530 3169 1903 3224 subministret
1930 3171 2033 3237 eis,

444 3276 551 3315 non
581 3270 761 3315 sumat
785 3261 853 3315 ab
879 3261 979 3316 eis.
1003 3260 1081 3315 Ac
1106 3276 1203 3330 per
1231 3259 1333 3315 hoc
1362 3270 1416 3314 et
1440 3268 1746 3315 manentem
1778 3260 1831 3315 in
1862 3277 1922 3315 se
1941 3261 2039 3316 ba-

445 3352 576 3407 bere
602 3350 900 3418 Christum,
931 3362 1231 3408 etmanere
1258 3353 1310 3405 in
1338 3350 1575 3419 Christo,
1604 3353 1883 3422 discipulis
1910 3370 2037 3424 pro-

444 3444 566 3498 dest
593 3453 903 3514 utrumque,
927 3457 1035 3499 non
1061 3444 1303 3498 Christo.
1328 3443 1464 3498 Nam
1482 3445 1708 3512 praeciso
1738 3447 1896 3518 602
1920 3448 2036 3516 pal-

443 3537 596 3601 mite,
621 3545 797 3604 potest
828 3536 897 3590 de
939 3536 1057 3589 viva
1086 3533 1271 3590 radice
1314 3534 1455 3588 alius
1484 3535 1749 3603 pullulare
1774 3554 1787 3589 :
1817 3539 1907 3606 qui
1932 3554 2030 3593 au-

442 3637 548 3683 tem
578 3628 839 3696 prazcisus
878 3636 982 3691 est,
1002 3628 1118 3682 sine
1144 3626 1323 3682 radice
1350 3642 1454 3680 non
1475 3636 1653 3696 pmest
1670 3628 1847 3685 vivere
1869 3628 2027 3703 (Aug.

441 3727 592 3774 tract.
624 3718 691 3776 8i
721 3721 776 3774 iu
803 3719 964 3774 Joan.
1025 3736 1080 3773 η.
1114 3718 1175 3782 1ς
1203 3734 1321 3773 can.
1346 3716 1419 3772 24
1444 3734 1588 3773 conc.
1616 3720 1807 3776 Araus.
1836 3719 1922 3790 ll).

505 3970 533 3999 ἰ
558 3958 888 4029 Scripsimus
917 3958 1195 4027 colligitur,
1243 3958 1362 4012 loco
1389 3956 1538 4009 vocis
1568 3957 1871 4029 pollicetur,
1893 3971 2013 4025 qua:

435 4033 490 4088 in
514 4041 668 4085 antea
685 4027 851 4082 inditis
875 4030 1171 4096 legebatur,
1205 4029 1527 4081 auctoritate
1560 4042 1691 4079 mss.
1724 4027 1933 4094 Remig.
1958 4036 2014 4080 et

434 4102 567 4161 Jo|.,
597 4110 652 4153 et
677 4101 796 4166 quia
824 4099 874 4152 id
907 4112 1118 4163 quoque
1148 4101 1197 4149 iu
1224 4100 1465 4165 margine
1493 4096 1799 4150 indicarunt
1825 4111 2014 4150 omnes

348 4192 373 4207 ο
435 4172 703 4225 editiones
731 4184 759 4222 a
792 4168 1133 4237 Lugduiicnsi
1164 4169 1335 4221 veteri
1360 4167 1426 4221 ad
1462 4167 1700 4231 ultimas,
1730 4180 1783 4222 et
1812 4168 1866 4220 in
1896 4166 2016 4222 loco

435 4240 716 4311 Augustini
749 4238 995 4311 habetur.

505 4306 546 4351 δ’
565 4311 639 4365 Ita
667 4326 767 4362 ms.
799 4309 905 4364 Jol.
924 4307 1051 4369 Alii,
1085 4307 1158 4361 De
1179 4306 1419 4371 petitione
1445 4306 1727 4359 contraria.

509 4393 531 4421 ο
565 4382 662 4436 Ms.
697 4379 931 4447 Remig,
963 4380 1230 4448 acceperit.

504 4451 531 4489 δ
560 4450 746 4505 Colon.
779 4446 887 4504 vet.
911 4446 1250 4520 editq'possit
1281 4448 1404 4500 dare
1424 4453 1481 4500 ut
1509 4446 1781 4520 propitius.

509 4531 532 4559 ο
565 4523 713 4576 Alias
735 4522 887 4574 editi.
922 4517 998 4572 De
1020 4517 1307 4581 dilectione,
1327 4518 1836 4586 qumdaui'addemla
1860 4517 2016 4572 duxi-

433 4608 555 4646 mus
580 4592 797 4657 niajoris
824 4590 1214 4657 perspicuitatis
1238 4592 1431 4659 gratia.
1464 4589 1559 4642 Ms.
1592 4588 1695 4642 Jol.
1733 4604 1826 4655 pro
1856 4589 2015 4643 titulo

435 4664 614 4721 habet,
650 4662 747 4726 Qui
777 4660 943 4732 diligit
971 4660 1214 4732 diligetur
1238 4658 1270 4711 ά
1302 4658 1463 4732 Patre
1481 4673 1615 4725 meo,
1647 4668 1751 4732 etc.

510 4732 528 4771 τ
565 4734 663 4787 Ms.
689 4728 896 4800 Remig‘.
933 4731 1015 4782 hic
1046 4728 1235 4784 inserit
1262 4730 1423 4783 verba
1454 4730 1551 4784 ista
1574 4770 1587 4793 ,
1621 4728 1755 4793 Quid
1784 4739 1856 4782 est
1886 4728 2011 4781 dili-

432 4820 575 4876 gam,
600 4815 646 4857 et
678 4801 1010 4876 manifestabo
1042 4818 1118 4876 me
1154 4803 1340 4876 ipsum.

509 4874 647 4929 SSic
677 4890 778 4925 nis.
820 4869 932 4926 .lol.
974 4871 1322 4926 eoulormiter
1354 4870 1516 4923 textui
1561 4870 1844 4937 Augustini
1895 4869 2015 4923 loco

432 4945 594 5000 citato
623 4946 728 4998 hic.
763 4943 955 4997 Colon.
979 4954 1086 4996 vet.
1116 4942 1271 5004 edit,
1310 4941 1577 5007 Quomodo
1607 4941 2015 5007 inseparabiliter

430 5026 727 5081 operantur,
760 5013 1108 5081 separabiluer
1133 5014 1440 5081 diliguntur,
1464 5012 1599 5063 forte
1627 5026 1723 5077 pro
1754 5010 2018 5080 diligunt?

432 5088 536 5141 Alii
565 5085 799 5149 endit-es,
833 5084 958 5138 Cum
1001 5082 1410 5153 inseparabiliter
1432 5091 1726 5150 aperentur,
1759 5082 2014 5150 quomodo

428 5157 779 5227 separabiliter
801 5154 1064 5227 diligunt?

502 5228 530 5268 ιι
558 5229 658 5281 Ms.
683 5222 916 5295 Remng
941 5226 1008 5277 ad
1026 5224 1120 5277 hoc
1143 5222 1331 5293 diligit.
1352 5222 1454 5277 Alii
1477 5236 1668 5277 omnes
1699 5230 1819 5291 post
1849 5225 2010 5290 Aug.,

428 5300 631 5352 dilexit.

507 5370 523 5407 ί
554 5368 652 5422 Ms.
682 5366 916 5435 Remig.,
951 5367 1193 5419 mandata
1233 5366 1375 5434 ﬁdei.
1412 5363 1517 5419 Jol.
1553 5378 1679 5429 ms.,
1710 5363 2011 5435 mandatum

430 5440 575 5508 ﬁdei,
604 5448 658 5491 ut
686 5438 739 5491 iu
770 5433 995 5504 August.
1046 5433 1257 5501 Cmtert,
1299 5436 1593 5508 mandatum
1619 5435 1732 5505 ejus
1765 5447 1783 5486 .'
1813 5433 1905 5501 qui
1932 5442 2012 5485 ta-

427 5505 555 5564 tnen
584 5509 882 5561 mandatum
909 5508 1026 5569 ﬁdei
1052 5507 1103 5560 l-t-t
1135 5521 1227 5561 ora
1252 5508 1375 5562 libri
1412 5505 1719 5571 indigitaut.

502 5580 518 5629 l
558 5578 654 5632 Ms.
686 5576 816 5645 λοι..
840 5578 978 5648 quod
1026 5593 1127 5633 non
1165 5578 1413 5634 videmus.
1436 5574 1541 5631 Alii
1573 5580 1629 5628 ut
1678 5574 1733 5629 in
1776 5580 1925 5629 textu
1954 5578 2008 5629 et

428 5646 657 5714 August.

2138 3169 2206 3225 99
2235 3170 2289 3223 in
2319 3168 2504 3233 Joan.,
2533 3166 2701 3237 ημι).

2137 3283 2434 3341 CCCLXXI
2460 3282 2627 3353 [Alias
2646 3281 2967 3344 CCCLXIX,
2990 3290 3109 3335 ante
3127 3276 3545 3353 CCCLXVII].‘i
3579 3277 3729 3344 Quo-

2231 3356 2387 3409 modo
2416 3349 2563 3419 ruir,
2586 3364 2633 3407 et
2653 3368 2804 3420 ent'r,
2838 3363 2883 3407 et
2906 3369 3001 3407 εει·
3027 3393 3040 3414 ,
3066 3354 3391 3422 accipiantur
3416 3352 3468 3403 in
3497 3349 3627 3403 Deo.

2207 3445 2465 3513 Quamvis
2511 3454 2700 3500 natura
2730 3443 3187 3499 incommutabilis
3224 3459 3328 3497 non
3360 3440 3586 3510 accipiat
3618 3440 3727 3509 fuit

2137 3547 2191 3593 et
2217 3537 2337 3601 erit,
2389 3535 2484 3591 sed
2533 3544 2762 3600 tantum,
2791 3534 3053 3603 estzipsa
3103 3533 3245 3588 enim
3297 3532 3560 3587 veraciter
3598 3541 3719 3593 est,

2137 3628 2263 3699 quia
2287 3628 2444 3681 aliter
2468 3640 2630 3696 quam
2653 3634 2757 3693 est,
2782 3640 2904 3681 esse
2928 3639 3035 3679 non
3063 3632 3235 3694 potest
3265 3641 3277 3677 :
3300 3632 3473 3677 tamen
3500 3630 3725 3691 pmptcr

2138 3718 2551 3775 mutabilitatem
2580 3727 2882 3787 temporum
2901 3757 2917 3784 ,
2947 3717 2999 3771 in
3031 3716 3226 3786 quibus
3254 3722 3499 3770 versatur
3527 3722 3722 3768 nostra

2194 3954 2221 3993 ιι
2251 3955 2546 4019 Hactenus,
2572 3953 2650 4007 De
2674 3952 2968 4019 palmitibus
2996 3953 3131 4006 vitis.
3159 3951 3259 4008 Ms.
3284 3951 3417 4019 Jol.,
3444 3950 3719 4018 Quomodo

2123 4027 2225 4082 sint
2252 4027 2303 4078 in
2334 4026 2432 4078 vite
2462 4024 2713 4089 palmites.

2201 4097 2214 4133 ι
2251 4098 2347 4149 Ms.
2378 4094 2648 4160 Joliensis,
2682 4094 2760 4148 De
2783 4109 2840 4147 eo
2867 4092 3005 4165 quod
3036 4093 3282 4163 scriptum
3316 4101 3414 4159 est,
3441 4091 3569 4146 Noli
3594 4107 3713 4147 esse

2114 4169 2293 4240 justus
2304 4166 2545 4240 multum:

2194 4235 2353 4301 mWSic
2383 4249 2483 4287 ms.
2529 4232 2736 4299 Remig.
2770 4242 2825 4288 et
2851 4234 2982 4287 edit.
3031 4231 3266 4301 append.
3300 4231 3524 4301 August.
3550 4230 3710 4300 juxta

2125 4300 2375 4361 enuidem
2402 4306 2457 4357 in
2486 4304 2639 4357 Joan.
2679 4304 2844 4357 Evau.
2872 4305 2967 4357 Ms.
2999 4300 3127 4366 Job,
3163 4302 3313 4367 Quod
3341 4320 3440 4355 non
3460 4306 3715 4374 estjusti-

2050 4373 2100 4432 D
2126 4380 2219 4431 tia.
2251 4377 2443 4430 Cmteri
2471 4374 2707 4441 codices,
2738 4374 2995 4440 Quoniam
3024 4390 3126 4426 non
3148 4383 3242 4426 est.

2193 4456 2222 4484 ιι
2246 4447 2443 4501 Vocem
2474 4448 2611 4499 Itane
2636 4447 2784 4497 nimis
2812 4444 3055 4498 addimus
3080 4460 3145 4497 ex
3175 4457 3275 4496 ms.
3299 4442 3504 4510 Remig.
3528 4452 3581 4496 et
3608 4442 3712 4497 Jo-

2122 4517 2303 4573 liensi.
2338 4516 2639 4583 Augustino
2678 4517 2913 4579 dicente,
2945 4514 3169 4567 Multum
3208 4515 3343 4565 enim
3378 4530 3431 4567 se
3465 4515 3713 4583 fucitju-

2121 4600 2273 4647 stum,
2298 4589 2383 4656 qui
2411 4587 2532 4638 dicit
2553 4602 2605 4639 se
2622 4603 2727 4656 non
2748 4587 2931 4656 habere
2955 4596 3234 4647 peccatum.

2194 4668 2218 4694 ο
2251 4659 2321 4711 Ita
2347 4671 2446 4709 ms.
2477 4656 2583 4709 Jol.
2614 4655 2849 4719 Reliqui,
2880 4655 2958 4707 De
2977 4656 3322 4725 simplicitate.

2192 4739 2220 4778 P
2250 4727 2375 4781 Mss.
2413 4727 2620 4794 Remig.
2651 4736 2705 4778 et
2732 4725 2866 4787 Jol.,
2898 4735 2943 4778 et
2976 4743 3077 4778 non
3105 4741 3272 4777 nosse.

2194 4810 2221 4849 (ι
2252 4799 2375 4852 Sola
2401 4798 2565 4851 editio
2585 4796 2775 4849 Colon.
2808 4808 2914 4851 vel.
2945 4797 3092 4849 addit
3120 4795 3223 4858 hic,
3254 4794 3555 4857 substantia,
3582 4808 3710 4862 qua

2122 4870 2174 4924 in
2199 4869 2316 4923 aliis
2338 4868 2585 4920 omnibus
2610 4883 2679 4922 ex
2708 4866 3137 4936 praecedentibus
3163 4865 3602 4936 subintelligitur.

2196 4949 2218 4977 ι’
2246 4939 2349 4992 Alii
2403 4939 2639 5000 codices,
2681 4934 2784 4990 vita
2818 4950 2906 4989 est.
2944 4936 3040 4991 Ms.
3070 4936 3282 5004 Remig.
3309 4945 3427 5003 post
3467 4934 3706 5003 August.

2121 5010 2174 5065 in
2203 5010 2358 5065 .Ioun.
2385 5010 2607 5075 Evang.,
2639 5008 2739 5059 vita
2768 5016 2917 5060 esset.

2195 5089 2216 5117 ⁸
2253 5081 2347 5133 Ms.
2382 5073 2589 5139 Reniig.
2637 5078 2724 5131 hic
2770 5078 2917 5130 addit
2946 5088 2994 5131 et
3020 5073 3199 5137 Filio;
3230 5083 3286 5129 et
3333 5074 3501 5143 infra,
3534 5075 3606 5128 eis
3634 5076 3706 5130 de

2119 5151 2300 5221 quibus
2327 5149 2573 5221 procedit.
2603 5149 2731 5214 Quae
2756 5163 2877 5221 eum
2911 5163 3011 5202 nec
3049 5147 3102 5221 in
3131 5146 3249 5221 aliis
3270 5146 3564 5221 codicibus,
3597 5161 3703 5202 nec

2120 5216 2173 5276 in
2199 5224 2315 5289 ipso
2339 5220 2470 5289 Aug.
2499 5219 2752 5289 'I‘racrtatu
2773 5218 3036 5287 legantur,
3059 5218 3305 5289 videntur
3329 5216 3701 5289 additamenta

2115 5287 2307 5345 scribae
2333 5287 2694 5343 amanuensis.
2728 5289 2961 5343 Maxime
2983 5302 3106 5341 cum
3134 5287 3322 5341 eodem
3350 5287 3563 5353 quidem
3590 5299 3703 5340 tra-

2115 5368 2283 5422 ctatu,
2307 5361 2399 5415 sed
2430 5360 2746 5429 posttnulta
2791 5359 3124 5429 interposita,
3153 5372 3410 5426 expresse
3451 5358 3703 5414 instituat

2114 5428 2713 5557 gingqaqiéﬂobare,
2747 5429 2889 5499 quod
2937 5428 3172 5499 Spiritus
3201 5437 3418 5483 sanctus
3458 5430 3620 5483 etiam
3663 5442 3701 5483 a

2162 5502 2253 5555 ilio
2282 5500 2543 5568 procedit.

2114 5570 2334 5695 degustato
2365 5587 2469 5629 ms.
2499 5570 2765 5629 Joliensis.
2799 5571 2906 5629 Alii
2937 5570 3097 5638 libri,
3143 5569 3222 5625 De
3263 5567 3701 5639 intemporalitate

2275 5659 2337 5695 is.

2151 5645 2337 5706 citatis,
