4028 6176
243 224 342 282 489

670 220 869 279 LIBER
910 227 1449 290 SENTENTIARUM
1492 236 1582 295 EX
1623 240 1965 305 OPERIBUS
2004 248 2060 305 S.
2106 247 2481 307 AUGUSTINI
2524 249 3042 311 DELIBATARUM.

3392 262 3498 322 490

239 337 525 393 mortalitas
552 346 608 391 et
632 338 795 410 603
828 352 1012 395 nostra
1044 344 1400 414 mutabilitas,
1436 364 1542 404 non
1584 353 1804 407 menda-
1831 358 1877 417 Α
1908 366 1982 409 ret
2012 354 2405 427 Domino,unus
2426 363 2637 433 spiritus
2655 373 2728 418 est
2754 365 2917 439 (Aug.
2939 378 3094 427 tract.
3120 371 3219 429 104
3239 375 3291 429 in
3314 374 3499 446 Joan.,

236 433 368 487 citer
393 429 637 496 dicimus,
686 440 712 468 ⁸
740 440 796 486 et
824 432 943 499 fuit,
977 443 1030 488 et
1050 436 1177 501 erit,
1208 446 1262 491 et
1288 445 1371 493 est
1402 456 1416 492 :
1457 438 1556 496 fuit
1585 442 1638 496 in
1668 438 1809 513 prte-

237 522 405 577 teritis
430 522 666 585 steculis,
707 529 791 576 est
835 522 890 576 in
931 527 1287 593 praesentibus
1310 569 1325 593 ,
1359 529 1465 591 erit
1502 530 1554 586 in
1585 533 1804 591 futuris.

234 610 349 665 Fuit
373 611 724 681 quippe,quia
748 610 774 649 δ
798 628 1086 683 numquam
1111 616 1312 684 defuit;
1345 620 1471 688 erit,
1498 623 1621 690 quia
1648 639 1805 678 num-

231 716 381 768 quam
421 700 624 767 deerit;
660 709 764 766 εμῑ,
792 705 914 772 quia
944 720 1160 774 semper
1196 718 1297 761 est.
1326 708 1509 772 Neque
1537 714 1680 766 enim
1712 730 1806 767 ve-

231 796 303 848 lut
330 794 417 862 qui
444 793 553 862 jam
588 809 694 848 non
722 796 813 860 sit,
841 810 961 849 cum
992 798 1279 866 praeteritis
1310 801 1534 868 occidit;
1569 813 1660 857 aut
1683 820 1804 860 cum

228 885 597 956 praesentibus,
629 894 897 955 tamquam
918 904 1022 945 non
1050 902 1285 966 maneat,
1319 893 1548 961 labitur;
1574 906 1805 953 autcum

229 976 435 1043 futuris,
471 985 744 1045 tamquam
777 992 885 1032 non
938 979 1120 1047 fuerit,
1156 984 1386 1038 orietur.
1421 986 1654 1043 Proinde
1682 1004 1804 1044 cum

224 1067 513 1122 secundum
544 1068 817 1122 volumina
853 1078 1154 1139 temporum
1200 1074 1401 1129 locutio
1446 1077 1677 1135 humana
1709 1097 1805 1135 va-

226 1164 415 1227 riatur;
444 1162 533 1231 qui
580 1177 677 1231 per
708 1163 854 1217 nulla
886 1166 1080 1220 deesse
1125 1169 1336 1236 potuit,
1366 1181 1457 1225 aut
1483 1182 1683 1242 potest,
1713 1184 1805 1230 aut

225 1251 415 1322 poterit
451 1259 716 1322 tempora,
766 1268 895 1308 vera
946 1255 1013 1315 de
1062 1256 1157 1310 illo
1214 1258 1468 1315 dicuntur
1515 1263 1806 1331 cujuslibet

226 1346 473 1415 temporis
515 1343 701 1400 verba.
733 1345 960 1415 Semper
990 1346 1175 1418 itaque
1222 1350 1374 1405 audit
1416 1352 1651 1423 Spiritus
1681 1372 1807 1410 san-

222 1446 353 1501 ctus,
380 1436 504 1504 quia
536 1450 752 1505 semper
791 1439 927 1503 scit;
969 1448 1023 1492 et
1049 1439 1209 1505 scire,
1251 1452 1305 1496 et
1357 1445 1567 1511 audire,
1602 1445 1801 1502 hocilli

223 1538 315 1593 est,
338 1528 480 1599 quod
510 1544 724 1598 semper
751 1545 891 1585 es~e.
922 1532 1152 1601 Semper
1178 1550 1307 1589 vero
1338 1535 1414 1590 illi
1456 1546 1540 1592 est
1565 1554 1704 1606 esse,
1735 1542 1803 1595 de

225 1620 369 1676 Patre
408 1622 726 1689 procedere.
771 1624 941 1679 Nemo
985 1637 1171 1681 autem
1220 1638 1396 1697 potest
1439 1630 1621 1687 dicere
1660 1633 1799 1703 quod

1912 448 2523 633 "éééingvwa.
2566 527 2908 633 cccpxxn,
2959 564 3079 633 ante
3122 555 3466 633 eccum].

2131 609 2159 649 ¹³
2203 609 2365 668 Omne
2404 626 2601 685 tempus
2627 635 2658 671 a
2680 618 2787 674 Deo
2824 609 2931 676 esse
2954 609 3282 693 dispositum:

1980 702 2146 775 604.
2180 704 2355 761 Omne
2396 718 2608 777 tempus
2645 710 2714 765 ab
2754 713 2850 766 illo
2895 724 2977 768 est
3022 716 3367 787 dispositum,
3411 723 3501 792 qui

1909 798 2136 864 tempori
2168 798 2412 854 subditus
2442 816 2546 855 non
2571 810 2676 856 est.
2704 804 2967 870 Quoniam
2991 823 3109 874 quae
3133 808 3309 865 futura
3342 823 3505 869 erant

1910 900 2008 955 per
2038 886 2251 958 singula
2292 898 2558 962 tempora,
2593 894 2644 946 in
2667 894 2763 949 Dei
2806 898 3068 965 sapientia
3100 902 3296 956 habent
3334 900 3349 940 ί
3386 904 3505 959 elﬁ-

1909 978 2118 1034 cientes
2148 995 2368 1049 causas,
2403 983 2455 1036 in
2484 999 2587 1053 qua
2620 986 2763 1040 nulla
2790 997 2917 1042 sunt
2938 998 3204 1060 tempora.
3230 993 3346 1048 Non
3369 1010 3501 1066 ergo

1909 1070 2165 1125 credatur
2188 1073 2318 1126 hora
2342 1077 2613 1142 passionis
2639 1076 2848 1132 Domini
2878 1079 2987 1135 l‘ato
3012 1092 3236 1153 urgente
3265 1088 3499 1155 venisse,

1908 1162 2000 1215 sed
2037 1162 2148 1216 Deo
2175 1165 2354 1233 potius
2385 1166 2689 1224 ordinante.
2723 1169 2840 1225 Non
2888 1175 3031 1228 enim
3086 1178 3101 1226 l
3151 1177 3360 1233 siderea
3401 1197 3502 1235 ne-

1908 1258 2133 1309 cessitas
2154 1256 2369 1312 Christo
2400 1258 2579 1313 intulit
2604 1276 2850 1330 crucem;
2885 1281 2983 1320 nec
3008 1267 3182 1321 sidera
3210 1276 3513 1341 coegerunt

1908 1347 2045 1400 mori
2082 1347 2318 1402 siderum
2364 1350 2701 1406 conditorem
2738 1372 2750 1405 :
2784 1357 2873 1424 qui
2907 1354 2931 1393 ¹ι
2977 1359 3349 1427 intemporalis
3376 1379 3499 1417 cum

1909 1435 2090 1505 Patre,
2124 1440 2211 1495 sic
2239 1451 2451 1511 tempus
2481 1460 2587 1513 quo
2608 1460 2772 1501 carne
2800 1459 3123 1519 moreretur,
3156 1456 3506 1522 quemadmo-

1904 1527 2030 1582 dum
2059 1540 2113 1584 et
2138 1548 2243 1600 quo
2269 1532 2337 1588 de
2368 1546 2539 1590 matre
2571 1550 2902 1606 nasceretur,
2934 1542 3099 1613 elegit
3135 1546 3312 1617 (Aug.
3348 1549 3499 1611 ibid..

1906 1639 1959 1677 n.
1999 1622 2035 1675 ε
2061 1622 2100 1693 ).

225 1729 316 1768 non
338 1716 403 1769 sit
435 1715 547 1769 vita
579 1716 814 1786 Spiritus
845 1728 1087 1785 sanctus,
1112 1736 1231 1777 cum
1256 1723 1362 1777 vita
1396 1725 1571 1792 Pater,
1592 1729 1699 1780 vita
1732 1729 1799 1783 sit
1834 1736 1878 1795 Β
1904 1712 2225 1770 CCCLXXV
2253 1717 2421 1788 (Αίίαε
2448 1717 2819 1801 εβοίέχξίυν,
2848 1736 2965 1801 ml“
2994 1727 3338 1801 CCCLxx'l-
3380 1730 3395 1769 ¹
3425 1732 3502 1788 De

224 1805 392 1861 Filius.
426 1811 509 1861 Ac
542 1823 638 1875 per
679 1809 779 1862 boc
805 1812 945 1865 sicut
977 1813 1136 1868 Pater
1166 1831 1286 1869 cum
1327 1816 1522 1872 habeat
1556 1820 1717 1872 vitam
1750 1822 1800 1874 in

222 1896 682 1966 semetipso,dedit
711 1908 766 1953 et
794 1901 931 1954 Filio
963 1904 1163 1959 habere
1192 1909 1355 1960 vitam
1388 1909 1439 1961 in
1469 1910 1798 1979 semetipso:

227 1996 245 2024 ο
272 1988 344 2044 sic
366 1987 413 2041 ei
448 1987 605 2043 dedit
626 1990 789 2044 vitam
826 1994 1121 2060 procedere
1149 1996 1216 2051 de
1247 1998 1363 2062 illo,
1392 2000 1528 2053 sicut
1562 2002 1804 2069 procedit

223 2086 267 2131 et
298 2078 361 2133 de
394 2078 513 2148 ipso
545 2078 697 2152 (Aug.
728 2090 876 2136 tract.
910 2084 978 2137 99
1006 2085 1059 2138 in
1087 2085 1273 2153 Joan.,
1293 2105 1346 2142 η.
1378 2090 1411 2144 5
1436 2105 1485 2143 et
1506 2090 1590 2161 9).

249 2190 558 2278 cccmgxq
617 2192 804 2278 [.Al‘ias
851 2195 1151 2278 ccgnxx,
1179 2210 1317 2278 ante
1363 2200 1704 2278 ecetxvut
1724 2206 1763 2278 1.

436 2261 461 2301 ἀ
512 2261 666 2330 Quod
698 2268 889 2320 donum
922 2267 1019 2323 Dei
1056 2272 1123 2325 sit
1138 2261 1370 2342 diligere
1398 2274 1585 2329 Deum.

284 2352 515 2409 Prorsus
553 2354 753 2411 donum
807 2357 902 2412 Dei
941 2370 1045 2427 est,
1094 2361 1322 2433 diligere
1369 2365 1556 2421 Deum.
1593 2366 1716 2436 lpse
1747 2379 1801 2422 ut

229 2443 525 2514 diligeretur
577 2446 747 2515 dedit,
782 2450 875 2518 qui
921 2466 1027 2506 non
1073 2451 1303 2507 dilectus
1350 2454 1558 2512 dilexit.
1607 2457 1802 2526 Displi-

226 2546 387 2591 t-entes
414 2540 588 2591 amati
620 2554 827 2604 sumus,
854 2552 911 2596 ut
939 2543 1093 2598 ﬁeret
1114 2545 1163 2599 in
1195 2546 1355 2600 nobis
1387 2548 1528 2603 unde
1560 2550 1803 2617 placere-

227 2643 343 2682 mus.
368 2638 391 2666 ο
425 2629 690 2685 Diﬂ'undit
715 2633 858 2687 enim
888 2634 1209 2692 charitatem
1240 2639 1292 2693 in
1317 2641 1574 2698 cordibus
1603 2646 1802 2699 nostris

227 2719 434 2787 Spiritus
460 2721 647 2777 Patris
677 2734 731 2779 et
773 2724 917 2790 Filii,
949 2743 1106 2797 quem
1142 2745 1261 2785 cum
1292 2732 1449 2789 Patre
1475 2752 1719 2791 amamus
1747 2750 1800 2792 et

226 2806 341 2863 Filio
370 2812 386 2879 (
411 2812 554 2882 Aug.
591 2822 741 2867 tract.
792 2816 895 2870 102
924 2818 976 2870 in
1002 2818 1191 2887 Joan.,
1220 2839 1279 2876 n.
1319 2822 1382 2889 5;
1408 2841 1522 2880 can.
1550 2825 1620 2880 25
1650 2845 1799 2885 conc.

226 2900 385 2957 Araus.
414 2906 510 2977 ιι).

225 3012 543 3071 CCCLXXIII
574 3016 755 3091 [Alias
798 3021 1292 3149 CCCLéXlzcnte
1327 3012 1621 3086 cchxrx
1649 3034 1687 3107 ].
1724 3035 1800 3090 De

808 3110 933 3149 vace
1020 3114 1110 3149 ιηε
1134 3114 1173 3149 ι.

807 3110 933 3160 pace
961 3110 1173 3152 Ltirtslt.

280 3174 376 3231 Pax
395 3177 603 3234 CliriSti
639 3180 800 3237 ﬁnem
833 3189 1094 3255 temporis
1120 3203 1228 3244 non
1260 3189 1456 3260 liabet,
1487 3203 1541 3249 et
1570 3196 1682 3261 ipsa
1711 3209 1794 3253 est

224 3270 373 3324 omnis
395 3273 492 3340 pia:
528 3275 854 3330 intentionis
882 3278 1219 3351 actionisque
1252 3285 1530 3352 perfectio.
1567 3288 1794 3359 Propter

227 3355 337 3413 hanc
348 3365 703 3419 sacramentis
716 3365 762 3436 ej
773 3383 834 3423 us
848 3369 1139 3427 inibnimur
1156 3385 1411 3446 :propter
1425 3380 1562 3434 hanc
1579 3398 1626 3435 m
1639 3384 1710 3437 ira
1720 3385 1798 3439 bi-

226 3448 342 3505 libus
362 3454 471 3521 ejus
491 3456 754 3525 operibus
782 3467 837 3513 et
865 3464 1207 3519 sermonibus
1233 3468 1513 3525 erudimur
1541 3490 1555 3527 :
1583 3489 1799 3546 propter

226 3538 372 3596 hancf
397 3544 665 3614 Spiritum
683 3549 800 3618 ejus
826 3552 1015 3621 pignus
1042 3557 1379 3627 accepimus;
1413 3538 1633 3633 propter
1661 3538 1799 3623 lianc

226 3631 268 3685 in
292 3649 401 3690 eum
423 3639 704 3696 credimus
728 3652 782 3696 et
804 3659 1105 3713 speramus,
1121 3659 1175 3704 et
1194 3666 1377 3708 amore
1404 3656 1589 3723 ipsius,
1624 3675 1794 3729 quan-

226 3732 317 3779 tum
345 3727 528 3799 donat,
567 3735 919 3789 accendimur
951 3754 965 3791 :
998 3749 1221 3809 propter
1247 3742 1382 3799 hanc
1408 3727 1790 3818 deuiqueiom-

224 3829 325 3869 nem
372 3819 781 3878 tribulationem
813 3826 1025 3883 fortiter
1056 3832 1370 3902 toleramus,
1402 3839 1538 3892 utin
1576 3857 1637 3895 ea
1669 3841 1792 3899 feli-

220 3902 337 3957 citer
384 3909 498 3965 sine
549 3913 909 3972 tribulatione
964 3933 1278 3989 regnemus.
1315 3922 1449 3976 Vera
1496 3922 1643 3975 enim
1688 3937 1796 3991 pax

220 3996 458 4054 unitatem
488 4002 645 4073 facit,
669 4009 929 4067 quoniam
964 4011 1006 4071 (Ι
1029 4011 1156 4067 Cor.
1178 4029 1251 4080 vr,
1279 4012 1367 4085 17)
1399 4030 1413 4067 :
1451 4016 1475 4055 Β
1503 4017 1594 4085 qui
1619 4015 1794 4072 adlue-

452 4131 699 4223 ll‘emigq‘
738 4139 939 4223 ut-fuit,
985 4154 1033 4196 et
1079 4147 1197 4211 erit,
1242 4158 1410 4223 etest.
1442 4153 1540 4208 Ms.
1576 4155 1707 4223 Jol.,
1737 4169 1785 4214 et

225 4194 324 4297 ﬁniit,
345 4208 387 4297 et
408 4204 523 4297 frit,
552 4194 721 4297 etest,
756 4194 1375 4297 Itt'disponuntugverl');
1403 4194 1779 4297 ἰιῖηιῖξὶέιλῖιξῖ

224 4265 310 4360 Alii
339 4265 521 4360 aluit,
554 4282 602 4325 et
623 4265 721 4360 ρει,
752 4288 801 4330 et
826 4265 949 4360 erit:
977 4283 1047 4336 Ita
1081 4265 1200 4360 post

225 4344 366 4436 Laium
384 4341 465 4396 hic
488 4358 593 4424 ms.
614 4345 886 4432 Joiiensis.
907 4352 1004 4408 ills.
1022 4341 1149 4411 vero
1171 4341 1461 4432 ncmi’gfir}
1487 4341 1781 4436 pi-retci'ilis.

224 4405 309 4481 Alii
335 4420 531 4481 autem,
566 4414 617 4466 in
652 4422 929 4481 prwterito.

281 4473 304 4511 δ
330 4473 824 4574 ϐοιοηίνθιίερὶιη
850 4507 1125 4564 numquam
1150 4498 1352 4554 desinit.
1388 4504 1483 4557 Ms.
1501 4506 1777 4574 Joliensis,

225 4559 473 4672 numquam
502 4570 603 4607 non
639 4558 754 4623 fuit.

284 4627 302 4655 ⁸
354 4638 397 4672 ta
446 4638 575 4672 mss.
610 4625 754 4672 Remi

372 4638 397 4673 a
434 4638 575 4716 'mss.
608 4625 819 4716 Remig.
870 4641 921 4686 et
966 4633 1251 4716 doliensis,
1293 4641 1440 4716 juxta
1495 4649 1777 4716 Augustini

224 4682 376 4808 locupi
398 4693 642 4815 gustum.
675 4682 1029 4758 CodiCesvalii'
1040 4682 1529 4782 si:

222 4771 377 4811 δαηεο
434 4781 458 4815 e
501 4774 559 4815 it.

244 4772 377 4811 aucto
398 4772 559 4817 dedit.

280 4825 303 4864 ά
330 4828 396 4883 lla
428 4850 531 4887 ms.
581 4836 855 4895 Joliensis.
885 4842 1014 4910 Alii,
1046 4846 1121 4902 De
1159 4850 1427 4910 dilectione
1463 4874 1564 4923 qua
1604 4860 1778 4931 diligi-

222 4910 318 4950 mus
340 4898 518 4954 Deum.

414 4919 518 4957 um.

283 4969 418 5057 slis.
450 4974 656 5057 Remig.
690 4992 811 5057 cum
845 4982 979 5057 aug.
1027 4996 1181 5044 tract.
1234 4992 1285 5044 in
1327 4994 1483 5050 Joan.
1515 5006 1571 5052 et
1618 5016 1770 5057 conc.

474 5036 805 5116 cauibabet,
833 5036 1116 5121 lii/fundit.
1132 5036 1571 5124 Creteri'cod'ices.

285 5177 680 5278 I‘Mglﬁsmig...
705 5192 960 5276 Spiritum
983 5200 1095 5271 ejus
1125 5202 1312 5278 pignus
1340 5209 1640 5278 accipimus.
1676 5212 1775 5267 Ms.

442 5256 451 5265 .
598 5242 671 5257 Π-.
706 5242 960 5263 ..Γ-...ψη
983 5242 1094 5271 ν..-
1125 5242 1311 5271 rus"...
1340 5242 1640 5278 uewprmuo.
1676 5242 1775 5267 tua.

220 5242 607 5341 J‘ttl:_._Spiritum
634 5266 744 5333 ejus
767 5267 951 5341 pignus
985 5274 1299 5341 accepimus,
1342 5287 1400 5331 ut
1440 5281 1494 5332 in
1547 5290 1777 5338 tractatu

222 5317 437 5420 ῥηιὲξὲεί..
469 5328 520 5380 in
568 5317 695 5385 Joa'n
714 5374 729 5397 ,
754 5317 964 5413 _'ci‘iato.
988 5317 1505 5416 'A'tii'né'éir'i",

223 5400 360 5470 sancti
388 5400 567 5470 pignus
596 5405 900 5470 accepimus.

287 5459 743 5561 fillta‘lialietxms,
794 5475 1004 5561 Remig.
1050 5484 1195 5561 utin
1247 5496 1476 5561 utroque
1525 5490 1773 5561 Apostoli

228 5531 391 5618 lexhh'I.
406 5535 502 5587 Alii
533 5531 1329 5618 codicesnostrifqui'adiiw‘rei
1358 5531 1483 5612 δεῖ.

691 5593 735 5596 --
772 5593 936 5601 ην-..
991 5593 1075 5603 ....
1103 5593 1328 5608 ..μηιωη
1358 5593 1483 5612 υεν.

286 5593 522 5701 ῊξηΛηις.
546 5607 811 5701 δοιιεχιςὶς.
843 5593 1299 5701 Αιίίεὶῃεςθιὴυδ,
1336 5627 1765 5701 ρεγίρηιρονὶὸιιδ.

339 5668 434 5725 Pro
475 5691 605 5730 voce
629 5684 874 5750 efﬁcaces,
922 5668 1254 5752 restituimus
1286 5668 1766 5773 ’eﬂicicnte’sl,

484 5768 741 5832 PATROL.
794 5780 887 5838 LI.

2442 1793 2638 1844 unitate
2677 1792 2961 1851 Trinitatis.

1977 1878 2033 1933 In
2064 1894 2130 1935 eo
2153 1882 2294 1951 quod
2323 1882 2553 1951 dicitur,
2588 1885 2719 1940 Hac
2748 1898 2821 1942 est
2861 1900 3027 1943 autem
3058 1892 3162 1946 vita
3190 1907 3400 1963 (eterna,
3446 1907 3501 1951 ut

1905 1982 2211 2043 cognoscant
2241 1982 2290 2028 te
2319 1976 2486 2029 solum
2531 1994 2702 2031 verum
2736 1978 2917 2047 Deum,
2948 1992 2995 2036 et
3022 2000 3169 2053 quem
3197 1988 3381 2042 misisti
3409 1991 3501 2042 Je-

1905 2077 2018 2114 sum
2062 2060 2324 2116 Christum
2362 2063 2547 2135 (Joan.
2591 2082 2723 2131 xvn,
2759 2068 2852 2139 5'),
2883 2070 3017 2126 ordo
3049 2078 3337 2130 verborum
3364 2088 3443 2131 est
3481 2096 3495 2132 :

1906 2161 1946 2189 ηδ
1971 2152 2038 2207 Ut
2061 2163 2132 2219 te,
2158 2162 2214 2208 et
2235 2171 2392 2224 quem
2414 2157 2608 2213 misisti
2635 2160 2820 2214 Jesum
2844 2162 3140 2231 Christum,
3163 2181 3500 2236 cognoscant.

1905 2244 2082 2298 solum
2112 2260 2298 2300 verum
2342 2247 2533 2303 Deum.
2563 2248 2969 2322 Consequenter
2992 2257 3137 2311 enim
3181 2259 3499 2329 intelligitur

1906 2344 1961 2390 et
1992 2334 2227 2405 Spiritus
2255 2348 2496 2394 sanctus.
2528 2341 2663 2406 Quia
2688 2342 2922 2411 Spiritus
2942 2354 3027 2401 est
3060 2346 3233 2403 Patris
3259 2360 3312 2404 et
3351 2350 3495 2416 Εειὶῡ,

1906 2435 2175 2497 tamquam
2223 2429 2462 2487 cliaritas
2506 2433 2879 2491 substantialis
2919 2448 2972 2493 ct
3021 2443 3498 2499 consulismntialis

1905 2519 2210 2573 amborum.
2240 2521 2506 2589 Quoniam
2544 2539 2650 2578 non
2691 2525 2798 2580 duo
2848 2528 2945 2594 dii,
3000 2529 3157 2585 Pater
3186 2543 3239 2586 et
3282 2533 3493 2600 Filius;

1907 2624 2007 2665 nec
2038 2621 2146 2665 tres
2173 2612 2271 2675 dii,
2305 2614 2464 2669 Pater
2492 2624 2544 2668 et
2593 2615 2758 2670 Filius
2780 2627 2836 2671 et
2861 2619 3096 2687 Spiritus
3126 2634 3375 2691 sanctus;
3398 2630 3493 2681 sed

1904 2699 2018 2771 ipsa
2049 2700 2291 2756 Trinitas
2317 2719 2454 2759 unus
2476 2705 2626 2760 solus
2646 2722 2806 2762 verus
2832 2708 2989 2764 Dens.
3009 2709 3119 2766 Nec
3149 2712 3290 2767 idem
3315 2723 3492 2771 tamen

1905 2792 2085 2859 Pater,
2121 2794 2210 2863 qui
2240 2793 2435 2864 Filius;
2476 2812 2572 2852 nec
2602 2798 2742 2853 idem
2795 2800 2985 2867 Filius,
3025 2805 3112 2871 qui
3168 2805 3353 2872 Pater;
3396 2825 3495 2864 nec

1904 2884 2046 2940 idem
2076 2887 2310 2958 Spiritus
2338 2899 2560 2944 sanctus
2584 2932 2599 2955 ,
2632 2892 2720 2958 qui
2758 2892 2915 2948 Pater
2960 2906 3055 2947 aut
3096 2895 3263 2952 Filius
3292 2916 3304 2951 :
3357 2915 3496 2968 quo-

1905 2977 2049 3031 niam
2081 2988 2189 3033 tres
2213 2988 2362 3044 sunt,
2393 2980 2573 3047 Pater,
2602 2992 2649 3037 et
2678 2980 2861 3050 Filius,
2899 2992 2955 3039 et
2972 2985 3206 3054 Spiritus
3228 3001 3445 3045 sanctus
3474 3010 3488 3046 :

1903 3067 1997 3121 sed
2023 3069 2136 3138 ipsa
2167 3069 2402 3126 Trinitas
2444 3086 2583 3127 unus
2625 3082 2709 3129 est
2740 3074 2877 3130 Deus
2907 3075 3078 3148 (Aug.
3120 3088 3273 3133 tract.
3309 3081 3411 3138 105
3439 3084 3492 3136 in

1821 3114 1865 3175 ο
1896 3114 2298 3232 λέξιςῖῑιξέῖ

1895 3250 2241 3338 coniugia
2271 3252 2300 3338 ,[
2323 3253 2466 3335 sua.
2492 3255 2876 3338 ςοεμξχιν,
2932 3271 3048 3315 ante
3074 3260 3420 3338 _ccct.xxu
3447 3265 3490 3338 j.

2073 3331 2101 3357 η
2132 3323 2562 3395 Quod—gignendo
2588 3330 2729 3381 dedit
2760 3323 2916 3383 Pater
2944 3334 3116 3386 omnia
3151 3333 3311 3389 Filio.

1972 3413 2240 3485 Quidquid
2291 3416 2432 3471 Deus
2476 3417 2638 3473 Pater
2670 3421 2779 3475 Deo
2829 3422 2969 3478 Filio
2997 3424 3164 3489 dedit,
3220 3426 3491 3498 gignendo

1901 3502 2075 3559 dedit.
2108 3505 2182 3559 lla
2214 3506 2360 3560 enim
2388 3506 2535 3562 dedit
2566 3508 2703 3564 Filio
2742 3511 2918 3580 Pater,
2952 3518 3071 3569 sine
3103 3516 3291 3585 quibus
3324 3520 3489 3575 Filius

1903 3609 2025 3651 esse
2049 3611 2156 3651 non
2182 3606 2382 3665 posset,
2410 3600 2551 3653 sicut
2574 3601 2623 3654 ei
2650 3600 2797 3655 dedit
2822 3613 2880 3657 ut
2910 3617 3073 3660 esset.
3105 3605 3236 3661 Nam
3259 3624 3488 3679 quomo-

1900 3687 1972 3741 do
2003 3686 2183 3742 Verbo
2233 3689 2397 3743 verba
2448 3690 2603 3747 daret
2650 3692 2849 3763 aliqua,
2887 3696 2937 3749 in
2991 3712 3098 3766 quo
3148 3700 3489 3760 ineﬂabiliter

1898 3778 2035 3832 dixit
2061 3779 2240 3833 omnia
2270 3780 2440 3852 (Aug.
2467 3789 2617 3834 tract.
2651 3783 2751 3838 106
2773 3784 2824 3837 in
2850 3783 3034 3852 10am,
3064 3805 3115 3842 η.
3141 3787 3209 3858 7)
3239 3789 3263 3843 ?

1898 3868 2486 3996 CCCLXXVIIngitZs
2899 3889 3033 4001 ante
3081 3881 3423 3941 CCCLXXIII

2384 3960 2410 3995 e
2470 3961 2528 3996 us
2624 3963 2635 3997 t
2753 3964 2894 4000 etcr
2980 3967 3093 4001 nos.
3393 3970 3401 3978 ·

2384 3960 2410 3995 e
2436 3960 2672 3997 cusroam
2698 3960 2794 3999 uet
2822 3964 2958 4001 circa
2980 3967 3093 4005 nos.
3393 3970 3401 3978 ’

1968 4029 2280 4088 Custodiam
2308 4034 2452 4090 circa
2499 4051 2598 4091 nos
2623 4037 2736 4104 Dei,
2786 4054 2894 4094 non
2928 4050 3034 4096 tam
3071 4046 3366 4104 carnaliter
3385 4050 3481 4107 de-

1888 4162 2088 4247 llabent
2108 4180 2238 4247 mss.
2273 4167 2483 4247 Remig.
2507 4176 2560 4224 et
2585 4169 2691 4247 Jol.
2724 4187 2787 4227 ac
2814 4172 2965 4229 locus
2983 4175 3207 4247 August.
3234 4179 3284 4235 in
3314 4182 3477 4242 Joan.

1890 4236 2130 4306 Evang.;
2162 4237 2327 4311 immo
2347 4250 2397 4292 et
2423 4240 2491 4311 in,
2517 4244 2759 4311 margine
2792 4254 3047 4300 notarunt
3066 4236 3254 4305 carnes
3278 4236 3475 4310 editio:

1890 4320 1984 4446 ηὸἱς
2012 4317 2133 4373 post
2172 4308 2445 4379 antiquam
2479 4308 2751 4383 Lugdun.,
2780 4330 2899 4385 qua:
2930 4318 2981 4370 in
3029 4327 3177 4374 textu
3202 4308 3474 4395 ferebant,

1890 4392 1911 4428 ι’
1967 4393 2129 4430 caces.

1886 4392 2129 4430 emcaces.

1962 4446 1975 4520 _i
2017 4446 2209 4520 Colon.
2242 4456 2349 4502 vet.
2381 4450 2537 4517 edit.,
2573 4450 2696 4505 Non
2724 4456 2854 4508 enim
2882 4472 3037 4511 causa
3068 4463 3401 4520 necessitatis.

1958 4514 2169 4599 {Quod
2199 4514 2533 4599 Atigtistinus
2572 4524 2623 4575 in
2655 4523 2814 4599 Joan.
2850 4527 3055 4596 Evang.
3090 4514 3475 4599 “primit-vltis

1813 4578 1864 4637 D
1885 4578 2089 4670 xerbi's,
2112 4604 2227 4641 cum
2245 4578 2433 4670 Patre.
2460 4594 2522 4645 de
2542 4609 2644 4670 quo
2673 4598 2783 4648 sine
2811 4578 3213 4670 tegnparzinatus
3234 4578 3344 4670 est;

1885 4655 2122 4737 Bemig.,
2168 4658 2256 4729 qui
2299 4655 2649 4732 intemporalis
2678 4679 2797 4746 cuin
2832 4655 2991 4721 Patre
3024 4682 3117 4746 est,
3143 4655 3344 4746 tempus

1884 4728 1936 4779 in
1968 4742 2121 4781 carne
2144 4728 2466 4811 moreretur,‘
2488 4742 2534 4785 et
2578 4735 2714 4801 quod
2736 4735 2909 4803 (forte
2948 4738 3085 4811 quo)
3108 4728 3178 4797 'de
3205 4728 3475 4803 matre

1882 4810 2103 4868 sceretur
2127 4800 2295 4868 elegit.

1962 4866 1981 4904 ι
2013 4869 2109 4922 Ms.
2134 4866 2261 4942 Jul,
2298 4867 2372 4922 De
2396 4869 2578 4925 ordine
2599 4873 2781 4929 horum
2810 4880 3075 4933 verborum
3106 4899 3123 4935 :
3149 4882 3217 4938 Ut
3257 4904 3473 4942 coonos-

1884 4948 2008 5020 cant.
2039 4948 2087 4990 te
2133 4940 2303 4992 solum
2344 4956 2514 4993 rerum
2555 4942 2739 5011 Deum,
2790 4960 2835 4999 et
2864 4966 3009 5020 quem
3070 4955 3252 5009 misisti
3288 4940 3470 5014 festini

1885 5008 2162 5061 Christum.

1956 5087 1993 5113 ω
2020 5078 2210 5132 Colon.
2246 5087 2355 5133 vet.
2390 5081 2547 5155 edit.,
2583 5083 2651 5155 {It
2696 5100 3002 5155 cognoscant
3031 5102 3076 5145 te
3105 5095 3268 5148 solum
3298 5114 3468 5153 verum

1884 5145 2070 5235 Peum,
2105 5158 2153 5201 et
2183 5166 2330 5235 qu'fm
2352 5145 3021 5235 misisti-fletum'Cltristunt
3048 5178 3356 5235 cognoscant
3388 5188 3469 5224 so-

1882 5218 1989 5297 lum
2012 5234 2191 5305 verum.
2227 5218 2390 5273 Deum
2422 5234 2523 5305 :het
2550 5227 2601 5279 in
2618 5232 2742 5305 “lino
2768 5233 3067 5305 sententiae,
3102 5218 3190 5287 sed
3214 5218 3467 5305 ipsawTri-

1880 5289 2017 5379 nitas
2054 5289 2105 5371 in
2136 5288 2217 5343 Itis
2250 5308 2382 5345 unus
2424 5290 2584 5350 Deus.
2616 5297 2826 5369 Reliqui
2866 5315 2922 5356 ut
2959 5303 3009 5356 in
3043 5288 3193 5358 textu
3225 5288 3281 5361 éi
3314 5288 3469 5379 apud

1881 5359 2261 5426 Augustinum.

1952 5437 1978 5464 η
2000 5428 2074 5502 Ita
2101 5445 2201 5484 ms.
2227 5431 2333 5502 Jol.
2359 5435 2570 5497 Crateri.
2600 5438 2739 5502 Quid
2764 5440 2901 5493 dedit
2925 5441 3083 5495 Pater
3108 5443 3264 5499 Filio.

1954 5507 1978 5535 ο
2010 5499 2099 5577 Sic
2132 5517 2232 5555 ms.
2260 5501 2537 5573 Joliensis,
2560 5499 2751 5562 colon.
2794 5521 2903 5564 vet.
2938 5513 3094 5575 edit.,
3133 5516 3204 5570 De
3226 5522 3461 5577 custodia

1879 5585 1978 5634 qua
2013 5570 2149 5625 Deus
2184 5583 2344 5627 servat
2366 5591 2504 5629 suos.
2525 5570 2665 5632 'Alii.
2704 5579 2776 5633 De
2812 5584 3043 5637 custodia
3075 5570 3189 5653 Dei,
3220 5570 3464 5656 quasue;

1877 5650 2061 5693 strvat.

2884 5819 2951 5875 16
