  <div class='ocr_page' id='page_1' title='image "/cluster/home/n/w/nwhite01/storage/ocr_20150623/51/hvd.32044054758610/251.png"; bbox 0 0 4028 6176; ppageno 0'>
   <div class='ocr_carea' id='block_1_1' title="bbox 518 188 625 246">
    <p class='ocr_par' dir='ltr' id='par_1_1' title="bbox 518 188 625 246">
     <span class='ocr_line' id='line_1_1' title="bbox 518 188 625 246; baseline 0.009 -2"><span class='ocrx_word' id='word_1_1' title='bbox 518 188 625 246; x_wconf 68' lang='grc'><strong>491</strong></span> 
     </span>
    </p>
   </div>
   <div class='ocr_carea' id='block_1_2' title="bbox 1759 184 2563 253">
    <p class='ocr_par' dir='ltr' id='par_1_2' title="bbox 1759 184 2563 253">
     <span class='ocr_line' id='line_1_2' title="bbox 1759 184 2563 253; baseline -0.002 -11"><span class='ocrx_word' id='word_1_2' title='bbox 1759 188 1812 243; x_wconf 94' lang='lat' dir='ltr'><strong>S.</strong></span> <span class='ocrx_word' id='word_1_3' title='bbox 1856 184 2196 243; x_wconf 74' lang='lat' dir='ltr'><strong>PROSPERI</strong></span> <span class='ocrx_word' id='word_1_4' title='bbox 2237 184 2563 253; x_wconf 75' lang='lat' dir='ltr'><strong>AQUITAM</strong></span> 
     </span>
    </p>
   </div>
   <div class='ocr_carea' id='block_1_3' title="bbox 3690 191 3803 248">
    <p class='ocr_par' dir='ltr' id='par_1_3' title="bbox 3690 191 3803 248">
     <span class='ocr_line' id='line_1_3' title="bbox 3690 191 3803 248; baseline 0.027 -3"><span class='ocrx_word' id='word_1_5' title='bbox 3690 191 3803 248; x_wconf 62' lang='lat'><strong>49$</strong></span> 
     </span>
    </p>
   </div>
   <div class='ocr_carea' id='block_1_4' title="bbox 518 299 3793 377">
    <p class='ocr_par' dir='ltr' id='par_1_4' title="bbox 518 299 3793 377">
     <span class='ocr_line' id='line_1_4' title="bbox 518 299 3793 377; baseline 0.001 -19"><span class='ocrx_word' id='word_1_6' title='bbox 518 304 707 359; x_wconf 82' lang='lat' dir='ltr'><strong>bemus</strong></span> <span class='ocrx_word' id='word_1_7' title='bbox 735 302 1000 373; x_wconf 85' lang='lat' dir='ltr'><strong>accipere,</strong></span> <span class='ocrx_word' id='word_1_8' title='bbox 1032 300 1175 356; x_wconf 81' lang='lat' dir='ltr'><strong>velut</strong></span> <span class='ocrx_word' id='word_1_9' title='bbox 1204 299 1439 357; x_wconf 76' lang='lat' dir='ltr'><strong>viciSsim</strong></span> <span class='ocrx_word' id='word_1_10' title='bbox 1473 314 1571 356; x_wconf 86' lang='lat' dir='ltr'><strong>nos</strong></span> <span class='ocrx_word' id='word_1_11' title='bbox 1597 311 1819 356; x_wconf 81' lang='lat' dir='ltr'><strong>servent</strong></span> <span class='ocrx_word' id='word_1_12' title='bbox 1855 302 2014 358; x_wconf 82' lang='lat' dir='ltr'><strong>Pater</strong></span> <span class='ocrx_word' id='word_1_13' title='bbox 2049 309 2103 357; x_wconf 90' lang='lat' dir='ltr'><strong>et</strong></span> <span class='ocrx_word' id='word_1_14' title='bbox 2129 303 2176 363; x_wconf 81' lang='grc' dir='ltr'><strong>Α</strong></span> <span class='ocrx_word' id='word_1_15' title='bbox 2209 300 2357 355; x_wconf 88' lang='lat' dir='ltr'><strong>illum</strong></span> <span class='ocrx_word' id='word_1_16' title='bbox 2382 302 2513 358; x_wconf 83' lang='lat' dir='ltr'><strong>liunt</strong></span> <span class='ocrx_word' id='word_1_17' title='bbox 2540 316 2568 356; x_wconf 92' lang='lat' dir='ltr'><strong>a</strong></span> <span class='ocrx_word' id='word_1_18' title='bbox 2596 301 2759 358; x_wconf 76' lang='lat' dir='ltr'><strong>Patre</strong></span> <span class='ocrx_word' id='word_1_19' title='bbox 2787 302 2964 357; x_wconf 85' lang='lat' dir='ltr'><strong>omnia</strong></span> <span class='ocrx_word' id='word_1_20' title='bbox 3003 302 3161 374; x_wconf 67' lang='lat' dir='ltr'><strong>(Aug.</strong></span> <span class='ocrx_word' id='word_1_21' title='bbox 3201 303 3272 356; x_wconf 88' lang='lat' dir='ltr'><strong>lib</strong></span> <span class='ocrx_word' id='word_1_22' title='bbox 3321 319 3337 357; x_wconf 86' lang='grc' dir='ltr'><strong>ι</strong></span> <span class='ocrx_word' id='word_1_23' title='bbox 3370 305 3431 359; x_wconf 84' lang='lat' dir='ltr'><strong>de</strong></span> <span class='ocrx_word' id='word_1_24' title='bbox 3451 303 3640 360; x_wconf 84' lang='lat' dir='ltr'><strong>Trinit.</strong></span> <span class='ocrx_word' id='word_1_25' title='bbox 3672 323 3793 377; x_wconf 79' lang='lat' dir='ltr'><strong>cap.</strong></span> 
     </span>
    </p>
   </div>
   <div class='ocr_carea' id='block_1_5' title="bbox 514 392 3538 464">
    <p class='ocr_par' dir='ltr' id='par_1_5' title="bbox 514 392 3538 464">
     <span class='ocr_line' id='line_1_5' title="bbox 514 392 3538 464; baseline 0 -13"><span class='ocrx_word' id='word_1_26' title='bbox 514 394 708 464; x_wconf 79' lang='lat' dir='ltr'><strong>Filius,</strong></span> <span class='ocrx_word' id='word_1_27' title='bbox 739 395 1017 450; x_wconf 88' lang='lat' dir='ltr'><strong>amborum</strong></span> <span class='ocrx_word' id='word_1_28' title='bbox 1044 392 1098 448; x_wconf 92' lang='lat' dir='ltr'><strong>in</strong></span> <span class='ocrx_word' id='word_1_29' title='bbox 1133 393 1289 448; x_wconf 88' lang='lat' dir='ltr'><strong>nobis</strong></span> <span class='ocrx_word' id='word_1_30' title='bbox 1322 403 1347 431; x_wconf 72' lang='grc' dir='ltr'><strong>ο</strong></span> <span class='ocrx_word' id='word_1_31' title='bbox 1375 393 1659 450; x_wconf 84' lang='lat' dir='ltr'><strong>servandis</strong></span> <span class='ocrx_word' id='word_1_32' title='bbox 1686 395 1988 451; x_wconf 91' lang='lat' dir='ltr'><strong>alternante</strong></span> <span class='ocrx_word' id='word_1_33' title='bbox 2014 410 2110 451; x_wconf 90' lang='lat' dir='ltr'><strong>cu-</strong></span> <span class='ocrx_word' id='word_1_34' title='bbox 2209 394 2261 462; x_wconf 87' lang='lat'><strong>7,</strong></span> <span class='ocrx_word' id='word_1_35' title='bbox 2304 405 2349 448; x_wconf 88' lang='lat' dir='ltr'><strong>el</strong></span> <span class='ocrx_word' id='word_1_36' title='bbox 2372 395 2460 449; x_wconf 86' lang='lat' dir='ltr'><strong>lib.</strong></span> <span class='ocrx_word' id='word_1_37' title='bbox 2492 412 2563 451; x_wconf 89' lang='lat' dir='ltr'><strong>vn</strong></span> <span class='ocrx_word' id='word_1_38' title='bbox 2592 405 2771 451; x_wconf 85' lang='lat' dir='ltr'><strong>contra</strong></span> <span class='ocrx_word' id='word_1_39' title='bbox 2792 412 2947 450; x_wconf 79' lang='lat' dir='ltr'><strong>serui.</strong></span> <span class='ocrx_word' id='word_1_40' title='bbox 2971 396 3154 451; x_wconf 85' lang='lat' dir='ltr'><strong>Ariau.</strong></span> <span class='ocrx_word' id='word_1_41' title='bbox 3186 413 3232 452; x_wconf 92' lang='lat' dir='ltr'><strong>c.</strong></span> <span class='ocrx_word' id='word_1_42' title='bbox 3265 399 3349 461; x_wconf 80' lang='grc'><strong>11,</strong></span> <span class='ocrx_word' id='word_1_43' title='bbox 3384 416 3433 450; x_wconf 82' lang='grc' dir='ltr'><strong>η.</strong></span> <span class='ocrx_word' id='word_1_44' title='bbox 3460 399 3538 461; x_wconf 88' lang='lat'><strong>9).</strong></span> 
     </span>
    </p>
   </div>
   <div class='ocr_carea' id='block_1_6' title="bbox 513 485 2103 558">
    <p class='ocr_par' dir='ltr' id='par_1_6' title="bbox 513 485 2103 558">
     <span class='ocr_line' id='line_1_6' title="bbox 513 485 2103 558; baseline -0.002 -13"><span class='ocrx_word' id='word_1_45' title='bbox 513 488 708 555; x_wconf 88' lang='lat' dir='ltr'><strong>stodia,</strong></span> <span class='ocrx_word' id='word_1_46' title='bbox 739 488 895 557; x_wconf 88' lang='lat' dir='ltr'><strong>quasi</strong></span> <span class='ocrx_word' id='word_1_47' title='bbox 940 485 1098 552; x_wconf 91' lang='lat' dir='ltr'><strong>alius,</strong></span> <span class='ocrx_word' id='word_1_48' title='bbox 1126 486 1289 558; x_wconf 80' lang='lat'><strong>605</strong></span> <span class='ocrx_word' id='word_1_49' title='bbox 1313 486 1421 541; x_wconf 90' lang='lat' dir='ltr'><strong>alio</strong></span> <span class='ocrx_word' id='word_1_50' title='bbox 1462 485 1796 554; x_wconf 78' lang='lat' dir='ltr'><strong>discedente,</strong></span> <span class='ocrx_word' id='word_1_51' title='bbox 1827 487 2103 542; x_wconf 79' lang='lat' dir='ltr'><strong>succedat.</strong></span> 
     </span>
    </p>
   </div>
   <div class='ocr_carea' id='block_1_7' title="bbox 510 579 2105 653">
    <p class='ocr_par' dir='ltr' id='par_1_7' title="bbox 510 579 2105 653">
     <span class='ocr_line' id='line_1_7' title="bbox 510 579 2105 653; baseline 0 -14"><span class='ocrx_word' id='word_1_52' title='bbox 510 582 682 639; x_wconf 86' lang='lat' dir='ltr'><strong>Simul</strong></span> <span class='ocrx_word' id='word_1_53' title='bbox 708 581 854 638; x_wconf 90' lang='lat' dir='ltr'><strong>enim</strong></span> <span class='ocrx_word' id='word_1_54' title='bbox 905 579 1219 636; x_wconf 81' lang='lat' dir='ltr'><strong>custodiunt</strong></span> <span class='ocrx_word' id='word_1_55' title='bbox 1257 580 1419 637; x_wconf 85' lang='lat' dir='ltr'><strong>Pater</strong></span> <span class='ocrx_word' id='word_1_56' title='bbox 1458 590 1514 637; x_wconf 92' lang='lat' dir='ltr'><strong>et</strong></span> <span class='ocrx_word' id='word_1_57' title='bbox 1565 581 1736 637; x_wconf 86' lang='lat' dir='ltr'><strong>Filius</strong></span> <span class='ocrx_word' id='word_1_58' title='bbox 1765 591 1820 637; x_wconf 90' lang='lat' dir='ltr'><strong>et</strong></span> <span class='ocrx_word' id='word_1_59' title='bbox 1869 582 2105 653; x_wconf 80' lang='lat' dir='ltr'><strong>Spiritus</strong></span> 
     </span>
    </p>
   </div>
   <div class='ocr_carea' id='block_1_8' title="bbox 509 672 2101 744">
    <p class='ocr_par' dir='ltr' id='par_1_8' title="bbox 509 672 2101 744">
     <span class='ocr_line' id='line_1_8' title="bbox 509 672 2101 744; baseline 0.002 -15"><span class='ocrx_word' id='word_1_60' title='bbox 509 683 726 730; x_wconf 84' lang='lat' dir='ltr'><strong>sanctus</strong></span> <span class='ocrx_word' id='word_1_61' title='bbox 745 716 760 741; x_wconf 94' lang='lat'><strong>,</strong></span> <span class='ocrx_word' id='word_1_62' title='bbox 809 674 899 744; x_wconf 91' lang='lat' dir='ltr'><strong>qui</strong></span> <span class='ocrx_word' id='word_1_63' title='bbox 945 684 1028 729; x_wconf 89' lang='lat' dir='ltr'><strong>est</strong></span> <span class='ocrx_word' id='word_1_64' title='bbox 1059 688 1197 729; x_wconf 91' lang='lat' dir='ltr'><strong>unus</strong></span> <span class='ocrx_word' id='word_1_65' title='bbox 1227 689 1384 728; x_wconf 90' lang='lat' dir='ltr'><strong>verus</strong></span> <span class='ocrx_word' id='word_1_66' title='bbox 1414 672 1442 712; x_wconf 77' lang='grc' dir='ltr'><strong>ι)</strong></span> <span class='ocrx_word' id='word_1_67' title='bbox 1472 682 1527 729; x_wconf 85' lang='lat' dir='ltr'><strong>et</strong></span> <span class='ocrx_word' id='word_1_68' title='bbox 1573 675 1766 731; x_wconf 89' lang='lat' dir='ltr'><strong>beatus</strong></span> <span class='ocrx_word' id='word_1_69' title='bbox 1795 674 1960 732; x_wconf 88' lang='lat' dir='ltr'><strong>Deus.</strong></span> <span class='ocrx_word' id='word_1_70' title='bbox 1993 677 2101 732; x_wconf 86' lang='lat' dir='ltr'><strong>Sed</strong></span> 
     </span>
    </p>
   </div>
   <div class='ocr_carea' id='block_1_9' title="bbox 508 763 2101 833">
    <p class='ocr_par' dir='ltr' id='par_1_9' title="bbox 508 763 2101 833">
     <span class='ocr_line' id='line_1_9' title="bbox 508 763 2101 833; baseline 0.001 -12"><span class='ocrx_word' id='word_1_71' title='bbox 508 763 786 833; x_wconf 85' lang='lat' dir='ltr'><strong>Scriptura</strong></span> <span class='ocrx_word' id='word_1_72' title='bbox 816 780 917 819; x_wconf 88' lang='lat' dir='ltr'><strong>nos</strong></span> <span class='ocrx_word' id='word_1_73' title='bbox 946 781 1053 819; x_wconf 83' lang='lat' dir='ltr'><strong>non</strong></span> <span class='ocrx_word' id='word_1_74' title='bbox 1078 765 1240 831; x_wconf 84' lang='lat' dir='ltr'><strong>levat,</strong></span> <span class='ocrx_word' id='word_1_75' title='bbox 1273 766 1377 820; x_wconf 92' lang='lat' dir='ltr'><strong>nisi</strong></span> <span class='ocrx_word' id='word_1_76' title='bbox 1398 765 1693 821; x_wconf 84' lang='lat' dir='ltr'><strong>descendat</strong></span> <span class='ocrx_word' id='word_1_77' title='bbox 1712 767 1779 822; x_wconf 91' lang='lat' dir='ltr'><strong>ad</strong></span> <span class='ocrx_word' id='word_1_78' title='bbox 1808 782 1926 823; x_wconf 91' lang='lat' dir='ltr'><strong>nos.</strong></span> <span class='ocrx_word' id='word_1_79' title='bbox 1951 767 2101 824; x_wconf 86' lang='lat' dir='ltr'><strong>Sicut</strong></span> 
     </span>
    </p>
   </div>
   <div class='ocr_carea' id='block_1_10' title="bbox 506 856 2097 926">
    <p class='ocr_par' dir='ltr' id='par_1_10' title="bbox 506 856 2097 926">
     <span class='ocr_line' id='line_1_10' title="bbox 506 856 2097 926; baseline 0.003 -14"><span class='ocrx_word' id='word_1_80' title='bbox 506 857 743 914; x_wconf 78' lang='lat' dir='ltr'><strong>Verbum</strong></span> <span class='ocrx_word' id='word_1_81' title='bbox 793 873 922 913; x_wconf 91' lang='lat' dir='ltr'><strong>caro</strong></span> <span class='ocrx_word' id='word_1_82' title='bbox 964 856 1165 913; x_wconf 83' lang='lat' dir='ltr'><strong>factum</strong></span> <span class='ocrx_word' id='word_1_83' title='bbox 1217 857 1497 914; x_wconf 87' lang='lat' dir='ltr'><strong>descendit</strong></span> <span class='ocrx_word' id='word_1_84' title='bbox 1527 869 1550 898; x_wconf 77' lang='grc' dir='ltr'><em>ε</em></span> <span class='ocrx_word' id='word_1_85' title='bbox 1584 866 1643 914; x_wconf 89' lang='lat' dir='ltr'><strong>ut</strong></span> <span class='ocrx_word' id='word_1_86' title='bbox 1689 859 1931 926; x_wconf 86' lang='lat' dir='ltr'><strong>levaret;</strong></span> <span class='ocrx_word' id='word_1_87' title='bbox 1989 876 2097 916; x_wconf 85' lang='lat' dir='ltr'><strong>non</strong></span> 
     </span>
    </p>
   </div>
   <div class='ocr_carea' id='block_1_11' title="bbox 504 950 2091 1021">
    <p class='ocr_par' dir='ltr' id='par_1_11' title="bbox 504 950 2091 1021">
     <span class='ocr_line' id='line_1_11' title="bbox 504 950 2091 1021; baseline 0 -15"><span class='ocrx_word' id='word_1_88' title='bbox 504 950 699 1006; x_wconf 91' lang='lat' dir='ltr'><strong>cecidit</strong></span> <span class='ocrx_word' id='word_1_89' title='bbox 744 960 803 1005; x_wconf 90' lang='lat' dir='ltr'><strong>ut</strong></span> <span class='ocrx_word' id='word_1_90' title='bbox 852 950 1084 1019; x_wconf 88' lang='lat' dir='ltr'><strong>jaceret.</strong></span> <span class='ocrx_word' id='word_1_91' title='bbox 1131 950 1189 1006; x_wconf 90' lang='lat' dir='ltr'><strong>Si</strong></span> <span class='ocrx_word' id='word_1_92' title='bbox 1239 950 1659 1006; x_wconf 91' lang='lat' dir='ltr'><strong>descendentem</strong></span> <span class='ocrx_word' id='word_1_93' title='bbox 1707 951 2091 1021; x_wconf 78' lang='lat' dir='ltr'><strong>cognovimus,</strong></span> 
     </span>
    </p>
   </div>
   <div class='ocr_carea' id='block_1_12' title="bbox 500 1043 2097 1114">
    <p class='ocr_par' dir='ltr' id='par_1_12' title="bbox 500 1043 2097 1114">
     <span class='ocr_line' id='line_1_12' title="bbox 500 1043 2097 1114; baseline 0.001 -16"><span class='ocrx_word' id='word_1_94' title='bbox 500 1059 623 1098; x_wconf 90' lang='lat' dir='ltr'><strong>cum</strong></span> <span class='ocrx_word' id='word_1_95' title='bbox 651 1044 871 1099; x_wconf 85' lang='lat' dir='ltr'><strong>levante</strong></span> <span class='ocrx_word' id='word_1_96' title='bbox 900 1058 1190 1114; x_wconf 80' lang='lat' dir='ltr'><strong>surgamus</strong></span> <span class='ocrx_word' id='word_1_97' title='bbox 1224 1062 1238 1098; x_wconf 90' lang='lat'><strong>:</strong></span> <span class='ocrx_word' id='word_1_98' title='bbox 1277 1053 1332 1098; x_wconf 90' lang='lat' dir='ltr'><strong>et</strong></span> <span class='ocrx_word' id='word_1_99' title='bbox 1365 1044 1749 1113; x_wconf 86' lang='lat' dir='ltr'><strong>intelligamus,</strong></span> <span class='ocrx_word' id='word_1_100' title='bbox 1776 1059 1896 1099; x_wconf 92' lang='lat' dir='ltr'><strong>cum</strong></span> <span class='ocrx_word' id='word_1_101' title='bbox 1919 1045 1993 1098; x_wconf 90' lang='lat' dir='ltr'><strong>ita</strong></span> <span class='ocrx_word' id='word_1_102' title='bbox 2016 1043 2097 1099; x_wconf 88' lang='lat' dir='ltr'><strong>lo-</strong></span> 
     </span>
    </p>
   </div>
   <div class='ocr_carea' id='block_1_13' title="bbox 499 1132 2093 1208">
    <p class='ocr_par' dir='ltr' id='par_1_13' title="bbox 499 1132 2093 1208">
     <span class='ocr_line' id='line_1_13' title="bbox 499 1132 2093 1208; baseline 0.003 -20"><span class='ocrx_word' id='word_1_103' title='bbox 499 1137 701 1206; x_wconf 77' lang='lat' dir='ltr'><strong>quitur,</strong></span> <span class='ocrx_word' id='word_1_104' title='bbox 728 1150 989 1206; x_wconf 73' lang='lat' dir='ltr'><strong>personas</strong></span> <span class='ocrx_word' id='word_1_105' title='bbox 1019 1132 1046 1173; x_wconf 76' lang='grc' dir='ltr'><em>ά</em></span> <span class='ocrx_word' id='word_1_106' title='bbox 1079 1151 1203 1193; x_wconf 90' lang='lat' dir='ltr'><strong>eum</strong></span> <span class='ocrx_word' id='word_1_107' title='bbox 1231 1135 1592 1206; x_wconf 78' lang='lat' dir='ltr'><strong>diSIiuguere,</strong></span> <span class='ocrx_word' id='word_1_108' title='bbox 1626 1145 1650 1173; x_wconf 81' lang='grc' dir='ltr'><strong>ο</strong></span> <span class='ocrx_word' id='word_1_109' title='bbox 1678 1151 1787 1193; x_wconf 92' lang='lat' dir='ltr'><strong>non</strong></span> <span class='ocrx_word' id='word_1_110' title='bbox 1837 1150 2093 1208; x_wconf 88' lang='lat' dir='ltr'><strong>separare</strong></span> 
     </span>
    </p>
   </div>
   <div class='ocr_carea' id='block_1_14' title="bbox 497 1238 922 1311">
    <p class='ocr_par' dir='ltr' id='par_1_14' title="bbox 497 1238 922 1311">
     <span class='ocr_line' id='line_1_14' title="bbox 497 1238 922 1311; baseline 0.005 -31"><span class='ocrx_word' id='word_1_111' title='bbox 497 1238 746 1281; x_wconf 88' lang='lat' dir='ltr'><strong>naturas.</strong></span> <span class='ocrx_word' id='word_1_112' title='bbox 856 1242 922 1311; x_wconf 69' lang='grc' dir='ltr'><strong><em>ο</em></strong></span> 
     </span>
    </p>
   </div>
   <div class='ocr_carea' id='block_1_15' title="bbox 498 1336 2089 1411">
    <p class='ocr_par' dir='ltr' id='par_1_15' title="bbox 498 1336 2089 1411">
     <span class='ocr_line' id='line_1_15' title="bbox 498 1336 2089 1411; baseline -0.001 -14"><span class='ocrx_word' id='word_1_113' title='bbox 498 1336 1094 1411; x_wconf 67' lang='lat' dir='ltr'><strong>CCCLXXVIII_[Alias</strong></span> <span class='ocrx_word' id='word_1_114' title='bbox 1129 1338 1504 1405; x_wconf 79' lang='lat' dir='ltr'><strong>CCCLXXVI,</strong></span> <span class='ocrx_word' id='word_1_115' title='bbox 1538 1350 1655 1395; x_wconf 85' lang='lat' dir='ltr'><strong>ante</strong></span> <span class='ocrx_word' id='word_1_116' title='bbox 1695 1338 2089 1411; x_wconf 79' lang='lat' dir='ltr'><strong>CCCLxxw].</strong></span> 
     </span>
    </p>
   </div>
   <div class='ocr_carea' id='block_1_16' title="bbox 567 1408 2089 1533">
    <p class='ocr_par' dir='ltr' id='par_1_16' title="bbox 567 1408 2089 1533">
     <span class='ocr_line' id='line_1_16' title="bbox 569 1408 2089 1491; baseline 0.002 -27"><span class='ocrx_word' id='word_1_117' title='bbox 569 1409 648 1491; x_wconf 65' lang='lat' dir='ltr'><strong>De</strong></span> <span class='ocrx_word' id='word_1_118' title='bbox 673 1410 841 1477; x_wconf 87' lang='lat' dir='ltr'><strong>gratia</strong></span> <span class='ocrx_word' id='word_1_119' title='bbox 880 1408 998 1475; x_wconf 84' lang='lat' dir='ltr'><strong>Dei,</strong></span> <span class='ocrx_word' id='word_1_120' title='bbox 1051 1426 1151 1477; x_wconf 87' lang='lat' dir='ltr'><strong>qua</strong></span> <span class='ocrx_word' id='word_1_121' title='bbox 1178 1428 1325 1466; x_wconf 82' lang='lat' dir='ltr'><strong>omne</strong></span> <span class='ocrx_word' id='word_1_122' title='bbox 1366 1412 1588 1467; x_wconf 81' lang='lat' dir='ltr'><strong>hominis</strong></span> <span class='ocrx_word' id='word_1_123' title='bbox 1628 1413 1865 1467; x_wconf 85' lang='lat' dir='ltr'><strong>meritum</strong></span> <span class='ocrx_word' id='word_1_124' title='bbox 1893 1408 2089 1482; x_wconf 71' lang='lat' dir='ltr'><strong>prwvé-</strong></span> 
     </span>
     <span class='ocr_line' id='line_1_17' title="bbox 567 1489 727 1533; baseline 0 -1"><span class='ocrx_word' id='word_1_125' title='bbox 567 1489 727 1533; x_wconf 82' lang='lat' dir='ltr'><strong>nitur.</strong></span> 
     </span>
    </p>
   </div>
   <div class='ocr_carea' id='block_1_17' title="bbox 566 1593 2083 1664">
    <p class='ocr_par' dir='ltr' id='par_1_17' title="bbox 566 1593 2083 1664">
     <span class='ocr_line' id='line_1_18' title="bbox 566 1593 2083 1664; baseline 0.003 -14"><span class='ocrx_word' id='word_1_126' title='bbox 566 1593 624 1650; x_wconf 90' lang='lat' dir='ltr'><strong>Si</strong></span> <span class='ocrx_word' id='word_1_127' title='bbox 657 1603 906 1648; x_wconf 88' lang='lat' dir='ltr'><strong>naturam</strong></span> <span class='ocrx_word' id='word_1_128' title='bbox 936 1593 1237 1664; x_wconf 80' lang='lat' dir='ltr'><strong>cogitemus</strong></span> <span class='ocrx_word' id='word_1_129' title='bbox 1261 1594 1311 1649; x_wconf 90' lang='lat' dir='ltr'><strong>in</strong></span> <span class='ocrx_word' id='word_1_130' title='bbox 1328 1610 1430 1664; x_wconf 90' lang='lat' dir='ltr'><strong>qua</strong></span> <span class='ocrx_word' id='word_1_131' title='bbox 1458 1597 1626 1651; x_wconf 88' lang='lat' dir='ltr'><strong>creati</strong></span> <span class='ocrx_word' id='word_1_132' title='bbox 1657 1611 1871 1663; x_wconf 87' lang='lat' dir='ltr'><strong>sumus;</strong></span> <span class='ocrx_word' id='word_1_133' title='bbox 1910 1596 1929 1636; x_wconf 70' lang='grc' dir='ltr'>ί</span> <span class='ocrx_word' id='word_1_134' title='bbox 1962 1613 2083 1654; x_wconf 87' lang='lat' dir='ltr'><strong>cum</strong></span> 
     </span>
    </p>
   </div>
   <div class='ocr_carea' id='block_1_18' title="bbox 2205 506 3797 588">
    <p class='ocr_par' dir='ltr' id='par_1_18' title="bbox 2205 506 3797 588">
     <span class='ocr_line' id='line_1_19' title="bbox 2205 506 3797 588; baseline 0.005 -24"><span class='ocrx_word' id='word_1_135' title='bbox 2205 506 2557 588; x_wconf 59' lang='lat' dir='ltr'><strong>cchxgtitt</strong></span> <span class='ocrx_word' id='word_1_136' title='bbox 2595 509 2613 583; x_wconf 88' lang='lat'>[</span> <span class='ocrx_word' id='word_1_137' title='bbox 2634 511 2779 588; x_wconf 81' lang='lat' dir='ltr'><strong>Alias</strong></span> <span class='ocrx_word' id='word_1_138' title='bbox 2792 510 3183 588; x_wconf 63' lang='lat' dir='ltr'><strong>cQCLXittx,</strong></span> <span class='ocrx_word' id='word_1_139' title='bbox 3208 512 3559 588; x_wconf 45' lang='lat' dir='ltr'><strong>autiaceas</strong></span> <span class='ocrx_word' id='word_1_140' title='bbox 3577 514 3719 571; x_wconf 81' lang='lat' dir='ltr'><strong>xvn</strong></span> <span class='ocrx_word' id='word_1_141' title='bbox 3756 516 3797 588; x_wconf 79' lang='lat'><strong>1.</strong></span> 
     </span>
    </p>
   </div>
   <div class='ocr_carea' id='block_1_19' title="bbox 2417 581 3550 655">
    <p class='ocr_par' dir='ltr' id='par_1_19' title="bbox 2417 581 3550 655">
     <span class='ocr_line' id='line_1_20' title="bbox 2417 581 3550 655; baseline 0.003 -20"><span class='ocrx_word' id='word_1_142' title='bbox 2417 581 2455 602; x_wconf 83' lang='grc'>¹¹¹</span> <span class='ocrx_word' id='word_1_143' title='bbox 2481 581 2750 647; x_wconf 74' lang='lat' dir='ltr'><strong>Quomodo</strong></span> <span class='ocrx_word' id='word_1_144' title='bbox 2782 581 2952 636; x_wconf 84' lang='lat' dir='ltr'><strong>Filius</strong></span> <span class='ocrx_word' id='word_1_145' title='bbox 2979 584 3236 655; x_wconf 76' lang='lat' dir='ltr'><strong>subjectus</strong></span> <span class='ocrx_word' id='word_1_146' title='bbox 3265 584 3360 637; x_wconf 86' lang='lat' dir='ltr'><strong>erit</strong></span> <span class='ocrx_word' id='word_1_147' title='bbox 3381 583 3550 640; x_wconf 86' lang='lat' dir='ltr'><strong>Patri.</strong></span> 
     </span>
    </p>
   </div>
   <div class='ocr_carea' id='block_1_20' title="bbox 2271 675 3792 747">
    <p class='ocr_par' dir='ltr' id='par_1_20' title="bbox 2271 675 3792 747">
     <span class='ocr_line' id='line_1_21' title="bbox 2271 675 3792 747; baseline 0.003 -18"><span class='ocrx_word' id='word_1_148' title='bbox 2271 675 2438 747; x_wconf 74' lang='lat'><strong>606</strong></span> <span class='ocrx_word' id='word_1_149' title='bbox 2456 675 2571 731; x_wconf 86' lang='lat' dir='ltr'><strong>Non</strong></span> <span class='ocrx_word' id='word_1_150' title='bbox 2602 685 2686 732; x_wconf 89' lang='lat' dir='ltr'><strong>est</strong></span> <span class='ocrx_word' id='word_1_151' title='bbox 2712 675 2906 731; x_wconf 84' lang='lat' dir='ltr'><strong>mirum</strong></span> <span class='ocrx_word' id='word_1_152' title='bbox 2960 677 3145 732; x_wconf 89' lang='lat' dir='ltr'><strong>dicere</strong></span> <span class='ocrx_word' id='word_1_153' title='bbox 3174 677 3513 747; x_wconf 82' lang='lat' dir='ltr'><strong>Apostolum,</strong></span> <span class='ocrx_word' id='word_1_154' title='bbox 3536 679 3698 735; x_wconf 85' lang='lat' dir='ltr'><strong>etiam</strong></span> <span class='ocrx_word' id='word_1_155' title='bbox 3737 683 3792 736; x_wconf 83' lang='lat' dir='ltr'><strong>in</strong></span> 
     </span>
    </p>
   </div>
   <div class='ocr_carea' id='block_1_21' title="bbox 2199 764 3796 840">
    <p class='ocr_par' dir='ltr' id='par_1_21' title="bbox 2199 764 3796 840">
     <span class='ocr_line' id='line_1_22' title="bbox 2199 764 3796 840; baseline 0.005 -21"><span class='ocrx_word' id='word_1_156' title='bbox 2199 764 2599 823; x_wconf 75' lang='lat' dir='ltr'><strong>futurusaeculo</strong></span> <span class='ocrx_word' id='word_1_157' title='bbox 2626 767 2772 824; x_wconf 82' lang='lat' dir='ltr'><strong>Patri</strong></span> <span class='ocrx_word' id='word_1_158' title='bbox 2803 767 2995 824; x_wconf 82' lang='lat' dir='ltr'><strong>Filium</strong></span> <span class='ocrx_word' id='word_1_159' title='bbox 3041 768 3340 837; x_wconf 87' lang='lat' dir='ltr'><strong>subjectum</strong></span> <span class='ocrx_word' id='word_1_160' title='bbox 3391 768 3648 840; x_wconf 78' lang='lat' dir='ltr'><strong>futurum,</strong></span> <span class='ocrx_word' id='word_1_161' title='bbox 3696 774 3796 827; x_wconf 63' lang='lat' dir='ltr'><strong>ulti</strong></span> 
     </span>
    </p>
   </div>
   <div class='ocr_carea' id='block_1_22' title="bbox 2197 856 3794 934">
    <p class='ocr_par' dir='ltr' id='par_1_22' title="bbox 2197 856 3794 934">
     <span class='ocr_line' id='line_1_23' title="bbox 2197 856 3794 934; baseline 0.004 -24"><span class='ocrx_word' id='word_1_162' title='bbox 2197 857 2290 920; x_wconf 91' lang='lat' dir='ltr'><strong>ait,</strong></span> <span class='ocrx_word' id='word_1_163' title='bbox 2320 856 2520 913; x_wconf 85' lang='lat' dir='ltr'><strong>Tuncet</strong></span> <span class='ocrx_word' id='word_1_164' title='bbox 2546 859 2656 929; x_wconf 87' lang='lat' dir='ltr'><strong>ipse</strong></span> <span class='ocrx_word' id='word_1_165' title='bbox 2680 859 2936 932; x_wconf 84' lang='lat' dir='ltr'><strong>subjectus</strong></span> <span class='ocrx_word' id='word_1_166' title='bbox 2959 861 3051 913; x_wconf 84' lang='lat' dir='ltr'><strong>erit</strong></span> <span class='ocrx_word' id='word_1_167' title='bbox 3074 861 3141 926; x_wconf 84' lang='lat' dir='ltr'><strong>ei,</strong></span> <span class='ocrx_word' id='word_1_168' title='bbox 3164 861 3252 929; x_wconf 86' lang='lat' dir='ltr'><strong>qui</strong></span> <span class='ocrx_word' id='word_1_169' title='bbox 3274 858 3354 912; x_wconf 85' lang='lat' dir='ltr'><strong>illi</strong></span> <span class='ocrx_word' id='word_1_170' title='bbox 3376 863 3588 934; x_wconf 79' lang='lat' dir='ltr'><strong>subjecit</strong></span> <span class='ocrx_word' id='word_1_171' title='bbox 3612 866 3794 917; x_wconf 75' lang='lat' dir='ltr'><strong>omnia</strong></span> 
     </span>
    </p>
   </div>
   <div class='ocr_carea' id='block_1_23' title="bbox 2196 947 3781 1023">
    <p class='ocr_par' dir='ltr' id='par_1_23' title="bbox 2196 947 3781 1023">
     <span class='ocr_line' id='line_1_24' title="bbox 2196 947 3781 1023; baseline 0.004 -19"><span class='ocrx_word' id='word_1_172' title='bbox 2196 949 2242 1019; x_wconf 87' lang='lat' dir='ltr'><strong>(l</strong></span> <span class='ocrx_word' id='word_1_173' title='bbox 2269 949 2388 1005; x_wconf 89' lang='lat' dir='ltr'><strong>Cor.</strong></span> <span class='ocrx_word' id='word_1_174' title='bbox 2421 968 2512 1016; x_wconf 80' lang='lat' dir='ltr'><strong>xv,</strong></span> <span class='ocrx_word' id='word_1_175' title='bbox 2540 947 2659 1023; x_wconf 74' lang='grc'><strong>28).</strong></span> <span class='ocrx_word' id='word_1_176' title='bbox 2690 951 2921 1020; x_wconf 85' lang='lat' dir='ltr'><strong>Quando</strong></span> <span class='ocrx_word' id='word_1_177' title='bbox 2963 952 3177 1022; x_wconf 84' lang='lat' dir='ltr'><strong>quidem</strong></span> <span class='ocrx_word' id='word_1_178' title='bbox 3231 952 3283 1007; x_wconf 89' lang='lat' dir='ltr'><strong>in</strong></span> <span class='ocrx_word' id='word_1_179' title='bbox 3316 952 3451 1008; x_wconf 86' lang='lat' dir='ltr'><strong>Filio</strong></span> <span class='ocrx_word' id='word_1_180' title='bbox 3478 954 3646 1009; x_wconf 84' lang='lat' dir='ltr'><strong>forma</strong></span> <span class='ocrx_word' id='word_1_181' title='bbox 3676 956 3781 1010; x_wconf 84' lang='lat' dir='ltr'><strong>hu-</strong></span> 
     </span>
    </p>
   </div>
   <div class='ocr_carea' id='block_1_24' title="bbox 2195 1046 3787 1116">
    <p class='ocr_par' dir='ltr' id='par_1_24' title="bbox 2195 1046 3787 1116">
     <span class='ocr_line' id='line_1_25' title="bbox 2195 1046 3787 1116; baseline 0.003 -20"><span class='ocrx_word' id='word_1_182' title='bbox 2195 1056 2352 1097; x_wconf 89' lang='lat' dir='ltr'><strong>mana</strong></span> <span class='ocrx_word' id='word_1_183' title='bbox 2407 1056 2662 1098; x_wconf 89' lang='lat' dir='ltr'><strong>mansura</strong></span> <span class='ocrx_word' id='word_1_184' title='bbox 2717 1052 2820 1111; x_wconf 90' lang='lat' dir='ltr'><strong>est,</strong></span> <span class='ocrx_word' id='word_1_185' title='bbox 2874 1060 2976 1114; x_wconf 86' lang='lat' dir='ltr'><strong>qua</strong></span> <span class='ocrx_word' id='word_1_186' title='bbox 3026 1060 3241 1115; x_wconf 90' lang='lat' dir='ltr'><strong>semper</strong></span> <span class='ocrx_word' id='word_1_187' title='bbox 3292 1046 3463 1116; x_wconf 85' lang='lat' dir='ltr'><strong>major</strong></span> <span class='ocrx_word' id='word_1_188' title='bbox 3488 1056 3570 1103; x_wconf 90' lang='lat' dir='ltr'><strong>est</strong></span> <span class='ocrx_word' id='word_1_189' title='bbox 3599 1046 3787 1103; x_wconf 81' lang='lat' dir='ltr'><strong>Pater.</strong></span> 
     </span>
    </p>
   </div>
   <div class='ocr_carea' id='block_1_25' title="bbox 2193 1133 3784 1211">
    <p class='ocr_par' dir='ltr' id='par_1_25' title="bbox 2193 1133 3784 1211">
     <span class='ocr_line' id='line_1_26' title="bbox 2193 1133 3784 1211; baseline 0.004 -24"><span class='ocrx_word' id='word_1_190' title='bbox 2193 1133 2450 1200; x_wconf 80' lang='lat' dir='ltr'><strong>Quamvis</strong></span> <span class='ocrx_word' id='word_1_191' title='bbox 2478 1149 2587 1190; x_wconf 88' lang='lat' dir='ltr'><strong>non</strong></span> <span class='ocrx_word' id='word_1_192' title='bbox 2631 1134 2918 1201; x_wconf 78' lang='lat' dir='ltr'><strong>defuerint,</strong></span> <span class='ocrx_word' id='word_1_193' title='bbox 2954 1136 3043 1206; x_wconf 87' lang='lat' dir='ltr'><strong>qui</strong></span> <span class='ocrx_word' id='word_1_194' title='bbox 3091 1137 3235 1190; x_wconf 88' lang='lat' dir='ltr'><strong>illam</strong></span> <span class='ocrx_word' id='word_1_195' title='bbox 3284 1144 3407 1191; x_wconf 92' lang='lat' dir='ltr'><strong>tunc</strong></span> <span class='ocrx_word' id='word_1_196' title='bbox 3451 1137 3569 1193; x_wconf 75' lang='lat' dir='ltr'><strong>Filii</strong></span> <span class='ocrx_word' id='word_1_197' title='bbox 3597 1140 3784 1211; x_wconf 53' lang='lat' dir='ltr'><strong>subjec</strong></span> 
     </span>
    </p>
   </div>
   <div class='ocr_carea' id='block_1_26' title="bbox 2192 1224 3789 1296">
    <p class='ocr_par' dir='ltr' id='par_1_26' title="bbox 2192 1224 3789 1296">
     <span class='ocr_line' id='line_1_27' title="bbox 2192 1224 3789 1296; baseline 0.003 -16"><span class='ocrx_word' id='word_1_198' title='bbox 2192 1224 2424 1281; x_wconf 89' lang='lat' dir='ltr'><strong>ctionem</strong></span> <span class='ocrx_word' id='word_1_199' title='bbox 2451 1225 2623 1296; x_wconf 89' lang='lat' dir='ltr'><strong>ipsius</strong></span> <span class='ocrx_word' id='word_1_200' title='bbox 2652 1226 2903 1282; x_wconf 71' lang='lat' dir='ltr'><strong>humanm</strong></span> <span class='ocrx_word' id='word_1_201' title='bbox 2950 1228 3135 1283; x_wconf 80' lang='lat' dir='ltr'><strong>formae</strong></span> <span class='ocrx_word' id='word_1_202' title='bbox 3184 1229 3235 1282; x_wconf 92' lang='lat' dir='ltr'><strong>in</strong></span> <span class='ocrx_word' id='word_1_203' title='bbox 3267 1228 3499 1283; x_wconf 83' lang='lat' dir='ltr'><strong>divinam</strong></span> <span class='ocrx_word' id='word_1_204' title='bbox 3530 1230 3789 1285; x_wconf 85' lang='lat' dir='ltr'><strong>substan-</strong></span> 
     </span>
    </p>
   </div>
   <div class='ocr_carea' id='block_1_27' title="bbox 2191 1317 3783 1392">
    <p class='ocr_par' dir='ltr' id='par_1_27' title="bbox 2191 1317 3783 1392">
     <span class='ocr_line' id='line_1_28' title="bbox 2191 1317 3783 1392; baseline 0.004 -20"><span class='ocrx_word' id='word_1_205' title='bbox 2191 1317 2321 1372; x_wconf 89' lang='lat' dir='ltr'><strong>tiam</strong></span> <span class='ocrx_word' id='word_1_206' title='bbox 2351 1320 2827 1374; x_wconf 85' lang='lat' dir='ltr'><strong>commutationem</strong></span> <span class='ocrx_word' id='word_1_207' title='bbox 2865 1319 3267 1390; x_wconf 77' lang='lat' dir='ltr'><strong>intelligendam</strong></span> <span class='ocrx_word' id='word_1_208' title='bbox 3315 1330 3590 1392; x_wconf 86' lang='lat' dir='ltr'><strong>putarunt.</strong></span> <span class='ocrx_word' id='word_1_209' title='bbox 3633 1331 3783 1379; x_wconf 80' lang='lat' dir='ltr'><strong>tam-</strong></span> 
     </span>
    </p>
   </div>
   <div class='ocr_carea' id='block_1_28' title="bbox 2188 1412 3791 1484">
    <p class='ocr_par' dir='ltr' id='par_1_28' title="bbox 2188 1412 3791 1484">
     <span class='ocr_line' id='line_1_29' title="bbox 2188 1412 3791 1484; baseline 0.001 -21"><span class='ocrx_word' id='word_1_210' title='bbox 2188 1426 2347 1480; x_wconf 92' lang='lat' dir='ltr'><strong>quam</strong></span> <span class='ocrx_word' id='word_1_211' title='bbox 2381 1413 2482 1466; x_wconf 88' lang='lat' dir='ltr'><strong>hoc</strong></span> <span class='ocrx_word' id='word_1_212' title='bbox 2506 1413 2703 1482; x_wconf 89' lang='lat' dir='ltr'><strong>cuique</strong></span> <span class='ocrx_word' id='word_1_213' title='bbox 2738 1412 2813 1467; x_wconf 90' lang='lat' dir='ltr'><strong>rei</strong></span> <span class='ocrx_word' id='word_1_214' title='bbox 2845 1412 3181 1481; x_wconf 75' lang='lat' dir='ltr'><strong>subjiciatur,</strong></span> <span class='ocrx_word' id='word_1_215' title='bbox 3215 1416 3355 1484; x_wconf 85' lang='lat' dir='ltr'><strong>quod</strong></span> <span class='ocrx_word' id='word_1_216' title='bbox 3386 1416 3437 1469; x_wconf 90' lang='lat' dir='ltr'><strong>in</strong></span> <span class='ocrx_word' id='word_1_217' title='bbox 3467 1432 3583 1469; x_wconf 79' lang='lat' dir='ltr'><strong>eam</strong></span> <span class='ocrx_word' id='word_1_218' title='bbox 3617 1419 3791 1465; x_wconf 79' lang='lat' dir='ltr'><strong>verti-</strong></span> 
     </span>
    </p>
   </div>
   <div class='ocr_carea' id='block_1_29' title="bbox 2189 1491 3786 1575">
    <p class='ocr_par' dir='ltr' id='par_1_29' title="bbox 2189 1491 3786 1575">
     <span class='ocr_line' id='line_1_30' title="bbox 2189 1491 3786 1575; baseline 0.001 -20"><span class='ocrx_word' id='word_1_219' title='bbox 2189 1510 2276 1556; x_wconf 89' lang='lat' dir='ltr'><strong>tur</strong></span> <span class='ocrx_word' id='word_1_220' title='bbox 2318 1511 2373 1558; x_wconf 87' lang='lat' dir='ltr'><strong>et</strong></span> <span class='ocrx_word' id='word_1_221' title='bbox 2417 1512 2676 1557; x_wconf 89' lang='lat' dir='ltr'><strong>mutatur.</strong></span> <span class='ocrx_word' id='word_1_222' title='bbox 2733 1502 2840 1557; x_wconf 89' lang='lat' dir='ltr'><strong>Sed</strong></span> <span class='ocrx_word' id='word_1_223' title='bbox 2891 1502 3116 1571; x_wconf 71' lang='lat' dir='ltr'><strong>intelligi</strong></span> <span class='ocrx_word' id='word_1_224' title='bbox 3176 1514 3393 1571; x_wconf 85' lang='lat' dir='ltr'><strong>potest,</strong></span> <span class='ocrx_word' id='word_1_225' title='bbox 3425 1491 3559 1557; x_wconf 76' lang='lat' dir='ltr'><strong>&#39;ideo</strong></span> <span class='ocrx_word' id='word_1_226' title='bbox 3606 1504 3786 1575; x_wconf 79' lang='lat' dir='ltr'><strong>magis</strong></span> 
     </span>
    </p>
   </div>
   <div class='ocr_carea' id='block_1_30' title="bbox 2187 1592 3776 1664">
    <p class='ocr_par' dir='ltr' id='par_1_30' title="bbox 2187 1592 3776 1664">
     <span class='ocr_line' id='line_1_31' title="bbox 2187 1592 3776 1664; baseline 0 -17"><span class='ocrx_word' id='word_1_227' title='bbox 2187 1592 2390 1649; x_wconf 82' lang='lat' dir='ltr'><strong>dixisse</strong></span> <span class='ocrx_word' id='word_1_228' title='bbox 2412 1593 2749 1662; x_wconf 85' lang='lat' dir='ltr'><strong>Apostolum,</strong></span> <span class='ocrx_word' id='word_1_229' title='bbox 2766 1592 2928 1647; x_wconf 91' lang='lat' dir='ltr'><strong>etiam</strong></span> <span class='ocrx_word' id='word_1_230' title='bbox 2952 1602 3079 1647; x_wconf 91' lang='lat' dir='ltr'><strong>tunc</strong></span> <span class='ocrx_word' id='word_1_231' title='bbox 3100 1592 3242 1647; x_wconf 85' lang='lat' dir='ltr'><strong>Patri</strong></span> <span class='ocrx_word' id='word_1_232' title='bbox 3258 1593 3447 1647; x_wconf 85' lang='lat' dir='ltr'><strong>Filium</strong></span> <span class='ocrx_word' id='word_1_233' title='bbox 3471 1594 3776 1664; x_wconf 83' lang='lat' dir='ltr'><strong>subjectum</strong></span> 
     </span>
    </p>
   </div>
   <div class='ocr_carea' id='block_1_31' title="bbox 494 1675 3780 1757">
    <p class='ocr_par' dir='ltr' id='par_1_31' title="bbox 494 1675 3780 1757">
     <span class='ocr_line' id='line_1_32' title="bbox 494 1675 3780 1757; baseline 0.001 -18"><span class='ocrx_word' id='word_1_234' title='bbox 494 1700 682 1739; x_wconf 76' lang='lat' dir='ltr'><strong>omnes</strong></span> <span class='ocrx_word' id='word_1_235' title='bbox 705 1683 920 1740; x_wconf 79' lang='lat' dir='ltr'><strong>Veritas</strong></span> <span class='ocrx_word' id='word_1_236' title='bbox 954 1686 1243 1753; x_wconf 67' lang='lat' dir='ltr'><strong>creaverit,</strong></span> <span class='ocrx_word' id='word_1_237' title='bbox 1277 1688 1399 1755; x_wconf 86' lang='lat' dir='ltr'><strong>quis</strong></span> <span class='ocrx_word' id='word_1_238' title='bbox 1428 1703 1534 1742; x_wconf 93' lang='lat' dir='ltr'><strong>non</strong></span> <span class='ocrx_word' id='word_1_239' title='bbox 1573 1699 1656 1743; x_wconf 88' lang='lat' dir='ltr'><strong>est</strong></span> <span class='ocrx_word' id='word_1_240' title='bbox 1698 1703 1765 1743; x_wconf 79' lang='lat' dir='ltr'><strong>ex</strong></span> <span class='ocrx_word' id='word_1_241' title='bbox 1814 1690 2089 1745; x_wconf 87' lang='lat' dir='ltr'><strong>veritate?</strong></span> <span class='ocrx_word' id='word_1_242' title='bbox 2120 1675 2166 1735; x_wconf 77' lang='grc' dir='ltr'><strong>Β</strong></span> <span class='ocrx_word' id='word_1_243' title='bbox 2194 1685 2454 1753; x_wconf 81' lang='lat' dir='ltr'><strong>futurum,</strong></span> <span class='ocrx_word' id='word_1_244' title='bbox 2487 1700 2555 1741; x_wconf 90' lang='lat' dir='ltr'><strong>ne</strong></span> <span class='ocrx_word' id='word_1_245' title='bbox 2583 1686 2703 1755; x_wconf 83' lang='lat' dir='ltr'><strong>quis</strong></span> <span class='ocrx_word' id='word_1_246' title='bbox 2754 1685 2809 1741; x_wconf 92' lang='lat' dir='ltr'><strong>in</strong></span> <span class='ocrx_word' id='word_1_247' title='bbox 2848 1700 2915 1741; x_wconf 92' lang='lat' dir='ltr'><strong>eo</strong></span> <span class='ocrx_word' id='word_1_248' title='bbox 2959 1695 3168 1755; x_wconf 86' lang='lat' dir='ltr'><strong>putaret</strong></span> <span class='ocrx_word' id='word_1_249' title='bbox 3216 1685 3459 1755; x_wconf 88' lang='lat' dir='ltr'><strong>spiritum</strong></span> <span class='ocrx_word' id='word_1_250' title='bbox 3491 1694 3546 1741; x_wconf 91' lang='lat' dir='ltr'><strong>et</strong></span> <span class='ocrx_word' id='word_1_251' title='bbox 3578 1701 3722 1757; x_wconf 68' lang='lat' dir='ltr'><strong>corp;</strong></span> <span class='ocrx_word' id='word_1_252' title='bbox 3750 1703 3780 1741; x_wconf 84' lang='lat' dir='ltr'><strong>s</strong></span> 
     </span>
    </p>
   </div>
   <div class='ocr_carea' id='block_1_32' title="bbox 493 1777 2089 1848">
    <p class='ocr_par' dir='ltr' id='par_1_32' title="bbox 493 1777 2089 1848">
     <span class='ocr_line' id='line_1_33' title="bbox 493 1777 2089 1848; baseline 0.004 -16"><span class='ocrx_word' id='word_1_253' title='bbox 493 1777 599 1832; x_wconf 87' lang='lat' dir='ltr'><strong>Sed</strong></span> <span class='ocrx_word' id='word_1_254' title='bbox 630 1792 736 1831; x_wconf 87' lang='lat' dir='ltr'><strong>non</strong></span> <span class='ocrx_word' id='word_1_255' title='bbox 768 1791 958 1832; x_wconf 88' lang='lat' dir='ltr'><strong>omnes</strong></span> <span class='ocrx_word' id='word_1_256' title='bbox 987 1787 1132 1843; x_wconf 86' lang='lat' dir='ltr'><strong>sunt,</strong></span> <span class='ocrx_word' id='word_1_257' title='bbox 1157 1777 1373 1847; x_wconf 85' lang='lat' dir='ltr'><strong>quibus,</strong></span> <span class='ocrx_word' id='word_1_258' title='bbox 1394 1786 1450 1834; x_wconf 93' lang='lat' dir='ltr'><strong>ut</strong></span> <span class='ocrx_word' id='word_1_259' title='bbox 1472 1779 1692 1835; x_wconf 89' lang='lat' dir='ltr'><strong>audiant</strong></span> <span class='ocrx_word' id='word_1_260' title='bbox 1712 1784 2015 1848; x_wconf 89' lang='lat' dir='ltr'><strong>veritatem,</strong></span> <span class='ocrx_word' id='word_1_261' title='bbox 2034 1791 2089 1839; x_wconf 93' lang='lat' dir='ltr'><strong>et</strong></span> 
     </span>
    </p>
   </div>
   <div class='ocr_carea' id='block_1_33' title="bbox 492 1867 2088 1943">
    <p class='ocr_par' dir='ltr' id='par_1_33' title="bbox 492 1867 2088 1943">
     <span class='ocr_line' id='line_1_34' title="bbox 492 1867 2088 1943; baseline 0.003 -21"><span class='ocrx_word' id='word_1_262' title='bbox 492 1867 734 1934; x_wconf 90' lang='lat' dir='ltr'><strong>credant,</strong></span> <span class='ocrx_word' id='word_1_263' title='bbox 761 1883 827 1922; x_wconf 78' lang='lat' dir='ltr'><strong>ex</strong></span> <span class='ocrx_word' id='word_1_264' title='bbox 859 1868 974 1937; x_wconf 90' lang='lat' dir='ltr'><strong>ipsa</strong></span> <span class='ocrx_word' id='word_1_265' title='bbox 1008 1867 1246 1924; x_wconf 85' lang='lat' dir='ltr'><strong>Veritate</strong></span> <span class='ocrx_word' id='word_1_266' title='bbox 1275 1877 1582 1937; x_wconf 64' lang='lat' dir='ltr'><strong>prasstatur,</strong></span> <span class='ocrx_word' id='word_1_267' title='bbox 1615 1880 1640 1919; x_wconf 74' lang='grc' dir='ltr'>ε</span> <span class='ocrx_word' id='word_1_268' title='bbox 1671 1872 1833 1927; x_wconf 89' lang='lat' dir='ltr'><strong>nullis</strong></span> <span class='ocrx_word' id='word_1_269' title='bbox 1872 1873 2088 1943; x_wconf 89' lang='lat' dir='ltr'><strong>procul-</strong></span> 
     </span>
    </p>
   </div>
   <div class='ocr_carea' id='block_1_34' title="bbox 492 1956 2082 2033">
    <p class='ocr_par' dir='ltr' id='par_1_34' title="bbox 492 1956 2082 2033">
     <span class='ocr_line' id='line_1_35' title="bbox 492 1956 2082 2033; baseline 0.004 -21"><span class='ocrx_word' id='word_1_270' title='bbox 492 1958 655 2013; x_wconf 85' lang='lat' dir='ltr'><strong>dubio</strong></span> <span class='ocrx_word' id='word_1_271' title='bbox 681 1956 1119 2027; x_wconf 76' lang='lat' dir='ltr'><strong>prazcedentibus</strong></span> <span class='ocrx_word' id='word_1_272' title='bbox 1143 1958 1378 2027; x_wconf 88' lang='lat' dir='ltr'><strong>meritis,</strong></span> <span class='ocrx_word' id='word_1_273' title='bbox 1404 1975 1471 2016; x_wconf 89' lang='lat' dir='ltr'><strong>ne</strong></span> <span class='ocrx_word' id='word_1_274' title='bbox 1486 1962 1655 2032; x_wconf 88' lang='lat' dir='ltr'><strong>gratia</strong></span> <span class='ocrx_word' id='word_1_275' title='bbox 1672 1977 1778 2018; x_wconf 91' lang='lat' dir='ltr'><strong>non</strong></span> <span class='ocrx_word' id='word_1_276' title='bbox 1806 1964 1873 2017; x_wconf 88' lang='lat' dir='ltr'><strong>sit</strong></span> <span class='ocrx_word' id='word_1_277' title='bbox 1891 1965 2082 2033; x_wconf 87' lang='lat' dir='ltr'><strong>gratia.</strong></span> 
     </span>
    </p>
   </div>
   <div class='ocr_carea' id='block_1_35' title="bbox 492 2048 2083 2122">
    <p class='ocr_par' dir='ltr' id='par_1_35' title="bbox 492 2048 2083 2122">
     <span class='ocr_line' id='line_1_36' title="bbox 492 2048 2083 2122; baseline 0.004 -19"><span class='ocrx_word' id='word_1_278' title='bbox 492 2048 549 2104; x_wconf 92' lang='lat' dir='ltr'><strong>Si</strong></span> <span class='ocrx_word' id='word_1_279' title='bbox 585 2049 729 2103; x_wconf 87' lang='lat' dir='ltr'><strong>enim</strong></span> <span class='ocrx_word' id='word_1_280' title='bbox 769 2048 1022 2115; x_wconf 77' lang='lat' dir='ltr'><strong>dixisset,</strong></span> <span class='ocrx_word' id='word_1_281' title='bbox 1057 2048 1246 2106; x_wconf 89' lang='lat' dir='ltr'><strong>Omnis</strong></span> <span class='ocrx_word' id='word_1_282' title='bbox 1275 2052 1367 2122; x_wconf 93' lang='lat' dir='ltr'><strong>qui</strong></span> <span class='ocrx_word' id='word_1_283' title='bbox 1420 2052 1569 2108; x_wconf 90' lang='lat' dir='ltr'><strong>audit</strong></span> <span class='ocrx_word' id='word_1_284' title='bbox 1599 2068 1782 2110; x_wconf 92' lang='lat' dir='ltr'><strong>vocem</strong></span> <span class='ocrx_word' id='word_1_285' title='bbox 1813 2069 1985 2109; x_wconf 90' lang='lat' dir='ltr'><strong>meam</strong></span> <span class='ocrx_word' id='word_1_286' title='bbox 2018 2071 2083 2110; x_wconf 76' lang='lat' dir='ltr'><strong>ex</strong></span> 
     </span>
    </p>
   </div>
   <div class='ocr_carea' id='block_1_36' title="bbox 493 2140 2083 2217">
    <p class='ocr_par' dir='ltr' id='par_1_36' title="bbox 493 2140 2083 2217">
     <span class='ocr_line' id='line_1_37' title="bbox 493 2140 2083 2217; baseline 0.004 -24"><span class='ocrx_word' id='word_1_287' title='bbox 493 2140 721 2195; x_wconf 84' lang='lat' dir='ltr'><strong>veritate</strong></span> <span class='ocrx_word' id='word_1_288' title='bbox 749 2149 862 2195; x_wconf 73' lang='lat' dir='ltr'><strong>est:</strong></span> <span class='ocrx_word' id='word_1_289' title='bbox 887 2141 1010 2197; x_wconf 88' lang='lat' dir='ltr'><strong>ideo</strong></span> <span class='ocrx_word' id='word_1_290' title='bbox 1035 2142 1212 2198; x_wconf 90' lang='lat' dir='ltr'><strong>dictus</strong></span> <span class='ocrx_word' id='word_1_291' title='bbox 1240 2157 1307 2198; x_wconf 79' lang='lat' dir='ltr'><strong>ex</strong></span> <span class='ocrx_word' id='word_1_292' title='bbox 1338 2142 1611 2201; x_wconf 78' lang='lat' dir='ltr'><strong>veritateh</strong></span> <span class='ocrx_word' id='word_1_293' title='bbox 1636 2154 1936 2215; x_wconf 90' lang='lat' dir='ltr'><strong>putaretur,</strong></span> <span class='ocrx_word' id='word_1_294' title='bbox 1961 2149 2083 2217; x_wconf 92' lang='lat' dir='ltr'><strong>quia</strong></span> 
     </span>
    </p>
   </div>
   <div class='ocr_carea' id='block_1_37' title="bbox 492 2233 2082 2303">
    <p class='ocr_par' dir='ltr' id='par_1_37' title="bbox 492 2233 2082 2303">
     <span class='ocr_line' id='line_1_38' title="bbox 492 2233 2082 2303; baseline 0.003 -17"><span class='ocrx_word' id='word_1_295' title='bbox 492 2233 836 2302; x_wconf 90' lang='lat' dir='ltr'><strong>obtemperat</strong></span> <span class='ocrx_word' id='word_1_296' title='bbox 863 2235 1099 2289; x_wconf 88' lang='lat' dir='ltr'><strong>veritati.</strong></span> <span class='ocrx_word' id='word_1_297' title='bbox 1126 2234 1245 2290; x_wconf 86' lang='lat' dir='ltr'><strong>Non</strong></span> <span class='ocrx_word' id='word_1_298' title='bbox 1270 2242 1450 2291; x_wconf 87' lang='lat' dir='ltr'><strong>autem</strong></span> <span class='ocrx_word' id='word_1_299' title='bbox 1481 2237 1581 2291; x_wconf 90' lang='lat' dir='ltr'><strong>hoc</strong></span> <span class='ocrx_word' id='word_1_300' title='bbox 1596 2237 1700 2301; x_wconf 87' lang='lat' dir='ltr'><strong>ait;</strong></span> <span class='ocrx_word' id='word_1_301' title='bbox 1730 2238 1848 2302; x_wconf 87' lang='lat' dir='ltr'><strong>sed,</strong></span> <span class='ocrx_word' id='word_1_302' title='bbox 1880 2238 2082 2303; x_wconf 83' lang='lat' dir='ltr'><strong>Omnis,</strong></span> 
     </span>
    </p>
   </div>
   <div class='ocr_carea' id='block_1_38' title="bbox 490 2325 2081 2400">
    <p class='ocr_par' dir='ltr' id='par_1_38' title="bbox 490 2325 2081 2400">
     <span class='ocr_line' id='line_1_39' title="bbox 490 2325 2081 2400; baseline 0.002 -20"><span class='ocrx_word' id='word_1_303' title='bbox 490 2325 681 2396; x_wconf 85' lang='lat' dir='ltr'><strong>inquit,</strong></span> <span class='ocrx_word' id='word_1_304' title='bbox 711 2326 801 2395; x_wconf 84' lang='lat' dir='ltr'><strong>qui</strong></span> <span class='ocrx_word' id='word_1_305' title='bbox 828 2333 902 2380; x_wconf 86' lang='lat' dir='ltr'><strong>est</strong></span> <span class='ocrx_word' id='word_1_306' title='bbox 937 2343 1004 2381; x_wconf 75' lang='lat' dir='ltr'><strong>ea:</strong></span> <span class='ocrx_word' id='word_1_307' title='bbox 1031 2328 1259 2395; x_wconf 83' lang='lat' dir='ltr'><strong>reritate,</strong></span> <span class='ocrx_word' id='word_1_308' title='bbox 1290 2325 1305 2364; x_wconf 77' lang='grc' dir='ltr'><strong>ί</strong></span> <span class='ocrx_word' id='word_1_309' title='bbox 1339 2328 1484 2382; x_wconf 81' lang='lat' dir='ltr'><strong>audit</strong></span> <span class='ocrx_word' id='word_1_310' title='bbox 1518 2344 1690 2384; x_wconf 85' lang='lat' dir='ltr'><strong>vocem</strong></span> <span class='ocrx_word' id='word_1_311' title='bbox 1711 2346 1875 2383; x_wconf 88' lang='lat' dir='ltr'><strong>meam</strong></span> <span class='ocrx_word' id='word_1_312' title='bbox 1902 2329 2081 2400; x_wconf 84' lang='lat' dir='ltr'><strong>(Joan.</strong></span> 
     </span>
    </p>
   </div>
   <div class='ocr_carea' id='block_1_39' title="bbox 490 2417 2081 2488">
    <p class='ocr_par' dir='ltr' id='par_1_39' title="bbox 490 2417 2081 2488">
     <span class='ocr_line' id='line_1_40' title="bbox 490 2417 2081 2488; baseline 0.004 -18"><span class='ocrx_word' id='word_1_313' title='bbox 490 2417 786 2487; x_wconf 77' lang='lat' dir='ltr'><strong>xvnt,57).</strong></span> <span class='ocrx_word' id='word_1_314' title='bbox 839 2421 919 2473; x_wconf 85' lang='lat' dir='ltr'><strong>Ac</strong></span> <span class='ocrx_word' id='word_1_315' title='bbox 960 2433 1055 2488; x_wconf 89' lang='lat' dir='ltr'><strong>per</strong></span> <span class='ocrx_word' id='word_1_316' title='bbox 1098 2419 1237 2488; x_wconf 88' lang='lat' dir='ltr'><strong>hoc,</strong></span> <span class='ocrx_word' id='word_1_317' title='bbox 1284 2435 1393 2473; x_wconf 92' lang='lat' dir='ltr'><strong>non</strong></span> <span class='ocrx_word' id='word_1_318' title='bbox 1435 2420 1557 2475; x_wconf 85' lang='lat' dir='ltr'><strong>ideo</strong></span> <span class='ocrx_word' id='word_1_319' title='bbox 1600 2430 1684 2475; x_wconf 89' lang='lat' dir='ltr'><strong>est</strong></span> <span class='ocrx_word' id='word_1_320' title='bbox 1720 2436 1789 2475; x_wconf 81' lang='lat' dir='ltr'><strong>ex</strong></span> <span class='ocrx_word' id='word_1_321' title='bbox 1834 2421 2081 2487; x_wconf 85' lang='lat' dir='ltr'><strong>veritate,</strong></span> 
     </span>
    </p>
   </div>
   <div class='ocr_carea' id='block_1_40' title="bbox 491 2509 2085 2583">
    <p class='ocr_par' dir='ltr' id='par_1_40' title="bbox 491 2509 2085 2583">
     <span class='ocr_line' id='line_1_41' title="bbox 491 2509 2085 2583; baseline 0.004 -19"><span class='ocrx_word' id='word_1_322' title='bbox 491 2512 614 2578; x_wconf 85' lang='lat' dir='ltr'><strong>quia</strong></span> <span class='ocrx_word' id='word_1_323' title='bbox 635 2509 752 2579; x_wconf 89' lang='lat' dir='ltr'><strong>ejus</strong></span> <span class='ocrx_word' id='word_1_324' title='bbox 781 2509 929 2565; x_wconf 87' lang='lat' dir='ltr'><strong>audit</strong></span> <span class='ocrx_word' id='word_1_325' title='bbox 956 2525 1142 2566; x_wconf 91' lang='lat' dir='ltr'><strong>vocem</strong></span> <span class='ocrx_word' id='word_1_326' title='bbox 1170 2528 1186 2576; x_wconf 91' lang='lat'><strong>;</strong></span> <span class='ocrx_word' id='word_1_327' title='bbox 1215 2512 1311 2567; x_wconf 91' lang='lat' dir='ltr'><strong>sed</strong></span> <span class='ocrx_word' id='word_1_328' title='bbox 1340 2511 1463 2568; x_wconf 91' lang='lat' dir='ltr'><strong>ideo</strong></span> <span class='ocrx_word' id='word_1_329' title='bbox 1492 2513 1663 2580; x_wconf 89' lang='lat' dir='ltr'><strong>audit,</strong></span> <span class='ocrx_word' id='word_1_330' title='bbox 1697 2515 1821 2583; x_wconf 90' lang='lat' dir='ltr'><strong>quia</strong></span> <span class='ocrx_word' id='word_1_331' title='bbox 1852 2529 1918 2570; x_wconf 83' lang='lat' dir='ltr'><strong>ex</strong></span> <span class='ocrx_word' id='word_1_332' title='bbox 1944 2517 2085 2571; x_wconf 79' lang='lat' dir='ltr'><strong>veri-</strong></span> 
     </span>
    </p>
   </div>
   <div class='ocr_carea' id='block_1_41' title="bbox 491 2602 2085 2673">
    <p class='ocr_par' dir='ltr' id='par_1_41' title="bbox 491 2602 2085 2673">
     <span class='ocr_line' id='line_1_42' title="bbox 491 2602 2085 2673; baseline 0.004 -17"><span class='ocrx_word' id='word_1_333' title='bbox 491 2611 600 2657; x_wconf 89' lang='lat' dir='ltr'><strong>tate</strong></span> <span class='ocrx_word' id='word_1_334' title='bbox 628 2612 734 2672; x_wconf 91' lang='lat' dir='ltr'><strong>est,</strong></span> <span class='ocrx_word' id='word_1_335' title='bbox 763 2602 819 2657; x_wconf 88' lang='lat' dir='ltr'><strong>id</strong></span> <span class='ocrx_word' id='word_1_336' title='bbox 848 2612 955 2670; x_wconf 88' lang='lat' dir='ltr'><strong>est,</strong></span> <span class='ocrx_word' id='word_1_337' title='bbox 995 2604 1120 2673; x_wconf 89' lang='lat' dir='ltr'><strong>quia</strong></span> <span class='ocrx_word' id='word_1_338' title='bbox 1151 2604 1354 2659; x_wconf 71' lang='lat' dir='ltr'><strong>hoc&#39;llli</strong></span> <span class='ocrx_word' id='word_1_339' title='bbox 1382 2604 1582 2660; x_wconf 90' lang='lat' dir='ltr'><strong>donum</strong></span> <span class='ocrx_word' id='word_1_340' title='bbox 1605 2621 1672 2661; x_wconf 76' lang='lat' dir='ltr'><strong>ex</strong></span> <span class='ocrx_word' id='word_1_341' title='bbox 1696 2607 1925 2662; x_wconf 89' lang='lat' dir='ltr'><strong>veritate</strong></span> <span class='ocrx_word' id='word_1_342' title='bbox 1969 2608 2085 2663; x_wconf 90' lang='lat' dir='ltr'><strong>col-</strong></span> 
     </span>
    </p>
   </div>
   <div class='ocr_carea' id='block_1_42' title="bbox 490 2695 2081 2770">
    <p class='ocr_par' dir='ltr' id='par_1_42' title="bbox 490 2695 2081 2770">
     <span class='ocr_line' id='line_1_43' title="bbox 490 2695 2081 2770; baseline 0.004 -21"><span class='ocrx_word' id='word_1_343' title='bbox 490 2696 656 2750; x_wconf 90' lang='lat' dir='ltr'><strong>latum</strong></span> <span class='ocrx_word' id='word_1_344' title='bbox 674 2705 777 2750; x_wconf 85' lang='lat' dir='ltr'><strong>est.</strong></span> <span class='ocrx_word' id='word_1_345' title='bbox 795 2695 947 2763; x_wconf 86' lang='lat' dir='ltr'><strong>Quod</strong></span> <span class='ocrx_word' id='word_1_346' title='bbox 970 2695 1096 2766; x_wconf 90' lang='lat' dir='ltr'><strong>quid</strong></span> <span class='ocrx_word' id='word_1_347' title='bbox 1124 2697 1373 2753; x_wconf 83' lang='lat' dir='ltr'><strong>estaliud</strong></span> <span class='ocrx_word' id='word_1_348' title='bbox 1390 2713 1548 2767; x_wconf 88' lang='lat' dir='ltr'><strong>quam</strong></span> <span class='ocrx_word' id='word_1_349' title='bbox 1566 2716 1578 2751; x_wconf 91' lang='lat'><strong>:</strong></span> <span class='ocrx_word' id='word_1_350' title='bbox 1594 2698 1830 2755; x_wconf 89' lang='lat' dir='ltr'><strong>donante</strong></span> <span class='ocrx_word' id='word_1_351' title='bbox 1843 2698 2081 2770; x_wconf 87' lang='lat' dir='ltr'><strong>Christo,</strong></span> 
     </span>
    </p>
   </div>
   <div class='ocr_carea' id='block_1_43' title="bbox 491 2788 2085 2860">
    <p class='ocr_par' dir='ltr' id='par_1_43' title="bbox 491 2788 2085 2860">
     <span class='ocr_line' id='line_1_44' title="bbox 491 2788 2085 2860; baseline 0.003 -17"><span class='ocrx_word' id='word_1_352' title='bbox 491 2788 662 2843; x_wconf 82' lang='lat' dir='ltr'><strong>credit</strong></span> <span class='ocrx_word' id='word_1_353' title='bbox 690 2789 741 2841; x_wconf 89' lang='lat' dir='ltr'><strong>in</strong></span> <span class='ocrx_word' id='word_1_354' title='bbox 773 2788 1043 2843; x_wconf 86' lang='lat' dir='ltr'><strong>Christum</strong></span> <span class='ocrx_word' id='word_1_355' title='bbox 1072 2788 1232 2859; x_wconf 78' lang='lat' dir='ltr'><strong>(Aug.</strong></span> <span class='ocrx_word' id='word_1_356' title='bbox 1262 2797 1417 2844; x_wconf 88' lang='lat' dir='ltr'><strong>tract.</strong></span> <span class='ocrx_word' id='word_1_357' title='bbox 1450 2789 1554 2846; x_wconf 83' lang='grc'><strong>115</strong></span> <span class='ocrx_word' id='word_1_358' title='bbox 1584 2792 1636 2845; x_wconf 85' lang='lat' dir='ltr'><strong>in</strong></span> <span class='ocrx_word' id='word_1_359' title='bbox 1664 2789 1849 2860; x_wconf 81' lang='lat' dir='ltr'><strong>Joan.,</strong></span> <span class='ocrx_word' id='word_1_360' title='bbox 1883 2792 1938 2847; x_wconf 79' lang='lat' dir='ltr'><strong>ii.</strong></span> <span class='ocrx_word' id='word_1_361' title='bbox 1981 2795 2085 2860; x_wconf 63' lang='lat' dir='ltr'><strong>t)?</strong></span> 
     </span>
    </p>
   </div>
   <div class='ocr_carea' id='block_1_44' title="bbox 491 2898 2078 2975">
    <p class='ocr_par' dir='ltr' id='par_1_44' title="bbox 491 2898 2078 2975">
     <span class='ocr_line' id='line_1_45' title="bbox 491 2898 2078 2975; baseline 0.003 -21"><span class='ocrx_word' id='word_1_362' title='bbox 491 2898 840 2975; x_wconf 45' lang='lat' dir='ltr'><strong>CCCLXKIX</strong></span> <span class='ocrx_word' id='word_1_363' title='bbox 892 2899 1057 2973; x_wconf 82' lang='lat' dir='ltr'><strong>[Alias</strong></span> <span class='ocrx_word' id='word_1_364' title='bbox 1091 2899 1487 2975; x_wconf 73' lang='lat' dir='ltr'><strong>CCCLXXVII,</strong></span> <span class='ocrx_word' id='word_1_365' title='bbox 1540 2912 1657 2955; x_wconf 84' lang='lat' dir='ltr'><strong>ante</strong></span> <span class='ocrx_word' id='word_1_366' title='bbox 1710 2903 2078 2975; x_wconf 72' lang='lat' dir='ltr'><strong>CCCLXXV].</strong></span> 
     </span>
    </p>
   </div>
   <div class='ocr_carea' id='block_1_45' title="bbox 706 2971 1834 3039">
    <p class='ocr_par' dir='ltr' id='par_1_45' title="bbox 706 2971 1834 3039">
     <span class='ocr_line' id='line_1_46' title="bbox 706 2971 1834 3039; baseline 0.004 -16"><span class='ocrx_word' id='word_1_367' title='bbox 706 2972 782 3025; x_wconf 77' lang='lat' dir='ltr'><strong>De</strong></span> <span class='ocrx_word' id='word_1_368' title='bbox 812 2971 988 3025; x_wconf 78' lang='lat' dir='ltr'><strong>amore</strong></span> <span class='ocrx_word' id='word_1_369' title='bbox 1016 2987 1116 3039; x_wconf 81' lang='lat' dir='ltr'><strong>quo</strong></span> <span class='ocrx_word' id='word_1_370' title='bbox 1162 2971 1327 3026; x_wconf 85' lang='lat' dir='ltr'><strong>Deum</strong></span> <span class='ocrx_word' id='word_1_371' title='bbox 1365 2989 1537 3027; x_wconf 89' lang='lat' dir='ltr'><strong>amare</strong></span> <span class='ocrx_word' id='word_1_372' title='bbox 1576 2974 1834 3027; x_wconf 79' lang='lat' dir='ltr'><strong>debemus.</strong></span> 
     </span>
    </p>
   </div>
   <div class='ocr_carea' id='block_1_46' title="bbox 2190 1777 3777 1847">
    <p class='ocr_par' dir='ltr' id='par_1_46' title="bbox 2190 1777 3777 1847">
     <span class='ocr_line' id='line_1_47' title="bbox 2190 1777 3777 1847; baseline 0 -16"><span class='ocrx_word' id='word_1_373' title='bbox 2190 1778 2488 1832; x_wconf 88' lang='lat' dir='ltr'><strong>humanum</strong></span> <span class='ocrx_word' id='word_1_374' title='bbox 2518 1777 2875 1833; x_wconf 88' lang='lat' dir='ltr'><strong>conversione</strong></span> <span class='ocrx_word' id='word_1_375' title='bbox 2901 1777 3077 1847; x_wconf 89' lang='lat' dir='ltr'><strong>aliqua</strong></span> <span class='ocrx_word' id='word_1_376' title='bbox 3116 1778 3542 1832; x_wconf 88' lang='lat' dir='ltr'><strong>consumendum</strong></span> <span class='ocrx_word' id='word_1_377' title='bbox 3570 1793 3586 1833; x_wconf 88' lang='lat'>:</span> <span class='ocrx_word' id='word_1_378' title='bbox 3626 1788 3678 1832; x_wconf 87' lang='lat' dir='ltr'><strong>ut</strong></span> <span class='ocrx_word' id='word_1_379' title='bbox 3704 1780 3777 1832; x_wconf 86' lang='lat' dir='ltr'><strong>sit</strong></span> 
     </span>
    </p>
   </div>
   <div class='ocr_carea' id='block_1_47' title="bbox 2185 1867 3772 1937">
    <p class='ocr_par' dir='ltr' id='par_1_47' title="bbox 2185 1867 3772 1937">
     <span class='ocr_line' id='line_1_48' title="bbox 2185 1867 3772 1937; baseline -0.001 -13"><span class='ocrx_word' id='word_1_380' title='bbox 2185 1868 2327 1924; x_wconf 80' lang='lat' dir='ltr'><strong>Deus</strong></span> <span class='ocrx_word' id='word_1_381' title='bbox 2355 1870 2550 1936; x_wconf 84' lang='lat' dir='ltr'><strong>omnia,</strong></span> <span class='ocrx_word' id='word_1_382' title='bbox 2587 1883 2693 1924; x_wconf 90' lang='lat' dir='ltr'><strong>non</strong></span> <span class='ocrx_word' id='word_1_383' title='bbox 2717 1878 2922 1924; x_wconf 90' lang='lat' dir='ltr'><strong>tantum</strong></span> <span class='ocrx_word' id='word_1_384' title='bbox 2952 1877 2979 1905; x_wconf 74' lang='grc' dir='ltr'>η</span> <span class='ocrx_word' id='word_1_385' title='bbox 3006 1867 3058 1923; x_wconf 91' lang='lat' dir='ltr'><strong>in</strong></span> <span class='ocrx_word' id='word_1_386' title='bbox 3088 1868 3234 1923; x_wconf 81' lang='lat' dir='ltr'><strong>illius</strong></span> <span class='ocrx_word' id='word_1_387' title='bbox 3288 1868 3453 1923; x_wconf 80' lang='lat' dir='ltr'><strong>forma</strong></span> <span class='ocrx_word' id='word_1_388' title='bbox 3515 1870 3772 1937; x_wconf 75' lang='lat' dir='ltr'><strong>hominis,</strong></span> 
     </span>
    </p>
   </div>
   <div class='ocr_carea' id='block_1_48' title="bbox 2185 1957 3769 2031">
    <p class='ocr_par' dir='ltr' id='par_1_48' title="bbox 2185 1957 3769 2031">
     <span class='ocr_line' id='line_1_49' title="bbox 2185 1957 3769 2031; baseline -0.004 -14"><span class='ocrx_word' id='word_1_389' title='bbox 2185 1961 2279 2017; x_wconf 89' lang='lat' dir='ltr'><strong>sed</strong></span> <span class='ocrx_word' id='word_1_390' title='bbox 2310 1961 2364 2014; x_wconf 87' lang='lat' dir='ltr'><strong>in</strong></span> <span class='ocrx_word' id='word_1_391' title='bbox 2420 1959 2655 2015; x_wconf 87' lang='lat' dir='ltr'><strong>omnibus</strong></span> <span class='ocrx_word' id='word_1_392' title='bbox 2759 1957 2934 2027; x_wconf 88' lang='lat' dir='ltr'><strong>(Ibid.</strong></span> <span class='ocrx_word' id='word_1_393' title='bbox 2955 1963 2994 2030; x_wconf 94' lang='lat'><strong>),</strong></span> <span class='ocrx_word' id='word_1_394' title='bbox 3110 1958 3325 2029; x_wconf 88' lang='lat' dir='ltr'><strong>quando</strong></span> <span class='ocrx_word' id='word_1_395' title='bbox 3368 1959 3563 2026; x_wconf 86' lang='lat' dir='ltr'><strong>capitis</strong></span> <span class='ocrx_word' id='word_1_396' title='bbox 3599 1961 3769 2031; x_wconf 71' lang='lat' dir='ltr'><strong>gloria</strong></span> 
     </span>
    </p>
   </div>
   <div class='ocr_carea' id='block_1_49' title="bbox 2187 2049 3769 2121">
    <p class='ocr_par' dir='ltr' id='par_1_49' title="bbox 2187 2049 3769 2121">
     <span class='ocr_line' id='line_1_50' title="bbox 2187 2049 3769 2121; baseline 0.001 -16"><span class='ocrx_word' id='word_1_397' title='bbox 2187 2053 2493 2106; x_wconf 88' lang='lat' dir='ltr'><strong>universum</strong></span> <span class='ocrx_word' id='word_1_398' title='bbox 2522 2064 2719 2121; x_wconf 90' lang='lat' dir='ltr'><strong>corpus</strong></span> <span class='ocrx_word' id='word_1_399' title='bbox 2751 2050 2995 2120; x_wconf 89' lang='lat' dir='ltr'><strong>implebit</strong></span> <span class='ocrx_word' id='word_1_400' title='bbox 3022 2053 3183 2121; x_wconf 82' lang='lat' dir='ltr'><strong>(Aug.</strong></span> <span class='ocrx_word' id='word_1_401' title='bbox 3223 2050 3260 2102; x_wconf 91' lang='grc' dir='ltr'><strong>ι.</strong></span> <span class='ocrx_word' id='word_1_402' title='bbox 3290 2066 3304 2104; x_wconf 83' lang='grc' dir='ltr'>ι</span> <span class='ocrx_word' id='word_1_403' title='bbox 3339 2051 3403 2104; x_wconf 83' lang='lat' dir='ltr'><strong>de</strong></span> <span class='ocrx_word' id='word_1_404' title='bbox 3438 2049 3583 2105; x_wconf 75' lang='lat' dir='ltr'><strong>Trin.</strong></span> <span class='ocrx_word' id='word_1_405' title='bbox 3611 2069 3660 2106; x_wconf 90' lang='lat' dir='ltr'><strong>c.</strong></span> <span class='ocrx_word' id='word_1_406' title='bbox 3706 2054 3769 2114; x_wconf 87' lang='lat'><strong>8,</strong></span> 
     </span>
    </p>
   </div>
   <div class='ocr_carea' id='block_1_50' title="bbox 2187 2142 3769 2209">
    <p class='ocr_par' dir='ltr' id='par_1_50' title="bbox 2187 2142 3769 2209">
     <span class='ocr_line' id='line_1_51' title="bbox 2187 2142 3769 2209; baseline 0.001 -12"><span class='ocrx_word' id='word_1_407' title='bbox 2187 2142 2278 2198; x_wconf 85' lang='lat' dir='ltr'><strong>lib.</strong></span> <span class='ocrx_word' id='word_1_408' title='bbox 2306 2153 2448 2197; x_wconf 87' lang='lat' dir='ltr'><strong>cont.</strong></span> <span class='ocrx_word' id='word_1_409' title='bbox 2474 2160 2629 2198; x_wconf 85' lang='lat' dir='ltr'><strong>serm.</strong></span> <span class='ocrx_word' id='word_1_410' title='bbox 2672 2144 2855 2200; x_wconf 78' lang='lat' dir='ltr'><strong>Arian.</strong></span> <span class='ocrx_word' id='word_1_411' title='bbox 2887 2160 2935 2198; x_wconf 90' lang='lat' dir='ltr'><strong>c.</strong></span> <span class='ocrx_word' id='word_1_412' title='bbox 2978 2144 3069 2209; x_wconf 71' lang='lat'><strong>27,</strong></span> <span class='ocrx_word' id='word_1_413' title='bbox 3100 2153 3150 2198; x_wconf 85' lang='lat' dir='ltr'><strong>et</strong></span> <span class='ocrx_word' id='word_1_414' title='bbox 3180 2143 3268 2199; x_wconf 89' lang='lat' dir='ltr'><strong>lib.</strong></span> <span class='ocrx_word' id='word_1_415' title='bbox 3314 2159 3349 2198; x_wconf 91' lang='lat' dir='ltr'><strong>tt</strong></span> <span class='ocrx_word' id='word_1_416' title='bbox 3381 2153 3517 2198; x_wconf 85' lang='lat' dir='ltr'><strong>cont.</strong></span> <span class='ocrx_word' id='word_1_417' title='bbox 3552 2144 3769 2199; x_wconf 69' lang='lat' dir='ltr'><strong>Marini.</strong></span> 
     </span>
    </p>
   </div>
   <div class='ocr_carea' id='block_1_51' title="bbox 2185 2234 2589 2304">
    <p class='ocr_par' dir='ltr' id='par_1_51' title="bbox 2185 2234 2589 2304">
     <span class='ocr_line' id='line_1_52' title="bbox 2185 2234 2589 2304; baseline 0.005 -16"><span class='ocrx_word' id='word_1_418' title='bbox 2185 2234 2369 2289; x_wconf 82' lang='lat' dir='ltr'><strong>Arian.</strong></span> <span class='ocrx_word' id='word_1_419' title='bbox 2399 2252 2444 2289; x_wconf 91' lang='lat' dir='ltr'><strong>c.</strong></span> <span class='ocrx_word' id='word_1_420' title='bbox 2475 2235 2589 2304; x_wconf 89' lang='grc'><strong>18).</strong></span> 
     </span>
    </p>
   </div>
   <div class='ocr_carea' id='block_1_52' title="bbox 2185 2348 3773 2421">
    <p class='ocr_par' dir='ltr' id='par_1_52' title="bbox 2185 2348 3773 2421">
     <span class='ocr_line' id='line_1_53' title="bbox 2185 2348 3773 2421; baseline -0.001 -16"><span class='ocrx_word' id='word_1_421' title='bbox 2185 2348 2557 2406; x_wconf 74' lang='lat' dir='ltr'><strong>CCCLXXXII</strong></span> <span class='ocrx_word' id='word_1_422' title='bbox 2589 2350 2755 2421; x_wconf 81' lang='lat' dir='ltr'><strong>[Alias</strong></span> <span class='ocrx_word' id='word_1_423' title='bbox 2803 2348 3155 2417; x_wconf 76' lang='lat' dir='ltr'><strong>CCCLXXX,</strong></span> <span class='ocrx_word' id='word_1_424' title='bbox 3188 2359 3306 2402; x_wconf 81' lang='lat' dir='ltr'><strong>ante</strong></span> <span class='ocrx_word' id='word_1_425' title='bbox 3336 2348 3773 2419; x_wconf 66' lang='lat' dir='ltr'><strong>CCCLXXVII”.</strong></span> 
     </span>
    </p>
   </div>
   <div class='ocr_carea' id='block_1_53' title="bbox 2545 2421 3346 2488">
    <p class='ocr_par' dir='ltr' id='par_1_53' title="bbox 2545 2421 3346 2488">
     <span class='ocr_line' id='line_1_54' title="bbox 2545 2421 3346 2488; baseline 0 -14"><span class='ocrx_word' id='word_1_426' title='bbox 2545 2429 2568 2457; x_wconf 91' lang='grc' dir='ltr'>ο</span> <span class='ocrx_word' id='word_1_427' title='bbox 2597 2422 2747 2488; x_wconf 85' lang='lat' dir='ltr'><strong>Quod</strong></span> <span class='ocrx_word' id='word_1_428' title='bbox 2774 2422 2945 2474; x_wconf 85' lang='lat' dir='ltr'><strong>omnia</strong></span> <span class='ocrx_word' id='word_1_429' title='bbox 2971 2423 3100 2474; x_wconf 90' lang='lat' dir='ltr'><strong>bona</strong></span> <span class='ocrx_word' id='word_1_430' title='bbox 3126 2437 3191 2475; x_wconf 73' lang='lat' dir='ltr'><strong>ex</strong></span> <span class='ocrx_word' id='word_1_431' title='bbox 3223 2421 3346 2474; x_wconf 85' lang='lat' dir='ltr'><strong>Deo.</strong></span> 
     </span>
    </p>
   </div>
   <div class='ocr_carea' id='block_1_54' title="bbox 2257 2511 3777 2583">
    <p class='ocr_par' dir='ltr' id='par_1_54' title="bbox 2257 2511 3777 2583">
     <span class='ocr_line' id='line_1_55' title="bbox 2257 2511 3777 2583; baseline 0.003 -21"><span class='ocrx_word' id='word_1_432' title='bbox 2257 2512 2702 2582; x_wconf 83' lang='lat' dir='ltr'><strong>Quantacumque</strong></span> <span class='ocrx_word' id='word_1_433' title='bbox 2751 2511 2915 2578; x_wconf 90' lang='lat' dir='ltr'><strong>bona,</strong></span> <span class='ocrx_word' id='word_1_434' title='bbox 2965 2512 3209 2582; x_wconf 86' lang='lat' dir='ltr'><strong>quamvis</strong></span> <span class='ocrx_word' id='word_1_435' title='bbox 3254 2527 3467 2581; x_wconf 81' lang='lat' dir='ltr'><strong>magna,</strong></span> <span class='ocrx_word' id='word_1_436' title='bbox 3531 2517 3777 2583; x_wconf 76' lang='lat' dir='ltr'><strong>quamvis</strong></span> 
     </span>
    </p>
   </div>
   <div class='ocr_carea' id='block_1_55' title="bbox 2185 2603 3778 2673">
    <p class='ocr_par' dir='ltr' id='par_1_55' title="bbox 2185 2603 3778 2673">
     <span class='ocr_line' id='line_1_56' title="bbox 2185 2603 3778 2673; baseline -0.002 -15"><span class='ocrx_word' id='word_1_437' title='bbox 2185 2603 2427 2669; x_wconf 88' lang='lat' dir='ltr'><strong>minima,</strong></span> <span class='ocrx_word' id='word_1_438' title='bbox 2460 2603 2558 2658; x_wconf 87' lang='lat' dir='ltr'><strong>nisi</strong></span> <span class='ocrx_word' id='word_1_439' title='bbox 2592 2620 2655 2658; x_wconf 74' lang='lat' dir='ltr'><strong>ev</strong></span> <span class='ocrx_word' id='word_1_440' title='bbox 2705 2604 2813 2657; x_wconf 89' lang='lat' dir='ltr'><strong>Deo</strong></span> <span class='ocrx_word' id='word_1_441' title='bbox 2861 2618 2980 2658; x_wconf 88' lang='lat' dir='ltr'><strong>esse</strong></span> <span class='ocrx_word' id='word_1_442' title='bbox 3024 2620 3129 2657; x_wconf 90' lang='lat' dir='ltr'><strong>non</strong></span> <span class='ocrx_word' id='word_1_443' title='bbox 3165 2610 3404 2673; x_wconf 54' lang='lat' dir='ltr'><strong>possunt.</strong></span> <span class='ocrx_word' id='word_1_444' title='bbox 3462 2603 3600 2671; x_wconf 84' lang='lat' dir='ltr'><strong>Quid</strong></span> <span class='ocrx_word' id='word_1_445' title='bbox 3631 2609 3778 2659; x_wconf 80' lang='lat' dir='ltr'><strong>en’im</strong></span> 
     </span>
    </p>
   </div>
   <div class='ocr_carea' id='block_1_56' title="bbox 2184 2696 3779 2767">
    <p class='ocr_par' dir='ltr' id='par_1_56' title="bbox 2184 2696 3779 2767">
     <span class='ocr_line' id='line_1_57' title="bbox 2184 2696 3779 2767; baseline -0.001 -15"><span class='ocrx_word' id='word_1_446' title='bbox 2184 2698 2359 2767; x_wconf 87' lang='lat' dir='ltr'><strong>majus</strong></span> <span class='ocrx_word' id='word_1_447' title='bbox 2402 2699 2453 2751; x_wconf 88' lang='lat' dir='ltr'><strong>in</strong></span> <span class='ocrx_word' id='word_1_448' title='bbox 2489 2698 2753 2752; x_wconf 82' lang='lat' dir='ltr'><strong>creaturis</strong></span> <span class='ocrx_word' id='word_1_449' title='bbox 2806 2713 2965 2767; x_wconf 90' lang='lat' dir='ltr'><strong>quam</strong></span> <span class='ocrx_word' id='word_1_450' title='bbox 3001 2699 3107 2751; x_wconf 87' lang='lat' dir='ltr'><strong>vita</strong></span> <span class='ocrx_word' id='word_1_451' title='bbox 3141 2696 3493 2765; x_wconf 76' lang='lat' dir='ltr'><strong>intelligens?</strong></span> <span class='ocrx_word' id='word_1_452' title='bbox 3529 2705 3623 2750; x_wconf 90' lang='lat' dir='ltr'><strong>aut</strong></span> <span class='ocrx_word' id='word_1_453' title='bbox 3650 2698 3779 2763; x_wconf 74' lang='lat' dir='ltr'><strong>quid</strong></span> 
     </span>
    </p>
   </div>
   <div class='ocr_carea' id='block_1_57' title="bbox 2185 2790 3783 2861">
    <p class='ocr_par' dir='ltr' id='par_1_57' title="bbox 2185 2790 3783 2861">
     <span class='ocr_line' id='line_1_58' title="bbox 2185 2790 3783 2861; baseline -0.001 -17"><span class='ocrx_word' id='word_1_454' title='bbox 2185 2790 2363 2846; x_wconf 89' lang='lat' dir='ltr'><strong>minus</strong></span> <span class='ocrx_word' id='word_1_455' title='bbox 2411 2800 2587 2859; x_wconf 58' lang='lat' dir='ltr'><strong>potest</strong></span> <span class='ocrx_word' id='word_1_456' title='bbox 2647 2807 2769 2845; x_wconf 85' lang='lat' dir='ltr'><strong>esse</strong></span> <span class='ocrx_word' id='word_1_457' title='bbox 2825 2808 2984 2861; x_wconf 90' lang='lat' dir='ltr'><strong>quam</strong></span> <span class='ocrx_word' id='word_1_458' title='bbox 3030 2791 3264 2860; x_wconf 69' lang='lat' dir='ltr'><strong>carpas?</strong></span> <span class='ocrx_word' id='word_1_459' title='bbox 3307 2791 3437 2857; x_wconf 75' lang='lat' dir='ltr'><strong>Qua:</strong></span> <span class='ocrx_word' id='word_1_460' title='bbox 3491 2798 3783 2860; x_wconf 79' lang='lat' dir='ltr'><strong>quantum-</strong></span> 
     </span>
    </p>
   </div>
   <div class='ocr_carea' id='block_1_58' title="bbox 2186 2882 3781 2949">
    <p class='ocr_par' dir='ltr' id='par_1_58' title="bbox 2186 2882 3781 2949">
     <span class='ocr_line' id='line_1_59' title="bbox 2186 2882 3781 2949; baseline -0.003 -13"><span class='ocrx_word' id='word_1_461' title='bbox 2186 2882 2319 2937; x_wconf 81' lang='lat' dir='ltr'><strong>libet</strong></span> <span class='ocrx_word' id='word_1_462' title='bbox 2369 2883 2645 2949; x_wconf 81' lang='lat' dir='ltr'><strong>deliciant,</strong></span> <span class='ocrx_word' id='word_1_463' title='bbox 2708 2883 2844 2936; x_wconf 91' lang='lat' dir='ltr'><strong>etin</strong></span> <span class='ocrx_word' id='word_1_464' title='bbox 2888 2882 2939 2937; x_wconf 90' lang='lat' dir='ltr'><strong>id</strong></span> <span class='ocrx_word' id='word_1_465' title='bbox 2994 2882 3211 2935; x_wconf 88' lang='lat' dir='ltr'><strong>tendant</strong></span> <span class='ocrx_word' id='word_1_466' title='bbox 3258 2891 3317 2936; x_wconf 89' lang='lat' dir='ltr'><strong>ut</strong></span> <span class='ocrx_word' id='word_1_467' title='bbox 3353 2898 3457 2936; x_wconf 89' lang='lat' dir='ltr'><strong>non</strong></span> <span class='ocrx_word' id='word_1_468' title='bbox 3512 2882 3654 2946; x_wconf 89' lang='lat' dir='ltr'><strong>sint;</strong></span> <span class='ocrx_word' id='word_1_469' title='bbox 3686 2892 3781 2934; x_wconf 78' lang='lat' dir='ltr'><strong>la-</strong></span> 
     </span>
    </p>
   </div>
   <div class='ocr_carea' id='block_1_59' title="bbox 2185 2972 3781 3042">
    <p class='ocr_par' dir='ltr' id='par_1_59' title="bbox 2185 2972 3781 3042">
     <span class='ocr_line' id='line_1_60' title="bbox 2185 2972 3781 3042; baseline -0.001 -16"><span class='ocrx_word' id='word_1_470' title='bbox 2185 2988 2309 3027; x_wconf 76' lang='lat' dir='ltr'><strong>nicn</strong></span> <span class='ocrx_word' id='word_1_471' title='bbox 2339 2973 2537 3041; x_wconf 88' lang='lat' dir='ltr'><strong>aliquid</strong></span> <span class='ocrx_word' id='word_1_472' title='bbox 2574 2982 2599 3020; x_wconf 75' lang='grc' dir='ltr'><em>Ρ</em></span> <span class='ocrx_word' id='word_1_473' title='bbox 2633 2972 2939 3027; x_wconf 68' lang='grc' dir='ltr'><strong>[ιεἠιτρὶιιίε</strong></span> <span class='ocrx_word' id='word_1_474' title='bbox 2970 2981 3233 3037; x_wconf 83' lang='lat' dir='ltr'><strong>remanet,</strong></span> <span class='ocrx_word' id='word_1_475' title='bbox 3266 2981 3325 3025; x_wconf 92' lang='lat' dir='ltr'><strong>ut</strong></span> <span class='ocrx_word' id='word_1_476' title='bbox 3361 2987 3577 3042; x_wconf 87' lang='lat' dir='ltr'><strong>quoquo</strong></span> <span class='ocrx_word' id='word_1_477' title='bbox 3616 2976 3781 3027; x_wconf 65' lang='lat' dir='ltr'><strong>modo</strong></span> 
     </span>
    </p>
   </div>
   <div class='ocr_carea' id='block_1_60' title="bbox 567 3048 3780 3137">
    <p class='ocr_par' dir='ltr' id='par_1_60' title="bbox 567 3048 3780 3137">
     <span class='ocr_line' id='line_1_61' title="bbox 567 3048 3780 3137; baseline -0.002 -15"><span class='ocrx_word' id='word_1_478' title='bbox 567 3068 824 3137; x_wconf 76' lang='lat' dir='ltr'><strong>Quisquis</strong></span> <span class='ocrx_word' id='word_1_479' title='bbox 854 3082 913 3123; x_wconf 88' lang='lat' dir='ltr'><strong>se</strong></span> <span class='ocrx_word' id='word_1_480' title='bbox 943 3069 1138 3137; x_wconf 89' lang='lat' dir='ltr'><strong>ipsum,</strong></span> <span class='ocrx_word' id='word_1_481' title='bbox 1164 3083 1269 3122; x_wconf 90' lang='lat' dir='ltr'><strong>non</strong></span> <span class='ocrx_word' id='word_1_482' title='bbox 1301 3068 1469 3123; x_wconf 87' lang='lat' dir='ltr'><strong>Deum</strong></span> <span class='ocrx_word' id='word_1_483' title='bbox 1490 3080 1653 3136; x_wconf 88' lang='lat' dir='ltr'><strong>amat,</strong></span> <span class='ocrx_word' id='word_1_484' title='bbox 1688 3084 1792 3124; x_wconf 89' lang='lat' dir='ltr'><strong>non</strong></span> <span class='ocrx_word' id='word_1_485' title='bbox 1822 3085 1882 3126; x_wconf 90' lang='lat' dir='ltr'><strong>se</strong></span> <span class='ocrx_word' id='word_1_486' title='bbox 1908 3080 2078 3125; x_wconf 87' lang='lat' dir='ltr'><strong>amat:</strong></span> <span class='ocrx_word' id='word_1_487' title='bbox 2109 3048 2154 3109; x_wconf 63' lang='grc' dir='ltr'><strong>(ἶ</strong></span> <span class='ocrx_word' id='word_1_488' title='bbox 2189 3062 2316 3117; x_wconf 86' lang='lat' dir='ltr'><strong>sint.</strong></span> <span class='ocrx_word' id='word_1_489' title='bbox 2345 3063 2611 3133; x_wconf 87' lang='lat' dir='ltr'><strong>Quidquid</strong></span> <span class='ocrx_word' id='word_1_490' title='bbox 2638 3077 2813 3116; x_wconf 84' lang='lat' dir='ltr'><strong>autem</strong></span> <span class='ocrx_word' id='word_1_491' title='bbox 2837 3063 3021 3117; x_wconf 73' lang='lat' dir='ltr'><strong>furtiue</strong></span> <span class='ocrx_word' id='word_1_492' title='bbox 3046 3073 3071 3111; x_wconf 78' lang='grc' dir='ltr'><strong>ει</strong></span> <span class='ocrx_word' id='word_1_493' title='bbox 3095 3062 3387 3132; x_wconf 79' lang='lat' dir='ltr'><strong>cujuSpiam</strong></span> <span class='ocrx_word' id='word_1_494' title='bbox 3410 3065 3487 3116; x_wconf 90' lang='lat' dir='ltr'><strong>rei</strong></span> <span class='ocrx_word' id='word_1_495' title='bbox 3506 3062 3780 3117; x_wconf 68' lang='lat' dir='ltr'><strong>deﬁcient-3</strong></span> 
     </span>
    </p>
   </div>
   <div class='ocr_carea' id='block_1_61' title="bbox 492 3160 2081 3231">
    <p class='ocr_par' dir='ltr' id='par_1_61' title="bbox 492 3160 2081 3231">
     <span class='ocr_line' id='line_1_62' title="bbox 492 3160 2081 3231; baseline 0.001 -18"><span class='ocrx_word' id='word_1_496' title='bbox 492 3168 545 3213; x_wconf 87' lang='lat' dir='ltr'><strong>et</strong></span> <span class='ocrx_word' id='word_1_497' title='bbox 558 3160 798 3230; x_wconf 86' lang='lat' dir='ltr'><strong>quisquis</strong></span> <span class='ocrx_word' id='word_1_498' title='bbox 818 3160 1005 3222; x_wconf 89' lang='lat' dir='ltr'><strong>Deum,</strong></span> <span class='ocrx_word' id='word_1_499' title='bbox 1024 3177 1128 3213; x_wconf 90' lang='lat' dir='ltr'><strong>non</strong></span> <span class='ocrx_word' id='word_1_500' title='bbox 1147 3174 1203 3214; x_wconf 85' lang='lat' dir='ltr'><strong>se</strong></span> <span class='ocrx_word' id='word_1_501' title='bbox 1222 3160 1395 3228; x_wconf 88' lang='lat' dir='ltr'><strong>ipsum</strong></span> <span class='ocrx_word' id='word_1_502' title='bbox 1414 3171 1579 3226; x_wconf 86' lang='lat' dir='ltr'><strong>autat,</strong></span> <span class='ocrx_word' id='word_1_503' title='bbox 1596 3162 1712 3231; x_wconf 89' lang='lat' dir='ltr'><strong>ipse</strong></span> <span class='ocrx_word' id='word_1_504' title='bbox 1727 3178 1785 3217; x_wconf 89' lang='lat' dir='ltr'><strong>se</strong></span> <span class='ocrx_word' id='word_1_505' title='bbox 1802 3174 1963 3217; x_wconf 85' lang='lat' dir='ltr'><strong>amat.</strong></span> <span class='ocrx_word' id='word_1_506' title='bbox 1979 3165 2081 3230; x_wconf 83' lang='lat' dir='ltr'><strong>Qui</strong></span> 
     </span>
    </p>
   </div>
   <div class='ocr_carea' id='block_1_62' title="bbox 493 3251 2082 3323">
    <p class='ocr_par' dir='ltr' id='par_1_62' title="bbox 493 3251 2082 3323">
     <span class='ocr_line' id='line_1_63' title="bbox 493 3251 2082 3323; baseline 0.003 -19"><span class='ocrx_word' id='word_1_507' title='bbox 493 3254 637 3304; x_wconf 85' lang='lat' dir='ltr'><strong>enim</strong></span> <span class='ocrx_word' id='word_1_508' title='bbox 658 3265 764 3303; x_wconf 84' lang='lat' dir='ltr'><strong>non</strong></span> <span class='ocrx_word' id='word_1_509' title='bbox 783 3259 961 3319; x_wconf 85' lang='lat' dir='ltr'><strong>potest</strong></span> <span class='ocrx_word' id='word_1_510' title='bbox 985 3253 1166 3305; x_wconf 85' lang='lat' dir='ltr'><strong>vivere</strong></span> <span class='ocrx_word' id='word_1_511' title='bbox 1194 3251 1261 3305; x_wconf 89' lang='lat' dir='ltr'><strong>de</strong></span> <span class='ocrx_word' id='word_1_512' title='bbox 1292 3265 1371 3318; x_wconf 91' lang='lat' dir='ltr'><strong>se,</strong></span> <span class='ocrx_word' id='word_1_513' title='bbox 1397 3253 1626 3307; x_wconf 89' lang='lat' dir='ltr'><strong>moritur</strong></span> <span class='ocrx_word' id='word_1_514' title='bbox 1649 3256 1833 3323; x_wconf 92' lang='lat' dir='ltr'><strong>utique</strong></span> <span class='ocrx_word' id='word_1_515' title='bbox 1849 3256 2082 3309; x_wconf 88' lang='lat' dir='ltr'><strong>amando</strong></span> 
     </span>
    </p>
   </div>
   <div class='ocr_carea' id='block_1_63' title="bbox 492 3343 2079 3412">
    <p class='ocr_par' dir='ltr' id='par_1_63' title="bbox 492 3343 2079 3412">
     <span class='ocr_line' id='line_1_64' title="bbox 492 3343 2079 3412; baseline 0.004 -18"><span class='ocrx_word' id='word_1_516' title='bbox 492 3357 584 3407; x_wconf 83' lang='lat' dir='ltr'><strong>se;</strong></span> <span class='ocrx_word' id='word_1_517' title='bbox 620 3352 633 3392; x_wconf 83' lang='lat' dir='ltr'><strong>t</strong></span> <span class='ocrx_word' id='word_1_518' title='bbox 678 3357 784 3395; x_wconf 90' lang='lat' dir='ltr'><strong>non</strong></span> <span class='ocrx_word' id='word_1_519' title='bbox 816 3356 945 3411; x_wconf 85' lang='lat' dir='ltr'><strong>ergo</strong></span> <span class='ocrx_word' id='word_1_520' title='bbox 974 3356 1031 3396; x_wconf 79' lang='lat' dir='ltr'><strong>se</strong></span> <span class='ocrx_word' id='word_1_521' title='bbox 1060 3351 1225 3408; x_wconf 89' lang='lat' dir='ltr'><strong>amat,</strong></span> <span class='ocrx_word' id='word_1_522' title='bbox 1258 3344 1346 3412; x_wconf 90' lang='lat' dir='ltr'><strong>qui</strong></span> <span class='ocrx_word' id='word_1_523' title='bbox 1380 3359 1447 3397; x_wconf 89' lang='lat' dir='ltr'><strong>ne</strong></span> <span class='ocrx_word' id='word_1_524' title='bbox 1476 3343 1624 3398; x_wconf 83' lang='lat' dir='ltr'><strong>vivat</strong></span> <span class='ocrx_word' id='word_1_525' title='bbox 1653 3360 1710 3399; x_wconf 89' lang='lat' dir='ltr'><strong>se</strong></span> <span class='ocrx_word' id='word_1_526' title='bbox 1740 3354 1903 3401; x_wconf 88' lang='lat' dir='ltr'><strong>amat.</strong></span> <span class='ocrx_word' id='word_1_527' title='bbox 1946 3343 2079 3401; x_wconf 89' lang='lat' dir='ltr'><strong>Cum</strong></span> 
     </span>
    </p>
   </div>
   <div class='ocr_carea' id='block_1_64' title="bbox 492 3431 2081 3507">
    <p class='ocr_par' dir='ltr' id='par_1_64' title="bbox 492 3431 2081 3507">
     <span class='ocr_line' id='line_1_65' title="bbox 492 3431 2081 3507; baseline 0.006 -23"><span class='ocrx_word' id='word_1_528' title='bbox 492 3448 621 3488; x_wconf 89' lang='lat' dir='ltr'><strong>vero</strong></span> <span class='ocrx_word' id='word_1_529' title='bbox 650 3431 675 3471; x_wconf 80' lang='grc' dir='ltr'><strong>¹ί</strong></span> <span class='ocrx_word' id='word_1_530' title='bbox 703 3433 794 3488; x_wconf 90' lang='lat' dir='ltr'><strong>ille</strong></span> <span class='ocrx_word' id='word_1_531' title='bbox 822 3434 1079 3503; x_wconf 83' lang='lat' dir='ltr'><strong>diligitur,</strong></span> <span class='ocrx_word' id='word_1_532' title='bbox 1104 3434 1173 3490; x_wconf 90' lang='lat' dir='ltr'><strong>de</strong></span> <span class='ocrx_word' id='word_1_533' title='bbox 1199 3450 1310 3504; x_wconf 92' lang='lat' dir='ltr'><strong>quo</strong></span> <span class='ocrx_word' id='word_1_534' title='bbox 1338 3435 1551 3499; x_wconf 83' lang='lat' dir='ltr'><strong>vivitur,</strong></span> <span class='ocrx_word' id='word_1_535' title='bbox 1586 3452 1690 3492; x_wconf 90' lang='lat' dir='ltr'><strong>non</strong></span> <span class='ocrx_word' id='word_1_536' title='bbox 1716 3450 1778 3492; x_wconf 89' lang='lat' dir='ltr'><strong>se</strong></span> <span class='ocrx_word' id='word_1_537' title='bbox 1808 3438 2081 3507; x_wconf 86' lang='lat' dir='ltr'><strong>diligendo</strong></span> 
     </span>
    </p>
   </div>
   <div class='ocr_carea' id='block_1_65' title="bbox 494 3525 2079 3599">
    <p class='ocr_par' dir='ltr' id='par_1_65' title="bbox 494 3525 2079 3599">
     <span class='ocr_line' id='line_1_66' title="bbox 494 3525 2079 3599; baseline 0.004 -21"><span class='ocrx_word' id='word_1_538' title='bbox 494 3526 666 3595; x_wconf 86' lang='lat' dir='ltr'><strong>magis</strong></span> <span class='ocrx_word' id='word_1_539' title='bbox 715 3525 909 3593; x_wconf 73' lang='lat' dir='ltr'><strong>diligit,</strong></span> <span class='ocrx_word' id='word_1_540' title='bbox 959 3526 1047 3596; x_wconf 89' lang='lat' dir='ltr'><strong>qui</strong></span> <span class='ocrx_word' id='word_1_541' title='bbox 1098 3536 1381 3596; x_wconf 84' lang='lat' dir='ltr'><strong>propterea</strong></span> <span class='ocrx_word' id='word_1_542' title='bbox 1415 3542 1475 3583; x_wconf 89' lang='lat' dir='ltr'><strong>sc</strong></span> <span class='ocrx_word' id='word_1_543' title='bbox 1503 3544 1608 3584; x_wconf 90' lang='lat' dir='ltr'><strong>non</strong></span> <span class='ocrx_word' id='word_1_544' title='bbox 1641 3529 1834 3599; x_wconf 83' lang='lat' dir='ltr'><strong>diligit,</strong></span> <span class='ocrx_word' id='word_1_545' title='bbox 1868 3539 1925 3584; x_wconf 90' lang='lat' dir='ltr'><strong>ut</strong></span> <span class='ocrx_word' id='word_1_546' title='bbox 1956 3546 2079 3587; x_wconf 91' lang='lat' dir='ltr'><strong>eum</strong></span> 
     </span>
    </p>
   </div>
   <div class='ocr_carea' id='block_1_66' title="bbox 490 3615 2075 3693">
    <p class='ocr_par' dir='ltr' id='par_1_66' title="bbox 490 3615 2075 3693">
     <span class='ocr_line' id='line_1_67' title="bbox 490 3615 2075 3693; baseline 0.004 -23"><span class='ocrx_word' id='word_1_547' title='bbox 490 3615 679 3686; x_wconf 79' lang='lat' dir='ltr'><strong>diligat</strong></span> <span class='ocrx_word' id='word_1_548' title='bbox 729 3617 797 3671; x_wconf 81' lang='lat' dir='ltr'><strong>de</strong></span> <span class='ocrx_word' id='word_1_549' title='bbox 825 3632 930 3686; x_wconf 90' lang='lat' dir='ltr'><strong>quo</strong></span> <span class='ocrx_word' id='word_1_550' title='bbox 960 3619 1089 3672; x_wconf 88' lang='lat' dir='ltr'><strong>vivit</strong></span> <span class='ocrx_word' id='word_1_551' title='bbox 1121 3617 1276 3689; x_wconf 82' lang='lat' dir='ltr'><strong>(Aug.</strong></span> <span class='ocrx_word' id='word_1_552' title='bbox 1310 3628 1460 3673; x_wconf 82' lang='lat' dir='ltr'><strong>tract.</strong></span> <span class='ocrx_word' id='word_1_553' title='bbox 1489 3620 1592 3674; x_wconf 68' lang='lat'><strong>125</strong></span> <span class='ocrx_word' id='word_1_554' title='bbox 1618 3620 1671 3674; x_wconf 87' lang='lat' dir='ltr'><strong>in</strong></span> <span class='ocrx_word' id='word_1_555' title='bbox 1693 3619 1876 3686; x_wconf 78' lang='lat' dir='ltr'><strong>Joan.,</strong></span> <span class='ocrx_word' id='word_1_556' title='bbox 1910 3638 1964 3676; x_wconf 76' lang='lat' dir='ltr'><strong>rt.</strong></span> <span class='ocrx_word' id='word_1_557' title='bbox 1997 3622 2075 3693; x_wconf 72' lang='grc'><strong>4).</strong></span> 
     </span>
    </p>
   </div>
   <div class='ocr_carea' id='block_1_67' title="bbox 489 3728 2076 3807">
    <p class='ocr_par' dir='ltr' id='par_1_67' title="bbox 489 3728 2076 3807">
     <span class='ocr_line' id='line_1_68' title="bbox 489 3728 2076 3807; baseline 0.004 -22"><span class='ocrx_word' id='word_1_558' title='bbox 489 3728 812 3807; x_wconf 60' lang='grc' dir='ltr'><strong>οοίιιχχᾈ</strong></span> <span class='ocrx_word' id='word_1_559' title='bbox 844 3728 1468 3807; x_wconf 28' lang='grc' dir='ltr'><strong>[ᾎΑιίαιηρςειλ-χχγιιι,</strong></span> <span class='ocrx_word' id='word_1_560' title='bbox 1488 3746 1618 3807; x_wconf 64' lang='grc' dir='ltr'><em>ρηιε</em></span> <span class='ocrx_word' id='word_1_561' title='bbox 1664 3733 2010 3791; x_wconf 70' lang='lat' dir='ltr'><strong>cccexxw</strong></span> <span class='ocrx_word' id='word_1_562' title='bbox 2036 3733 2076 3807; x_wconf 71' lang='lat'><strong>1.</strong></span> 
     </span>
    </p>
   </div>
   <div class='ocr_carea' id='block_1_68' title="bbox 784 3799 1793 3876">
    <p class='ocr_par' dir='ltr' id='par_1_68' title="bbox 784 3799 1793 3876">
     <span class='ocr_line' id='line_1_69' title="bbox 784 3799 1793 3876; baseline 0.007 -23"><span class='ocrx_word' id='word_1_563' title='bbox 784 3799 800 3839; x_wconf 82' lang='lat'>1</span> <span class='ocrx_word' id='word_1_564' title='bbox 846 3799 922 3855; x_wconf 84' lang='lat' dir='ltr'><strong>De</strong></span> <span class='ocrx_word' id='word_1_565' title='bbox 947 3803 1166 3856; x_wconf 76' lang='lat' dir='ltr'><strong>indiviso</strong></span> <span class='ocrx_word' id='word_1_566' title='bbox 1204 3802 1379 3857; x_wconf 82' lang='lat' dir='ltr'><strong>Patris</strong></span> <span class='ocrx_word' id='word_1_567' title='bbox 1403 3814 1449 3857; x_wconf 86' lang='lat' dir='ltr'><strong>et</strong></span> <span class='ocrx_word' id='word_1_568' title='bbox 1476 3803 1601 3858; x_wconf 83' lang='lat' dir='ltr'><strong>Filii</strong></span> <span class='ocrx_word' id='word_1_569' title='bbox 1624 3823 1793 3876; x_wconf 82' lang='lat' dir='ltr'><strong>opere.</strong></span> 
     </span>
    </p>
   </div>
   <div class='ocr_carea' id='block_1_69' title="bbox 560 3891 2072 3967">
    <p class='ocr_par' dir='ltr' id='par_1_69' title="bbox 560 3891 2072 3967">
     <span class='ocr_line' id='line_1_70' title="bbox 560 3891 2072 3967; baseline 0.006 -24"><span class='ocrx_word' id='word_1_570' title='bbox 560 3891 828 3962; x_wconf 77' lang='lat' dir='ltr'><strong>Quidquid</strong></span> <span class='ocrx_word' id='word_1_571' title='bbox 860 3891 989 3947; x_wconf 91' lang='lat' dir='ltr'><strong>illud</strong></span> <span class='ocrx_word' id='word_1_572' title='bbox 1020 3894 1270 3964; x_wconf 87' lang='lat' dir='ltr'><strong>estquod</strong></span> <span class='ocrx_word' id='word_1_573' title='bbox 1302 3906 1517 3964; x_wconf 84' lang='lat' dir='ltr'><strong>Oportet</strong></span> <span class='ocrx_word' id='word_1_574' title='bbox 1565 3895 1778 3951; x_wconf 83' lang='lat' dir='ltr'><strong>Patrem</strong></span> <span class='ocrx_word' id='word_1_575' title='bbox 1818 3912 1978 3967; x_wconf 87' lang='lat' dir='ltr'><strong>agere</strong></span> <span class='ocrx_word' id='word_1_576' title='bbox 2006 3900 2072 3953; x_wconf 92' lang='lat' dir='ltr'><strong>ad</strong></span> 
     </span>
    </p>
   </div>
   <div class='ocr_carea' id='block_1_70' title="bbox 490 3985 2073 4059">
    <p class='ocr_par' dir='ltr' id='par_1_70' title="bbox 490 3985 2073 4059">
     <span class='ocr_line' id='line_1_71' title="bbox 490 3985 2073 4059; baseline 0.004 -21"><span class='ocrx_word' id='word_1_577' title='bbox 490 3985 702 4050; x_wconf 84' lang='lat' dir='ltr'><strong>Filium,</strong></span> <span class='ocrx_word' id='word_1_578' title='bbox 735 4000 840 4039; x_wconf 86' lang='lat' dir='ltr'><strong>non</strong></span> <span class='ocrx_word' id='word_1_579' title='bbox 876 3985 935 4038; x_wconf 86' lang='lat' dir='ltr'><strong>[it</strong></span> <span class='ocrx_word' id='word_1_580' title='bbox 966 3986 1067 4040; x_wconf 86' lang='lat' dir='ltr'><strong>nisi</strong></span> <span class='ocrx_word' id='word_1_581' title='bbox 1100 4001 1196 4054; x_wconf 90' lang='lat' dir='ltr'><strong>per</strong></span> <span class='ocrx_word' id='word_1_582' title='bbox 1222 3986 1472 4041; x_wconf 88' lang='lat' dir='ltr'><strong>eumdem</strong></span> <span class='ocrx_word' id='word_1_583' title='bbox 1521 3987 1713 4042; x_wconf 84' lang='lat' dir='ltr'><strong>Filium</strong></span> <span class='ocrx_word' id='word_1_584' title='bbox 1741 4005 1756 4044; x_wconf 88' lang='lat'><strong>:</strong></span> <span class='ocrx_word' id='word_1_585' title='bbox 1800 3990 1867 4044; x_wconf 88' lang='lat' dir='ltr'><strong>ad</strong></span> <span class='ocrx_word' id='word_1_586' title='bbox 1899 3989 2073 4059; x_wconf 88' lang='lat' dir='ltr'><strong>ipsum</strong></span> 
     </span>
    </p>
   </div>
   <div class='ocr_carea' id='block_1_71' title="bbox 487 4074 2075 4144">
    <p class='ocr_par' dir='ltr' id='par_1_71' title="bbox 487 4074 2075 4144">
     <span class='ocr_line' id='line_1_72' title="bbox 487 4074 2075 4144; baseline 0.004 -15"><span class='ocrx_word' id='word_1_587' title='bbox 487 4075 715 4140; x_wconf 83' lang='lat' dir='ltr'><strong>scilicet,</strong></span> <span class='ocrx_word' id='word_1_588' title='bbox 743 4074 864 4144; x_wconf 90' lang='lat' dir='ltr'><strong>quia</strong></span> <span class='ocrx_word' id='word_1_589' title='bbox 909 4075 1050 4129; x_wconf 84' lang='lat' dir='ltr'><strong>ﬁlius</strong></span> <span class='ocrx_word' id='word_1_590' title='bbox 1096 4075 1329 4131; x_wconf 89' lang='lat' dir='ltr'><strong>hominis</strong></span> <span class='ocrx_word' id='word_1_591' title='bbox 1352 4085 1455 4140; x_wconf 90' lang='lat' dir='ltr'><strong>est,</strong></span> <span class='ocrx_word' id='word_1_592' title='bbox 1490 4085 1546 4131; x_wconf 86' lang='lat' dir='ltr'><strong>et</strong></span> <span class='ocrx_word' id='word_1_593' title='bbox 1591 4077 1766 4134; x_wconf 81' lang='lat' dir='ltr'><strong>factus</strong></span> <span class='ocrx_word' id='word_1_594' title='bbox 1811 4088 1896 4134; x_wconf 84' lang='lat' dir='ltr'><strong>est</strong></span> <span class='ocrx_word' id='word_1_595' title='bbox 1935 4080 2075 4136; x_wconf 90' lang='lat' dir='ltr'><strong>inter</strong></span> 
     </span>
    </p>
   </div>
   <div class='ocr_carea' id='block_1_72' title="bbox 488 4165 2074 4242">
    <p class='ocr_par' dir='ltr' id='par_1_72' title="bbox 488 4165 2074 4242">
     <span class='ocr_line' id='line_1_73' title="bbox 488 4165 2074 4242; baseline 0.004 -23"><span class='ocrx_word' id='word_1_596' title='bbox 488 4165 701 4233; x_wconf 87' lang='lat' dir='ltr'><strong>omnia;</strong></span> <span class='ocrx_word' id='word_1_597' title='bbox 736 4178 830 4237; x_wconf 88' lang='lat' dir='ltr'><strong>per</strong></span> <span class='ocrx_word' id='word_1_598' title='bbox 857 4165 1030 4241; x_wconf 88' lang='lat' dir='ltr'><strong>ipsum</strong></span> <span class='ocrx_word' id='word_1_599' title='bbox 1060 4178 1261 4235; x_wconf 86' lang='lat' dir='ltr'><strong>autem,</strong></span> <span class='ocrx_word' id='word_1_600' title='bbox 1292 4169 1413 4238; x_wconf 88' lang='lat' dir='ltr'><strong>quia</strong></span> <span class='ocrx_word' id='word_1_601' title='bbox 1447 4167 1611 4222; x_wconf 84' lang='lat' dir='ltr'><strong>Filius</strong></span> <span class='ocrx_word' id='word_1_602' title='bbox 1642 4169 1734 4224; x_wconf 89' lang='lat' dir='ltr'><strong>Dei</strong></span> <span class='ocrx_word' id='word_1_603' title='bbox 1768 4180 1872 4236; x_wconf 90' lang='lat' dir='ltr'><strong>est,</strong></span> <span class='ocrx_word' id='word_1_604' title='bbox 1898 4180 1952 4225; x_wconf 90' lang='lat' dir='ltr'><strong>et</strong></span> <span class='ocrx_word' id='word_1_605' title='bbox 1980 4186 2074 4242; x_wconf 88' lang='lat' dir='ltr'><strong>per</strong></span> 
     </span>
    </p>
   </div>
   <div class='ocr_carea' id='block_1_73' title="bbox 2187 3154 3785 3224">
    <p class='ocr_par' dir='ltr' id='par_1_73' title="bbox 2187 3154 3785 3224">
     <span class='ocr_line' id='line_1_74' title="bbox 2187 3154 3785 3224; baseline -0.005 -13"><span class='ocrx_word' id='word_1_606' title='bbox 2187 3165 2452 3221; x_wconf 88' lang='lat' dir='ltr'><strong>remanet,</strong></span> <span class='ocrx_word' id='word_1_607' title='bbox 2478 3172 2543 3209; x_wconf 86' lang='lat' dir='ltr'><strong>ex</strong></span> <span class='ocrx_word' id='word_1_608' title='bbox 2572 3156 2662 3210; x_wconf 91' lang='lat' dir='ltr'><strong>illa</strong></span> <span class='ocrx_word' id='word_1_609' title='bbox 2690 3156 2861 3210; x_wconf 77' lang='lat' dir='ltr'><strong>forma</strong></span> <span class='ocrx_word' id='word_1_610' title='bbox 2896 3163 2979 3209; x_wconf 84' lang='lat' dir='ltr'><strong>est</strong></span> <span class='ocrx_word' id='word_1_611' title='bbox 3016 3171 3135 3224; x_wconf 73' lang='lat' dir='ltr'><strong>qua:</strong></span> <span class='ocrx_word' id='word_1_612' title='bbox 3177 3156 3345 3208; x_wconf 78' lang='lat' dir='ltr'><strong>nescit</strong></span> <span class='ocrx_word' id='word_1_613' title='bbox 3377 3154 3632 3217; x_wconf 83' lang='lat' dir='ltr'><strong>deficere,</strong></span> <span class='ocrx_word' id='word_1_614' title='bbox 3665 3172 3785 3207; x_wconf 78' lang='lat' dir='ltr'><strong>&quot;Hl-</strong></span> 
     </span>
    </p>
   </div>
   <div class='ocr_carea' id='block_1_74' title="bbox 2188 3246 3781 3319">
    <p class='ocr_par' dir='ltr' id='par_1_74' title="bbox 2188 3246 3781 3319">
     <span class='ocr_line' id='line_1_75' title="bbox 2188 3246 3781 3319; baseline -0.003 -16"><span class='ocrx_word' id='word_1_615' title='bbox 2188 3258 2379 3319; x_wconf 90' lang='lat' dir='ltr'><strong>tnsque</strong></span> <span class='ocrx_word' id='word_1_616' title='bbox 2436 3248 2586 3318; x_wconf 89' lang='lat' dir='ltr'><strong>ipsos</strong></span> <span class='ocrx_word' id='word_1_617' title='bbox 2644 3262 2823 3303; x_wconf 90' lang='lat' dir='ltr'><strong>rerum</strong></span> <span class='ocrx_word' id='word_1_618' title='bbox 2879 3247 3242 3301; x_wconf 81' lang='lat' dir='ltr'><strong>deﬁcientium</strong></span> <span class='ocrx_word' id='word_1_619' title='bbox 3271 3246 3350 3301; x_wconf 89' lang='lat' dir='ltr'><strong>vel</strong></span> <span class='ocrx_word' id='word_1_620' title='bbox 3380 3246 3781 3316; x_wconf 81' lang='lat' dir='ltr'><strong>proﬁcientium</strong></span> 
     </span>
    </p>
   </div>
   <div class='ocr_carea' id='block_1_75' title="bbox 2187 3338 3780 3409">
    <p class='ocr_par' dir='ltr' id='par_1_75' title="bbox 2187 3338 3780 3409">
     <span class='ocr_line' id='line_1_76' title="bbox 2187 3338 3780 3409; baseline -0.004 -11"><span class='ocrx_word' id='word_1_621' title='bbox 2187 3342 2451 3398; x_wconf 80' lang='lat' dir='ltr'><strong>excedere</strong></span> <span class='ocrx_word' id='word_1_622' title='bbox 2507 3356 2856 3396; x_wconf 85' lang='lat' dir='ltr'><strong>numerorum</strong></span> <span class='ocrx_word' id='word_1_623' title='bbox 2911 3354 3129 3393; x_wconf 86' lang='lat' dir='ltr'><strong>suorum</strong></span> <span class='ocrx_word' id='word_1_624' title='bbox 3189 3341 3332 3409; x_wconf 84' lang='lat' dir='ltr'><strong>leges</strong></span> <span class='ocrx_word' id='word_1_625' title='bbox 3392 3347 3413 3374; x_wconf 71' lang='grc' dir='ltr'><strong><em>τ</em></strong></span> <span class='ocrx_word' id='word_1_626' title='bbox 3464 3353 3570 3392; x_wconf 85' lang='lat' dir='ltr'><strong>non</strong></span> <span class='ocrx_word' id='word_1_627' title='bbox 3625 3338 3780 3391; x_wconf 81' lang='lat' dir='ltr'><strong>sinit.</strong></span> 
     </span>
    </p>
   </div>
   <div class='ocr_carea' id='block_1_76' title="bbox 2186 3432 3781 3504">
    <p class='ocr_par' dir='ltr' id='par_1_76' title="bbox 2186 3432 3781 3504">
     <span class='ocr_line' id='line_1_77' title="bbox 2186 3432 3781 3504; baseline -0.004 -15"><span class='ocrx_word' id='word_1_628' title='bbox 2186 3434 2454 3504; x_wconf 87' lang='lat' dir='ltr'><strong>Quidquid</strong></span> <span class='ocrx_word' id='word_1_629' title='bbox 2479 3434 2643 3504; x_wconf 82' lang='lat' dir='ltr'><strong>igitur</strong></span> <span class='ocrx_word' id='word_1_630' title='bbox 2671 3433 2935 3488; x_wconf 78' lang='lat' dir='ltr'><strong>laudabile</strong></span> <span class='ocrx_word' id='word_1_631' title='bbox 2960 3432 3254 3487; x_wconf 83' lang='lat' dir='ltr'><strong>advertitur</strong></span> <span class='ocrx_word' id='word_1_632' title='bbox 3275 3432 3327 3485; x_wconf 90' lang='lat' dir='ltr'><strong>in</strong></span> <span class='ocrx_word' id='word_1_633' title='bbox 3355 3446 3532 3486; x_wconf 77' lang='lat' dir='ltr'><strong>rerum</strong></span> <span class='ocrx_word' id='word_1_634' title='bbox 3560 3440 3781 3491; x_wconf 86' lang='lat' dir='ltr'><strong>natura,</strong></span> 
     </span>
    </p>
   </div>
   <div class='ocr_carea' id='block_1_77' title="bbox 2184 3522 3780 3597">
    <p class='ocr_par' dir='ltr' id='par_1_77' title="bbox 2184 3522 3780 3597">
     <span class='ocr_line' id='line_1_78' title="bbox 2184 3522 3780 3597; baseline -0.003 -15"><span class='ocrx_word' id='word_1_635' title='bbox 2184 3532 2299 3582; x_wconf 74' lang='lat' dir='ltr'><strong>sive</strong></span> <span class='ocrx_word' id='word_1_636' title='bbox 2320 3528 2531 3597; x_wconf 82' lang='lat' dir='ltr'><strong>exigua,</strong></span> <span class='ocrx_word' id='word_1_637' title='bbox 2554 3530 2667 3581; x_wconf 84' lang='lat' dir='ltr'><strong>sive</strong></span> <span class='ocrx_word' id='word_1_638' title='bbox 2697 3524 2871 3594; x_wconf 88' lang='lat' dir='ltr'><strong>ampla</strong></span> <span class='ocrx_word' id='word_1_639' title='bbox 2904 3533 2924 3559; x_wconf 80' lang='grc'><strong>³</strong></span> <span class='ocrx_word' id='word_1_640' title='bbox 2962 3522 3117 3577; x_wconf 89' lang='lat' dir='ltr'><strong>laude</strong></span> <span class='ocrx_word' id='word_1_641' title='bbox 3149 3524 3366 3593; x_wconf 83' lang='lat' dir='ltr'><strong>dignum</strong></span> <span class='ocrx_word' id='word_1_642' title='bbox 3386 3522 3684 3592; x_wconf 86' lang='lat' dir='ltr'><strong>judicetur,</strong></span> <span class='ocrx_word' id='word_1_643' title='bbox 3711 3523 3780 3577; x_wconf 72' lang='lat' dir='ltr'><strong>ad</strong></span> 
     </span>
    </p>
   </div>
   <div class='ocr_carea' id='block_1_78' title="bbox 2182 3612 3779 3675">
    <p class='ocr_par' dir='ltr' id='par_1_78' title="bbox 2182 3612 3779 3675">
     <span class='ocr_line' id='line_1_79' title="bbox 2182 3612 3779 3675; baseline -0.004 0"><span class='ocrx_word' id='word_1_644' title='bbox 2182 3618 2696 3675; x_wconf 58' lang='lat' dir='ltr'><strong>excellentissimam</strong></span> <span class='ocrx_word' id='word_1_645' title='bbox 2725 3629 2778 3673; x_wconf 91' lang='lat' dir='ltr'><strong>et</strong></span> <span class='ocrx_word' id='word_1_646' title='bbox 2824 3616 3144 3671; x_wconf 80' lang='lat' dir='ltr'><strong>iueli&#39;abilcm</strong></span> <span class='ocrx_word' id='word_1_647' title='bbox 3180 3616 3387 3670; x_wconf 88' lang='lat' dir='ltr'><strong>laudem</strong></span> <span class='ocrx_word' id='word_1_648' title='bbox 3430 3612 3779 3669; x_wconf 85' lang='lat' dir='ltr'><strong>referendum</strong></span> 
     </span>
    </p>
   </div>
   <div class='ocr_carea' id='block_1_79' title="bbox 2181 3705 3629 3780">
    <p class='ocr_par' dir='ltr' id='par_1_79' title="bbox 2181 3705 3629 3780">
     <span class='ocr_line' id='line_1_80' title="bbox 2181 3705 3629 3780; baseline -0.007 -15"><span class='ocrx_word' id='word_1_649' title='bbox 2181 3720 2266 3766; x_wconf 87' lang='lat' dir='ltr'><strong>est</strong></span> <span class='ocrx_word' id='word_1_650' title='bbox 2290 3713 2307 3747; x_wconf 68' lang='grc' dir='ltr'>ί</span> <span class='ocrx_word' id='word_1_651' title='bbox 2338 3709 2643 3766; x_wconf 84' lang='lat' dir='ltr'><strong>Conditoris</strong></span> <span class='ocrx_word' id='word_1_652' title='bbox 2678 3709 2835 3780; x_wconf 80' lang='lat' dir='ltr'><strong>(Aug.</strong></span> <span class='ocrx_word' id='word_1_653' title='bbox 2868 3708 2956 3761; x_wconf 80' lang='lat' dir='ltr'><strong>lib.</strong></span> <span class='ocrx_word' id='word_1_654' title='bbox 2985 3723 3019 3761; x_wconf 83' lang='lat' dir='ltr'><strong>tt</strong></span> <span class='ocrx_word' id='word_1_655' title='bbox 3044 3708 3105 3760; x_wconf 86' lang='lat' dir='ltr'><strong>de</strong></span> <span class='ocrx_word' id='word_1_656' title='bbox 3135 3706 3250 3761; x_wconf 87' lang='lat' dir='ltr'><strong>Lib.</strong></span> <span class='ocrx_word' id='word_1_657' title='bbox 3280 3706 3402 3758; x_wconf 81' lang='lat' dir='ltr'><strong>Arb.</strong></span> <span class='ocrx_word' id='word_1_658' title='bbox 3433 3722 3476 3759; x_wconf 84' lang='lat' dir='ltr'><strong>c.</strong></span> <span class='ocrx_word' id='word_1_659' title='bbox 3516 3705 3629 3770; x_wconf 85' lang='grc'><strong>17).</strong></span> 
     </span>
    </p>
   </div>
   <div class='ocr_carea' id='block_1_80' title="bbox 2180 3794 3780 3873">
    <p class='ocr_par' dir='ltr' id='par_1_80' title="bbox 2180 3794 3780 3873">
     <span class='ocr_line' id='line_1_81' title="bbox 2180 3794 3780 3873; baseline -0.005 -14"><span class='ocrx_word' id='word_1_660' title='bbox 2180 3800 2575 3859; x_wconf 69' lang='lat' dir='ltr'><strong>CCCLXXXI“</strong></span> <span class='ocrx_word' id='word_1_661' title='bbox 2609 3800 2775 3873; x_wconf 83' lang='lat' dir='ltr'><strong>[Alias</strong></span> <span class='ocrx_word' id='word_1_662' title='bbox 2802 3796 3172 3863; x_wconf 73' lang='lat' dir='ltr'><strong>CCCLXXXI,</strong></span> <span class='ocrx_word' id='word_1_663' title='bbox 3204 3806 3323 3850; x_wconf 83' lang='lat' dir='ltr'><strong>ante</strong></span> <span class='ocrx_word' id='word_1_664' title='bbox 3374 3794 3780 3864; x_wconf 72' lang='lat' dir='ltr'><strong>CCCLXXIX].</strong></span> 
     </span>
    </p>
   </div>
   <div class='ocr_carea' id='block_1_81' title="bbox 2250 3886 3779 3963">
    <p class='ocr_par' dir='ltr' id='par_1_81' title="bbox 2250 3886 3779 3963">
     <span class='ocr_line' id='line_1_82' title="bbox 2250 3886 3779 3963; baseline -0.003 -21"><span class='ocrx_word' id='word_1_665' title='bbox 2250 3902 2278 3931; x_wconf 80' lang='grc' dir='ltr'><strong>ιι</strong></span> <span class='ocrx_word' id='word_1_666' title='bbox 2313 3893 2465 3960; x_wconf 81' lang='lat' dir='ltr'><strong>Quod</strong></span> <span class='ocrx_word' id='word_1_667' title='bbox 2493 3892 2813 3963; x_wconf 77' lang='lat' dir='ltr'><strong>prwscientia</strong></span> <span class='ocrx_word' id='word_1_668' title='bbox 2846 3889 2942 3941; x_wconf 72' lang='lat' dir='ltr'><strong>Dei</strong></span> <span class='ocrx_word' id='word_1_669' title='bbox 2972 3890 3221 3942; x_wconf 85' lang='lat' dir='ltr'><strong>nemiuem</strong></span> <span class='ocrx_word' id='word_1_670' title='bbox 3249 3903 3455 3953; x_wconf 79' lang='lat' dir='ltr'><strong>peccare</strong></span> <span class='ocrx_word' id='word_1_671' title='bbox 3476 3886 3779 3955; x_wconf 78' lang='lat' dir='ltr'><strong>compellat.</strong></span> 
     </span>
    </p>
   </div>
   <div class='ocr_carea' id='block_1_82' title="bbox 2250 3978 3784 4050">
    <p class='ocr_par' dir='ltr' id='par_1_82' title="bbox 2250 3978 3784 4050">
     <span class='ocr_line' id='line_1_83' title="bbox 2250 3978 3784 4050; baseline -0.008 -10"><span class='ocrx_word' id='word_1_672' title='bbox 2250 3985 2528 4040; x_wconf 85' lang='lat' dir='ltr'><strong>Neminem</strong></span> <span class='ocrx_word' id='word_1_673' title='bbox 2563 3984 2702 4037; x_wconf 88' lang='lat' dir='ltr'><strong>Deus</strong></span> <span class='ocrx_word' id='word_1_674' title='bbox 2728 3981 2794 4035; x_wconf 90' lang='lat' dir='ltr'><strong>ad</strong></span> <span class='ocrx_word' id='word_1_675' title='bbox 2821 3981 3147 4050; x_wconf 89' lang='lat' dir='ltr'><strong>peccandum</strong></span> <span class='ocrx_word' id='word_1_676' title='bbox 3187 3979 3365 4049; x_wconf 82' lang='lat' dir='ltr'><strong>cogit:</strong></span> <span class='ocrx_word' id='word_1_677' title='bbox 3396 3978 3651 4047; x_wconf 69' lang='lat' dir='ltr'><strong>praevidet</strong></span> <span class='ocrx_word' id='word_1_678' title='bbox 3701 3992 3784 4029; x_wconf 67' lang='grc' dir='ltr'><strong>Ιῑι·</strong></span> 
     </span>
    </p>
   </div>
   <div class='ocr_carea' id='block_1_83' title="bbox 2178 4071 3783 4144">
    <p class='ocr_par' dir='ltr' id='par_1_83' title="bbox 2178 4071 3783 4144">
     <span class='ocr_line' id='line_1_84' title="bbox 2178 4071 3783 4144; baseline -0.007 -12"><span class='ocrx_word' id='word_1_679' title='bbox 2178 4093 2302 4132; x_wconf 90' lang='lat' dir='ltr'><strong>men</strong></span> <span class='ocrx_word' id='word_1_680' title='bbox 2326 4091 2421 4131; x_wconf 88' lang='lat' dir='ltr'><strong>eos</strong></span> <span class='ocrx_word' id='word_1_681' title='bbox 2450 4077 2538 4143; x_wconf 86' lang='lat' dir='ltr'><strong>qui</strong></span> <span class='ocrx_word' id='word_1_682' title='bbox 2588 4076 2800 4144; x_wconf 87' lang='lat' dir='ltr'><strong>propria</strong></span> <span class='ocrx_word' id='word_1_683' title='bbox 2849 4073 3125 4127; x_wconf 86' lang='lat' dir='ltr'><strong>voluntate</strong></span> <span class='ocrx_word' id='word_1_684' title='bbox 3156 4071 3469 4140; x_wconf 86' lang='lat' dir='ltr'><strong>peccabunt.</strong></span> <span class='ocrx_word' id='word_1_685' title='bbox 3504 4071 3612 4123; x_wconf 86' lang='lat' dir='ltr'><strong>Cur</strong></span> <span class='ocrx_word' id='word_1_686' title='bbox 3639 4086 3783 4140; x_wconf 63' lang='lat' dir='ltr'><strong>ergo</strong></span> 
     </span>
    </p>
   </div>
   <div class='ocr_carea' id='block_1_84' title="bbox 2179 4164 3782 4237">
    <p class='ocr_par' dir='ltr' id='par_1_84' title="bbox 2179 4164 3782 4237">
     <span class='ocr_line' id='line_1_85' title="bbox 2179 4164 3782 4237; baseline -0.007 -11"><span class='ocrx_word' id='word_1_687' title='bbox 2179 4186 2287 4226; x_wconf 90' lang='lat' dir='ltr'><strong>non</strong></span> <span class='ocrx_word' id='word_1_688' title='bbox 2319 4169 2555 4225; x_wconf 86' lang='lat' dir='ltr'><strong>vindicet</strong></span> <span class='ocrx_word' id='word_1_689' title='bbox 2581 4170 2759 4237; x_wconf 81' lang='lat' dir='ltr'><strong>justus</strong></span> <span class='ocrx_word' id='word_1_690' title='bbox 2807 4181 2928 4235; x_wconf 73' lang='lat' dir='ltr'><strong>qua:</strong></span> <span class='ocrx_word' id='word_1_691' title='bbox 2973 4165 3089 4220; x_wconf 79' lang='lat' dir='ltr'><strong>ﬁeri</strong></span> <span class='ocrx_word' id='word_1_692' title='bbox 3144 4180 3251 4219; x_wconf 90' lang='lat' dir='ltr'><strong>non</strong></span> <span class='ocrx_word' id='word_1_693' title='bbox 3300 4166 3442 4223; x_wconf 67' lang='lat' dir='ltr'><strong>cogit</strong></span> <span class='ocrx_word' id='word_1_694' title='bbox 3470 4164 3782 4233; x_wconf 70' lang='lat' dir='ltr'><strong>prmscitts?</strong></span> 
     </span>
    </p>
   </div>
   <div class='ocr_carea' id='block_1_85' title="bbox 558 4321 3077 4396">
    <p class='ocr_par' dir='ltr' id='par_1_85' title="bbox 558 4321 3077 4396">
     <span class='ocr_line' id='line_1_86' title="bbox 558 4321 3077 4396; baseline -0 -19"><span class='ocrx_word' id='word_1_695' title='bbox 558 4333 583 4360; x_wconf 69' lang='grc' dir='ltr'><strong><em>λ</em></strong></span> <span class='ocrx_word' id='word_1_696' title='bbox 609 4323 756 4396; x_wconf 77' lang='lat' dir='ltr'><strong>Mss._</strong></span> <span class='ocrx_word' id='word_1_697' title='bbox 780 4323 987 4396; x_wconf 80' lang='lat' dir='ltr'><strong>Remig.</strong></span> <span class='ocrx_word' id='word_1_698' title='bbox 1021 4321 1235 4396; x_wconf 83' lang='lat' dir='ltr'><strong>etJol.,</strong></span> <span class='ocrx_word' id='word_1_699' title='bbox 1283 4326 1580 4391; x_wconf 70' lang='lat' dir='ltr'><strong>servandis,</strong></span> <span class='ocrx_word' id='word_1_700' title='bbox 1612 4335 1666 4379; x_wconf 90' lang='lat' dir='ltr'><strong>ut</strong></span> <span class='ocrx_word' id='word_1_701' title='bbox 1718 4331 1848 4396; x_wconf 75' lang='lat' dir='ltr'><strong>Aug.</strong></span> <span class='ocrx_word' id='word_1_702' title='bbox 1904 4338 2073 4381; x_wconf 64' lang='lat' dir='ltr'><strong>custo-</strong></span> <span class='ocrx_word' id='word_1_703' title='bbox 2106 4334 2154 4392; x_wconf 78' lang='grc' dir='ltr'><strong>Ι)</strong></span> <span class='ocrx_word' id='word_1_704' title='bbox 2249 4325 2273 4364; x_wconf 77' lang='grc' dir='ltr'><strong>ιι</strong></span> <span class='ocrx_word' id='word_1_705' title='bbox 2308 4328 2407 4381; x_wconf 60' lang='lat' dir='ltr'><strong>Ms.</strong></span> <span class='ocrx_word' id='word_1_706' title='bbox 2440 4324 2795 4393; x_wconf 43' lang='lat' dir='ltr'><strong>Remigq&#39;itlo</strong></span> <span class='ocrx_word' id='word_1_707' title='bbox 2826 4326 3077 4394; x_wconf 82' lang='lat' dir='ltr'><strong>diligitur.</strong></span> 
     </span>
    </p>
   </div>
   <div class='ocr_carea' id='block_1_86' title="bbox 487 4393 1138 4457">
    <p class='ocr_par' dir='ltr' id='par_1_86' title="bbox 487 4393 1138 4457">
     <span class='ocr_line' id='line_1_87' title="bbox 487 4393 1138 4457; baseline -0.002 -10"><span class='ocrx_word' id='word_1_708' title='bbox 487 4395 708 4448; x_wconf 82' lang='lat' dir='ltr'><strong>dicudis.</strong></span> <span class='ocrx_word' id='word_1_709' title='bbox 731 4393 855 4457; x_wconf 81' lang='lat' dir='ltr'><strong>Alii,</strong></span> <span class='ocrx_word' id='word_1_710' title='bbox 882 4395 1138 4447; x_wconf 84' lang='lat' dir='ltr'><strong>servandi.</strong></span> 
     </span>
    </p>
   </div>
   <div class='ocr_carea' id='block_1_87' title="bbox 556 4463 2069 4539">
    <p class='ocr_par' dir='ltr' id='par_1_87' title="bbox 556 4463 2069 4539">
     <span class='ocr_line' id='line_1_88' title="bbox 556 4463 2069 4539; baseline 0.001 -21"><span class='ocrx_word' id='word_1_711' title='bbox 556 4465 584 4539; x_wconf 58' lang='grc' dir='ltr'><strong>ιξ</strong></span> <span class='ocrx_word' id='word_1_712' title='bbox 616 4466 743 4519; x_wconf 91' lang='lat' dir='ltr'><strong>Mss.</strong></span> <span class='ocrx_word' id='word_1_713' title='bbox 775 4463 982 4533; x_wconf 70' lang='lat' dir='ltr'><strong>liemig.</strong></span> <span class='ocrx_word' id='word_1_714' title='bbox 1010 4474 1065 4519; x_wconf 87' lang='lat' dir='ltr'><strong>et</strong></span> <span class='ocrx_word' id='word_1_715' title='bbox 1102 4464 1362 4539; x_wconf 7' lang='lat' dir='ltr'><strong>Jol.gpo.~t</strong></span> <span class='ocrx_word' id='word_1_716' title='bbox 1386 4469 1540 4539; x_wconf 74' lang='lat' dir='ltr'><strong>Aug.</strong></span> <span class='ocrx_word' id='word_1_717' title='bbox 1577 4469 1627 4520; x_wconf 90' lang='lat' dir='ltr'><strong>in</strong></span> <span class='ocrx_word' id='word_1_718' title='bbox 1670 4468 1826 4523; x_wconf 80' lang='lat' dir='ltr'><strong>.luan.</strong></span> <span class='ocrx_word' id='word_1_719' title='bbox 1864 4470 2069 4539; x_wconf 75' lang='lat' dir='ltr'><strong>Evaug.</strong></span> 
     </span>
    </p>
   </div>
   <div class='ocr_carea' id='block_1_88' title="bbox 487 4536 1602 4604">
    <p class='ocr_par' dir='ltr' id='par_1_88' title="bbox 487 4536 1602 4604">
     <span class='ocr_line' id='line_1_89' title="bbox 487 4536 1602 4604; baseline 0.003 -15"><span class='ocrx_word' id='word_1_720' title='bbox 487 4536 689 4589; x_wconf 83' lang='lat' dir='ltr'><strong>addunt</strong></span> <span class='ocrx_word' id='word_1_721' title='bbox 714 4546 757 4588; x_wconf 86' lang='lat' dir='ltr'><strong>et</strong></span> <span class='ocrx_word' id='word_1_722' title='bbox 782 4538 975 4599; x_wconf 86' lang='lat' dir='ltr'><strong>beatus,</strong></span> <span class='ocrx_word' id='word_1_723' title='bbox 1003 4537 1145 4604; x_wconf 91' lang='lat' dir='ltr'><strong>quod</strong></span> <span class='ocrx_word' id='word_1_724' title='bbox 1176 4537 1267 4591; x_wconf 74' lang='lat' dir='ltr'><strong>alii</strong></span> <span class='ocrx_word' id='word_1_725' title='bbox 1288 4538 1602 4592; x_wconf 68' lang='lat' dir='ltr'><strong>omiserant.</strong></span> 
     </span>
    </p>
   </div>
   <div class='ocr_carea' id='block_1_89' title="bbox 560 4604 2067 4680">
    <p class='ocr_par' dir='ltr' id='par_1_89' title="bbox 560 4604 2067 4680">
     <span class='ocr_line' id='line_1_90' title="bbox 560 4604 2067 4680; baseline 0.003 -21"><span class='ocrx_word' id='word_1_726' title='bbox 560 4616 581 4680; x_wconf 61' lang='grc' dir='ltr'><strong>ξι</strong></span> <span class='ocrx_word' id='word_1_727' title='bbox 623 4606 748 4661; x_wconf 86' lang='lat' dir='ltr'><strong>Mss.</strong></span> <span class='ocrx_word' id='word_1_728' title='bbox 781 4604 989 4680; x_wconf 71' lang='lat' dir='ltr'><strong>Remig.</strong></span> <span class='ocrx_word' id='word_1_729' title='bbox 1019 4618 1072 4680; x_wconf 87' lang='lat' dir='ltr'><strong>et</strong></span> <span class='ocrx_word' id='word_1_730' title='bbox 1094 4607 1220 4680; x_wconf 45' lang='grc' dir='ltr'><strong>βοὶ,</strong></span> <span class='ocrx_word' id='word_1_731' title='bbox 1248 4620 1299 4662; x_wconf 80' lang='grc' dir='ltr'><strong>ιιι</strong></span> <span class='ocrx_word' id='word_1_732' title='bbox 1321 4608 1532 4674; x_wconf 76' lang='lat' dir='ltr'><strong>levaret,</strong></span> <span class='ocrx_word' id='word_1_733' title='bbox 1560 4621 1613 4661; x_wconf 91' lang='lat' dir='ltr'><strong>ut</strong></span> <span class='ocrx_word' id='word_1_734' title='bbox 1637 4610 1776 4677; x_wconf 84' lang='lat' dir='ltr'><strong>apud</strong></span> <span class='ocrx_word' id='word_1_735' title='bbox 1804 4612 2029 4680; x_wconf 82' lang='lat' dir='ltr'><strong>August.</strong></span> <span class='ocrx_word' id='word_1_736' title='bbox 2054 4628 2067 4675; x_wconf 91' lang='lat'><strong>;</strong></span> 
     </span>
    </p>
   </div>
   <div class='ocr_carea' id='block_1_90' title="bbox 486 4677 2069 4745">
    <p class='ocr_par' dir='ltr' id='par_1_90' title="bbox 486 4677 2069 4745">
     <span class='ocr_line' id='line_1_91' title="bbox 486 4677 2069 4745; baseline 0.002 -14"><span class='ocrx_word' id='word_1_737' title='bbox 486 4677 597 4741; x_wconf 80' lang='lat' dir='ltr'><strong>alii,</strong></span> <span class='ocrx_word' id='word_1_738' title='bbox 622 4687 677 4729; x_wconf 86' lang='lat' dir='ltr'><strong>ut</strong></span> <span class='ocrx_word' id='word_1_739' title='bbox 715 4678 978 4730; x_wconf 68' lang='lat' dir='ltr'><strong>relevat-et.</strong></span> <span class='ocrx_word' id='word_1_740' title='bbox 1010 4679 1202 4732; x_wconf 86' lang='lat' dir='ltr'><strong>Colon.</strong></span> <span class='ocrx_word' id='word_1_741' title='bbox 1232 4690 1343 4737; x_wconf 92' lang='lat' dir='ltr'><strong>vet.</strong></span> <span class='ocrx_word' id='word_1_742' title='bbox 1376 4680 1563 4745; x_wconf 78' lang='lat' dir='ltr'><strong>editio,</strong></span> <span class='ocrx_word' id='word_1_743' title='bbox 1597 4689 1652 4734; x_wconf 88' lang='lat' dir='ltr'><strong>ut</strong></span> <span class='ocrx_word' id='word_1_744' title='bbox 1685 4698 1775 4734; x_wconf 87' lang='lat' dir='ltr'><strong>uos</strong></span> <span class='ocrx_word' id='word_1_745' title='bbox 1804 4677 2069 4734; x_wconf 69' lang='lat' dir='ltr'><strong>relevat-et.</strong></span> 
     </span>
    </p>
   </div>
   <div class='ocr_carea' id='block_1_91' title="bbox 557 4746 2068 4820">
    <p class='ocr_par' dir='ltr' id='par_1_91' title="bbox 557 4746 2068 4820">
     <span class='ocr_line' id='line_1_92' title="bbox 557 4746 2068 4820; baseline 0.001 -19"><span class='ocrx_word' id='word_1_746' title='bbox 557 4746 710 4820; x_wconf 62' lang='lat' dir='ltr'><strong>f‘Ms.</strong></span> <span class='ocrx_word' id='word_1_747' title='bbox 758 4748 1032 4815; x_wconf 82' lang='lat' dir='ltr'><strong>Joliensis,</strong></span> <span class='ocrx_word' id='word_1_748' title='bbox 1073 4762 1194 4803; x_wconf 90' lang='lat' dir='ltr'><strong>cum</strong></span> <span class='ocrx_word' id='word_1_749' title='bbox 1241 4760 1377 4820; x_wconf 78' lang='lat' dir='ltr'><strong>Aug.</strong></span> <span class='ocrx_word' id='word_1_750' title='bbox 1413 4760 1572 4805; x_wconf 89' lang='lat' dir='ltr'><strong>tract.</strong></span> <span class='ocrx_word' id='word_1_751' title='bbox 1624 4753 1676 4805; x_wconf 89' lang='lat' dir='ltr'><strong>in</strong></span> <span class='ocrx_word' id='word_1_752' title='bbox 1708 4752 1889 4818; x_wconf 85' lang='lat' dir='ltr'><strong>Joan.,</strong></span> <span class='ocrx_word' id='word_1_753' title='bbox 1937 4769 2068 4807; x_wconf 85' lang='lat' dir='ltr'><strong>eum.</strong></span> 
     </span>
    </p>
   </div>
   <div class='ocr_carea' id='block_1_92' title="bbox 486 4818 775 4881">
    <p class='ocr_par' dir='ltr' id='par_1_92' title="bbox 486 4818 775 4881">
     <span class='ocr_line' id='line_1_93' title="bbox 486 4818 775 4881; baseline -0.014 -7"><span class='ocrx_word' id='word_1_754' title='bbox 486 4818 616 4881; x_wconf 84' lang='lat' dir='ltr'><strong>Alii,</strong></span> <span class='ocrx_word' id='word_1_755' title='bbox 642 4835 775 4871; x_wconf 88' lang='lat' dir='ltr'><strong>eam.</strong></span> 
     </span>
    </p>
   </div>
   <div class='ocr_carea' id='block_1_93' title="bbox 560 4887 1688 4961">
    <p class='ocr_par' dir='ltr' id='par_1_93' title="bbox 560 4887 1688 4961">
     <span class='ocr_line' id='line_1_94' title="bbox 560 4887 1688 4961; baseline 0.003 -19"><span class='ocrx_word' id='word_1_756' title='bbox 560 4898 583 4961; x_wconf 61' lang='grc' dir='ltr'>ξ</span> <span class='ocrx_word' id='word_1_757' title='bbox 616 4888 714 4961; x_wconf 72' lang='lat' dir='ltr'><strong>Ms.</strong></span> <span class='ocrx_word' id='word_1_758' title='bbox 747 4887 1020 4961; x_wconf 47' lang='lat' dir='ltr'><strong>Juliensis,</strong></span> <span class='ocrx_word' id='word_1_759' title='bbox 1046 4906 1148 4961; x_wconf 67' lang='lat' dir='ltr'><strong>non</strong></span> <span class='ocrx_word' id='word_1_760' title='bbox 1169 4906 1409 4961; x_wconf 79' lang='lat' dir='ltr'><strong>separare</strong></span> <span class='ocrx_word' id='word_1_761' title='bbox 1431 4902 1688 4945; x_wconf 81' lang='lat' dir='ltr'><strong>naturam.</strong></span> 
     </span>
    </p>
   </div>
   <div class='ocr_carea' id='block_1_94' title="bbox 559 4956 2073 5030">
    <p class='ocr_par' dir='ltr' id='par_1_94' title="bbox 559 4956 2073 5030">
     <span class='ocr_line' id='line_1_95' title="bbox 559 4956 2073 5030; baseline 0.002 -17"><span class='ocrx_word' id='word_1_762' title='bbox 559 4956 583 5030; x_wconf 50' lang='grc' dir='ltr'><strong>ἶ</strong></span> <span class='ocrx_word' id='word_1_763' title='bbox 614 4959 712 5013; x_wconf 87' lang='lat' dir='ltr'><strong>Ms.</strong></span> <span class='ocrx_word' id='word_1_764' title='bbox 742 4956 1019 5030; x_wconf 74' lang='lat' dir='ltr'><strong>Jolicnsis,</strong></span> <span class='ocrx_word' id='word_1_765' title='bbox 1042 4958 1120 5014; x_wconf 85' lang='lat' dir='ltr'><strong>De</strong></span> <span class='ocrx_word' id='word_1_766' title='bbox 1142 4976 1201 5013; x_wconf 89' lang='lat' dir='ltr'><strong>eo</strong></span> <span class='ocrx_word' id='word_1_767' title='bbox 1220 4956 1356 5030; x_wconf 70' lang='lat' dir='ltr'><strong>quod</strong></span> <span class='ocrx_word' id='word_1_768' title='bbox 1382 4962 1633 5017; x_wconf 76' lang='lat' dir='ltr'><strong>Dominus</strong></span> <span class='ocrx_word' id='word_1_769' title='bbox 1659 4964 1754 5028; x_wconf 88' lang='lat' dir='ltr'><strong>ait,</strong></span> <span class='ocrx_word' id='word_1_770' title='bbox 1788 4963 1889 5026; x_wconf 81' lang='lat' dir='ltr'><strong>Qui</strong></span> <span class='ocrx_word' id='word_1_771' title='bbox 1913 4973 1985 5017; x_wconf 87' lang='lat' dir='ltr'><strong>est</strong></span> <span class='ocrx_word' id='word_1_772' title='bbox 2011 4979 2073 5016; x_wconf 67' lang='lat' dir='ltr'><strong>ex</strong></span> 
     </span>
    </p>
   </div>
   <div class='ocr_carea' id='block_1_95' title="bbox 482 5026 1287 5084">
    <p class='ocr_par' dir='ltr' id='par_1_95' title="bbox 482 5026 1287 5084">
     <span class='ocr_line' id='line_1_96' title="bbox 482 5026 1287 5084; baseline 0.002 -2"><span class='ocrx_word' id='word_1_773' title='bbox 482 5027 693 5082; x_wconf 81' lang='lat' dir='ltr'><strong>veritate</strong></span> <span class='ocrx_word' id='word_1_774' title='bbox 721 5026 866 5081; x_wconf 84' lang='lat' dir='ltr'><strong>audit</strong></span> <span class='ocrx_word' id='word_1_775' title='bbox 902 5045 1071 5084; x_wconf 80' lang='lat' dir='ltr'><strong>vocem</strong></span> <span class='ocrx_word' id='word_1_776' title='bbox 1103 5026 1287 5084; x_wconf 79' lang='lat' dir='ltr'><strong>meum.</strong></span> 
     </span>
    </p>
   </div>
   <div class='ocr_carea' id='block_1_96' title="bbox 554 5099 1352 5168">
    <p class='ocr_par' dir='ltr' id='par_1_96' title="bbox 554 5099 1352 5168">
     <span class='ocr_line' id='line_1_97' title="bbox 554 5099 1352 5168; baseline 0 -14"><span class='ocrx_word' id='word_1_777' title='bbox 554 5107 580 5144; x_wconf 66' lang='grc' dir='ltr'>ὅ</span> <span class='ocrx_word' id='word_1_778' title='bbox 604 5099 796 5154; x_wconf 89' lang='lat' dir='ltr'><strong>Colon.</strong></span> <span class='ocrx_word' id='word_1_779' title='bbox 827 5110 935 5155; x_wconf 84' lang='lat' dir='ltr'><strong>vel.</strong></span> <span class='ocrx_word' id='word_1_780' title='bbox 967 5101 1123 5168; x_wconf 86' lang='lat' dir='ltr'><strong>edit.,</strong></span> <span class='ocrx_word' id='word_1_781' title='bbox 1157 5100 1352 5155; x_wconf 85' lang='lat' dir='ltr'><strong>Nullus</strong></span> 
     </span>
    </p>
   </div>
   <div class='ocr_carea' id='block_1_97' title="bbox 482 5170 2071 5243">
    <p class='ocr_par' dir='ltr' id='par_1_97' title="bbox 482 5170 2071 5243">
     <span class='ocr_line' id='line_1_98' title="bbox 482 5170 2071 5243; baseline 0.003 -21"><span class='ocrx_word' id='word_1_782' title='bbox 482 5170 613 5243; x_wconf 80' lang='lat' dir='ltr'><strong>tibus</strong></span> <span class='ocrx_word' id='word_1_783' title='bbox 636 5171 827 5224; x_wconf 85' lang='lat' dir='ltr'><strong>meritis</strong></span> <span class='ocrx_word' id='word_1_784' title='bbox 856 5172 1115 5243; x_wconf 75' lang='lat' dir='ltr'><strong>soluatur.</strong></span> <span class='ocrx_word' id='word_1_785' title='bbox 1171 5171 1268 5226; x_wconf 81' lang='lat' dir='ltr'><strong>M’s.</strong></span> <span class='ocrx_word' id='word_1_786' title='bbox 1302 5170 1537 5242; x_wconf 78' lang='lat' dir='ltr'><strong>Retnig.,</strong></span> <span class='ocrx_word' id='word_1_787' title='bbox 1573 5173 1656 5230; x_wconf 85' lang='lat' dir='ltr'><strong>Ne</strong></span> <span class='ocrx_word' id='word_1_788' title='bbox 1690 5170 1809 5228; x_wconf 78' lang='lat' dir='ltr'><strong>ullis</strong></span> <span class='ocrx_word' id='word_1_789' title='bbox 1857 5176 2071 5243; x_wconf 85' lang='lat' dir='ltr'><strong>procul-</strong></span> 
     </span>
    </p>
   </div>
   <div class='ocr_carea' id='block_1_98' title="bbox 482 5241 1925 5315">
    <p class='ocr_par' dir='ltr' id='par_1_98' title="bbox 482 5241 1925 5315">
     <span class='ocr_line' id='line_1_99' title="bbox 482 5241 1925 5315; baseline 0.003 -23"><span class='ocrx_word' id='word_1_790' title='bbox 482 5241 636 5315; x_wconf 78' lang='lat' dir='ltr'><strong>dubio</strong></span> <span class='ocrx_word' id='word_1_791' title='bbox 666 5241 1064 5315; x_wconf 61' lang='lat' dir='ltr'><strong>pracctlentibus</strong></span> <span class='ocrx_word' id='word_1_792' title='bbox 1085 5243 1298 5307; x_wconf 79' lang='lat' dir='ltr'><strong>meritis,</strong></span> <span class='ocrx_word' id='word_1_793' title='bbox 1329 5241 1495 5313; x_wconf 80' lang='lat' dir='ltr'><strong>gratia</strong></span> <span class='ocrx_word' id='word_1_794' title='bbox 1521 5260 1621 5297; x_wconf 85' lang='lat' dir='ltr'><strong>non</strong></span> <span class='ocrx_word' id='word_1_795' title='bbox 1645 5244 1708 5297; x_wconf 87' lang='lat' dir='ltr'><strong>sit</strong></span> <span class='ocrx_word' id='word_1_796' title='bbox 1737 5241 1925 5315; x_wconf 84' lang='lat' dir='ltr'><strong>gratia.</strong></span> 
     </span>
    </p>
   </div>
   <div class='ocr_carea' id='block_1_99' title="bbox 555 5310 1923 5392">
    <p class='ocr_par' dir='ltr' id='par_1_99' title="bbox 555 5310 1923 5392">
     <span class='ocr_line' id='line_1_100' title="bbox 555 5310 1923 5392; baseline 0.004 -29"><span class='ocrx_word' id='word_1_797' title='bbox 555 5310 669 5392; x_wconf 58' lang='lat' dir='ltr'><strong>fin</strong></span> <span class='ocrx_word' id='word_1_798' title='bbox 699 5328 802 5392; x_wconf 51' lang='lat' dir='ltr'><strong>m3.</strong></span> <span class='ocrx_word' id='word_1_799' title='bbox 837 5312 1073 5392; x_wconf 84' lang='lat' dir='ltr'><strong>R_emig.,</strong></span> <span class='ocrx_word' id='word_1_800' title='bbox 1093 5328 1204 5392; x_wconf 33' lang='grc' dir='ltr'><strong>,ιιι-ο</strong></span> <span class='ocrx_word' id='word_1_801' title='bbox 1235 5310 1520 5381; x_wconf 77' lang='lat' dir='ltr'><strong>putaretur,</strong></span> <span class='ocrx_word' id='word_1_802' title='bbox 1547 5310 1804 5369; x_wconf 77' lang='lat' dir='ltr'><strong>scribitur</strong></span> <span class='ocrx_word' id='word_1_803' title='bbox 1829 5325 1923 5368; x_wconf 89' lang='lat' dir='ltr'><strong>est.</strong></span> 
     </span>
    </p>
   </div>
   <div class='ocr_carea' id='block_1_100' title="bbox 559 5380 2007 5450">
    <p class='ocr_par' dir='ltr' id='par_1_100' title="bbox 559 5380 2007 5450">
     <span class='ocr_line' id='line_1_101' title="bbox 559 5380 2007 5450; baseline 0.008 -15"><span class='ocrx_word' id='word_1_804' title='bbox 559 5380 573 5417; x_wconf 74' lang='grc' dir='ltr'><strong>ί</strong></span> <span class='ocrx_word' id='word_1_805' title='bbox 604 5381 703 5436; x_wconf 87' lang='lat' dir='ltr'><strong>Ms.</strong></span> <span class='ocrx_word' id='word_1_806' title='bbox 736 5381 973 5450; x_wconf 73' lang='lat' dir='ltr'><strong>Remig.,</strong></span> <span class='ocrx_word' id='word_1_807' title='bbox 999 5380 1195 5438; x_wconf 72' lang='lat' dir='ltr'><strong>audiet.</strong></span> <span class='ocrx_word' id='word_1_808' title='bbox 1238 5380 1243 5381; x_wconf 27' lang='grc' dir='ltr'>ί</span> <span class='ocrx_word' id='word_1_809' title='bbox 1510 5380 1515 5381; x_wconf 15' lang='lat'><em>7</em></span> <span class='ocrx_word' id='word_1_810' title='bbox 2004 5444 2007 5447; x_wconf 77' lang='lat'><strong>.</strong></span> 
     </span>
    </p>
   </div>
   <div class='ocr_carea' id='block_1_101' title="bbox 552 5451 2072 5523">
    <p class='ocr_par' dir='ltr' id='par_1_101' title="bbox 552 5451 2072 5523">
     <span class='ocr_line' id='line_1_102' title="bbox 552 5451 2072 5523; baseline 0.005 -21"><span class='ocrx_word' id='word_1_811' title='bbox 552 5456 566 5502; x_wconf 88' lang='lat' dir='ltr'><strong>l</strong></span> <span class='ocrx_word' id='word_1_812' title='bbox 610 5452 710 5507; x_wconf 85' lang='lat' dir='ltr'><strong>Ms.</strong></span> <span class='ocrx_word' id='word_1_813' title='bbox 759 5451 970 5523; x_wconf 78' lang='lat' dir='ltr'><strong>Retnig.</strong></span> <span class='ocrx_word' id='word_1_814' title='bbox 996 5454 1083 5508; x_wconf 90' lang='lat' dir='ltr'><strong>hic</strong></span> <span class='ocrx_word' id='word_1_815' title='bbox 1119 5453 1287 5516; x_wconf 88' lang='lat' dir='ltr'><strong>addit,</strong></span> <span class='ocrx_word' id='word_1_816' title='bbox 1331 5470 1433 5507; x_wconf 86' lang='lat' dir='ltr'><strong>non</strong></span> <span class='ocrx_word' id='word_1_817' title='bbox 1479 5470 1596 5523; x_wconf 87' lang='lat' dir='ltr'><strong>ergo</strong></span> <span class='ocrx_word' id='word_1_818' title='bbox 1620 5470 1673 5507; x_wconf 88' lang='lat' dir='ltr'><strong>se</strong></span> <span class='ocrx_word' id='word_1_819' title='bbox 1698 5463 1859 5518; x_wconf 83' lang='lat' dir='ltr'><strong>amat,</strong></span> <span class='ocrx_word' id='word_1_820' title='bbox 1890 5454 1977 5523; x_wconf 85' lang='lat' dir='ltr'><strong>qui</strong></span> <span class='ocrx_word' id='word_1_821' title='bbox 2009 5471 2072 5509; x_wconf 87' lang='lat' dir='ltr'><strong>ne</strong></span> 
     </span>
    </p>
   </div>
   <div class='ocr_carea' id='block_1_102' title="bbox 478 5523 2067 5595">
    <p class='ocr_par' dir='ltr' id='par_1_102' title="bbox 478 5523 2067 5595">
     <span class='ocr_line' id='line_1_103' title="bbox 478 5523 2067 5595; baseline 0.007 -27"><span class='ocrx_word' id='word_1_822' title='bbox 478 5523 607 5595; x_wconf 47' lang='grc' dir='ltr'><strong>φῆναι</strong></span> <span class='ocrx_word' id='word_1_823' title='bbox 636 5533 872 5595; x_wconf 77' lang='lat' dir='ltr'><strong>se_amat,</strong></span> <span class='ocrx_word' id='word_1_824' title='bbox 914 5524 1339 5595; x_wconf 12' lang='lat' dir='ltr'><strong>rqumileguutur</strong></span> <span class='ocrx_word' id='word_1_825' title='bbox 1390 5527 1442 5577; x_wconf 91' lang='lat' dir='ltr'><strong>in</strong></span> <span class='ocrx_word' id='word_1_826' title='bbox 1479 5525 1758 5595; x_wconf 77' lang='lat' dir='ltr'><strong>Augustini</strong></span> <span class='ocrx_word' id='word_1_827' title='bbox 1808 5541 1960 5595; x_wconf 88' lang='lat' dir='ltr'><strong>oper.</strong></span> <span class='ocrx_word' id='word_1_828' title='bbox 2014 5527 2067 5580; x_wconf 90' lang='lat' dir='ltr'><strong>in</strong></span> 
     </span>
    </p>
   </div>
   <div class='ocr_carea' id='block_1_103' title="bbox 480 5592 2063 5715">
    <p class='ocr_par' dir='ltr' id='par_1_103' title="bbox 480 5592 2063 5715">
     <span class='ocr_line' id='line_1_104' title="bbox 480 5592 2063 5715; baseline 0.003 -70"><span class='ocrx_word' id='word_1_829' title='bbox 480 5592 633 5715; x_wconf 47' lang='lat' dir='ltr'><strong>tam.</strong></span> <span class='ocrx_word' id='word_1_830' title='bbox 670 5592 873 5715; x_wconf 51' lang='lat' dir='ltr'><strong>Etvang.</strong></span> <span class='ocrx_word' id='word_1_831' title='bbox 911 5594 1013 5648; x_wconf 88' lang='lat' dir='ltr'><strong>hoc</strong></span> <span class='ocrx_word' id='word_1_832' title='bbox 1058 5592 1210 5659; x_wconf 87' lang='lat' dir='ltr'><strong>loco;</strong></span> <span class='ocrx_word' id='word_1_833' title='bbox 1247 5597 1438 5650; x_wconf 89' lang='lat' dir='ltr'><strong>absunt</strong></span> <span class='ocrx_word' id='word_1_834' title='bbox 1471 5592 1599 5653; x_wconf 81' lang='lat' dir='ltr'><strong>vero</strong></span> <span class='ocrx_word' id='word_1_835' title='bbox 1627 5596 1696 5653; x_wconf 89' lang='lat' dir='ltr'><strong>ab</strong></span> <span class='ocrx_word' id='word_1_836' title='bbox 1721 5592 2063 5653; x_wconf 42' lang='lat' dir='ltr'><strong>aliis&#39;codici-</strong></span> 
     </span>
     <span class='ocr_line' id='line_1_105' title="bbox 518 5676 823 5715; baseline -0.003 0"><span class='ocrx_word' id='word_1_837' title='bbox 518 5676 578 5715; x_wconf 88' lang='lat' dir='ltr'><strong>us</strong></span> <span class='ocrx_word' id='word_1_838' title='bbox 607 5676 702 5715; x_wconf 90' lang='lat' dir='ltr'><strong>nos</strong></span> <span class='ocrx_word' id='word_1_839' title='bbox 732 5676 823 5715; x_wconf 82' lang='lat' dir='ltr'><strong>ns.</strong></span> 
     </span>
    </p>
   </div>
   <div class='ocr_carea' id='block_1_104' title="bbox 518 5670 823 5716">
    <p class='ocr_par' dir='ltr' id='par_1_104' title="bbox 518 5670 823 5716">
     <span class='ocr_line' id='line_1_106' title="bbox 518 5670 823 5716; baseline -0.003 -1"><span class='ocrx_word' id='word_1_840' title='bbox 518 5676 578 5716; x_wconf 78' lang='lat' dir='ltr'><strong>US</strong></span> <span class='ocrx_word' id='word_1_841' title='bbox 607 5670 823 5716; x_wconf 73' lang='lat' dir='ltr'><strong>nOSll‘lS.</strong></span> 
     </span>
    </p>
   </div>
   <div class='ocr_carea' id='block_1_105' title="bbox 1401 5103 2071 5175">
    <p class='ocr_par' dir='ltr' id='par_1_105' title="bbox 1401 5103 2071 5175">
     <span class='ocr_line' id='line_1_107' title="bbox 1401 5103 2071 5175; baseline -0.001 -20"><span class='ocrx_word' id='word_1_842' title='bbox 1401 5103 1738 5175; x_wconf 71' lang='lat' dir='ltr'><strong>proculdubio</strong></span> <span class='ocrx_word' id='word_1_843' title='bbox 1780 5104 2071 5175; x_wconf 71' lang='lat' dir='ltr'><strong>prmeedeu-</strong></span> 
     </span>
    </p>
   </div>
   <div class='ocr_carea' id='block_1_106' title="bbox 2260 4391 3781 4465">
    <p class='ocr_par' dir='ltr' id='par_1_106' title="bbox 2260 4391 3781 4465">
     <span class='ocr_line' id='line_1_108' title="bbox 2260 4391 3781 4465; baseline -0.003 -13"><span class='ocrx_word' id='word_1_844' title='bbox 2260 4397 2277 4435; x_wconf 77' lang='grc' dir='ltr'>ι</span> <span class='ocrx_word' id='word_1_845' title='bbox 2314 4400 2414 4452; x_wconf 79' lang='lat' dir='ltr'><strong>Ms.</strong></span> <span class='ocrx_word' id='word_1_846' title='bbox 2445 4391 2715 4461; x_wconf 19' lang='lat' dir='ltr'><strong>Jolieu’sis,</strong></span> <span class='ocrx_word' id='word_1_847' title='bbox 2767 4391 2938 4461; x_wconf 65' lang='grc' dir='ltr'><strong>ρηυᾶ</strong></span> <span class='ocrx_word' id='word_1_848' title='bbox 2965 4397 3033 4446; x_wconf 87' lang='lat' dir='ltr'><strong>ad</strong></span> <span class='ocrx_word' id='word_1_849' title='bbox 3068 4392 3266 4446; x_wconf 79' lang='lat' dir='ltr'><strong>Filium</strong></span> <span class='ocrx_word' id='word_1_850' title='bbox 3293 4409 3381 4465; x_wconf 82' lang='lat' dir='ltr'><strong>per</strong></span> <span class='ocrx_word' id='word_1_851' title='bbox 3417 4391 3608 4446; x_wconf 80' lang='lat' dir='ltr'><strong>Filium</strong></span> <span class='ocrx_word' id='word_1_852' title='bbox 3644 4406 3781 4465; x_wconf 80' lang='lat' dir='ltr'><strong>agat</strong></span> 
     </span>
    </p>
   </div>
   <div class='ocr_carea' id='block_1_107' title="bbox 2183 4468 2357 4523">
    <p class='ocr_par' dir='ltr' id='par_1_107' title="bbox 2183 4468 2357 4523">
     <span class='ocr_line' id='line_1_109' title="bbox 2183 4468 2357 4523; baseline 0.011 -2"><span class='ocrx_word' id='word_1_853' title='bbox 2183 4468 2357 4523; x_wconf 79' lang='lat' dir='ltr'><strong>Pater.</strong></span> 
     </span>
    </p>
   </div>
   <div class='ocr_carea' id='block_1_108' title="bbox 2250 4534 3775 4606">
    <p class='ocr_par' dir='ltr' id='par_1_108' title="bbox 2250 4534 3775 4606">
     <span class='ocr_line' id='line_1_110' title="bbox 2250 4534 3775 4606; baseline -0.004 -11"><span class='ocrx_word' id='word_1_854' title='bbox 2250 4550 2289 4576; x_wconf 76' lang='grc' dir='ltr'>ω</span> <span class='ocrx_word' id='word_1_855' title='bbox 2321 4540 2411 4595; x_wconf 89' lang='lat' dir='ltr'><strong>Sic</strong></span> <span class='ocrx_word' id='word_1_856' title='bbox 2440 4552 2543 4592; x_wconf 89' lang='lat' dir='ltr'><strong>ms.</strong></span> <span class='ocrx_word' id='word_1_857' title='bbox 2566 4536 2696 4600; x_wconf 84' lang='lat' dir='ltr'><strong>.lul.,</strong></span> <span class='ocrx_word' id='word_1_858' title='bbox 2720 4535 3186 4606; x_wconf 78' lang='lat' dir='ltr'><strong>quiaddiletiatn,</strong></span> <span class='ocrx_word' id='word_1_859' title='bbox 3210 4535 3347 4605; x_wconf 86' lang='lat' dir='ltr'><strong>quod</strong></span> <span class='ocrx_word' id='word_1_860' title='bbox 3373 4534 3444 4586; x_wconf 83' lang='lat' dir='ltr'><strong>ait</strong></span> <span class='ocrx_word' id='word_1_861' title='bbox 3470 4534 3775 4605; x_wconf 75' lang='lat' dir='ltr'><strong>Apostolus.</strong></span> 
     </span>
    </p>
   </div>
   <div class='ocr_carea' id='block_1_109' title="bbox 2178 4605 2936 4679">
    <p class='ocr_par' dir='ltr' id='par_1_109' title="bbox 2178 4605 2936 4679">
     <span class='ocr_line' id='line_1_111' title="bbox 2178 4605 2936 4679; baseline -0.008 -15"><span class='ocrx_word' id='word_1_862' title='bbox 2178 4609 2308 4673; x_wconf 80' lang='lat' dir='ltr'><strong>Alii,</strong></span> <span class='ocrx_word' id='word_1_863' title='bbox 2346 4610 2422 4663; x_wconf 80' lang='lat' dir='ltr'><strong>De</strong></span> <span class='ocrx_word' id='word_1_864' title='bbox 2449 4605 2761 4679; x_wconf 77' lang='lat' dir='ltr'><strong>subjectione</strong></span> <span class='ocrx_word' id='word_1_865' title='bbox 2786 4605 2936 4659; x_wconf 83' lang='lat' dir='ltr'><strong>Filii.</strong></span> 
     </span>
    </p>
   </div>
   <div class='ocr_carea' id='block_1_110' title="bbox 2248 4677 3224 4748">
    <p class='ocr_par' dir='ltr' id='par_1_110' title="bbox 2248 4677 3224 4748">
     <span class='ocr_line' id='line_1_112' title="bbox 2248 4677 3224 4748; baseline -0.007 -13"><span class='ocrx_word' id='word_1_866' title='bbox 2248 4688 2275 4717; x_wconf 70' lang='grc' dir='ltr'>η</span> <span class='ocrx_word' id='word_1_867' title='bbox 2302 4680 2398 4734; x_wconf 86' lang='lat' dir='ltr'><strong>Ms.</strong></span> <span class='ocrx_word' id='word_1_868' title='bbox 2424 4677 2557 4743; x_wconf 80' lang='lat' dir='ltr'><strong>Jol.,</strong></span> <span class='ocrx_word' id='word_1_869' title='bbox 2588 4681 2640 4730; x_wconf 86' lang='lat' dir='ltr'><strong>iu</strong></span> <span class='ocrx_word' id='word_1_870' title='bbox 2670 4677 2765 4730; x_wconf 84' lang='lat' dir='ltr'><strong>illa</strong></span> <span class='ocrx_word' id='word_1_871' title='bbox 2786 4679 2955 4748; x_wconf 79' lang='lat' dir='ltr'><strong>{arma</strong></span> <span class='ocrx_word' id='word_1_872' title='bbox 2984 4677 3224 4748; x_wconf 77' lang='lat' dir='ltr'><strong>hominis.</strong></span> 
     </span>
    </p>
   </div>
   <div class='ocr_carea' id='block_1_111' title="bbox 2250 4745 3779 4814">
    <p class='ocr_par' dir='ltr' id='par_1_111' title="bbox 2250 4745 3779 4814">
     <span class='ocr_line' id='line_1_113' title="bbox 2250 4745 3779 4814; baseline -0.007 -10"><span class='ocrx_word' id='word_1_873' title='bbox 2250 4751 2378 4804; x_wconf 88' lang='lat' dir='ltr'><strong>°lta</strong></span> <span class='ocrx_word' id='word_1_874' title='bbox 2427 4765 2532 4804; x_wconf 88' lang='lat' dir='ltr'><strong>ms.</strong></span> <span class='ocrx_word' id='word_1_875' title='bbox 2567 4747 2673 4803; x_wconf 84' lang='lat' dir='ltr'><strong>Jol.</strong></span> <span class='ocrx_word' id='word_1_876' title='bbox 2734 4745 2837 4803; x_wconf 83' lang='lat' dir='ltr'><strong>Alii</strong></span> <span class='ocrx_word' id='word_1_877' title='bbox 2889 4762 3037 4814; x_wconf 91' lang='lat' dir='ltr'><strong>vero,</strong></span> <span class='ocrx_word' id='word_1_878' title='bbox 3075 4745 3228 4801; x_wconf 83' lang='lat' dir='ltr'><strong>Nihil</strong></span> <span class='ocrx_word' id='word_1_879' title='bbox 3283 4746 3334 4798; x_wconf 88' lang='lat' dir='ltr'><strong>in</strong></span> <span class='ocrx_word' id='word_1_880' title='bbox 3370 4746 3779 4814; x_wconf 73' lang='lat' dir='ltr'><strong>quibuscumque</strong></span> 
     </span>
    </p>
   </div>
   <div class='ocr_carea' id='block_1_112' title="bbox 2176 4816 3402 4879">
    <p class='ocr_par' dir='ltr' id='par_1_112' title="bbox 2176 4816 3402 4879">
     <span class='ocr_line' id='line_1_114' title="bbox 2176 4816 3402 4879; baseline -0.005 -4"><span class='ocrx_word' id='word_1_881' title='bbox 2176 4822 2426 4876; x_wconf 85' lang='lat' dir='ltr'><strong>creaturis</strong></span> <span class='ocrx_word' id='word_1_882' title='bbox 2456 4836 2488 4872; x_wconf 90' lang='lat' dir='ltr'><strong>a</strong></span> <span class='ocrx_word' id='word_1_883' title='bbox 2510 4819 2749 4874; x_wconf 86' lang='lat' dir='ltr'><strong>Creatore</strong></span> <span class='ocrx_word' id='word_1_884' title='bbox 2781 4820 3131 4872; x_wconf 81' lang='lat' dir='ltr'><strong>inordinatum</strong></span> <span class='ocrx_word' id='word_1_885' title='bbox 3160 4816 3402 4879; x_wconf 82' lang='lat' dir='ltr'><strong>relinqui.</strong></span> 
     </span>
    </p>
   </div>
   <div class='ocr_carea' id='block_1_113' title="bbox 2248 4885 3773 4955">
    <p class='ocr_par' dir='ltr' id='par_1_113' title="bbox 2248 4885 3773 4955">
     <span class='ocr_line' id='line_1_115' title="bbox 2248 4885 3773 4955; baseline -0.003 -12"><span class='ocrx_word' id='word_1_886' title='bbox 2248 4902 2277 4943; x_wconf 66' lang='lat' dir='ltr'><strong>tt</strong></span> <span class='ocrx_word' id='word_1_887' title='bbox 2305 4890 2532 4947; x_wconf 90' lang='lat' dir='ltr'><strong>Codices</strong></span> <span class='ocrx_word' id='word_1_888' title='bbox 2581 4890 2752 4943; x_wconf 85' lang='lat' dir='ltr'><strong>nostri</strong></span> <span class='ocrx_word' id='word_1_889' title='bbox 2799 4890 3177 4949; x_wconf 86' lang='lat' dir='ltr'><strong>communiter,</strong></span> <span class='ocrx_word' id='word_1_890' title='bbox 3213 4891 3393 4955; x_wconf 68' lang='lat' dir='ltr'><strong>forma?</strong></span> <span class='ocrx_word' id='word_1_891' title='bbox 3448 4885 3612 4938; x_wconf 81' lang='lat' dir='ltr'><strong>illius.</strong></span> <span class='ocrx_word' id='word_1_892' title='bbox 3661 4885 3773 4939; x_wconf 76' lang='lat' dir='ltr'><strong>Ms.</strong></span> 
     </span>
    </p>
   </div>
   <div class='ocr_carea' id='block_1_114' title="bbox 2176 4956 3774 5032">
    <p class='ocr_par' dir='ltr' id='par_1_114' title="bbox 2176 4956 3774 5032">
     <span class='ocr_line' id='line_1_116' title="bbox 2176 4956 3774 5032; baseline -0.004 -16"><span class='ocrx_word' id='word_1_893' title='bbox 2176 4961 2386 5032; x_wconf 65' lang='lat' dir='ltr'><strong>liemig.</strong></span> <span class='ocrx_word' id='word_1_894' title='bbox 2416 4971 2471 5017; x_wconf 91' lang='lat' dir='ltr'><strong>et</strong></span> <span class='ocrx_word' id='word_1_895' title='bbox 2503 4960 2683 5016; x_wconf 81' lang='lat' dir='ltr'><strong>Editio</strong></span> <span class='ocrx_word' id='word_1_896' title='bbox 2709 4958 3183 5032; x_wconf 8' lang='lat' dir='ltr'><strong>appeud.‘tum.gx</strong></span> <span class='ocrx_word' id='word_1_897' title='bbox 3209 4959 3373 5032; x_wconf 77' lang='lat' dir='ltr'><strong>Aug.,</strong></span> <span class='ocrx_word' id='word_1_898' title='bbox 3405 4960 3584 5026; x_wconf 71' lang='lat' dir='ltr'><strong>forma!</strong></span> <span class='ocrx_word' id='word_1_899' title='bbox 3610 4956 3728 5010; x_wconf 83' lang='lat' dir='ltr'><strong>illis</strong></span> <span class='ocrx_word' id='word_1_900' title='bbox 3756 5000 3774 5019; x_wconf 86' lang='lat'><strong>,</strong></span> 
     </span>
    </p>
   </div>
   <div class='ocr_carea' id='block_1_115' title="bbox 2171 5030 3615 5104">
    <p class='ocr_par' dir='ltr' id='par_1_115' title="bbox 2171 5030 3615 5104">
     <span class='ocr_line' id='line_1_117' title="bbox 2171 5030 3615 5104; baseline -0.005 -16"><span class='ocrx_word' id='word_1_901' title='bbox 2171 5034 2323 5104; x_wconf 75' lang='lat' dir='ltr'><strong>juxta</strong></span> <span class='ocrx_word' id='word_1_902' title='bbox 2341 5030 2405 5087; x_wconf 71' lang='lat' dir='ltr'><strong>id</strong></span> <span class='ocrx_word' id='word_1_903' title='bbox 2433 5034 2575 5103; x_wconf 93' lang='lat' dir='ltr'><strong>quod</strong></span> <span class='ocrx_word' id='word_1_904' title='bbox 2601 5033 2793 5104; x_wconf 85' lang='lat' dir='ltr'><strong>legitur</strong></span> <span class='ocrx_word' id='word_1_905' title='bbox 2824 5030 3045 5104; x_wconf 74' lang='lat' dir='ltr'><strong>inlibio</strong></span> <span class='ocrx_word' id='word_1_906' title='bbox 3071 5030 3317 5104; x_wconf 73' lang='lat' dir='ltr'><strong>citatoin</strong></span> <span class='ocrx_word' id='word_1_907' title='bbox 3345 5042 3615 5104; x_wconf 63' lang='lat' dir='ltr'><strong>inargute.</strong></span> 
     </span>
    </p>
   </div>
   <div class='ocr_carea' id='block_1_116' title="bbox 2246 5097 3773 5171">
    <p class='ocr_par' dir='ltr' id='par_1_116' title="bbox 2246 5097 3773 5171">
     <span class='ocr_line' id='line_1_118' title="bbox 2246 5097 3773 5171; baseline -0.005 -13"><span class='ocrx_word' id='word_1_908' title='bbox 2246 5108 2274 5148; x_wconf 71' lang='grc' dir='ltr'><strong>’ἰ</strong></span> <span class='ocrx_word' id='word_1_909' title='bbox 2305 5105 2377 5159; x_wconf 87' lang='lat' dir='ltr'><strong>Ita</strong></span> <span class='ocrx_word' id='word_1_910' title='bbox 2407 5097 2509 5159; x_wconf 67' lang='lat' dir='ltr'><strong>nis.</strong></span> <span class='ocrx_word' id='word_1_911' title='bbox 2540 5097 2976 5171; x_wconf 48' lang='lat' dir='ltr'><strong>Aliiqujuspiam</strong></span> <span class='ocrx_word' id='word_1_912' title='bbox 3005 5102 3080 5155; x_wconf 77' lang='lat' dir='ltr'><strong>rei</strong></span> <span class='ocrx_word' id='word_1_913' title='bbox 3101 5098 3597 5167; x_wconf 78' lang='lat' dir='ltr'><strong>deﬁcientis.Apud.</strong></span> <span class='ocrx_word' id='word_1_914' title='bbox 3624 5097 3773 5167; x_wconf 79' lang='lat' dir='ltr'><strong>Aug.</strong></span> 
     </span>
    </p>
   </div>
   <div class='ocr_carea' id='block_1_117' title="bbox 2176 5172 2937 5241">
    <p class='ocr_par' dir='ltr' id='par_1_117' title="bbox 2176 5172 2937 5241">
     <span class='ocr_line' id='line_1_119' title="bbox 2176 5172 2937 5241; baseline -0.004 -15"><span class='ocrx_word' id='word_1_915' title='bbox 2176 5175 2282 5235; x_wconf 72' lang='lat' dir='ltr'><strong>hic,</strong></span> <span class='ocrx_word' id='word_1_916' title='bbox 2309 5177 2531 5241; x_wconf 84' lang='lat' dir='ltr'><strong>cuipiam</strong></span> <span class='ocrx_word' id='word_1_917' title='bbox 2557 5174 2634 5225; x_wconf 84' lang='lat' dir='ltr'><strong>rei</strong></span> <span class='ocrx_word' id='word_1_918' title='bbox 2663 5172 2937 5241; x_wconf 76' lang='lat' dir='ltr'><strong>deﬁcienti.</strong></span> 
     </span>
    </p>
   </div>
   <div class='ocr_carea' id='block_1_118' title="bbox 2249 5243 3005 5311">
    <p class='ocr_par' dir='ltr' id='par_1_118' title="bbox 2249 5243 3005 5311">
     <span class='ocr_line' id='line_1_120' title="bbox 2249 5243 3005 5311; baseline -0.004 -14"><span class='ocrx_word' id='word_1_919' title='bbox 2249 5254 2270 5281; x_wconf 74' lang='grc' dir='ltr'><strong>τ</strong></span> <span class='ocrx_word' id='word_1_920' title='bbox 2309 5246 2433 5297; x_wconf 52' lang='grc' dir='ltr'><strong>λικε.</strong></span> <span class='ocrx_word' id='word_1_921' title='bbox 2469 5244 2700 5311; x_wconf 75' lang='lat' dir='ltr'><strong>Retnig.,</strong></span> <span class='ocrx_word' id='word_1_922' title='bbox 2732 5258 2832 5294; x_wconf 86' lang='lat' dir='ltr'><strong>non</strong></span> <span class='ocrx_word' id='word_1_923' title='bbox 2854 5243 3005 5295; x_wconf 79' lang='lat' dir='ltr'><strong>sinet.</strong></span> 
     </span>
    </p>
   </div>
   <div class='ocr_carea' id='block_1_119' title="bbox 2247 5306 3773 5381">
    <p class='ocr_par' dir='ltr' id='par_1_119' title="bbox 2247 5306 3773 5381">
     <span class='ocr_line' id='line_1_121' title="bbox 2247 5306 3773 5381; baseline -0.003 -16"><span class='ocrx_word' id='word_1_924' title='bbox 2247 5322 2268 5349; x_wconf 78' lang='grc'><strong>⁸</strong></span> <span class='ocrx_word' id='word_1_925' title='bbox 2304 5315 2373 5365; x_wconf 76' lang='grc' dir='ltr'><strong>Ιιη</strong></span> <span class='ocrx_word' id='word_1_926' title='bbox 2409 5330 2509 5367; x_wconf 87' lang='lat' dir='ltr'><strong>ms.</strong></span> <span class='ocrx_word' id='word_1_927' title='bbox 2543 5306 2651 5368; x_wconf 56' lang='lat' dir='ltr'><strong>Jul:</strong></span> <span class='ocrx_word' id='word_1_928' title='bbox 2683 5306 2801 5379; x_wconf 81' lang='lat' dir='ltr'><strong>post</strong></span> <span class='ocrx_word' id='word_1_929' title='bbox 2849 5317 3072 5381; x_wconf 77' lang='lat' dir='ltr'><strong>August.</strong></span> <span class='ocrx_word' id='word_1_930' title='bbox 3095 5309 3235 5381; x_wconf 7' lang='lat' dir='ltr'><strong>(loco</strong></span> <span class='ocrx_word' id='word_1_931' title='bbox 3267 5308 3354 5363; x_wconf 89' lang='lat' dir='ltr'><strong>hic</strong></span> <span class='ocrx_word' id='word_1_932' title='bbox 3388 5315 3594 5381; x_wconf 81' lang='lat' dir='ltr'><strong>notato.</strong></span> <span class='ocrx_word' id='word_1_933' title='bbox 3635 5306 3773 5372; x_wconf 82' lang='lat' dir='ltr'><strong>Alii,</strong></span> 
     </span>
    </p>
   </div>
   <div class='ocr_carea' id='block_1_120' title="bbox 2172 5379 3773 5454">
    <p class='ocr_par' dir='ltr' id='par_1_120' title="bbox 2172 5379 3773 5454">
     <span class='ocr_line' id='line_1_122' title="bbox 2172 5379 3773 5454; baseline -0.004 -16"><span class='ocrx_word' id='word_1_934' title='bbox 2172 5386 2310 5454; x_wconf 83' lang='lat' dir='ltr'><strong>quod</strong></span> <span class='ocrx_word' id='word_1_935' title='bbox 2342 5385 2500 5437; x_wconf 83' lang='lat' dir='ltr'><strong>laude</strong></span> <span class='ocrx_word' id='word_1_936' title='bbox 2543 5386 2776 5453; x_wconf 87' lang='lat' dir='ltr'><strong>dignum.</strong></span> <span class='ocrx_word' id='word_1_937' title='bbox 2826 5379 3216 5451; x_wconf 14' lang='lat' dir='ltr'><strong>l’ra&#39;ipositione</strong></span> <span class='ocrx_word' id='word_1_938' title='bbox 3246 5393 3353 5433; x_wconf 91' lang='lat' dir='ltr'><strong>non</strong></span> <span class='ocrx_word' id='word_1_939' title='bbox 3385 5379 3518 5433; x_wconf 86' lang='lat' dir='ltr'><strong>nihil</strong></span> <span class='ocrx_word' id='word_1_940' title='bbox 3546 5386 3773 5448; x_wconf 82' lang='lat' dir='ltr'><strong>pertur-</strong></span> 
     </span>
    </p>
   </div>
   <div class='ocr_carea' id='block_1_121' title="bbox 2174 5454 2774 5510">
    <p class='ocr_par' dir='ltr' id='par_1_121' title="bbox 2174 5454 2774 5510">
     <span class='ocr_line' id='line_1_123' title="bbox 2174 5454 2774 5510; baseline -0.005 0"><span class='ocrx_word' id='word_1_941' title='bbox 2174 5455 2401 5510; x_wconf 85' lang='lat' dir='ltr'><strong>babatur</strong></span> <span class='ocrx_word' id='word_1_942' title='bbox 2432 5469 2621 5508; x_wconf 89' lang='lat' dir='ltr'><strong>sensus</strong></span> <span class='ocrx_word' id='word_1_943' title='bbox 2648 5454 2774 5507; x_wconf 81' lang='lat' dir='ltr'><strong>loci.</strong></span> 
     </span>
    </p>
   </div>
   <div class='ocr_carea' id='block_1_122' title="bbox 2250 5522 3098 5592">
    <p class='ocr_par' dir='ltr' id='par_1_122' title="bbox 2250 5522 3098 5592">
     <span class='ocr_line' id='line_1_124' title="bbox 2250 5522 3098 5592; baseline -0.011 -12"><span class='ocrx_word' id='word_1_944' title='bbox 2250 5527 2268 5562; x_wconf 73' lang='grc' dir='ltr'>ί</span> <span class='ocrx_word' id='word_1_945' title='bbox 2304 5526 2399 5579; x_wconf 78' lang='lat' dir='ltr'><strong>Hs.</strong></span> <span class='ocrx_word' id='word_1_946' title='bbox 2432 5525 2799 5592; x_wconf 71' lang='lat' dir='ltr'><strong>Rcmigiauus,</strong></span> <span class='ocrx_word' id='word_1_947' title='bbox 2826 5522 3098 5577; x_wconf 84' lang='lat' dir='ltr'><strong>Creatoris.</strong></span> 
     </span>
    </p>
   </div>
   <div class='ocr_carea' id='block_1_123' title="bbox 2255 5590 3770 5662">
    <p class='ocr_par' dir='ltr' id='par_1_123' title="bbox 2255 5590 3770 5662">
     <span class='ocr_line' id='line_1_125' title="bbox 2255 5590 3770 5662; baseline -0.004 -13"><span class='ocrx_word' id='word_1_948' title='bbox 2255 5604 2282 5632; x_wconf 77' lang='grc' dir='ltr'>ιι</span> <span class='ocrx_word' id='word_1_949' title='bbox 2319 5597 2414 5648; x_wconf 85' lang='lat' dir='ltr'><strong>Ms.</strong></span> <span class='ocrx_word' id='word_1_950' title='bbox 2442 5595 2570 5658; x_wconf 83' lang='lat' dir='ltr'><strong>Jol.,</strong></span> <span class='ocrx_word' id='word_1_951' title='bbox 2594 5590 2755 5661; x_wconf 48' lang='lat' dir='ltr'><strong>&#39;Quod</strong></span> <span class='ocrx_word' id='word_1_952' title='bbox 2782 5594 2915 5647; x_wconf 85' lang='lat' dir='ltr'><strong>Deus</strong></span> <span class='ocrx_word' id='word_1_953' title='bbox 2959 5608 3206 5646; x_wconf 80' lang='lat' dir='ltr'><strong>nemiuem</strong></span> <span class='ocrx_word' id='word_1_954' title='bbox 3240 5601 3389 5662; x_wconf 83' lang='lat' dir='ltr'><strong>cogat</strong></span> <span class='ocrx_word' id='word_1_955' title='bbox 3436 5590 3505 5644; x_wconf 82' lang='lat' dir='ltr'><strong>ad</strong></span> <span class='ocrx_word' id='word_1_956' title='bbox 3540 5605 3770 5658; x_wconf 58' lang='lat' dir='ltr'><strong>peccat/:-</strong></span> 
     </span>
    </p>
   </div>
   <div class='ocr_carea' id='block_1_124' title="bbox 2183 5665 3152 5735">
    <p class='ocr_par' dir='ltr' id='par_1_124' title="bbox 2183 5665 3152 5735">
     <span class='ocr_line' id='line_1_126' title="bbox 2183 5665 3152 5735; baseline -0.003 -15"><span class='ocrx_word' id='word_1_957' title='bbox 2183 5667 2322 5731; x_wconf 86' lang='lat' dir='ltr'><strong>dum,</strong></span> <span class='ocrx_word' id='word_1_958' title='bbox 2357 5665 2473 5720; x_wconf 72' lang='lat' dir='ltr'><strong>licet</strong></span> <span class='ocrx_word' id='word_1_959' title='bbox 2501 5666 2773 5735; x_wconf 76' lang='lat' dir='ltr'><strong>prtcvideat</strong></span> <span class='ocrx_word' id='word_1_960' title='bbox 2803 5675 3152 5733; x_wconf 80' lang='lat' dir='ltr'><strong>peccaturum.</strong></span> 
     </span>
    </p>
   </div>
  </div>
