3978 6178
223 249 312 306 ωδ

638 240 837 297 LIBER
879 242 1420 301 SENTENTIARUM
1462 244 1550 300 EX
1591 244 1928 301 OPERIBUS
1965 246 2027 301 S.
2068 244 2437 303 AUGUSTINI
2477 244 2994 304 DELIBATARUM.

3334 251 3437 307 ιθι

220 361 347 417 Sicut
371 353 499 410 enim
527 364 691 406 nemo
730 354 993 408 memoria
1022 368 1121 409 sua
1150 354 1293 425 cogit
1322 356 1459 409 tacta
1489 370 1608 411 esse
1633 371 1753 426 qua:
1783 370 1829 428 Α
1859 356 1910 411 id
1949 355 2090 425 quod
2125 370 2223 413 nos
2253 370 2464 425 sumus,
2498 353 2516 395 ι
2551 356 2777 414 idoneos
2820 357 2945 415 facit
2968 373 3062 429 per
3088 357 3270 427 ﬁdem,
3302 376 3441 431 quos

218 447 572 520 praeterierunt,
624 444 705 499 sic
735 444 876 500 Deus
905 446 1243 516 praescientia
1265 462 1360 502 sua
1385 464 1490 503 non
1514 452 1655 519 cogit
1682 450 1759 504 fa-

212 540 375 599 cienda
395 552 509 608 quae
533 535 709 592 futura
739 547 888 593 sunt.
917 537 984 593 Et
1010 539 1148 594 sicut
1186 538 1349 594 homo
1374 541 1613 610 quaedam
1637 558 1758 613 qum

213 634 319 690 fecit
343 630 596 699 meminit,
630 643 731 685 nec
758 637 937 685 tamen
960 632 1140 686 omnia
1167 647 1289 702 quae
1329 634 1567 688 meminit
1597 634 1756 706 607

212 735 234 763 ι
253 725 396 787 facit;
423 720 490 777 ita
517 720 655 774 Deus
680 721 858 775 omnia
882 736 1111 791 quorum
1145 723 1260 791 ipse
1290 732 1480 778 auctor
1506 732 1606 791 est,
1629 740 1761 794 pras-

209 814 312 879 scit,
335 826 426 867 nec
466 820 643 865 tamen
675 808 915 864 omnium
970 826 1093 880 qua:
1140 814 1374 881 prescit,
1429 815 1543 884 ipse
1571 825 1759 871 auctor

210 914 298 961 est.
317 903 543 971 Quorum
571 912 748 959 autem
781 918 887 958 non
918 912 1002 959 est
1025 905 1196 959 malus
1230 911 1440 974 auctor,
1470 906 1648 977 justus
1674 916 1762 963 est

209 998 331 1053 ultor
351 997 495 1066 (Aug.
528 995 617 1048 tib.
650 1010 710 1050 ιιι
734 994 797 1049 de
820 993 934 1050 Lib.
961 993 1087 1051 Arb.
1111 1011 1158 1049 c.
1181 993 1262 1061 4).

204 1126 568 1207 cccuxxxw
596 1126 764 1207 (una;
808 1126 1203 1207 cccnxxxu,
1235 1138 1355 1183 ante
1387 1129 1756 1207 eccum].

330 1200 400 1253 De
425 1199 786 1268 cognoscendis
812 1200 1061 1253 creaturis
1093 1215 1207 1268 quae
1231 1216 1332 1254 non
1360 1201 1615 1255 videntur.

262 1311 477 1367 llumana
509 1312 688 1365 anima
744 1312 1061 1366 naturaliter
1091 1311 1286 1367 divinis
1311 1327 1377 1367 ex
1401 1313 1595 1381 quibus
1623 1330 1759 1384 pen-

202 1404 279 1458 det
305 1416 541 1457 connexa
593 1401 913 1467 rationibus,
962 1417 1084 1459 cum
1132 1403 1282 1468 dicit,
1311 1401 1339 1441 δ
1372 1404 1561 1459 Melius
1608 1408 1761 1461 ﬁeret

204 1498 289 1552 hoc
312 1509 458 1565 quam
492 1493 648 1559 illud,
676 1494 720 1549 si
756 1509 940 1549 verum
965 1495 1118 1562 dicit,
1150 1507 1203 1550 et
1235 1495 1402 1559 videt,
1430 1496 1573 1567 quod
1606 1498 1756 1566 dicit,

201 1589 242 1641 in
276 1586 368 1641 illis
393 1586 640 1655 supernis
670 1586 967 1640 rationibus
1020 1586 1187 1641 videt.
1216 1584 1417 1641 Credat
1438 1602 1567 1658 ergo
1588 1588 1757 1643 Deum

200 1678 363 1733 iecisse
390 1677 529 1748 quod
569 1687 717 1732 recto
748 1678 1025 1733 intellectu
1057 1678 1125 1732 ab
1154 1694 1219 1733 eo
1256 1678 1557 1735 faciundum
1588 1679 1754 1737 fuisse

202 1783 221 1811 ι
245 1771 500 1842 cognovit;
535 1771 695 1826 etiam
728 1771 773 1824 si
827 1770 929 1825 hoc
971 1771 1023 1824 in
1067 1774 1231 1826 rebus
1259 1770 1414 1826 factis
1447 1765 1555 1827 nori
1585 1773 1748 1829 videt.
1786 1752 1826 1810 Β

197 1862 308 1928 Quia
333 1862 484 1916 etiam
523 1862 568 1915 si
613 1861 808 1916 emtum
862 1860 1033 1916 oculis
1094 1861 1276 1916 videre
1306 1877 1410 1916 non
1464 1871 1664 1932 posset,
1696 1874 1751 1919 et

197 1966 348 2009 tamen
401 1953 617 2009 ratione
658 1967 785 2008 vera
844 1953 949 2009 tale
994 1953 1196 2023 aliquid
1245 1952 1549 2010 faciendum
1588 1955 1752 2011 fuisse

195 2046 461 2115 colligeret,
484 2045 722 2099 credere
768 2043 953 2099 debuit
978 2041 1006 2081 ά
1038 2046 1232 2099 factum
1287 2042 1473 2111 fuisse,
1506 2048 1752 2117 quamvis

194 2138 238 2191 id
261 2138 409 2192 oculis
431 2152 549 2192 non
571 2136 788 2193 viderit.
817 2136 936 2193 Non
966 2137 1110 2192 enim
1138 2137 1465 2208 cogitatione
1503 2151 1753 2196 cerneret

196 2228 451 2283 iaciendum
502 2229 702 2291 luisse.
761 2235 785 2265 °
844 2226 948 2282 nisi
1003 2226 1057 2281 in
1108 2226 1191 2281 his
1231 2228 1530 2283 rationibus
1557 2230 1753 2300 quibus

195 2325 304 2378 facta
325 2335 437 2379 sunt
462 2324 677 2379 omnia.
702 2321 855 2390 Quod
882 2331 1062 2377 autem
1086 2322 1157 2377 ibi
1186 2337 1291 2377 non
1323 2331 1425 2391 est,
1458 2331 1567 2379 tum
1594 2338 1754 2379 nemo

193 2429 337 2486 potest
362 2434 478 2473 vera
500 2417 841 2488 cogitatione
866 2416 1073 2483 videre,
1106 2412 1127 2453 ί
1159 2431 1318 2487 quam
1348 2430 1455 2472 non
1484 2428 1565 2472 est
1591 2417 1750 2489 (Aug.

194 2510 315 2575 ibid,
349 2525 391 2564 c.
417 2508 496 2580 5).

190 2640 527 2718 cccuxttv
581 2641 1185 2718 [AliasCCCLXXXIIL
1213 2654 1330 2699 ante
1358 2642 1751 2718 ccccxxxn.

369 2724 392 2762 ε
416 2715 539 2779 Qua
558 2715 785 2769 remedio
816 2717 1027 2769 vulnera
1056 2715 1284 2769 humana
1310 2728 1571 2769 curentur.

250 2831 367 2899 Quid
398 2842 501 2889 tam
532 2834 762 2904 dignum
815 2834 1188 2889 misericordia
1259 2848 1422 2903 quam
1478 2833 1668 2901 miser,
1701 2843 1756 2889 et

200 2924 299 2990 quid
330 2936 424 2978 tam
456 2926 738 2995 indignum
796 2924 1168 2979 misericordia
1213 2940 1373 2989 quam
1419 2920 1447 2960 δ
1492 2925 1756 2993 superbus

201 3012 375 3067 miser?
407 3012 421 3052 ί
459 3015 531 3070 Ex
560 3030 673 3084 quo
703 3013 900 3069 factum
918 3023 1001 3069 est
1025 3024 1083 3068 ut
1108 3014 1237 3068 illud
1265 3014 1358 3069 Dei
1378 3014 1630 3080 Verbum,
1659 3030 1759 3084 per.

200 3104 313 3170 quod
336 3104 459 3159 facta
483 3114 615 3160 sunt
641 3107 844 3170 omnia,
874 3112 931 3160 et
955 3120 1063 3174 quo
1090 3105 1284 3159 fruitur
1318 3105 1492 3159 omnis
1515 3107 1752 3183 angelica
1783 3130 1827 3192 ρ

201 3194 456 3264 beatitudo,
513 3214 691 3269 usque
740 3198 806 3253 ad
861 3198 1131 3254 miseriam
1160 3207 1396 3253 nostram
1454 3194 1754 3268 porrigeret

198 3287 499 3344 clementiam
530 3306 714 3353 suam,
745 3299 797 3344 et
830 3290 1064 3345 Verbum
1093 3305 1222 3344 caro
1250 3290 1422 3355 tierct,
1455 3301 1509 3344 et
1540 3288 1755 3345 habita-

198 3386 265 3429 ret
285 3378 332 3432 in
360 3382 525 3435 nobis.
568 3380 583 3431 i
646 3380 738 3436 Sic
788 3379 934 3435 enim
985 3389 1167 3450 posset
1209 3396 1405 3451 panem
1444 3382 1752 3448 angelorum

199 3467 332 3523 homo
358 3472 689 3526 manducare
718 3472 953 3525 nondum
984 3472 1189 3541 angelis
1220 3472 1548 3540 aquuatus,
1580 3473 1623 3525 si
1655 3487 1751 3540 pa-

195 3556 264 3611 nis
280 3559 383 3628 ipse
403 3563 722 3631 angelorum
737 3561 1042 3616 hominibus
1059 3562 1370 3632 dignaretur
1390 3562 1613 3631 aequari.
1642 3562 1752 3617 Nec

196 3648 259 3704 sic
285 3650 551 3708 descendit
594 3652 664 3707 ad
716 3668 833 3719 nos,
859 3661 916 3707 ut
940 3653 1063 3707 illos
1092 3653 1401 3717 desereret;
1449 3654 1541 3707 sed
1591 3653 1749 3708 simul

195 3740 373 3812 integer
403 3745 527 3807 illis,
563 3748 775 3814 integer
804 3745 988 3808 nobis;
1024 3745 1143 3798 illos
1182 3745 1504 3799 intrinsecus
1534 3760 1759 3813 pascens

192 3846 271 3898 [ver
297 3835 341 3888 id
370 3836 507 3905 quod
539 3836 687 3891 Deus
708 3845 810 3901 est,
836 3832 861 3871 ¹ι
892 3849 990 3890 nos
1011 3835 1309 3890 forinsecus
1339 3834 1633 3888 admonens
1664 3849 1760 3904 per

248 4021 271 4050 ι
290 4013 430 4096 Apud
457 4015 819 4087 Augustinum
852 4016 959 4082 hic,
992 4016 1129 4085 fecit.
1159 4014 1361 4071 Omnes
1391 4016 1563 4070 nostri
1602 4013 1753 4068 codi-

190 4086 775 4237 fesb’lrtgmmss.uf_{emig.
804 4168 878 4237 ἐι
902 4156 1007 4237 Jul.
1047 4172 1178 4237 cum
1205 4154 1599 4237 editnappend.
1626 4164 1665 4237 ι.
1704 4154 1750 4208 Χ

188 4225 389 4292 August.
410 4226 465 4281 In
497 4229 621 4281 aliis
650 4225 847 4282 nostris
886 4226 1187 4291 codicibus,
1222 4226 1414 4280 Melius
1458 4225 1569 4293 ﬁeri
1619 4227 1751 4289 hoc;

188 4296 430 4418 ﬁngimus
458 4300 699 4354 concinit
726 4299 877 4353 locus
898 4300 1123 4367 August.
1153 4298 1205 4351 iu
1235 4300 1372 4352 libro
1395 4299 1511 4365 ipso
1534 4296 1599 4350 de
1628 4296 1747 4349 Lib.

230 4380 248 4416 Γ
284 4382 294 4416 l
321 4381 413 4420 ΗΟ.

246 4410 491 4509 é'iié'ins.
528 4438 742 4509 Retnig.
773 4448 828 4494 et
842 4438 947 4500 Jol.
972 4448 1029 4494 et
1049 4439 1187 4493 liber
1205 4444 1337 4509 Aug.
1367 4438 1435 4492 de
1468 4436 1585 4491 Lib.
1611 4436 1744 4491 Arb.

188 4504 274 4582 Alii
299 4509 510 4582 codices
535 4504 728 4582 nostri,
755 4512 1036 4582 cognos_cit.

242 4572 266 4649 ξ¹
297 4578 363 4631 Ita
399 4594 530 4635 mss.
577 4572 790 4649 Remig.
818 4572 878 4636 Et
930 4580 1060 4647 10L,
1090 4579 1239 4648 juxta
1283 4590 1485 4635 textum
1518 4576 1641 4635 libri
1683 4578 1751 4632 de

346 4651 553 4706 Arbitr.
606 4642 803 4707 Cameri
862 4642 1511 4721 codices’Prosperiani,
1559 4650 1752 4721 factum

209 4732 232 4766 tt
327 4757 341 4771 .

185 4720 209 4782 Ι
236 4732 374 4862 ’ξεέἱο
399 4808 533 4848 mss.
570 4792 779 4862 Remig.
810 4800 866 4846 et
905 4790 1038 4856 10L,
1070 4792 1425 4862 conformiter
1455 4792 1593 4847 libro
1641 4790 1751 4844 Att-

182 4860 356 4931 guztiui
386 4862 571 4918 citato.
600 4862 705 4916 Alii
732 4860 932 4929 autem,
955 4863 1051 4915 nisi
1068 4861 1149 4915 Itis
1174 4864 1457 4917 rationibus
1473 4864 1527 4916 in
1546 4862 1749 4931 quibus.

246 4925 263 4964 ί
290 4930 383 4987 Ms.
413 4932 689 4993 Joliensis,
719 4948 871 4999 quam
901 4925 1063 4986 nosse.
1102 4934 1255 5002 Apud
1284 4941 1511 5003 August.
1554 4925 1648 4986 lib.
1679 4932 1747 4986 de

182 4993 354 5073 Libero
382 5004 537 5069 Arh.,
562 4993 848 5073 quamnon
875 5014 946 5055 est
968 4993 1163 5073 verum:

240 5070 376 5191 aliis.
406 5070 682 5139 Julietisis,
720 5072 822 5139 Qui
874 5072 1038 5144 digni,
1082 5085 1129 5127 et
1174 5074 1263 5145 qui
1297 5073 1503 5145 indigni
1549 5072 1747 5127 miscri-

290 5157 358 5193 ut.

180 5151 358 5198 coram.

236 5206 375 5283 His.
404 5213 775 5283 Bemigiantts,
801 5229 958 5282 quam
984 5214 1190 5283 superbi
1210 5215 1407 5269 miseri.

242 5274 383 5358 ills.
413 5274 652 5358 Bemi‘g"
680 5274 847 5339 Ez'e'o
877 5274 1067 5355 factum
1108 5294 1324 5340 est......
1355 5301 1450 5358 pro
1472 5301 1573 5354 quo
1602 5285 1742 5356 facta

176 5356 494 5426 διητρπιηέαο

241 5420 255 5468 i
288 5420 379 5477 Iis.
410 5424 622 5494 Remig.
636 5465 651 5489 ,
681 5424 790 5480 Nec
805 5425 943 5478 enim
962 5434 1153 5492 posset;
1173 5425 1448 5489 Joliensis.
1468 5425 1521 5480 Ν
1526 5443 1590 5479 on
1608 5427 1748 5481 enim

180 5500 441 5563 Posset"...
476 5496 583 5549 nisi
612 5498 776 5563 panis,
804 5506 910 5550 etc.

206 5556 262 5636 ,ι
299 5562 572 5620 Editiones
604 5556 791 5634 DuacI,
820 5564 1014 5621 Colon.
1040 5575 1096 5621 et
1138 5568 1493 5635 posteriores,
1520 5584 1620 5621 non
1652 5565 1739 5635 [o-

174 5639 383 5687 rtnsecus
407 5636 708 5691 admonens.

1773 4486 1827 4549 D

1861 462 1956 517 per
1976 450 2211 518 speciem
2242 459 2426 518 pascat
2447 450 2723 520 aequaliter
2746 449 2904 522 (Aug.
2934 450 3088 520 ibid.,
3116 467 3164 507 c.
3200 451 3314 524 10).

1858 579 2260 659 ΕΟΟΕΧΧΔΧΠ
2277 579 2442 652 [Alias
2455 575 2875 659 εροιχχχιν,
2893 583 3440 659 αηεοοοοιιιηιιι

2037 660 2077 688 αι
2108 651 2260 719 Quod
2282 651 2434 707 omne
2457 653 2635 707 vitium
2653 662 2727 707 est
2761 663 2938 709 contra
2967 664 3226 711 naturam.

1932 742 2163 798 Dubium
2186 760 2293 799 non
2321 752 2430 812 est,
2461 753 2649 800 contra
2670 754 2917 800 naturam
2944 760 3065 802 esse
3093 762 3252 804 omne
3276 748 3444 823 608

1858 832 2069 901 vitium,
2098 835 2263 890 etiam
2283 835 2399 905 ejus
2422 837 2503 893 rei
2528 836 2683 905 cujus
2718 846 2803 892 est
2849 836 3059 893 vitium.
3101 839 3442 911 Quapmpter

1859 924 2113 993 quoniam
2140 926 2191 980 in
2221 941 2561 996 quacumque
2597 942 2657 982 re
2696 942 2801 982 non
2854 928 3186 998 vituperatur
3211 931 3311 985 nisi
3356 932 3441 986 vi-

1863 1014 2014 1083 tium,
2046 1016 2167 1071 ideo
2190 1026 2368 1073 autem
2397 1016 2584 1073 vitium
2612 1024 2718 1085 est,
2751 1020 2879 1088 quia
2907 1027 2936 1055 ιι
2978 1028 3165 1075 eontra
3195 1029 3441 1088 naturam

1859 1108 1976 1174 ejus
2005 1107 2085 1162 rei
2115 1118 2197 1163 est
2224 1109 2378 1176 cujus
2406 1116 2490 1164 est
2531 1109 2738 1174 vitium,
2771 1109 2969 1166 nullius
2998 1112 3077 1166 rei
3125 1123 3270 1168 recte
3305 1115 3444 1167 vitu-

1863 1207 2077 1267 peratur
2105 1198 2310 1265 vitium,
2346 1200 2448 1255 nisi
2470 1200 2623 1271 cujus
2646 1208 2840 1256 natura
2863 1202 3128 1258 laudatur.
3154 1204 3270 1260 Non
3295 1207 3439 1261 enim

1859 1288 1915 1343 in
1940 1290 2069 1345 vitio
2089 1290 2360 1360 displicet,
2383 1291 2487 1346 nisi
2516 1292 2656 1361 quod
2682 1294 2981 1363 corrumpit
3000 1295 3139 1364 quod
3168 1297 3219 1349 in
3251 1305 3442 1351 natura

1861 1382 2037 1450 placet
2067 1382 2226 1452 (Aug.
2255 1383 2442 1453 Ibid).

1858 1514 2274 1573 ccccxxxvu
2291 1516 2451 1593 [Alias
2463 1515 2849 1593 cccutxxv
2873 1529 2990 1574 ante
3001 1518 3440 1593 cchxxxut].

2317 1594 2343 1624 ο
2374 1587 2451 1641 De
2477 1604 2625 1657 poena
2646 1590 2861 1660 peccati.

1930 1686 1960 1728 ι)
1982 1677 2138 1734 Omni
2170 1680 2410 1747 peccanti
2454 1680 2647 1733 animai
2676 1680 2784 1735 duo
2826 1690 2953 1735 sunt
3005 1683 3255 1749 pceualia.
3290 1684 3441 1753 igno-

1855 1771 2027 1825 rantia
2053 1778 2107 1824 et
2128 1769 2436 1824 difﬁcultas.
2471 1771 2547 1824 Ex
2577 1770 2875 1840 ignorantia
2904 1781 2933 1821 (ι
2974 1772 3235 1843 depravat
3264 1790 3438 1844 error,

1855 1876 1923 1916 ex
1951 1859 2273 1915 difﬁcultate
2293 1859 2565 1915 cruciatus
2594 1862 2802 1932 afﬂigit.
2830 1862 2935 1918 Sed
2967 1865 3267 1933 approbare
3308 1865 3441 1921 falsa

1853 1966 1955 2021 pro
1983 1952 2152 2018 veris,
2184 1961 2245 2006 ut
2275 1961 2416 2007 erret
2459 1952 2681 2019 invitus,
2737 1964 2814 2022 et,
2864 1955 3154 2011 resistente
3179 1973 3443 2029 repugna-

1854 2047 2002 2101 tione
2034 2055 2057 2084 τ
2089 2046 2322 2101 carnalis
2349 2046 2574 2112 vinculi,
2622 2060 2727 2101 non
2759 2061 2919 2117 posse
2963 2048 3032 2104 ab
3078 2048 3283 2104 illicitis
3307 2065 3441 2120 ope-

1854 2138 2003 2194 ribus
2027 2146 2348 2209 temperare,
2391 2154 2499 2193 non
2529 2147 2614 2193 est
2664 2148 2853 2194 natura
2895 2141 3126 2197 instituti
3184 2141 3439 2210 hominis,

1854 2230 1949 2286 sed
1977 2244 2136 2299 paena
2164 2230 2402 2285 damnati
2427 2230 2585 2301 (Aug.
2610 2232 2763 2295 ibid,
2793 2248 2841 2286 c.
2876 2232 2987 2301 l8).

1855 2360 2298 2469 CCCLXXXVHI
2319 2360 3435 2488 [611.vCCplL3KXXVlianteCCCLXXXIV].

2373 2449 2400 2487 e
2459 2450 2566 2487 arte
2589 2451 2619 2487 a
2645 2450 2670 2487 e
2690 2450 2825 2487 reme
2863 2451 3049 2487 torum.

2459 2450 2670 2487 arietare
2690 2450 3049 2487 remediorum.

1927 2526 1995 2580 Ut
2022 2542 2109 2581 ars
2134 2527 2437 2592 medicinae.
2468 2542 2591 2583 cum
2623 2527 2812 2583 eadem
2862 2537 3098 2595 maneat,
3135 2543 3309 2599 neque
3331 2529 3442 2584 ullo

1856 2618 2019 2673 modo
2049 2619 2160 2687 ipsa
2185 2629 2447 2686 mutetur,
2478 2629 2647 2674 mutat
2680 2628 2856 2674 tamen
2892 2635 3155 2690 przrcopla
3188 2622 3443 2691 languen-

1856 2708 2021 2771 tibus,
2048 2708 2171 2778 quia
2214 2709 2488 2763 mutabilis
2518 2720 2600 2765 est
2633 2720 2814 2763 nostra
2848 2710 3124 2777 valetudo;
3158 2712 3227 2765 ita
3255 2713 3440 2767 divina

1856 2799 2218 2871 providentia,
2252 2815 2375 2856 eum
2433 2802 2502 2856 sit
2534 2802 2645 2870 ipsa
2692 2801 2913 2856 omnino
2965 2802 3438 2869 incommutabilis,

1857 2892 2098 2947 mutabili
2132 2901 2312 2949 tamen
2352 2902 2618 2948 creatura:
2646 2894 2795 2947 varie
2822 2894 3093 2962 subvenit,
3127 2902 3203 2961 et,
3238 2910 3333 2965 pro
3363 2897 3445 2949 di-

1858 2986 2111 3040 versitate
2139 2987 2471 3052 morborum,
2506 2986 2525 3021 ί
2558 2986 2677 3040 aliis
2706 2987 2807 3040 alia
2832 2986 2984 3056 jubet
3010 2996 3101 3041 aut
3127 2997 3300 3043 vetat:
3330 2997 3387 3043 ut
3414 3004 3442 3043 ι

1857 3078 2011 3145 vitio,
2043 3078 2183 3133 unde
2210 3092 2357 3132 mors
2394 3079 2602 3148 incipit,
2636 3088 2693 3134 et
2731 3081 2799 3132 ab
2850 3080 2962 3149 ipsa
2992 3090 3164 3135 morte
3193 3082 3259 3135 ad
3293 3091 3443 3136 natu-

1863 3186 1975 3225 ram
2003 3186 2154 3227 suam
2182 3182 2239 3225 et
2262 3171 2578 3236 essentiam,
2612 3186 2673 3226 ea
2695 3186 2814 3241 quae
2842 3172 3121 3236 deﬁciunt,
3154 3172 3207 3225 id
3238 3182 3342 3238 est,
3374 3176 3438 3227 ad

1864 3262 2089 3317 nihilqu
2114 3262 2598 3329 tendunt,reducat
2624 3271 2678 3318 et
2697 3263 2873 3317 ﬁrmet
2902 3261 3059 3333 (Aug.
3093 3261 3182 3317 lib.
3217 3264 3280 3317 de
3307 3262 3445 3318 Veia

1864 3354 1980 3408 Ret.
2007 3371 2049 3407 c.
2082 3355 2190 3421 17).

1861 3485 3443 3559 αεειχχχιχ[Αιίᾳεδαείω(χνιιηαηιεςροιιχχιιη.

2318 3566 2345 3593 ιι
2379 3558 2453 3611 De
2475 3559 2640 3628 primo
2665 3559 2786 3610 vitio
2806 3556 3011 3611 anima.

1931 3648 2166 3704 Primum
2197 3649 2388 3704 auimae
2415 3648 2689 3702 rationalis
2732 3648 2919 3702 vitium
2976 3655 3061 3702 est
3106 3649 3352 3701 voluntas
3375 3662 3440 3701 ea

1864 3743 2093 3798 faciendi
2113 3760 2231 3813 quae
2256 3754 2396 3797 vetat
2420 3759 2623 3796 summa
2652 3754 2706 3797 et
2729 3744 2910 3797 intima
2946 3745 3157 3795 veritas.
3177 3743 3249 3795 lla
3284 3744 3445 3797 homo

1862 3836 1929 3889 de
1960 3836 2205 3904 paradiso
2247 3836 2299 3888 in
2323 3833 2425 3890 hoc
2455 3834 2707 3888 sacculum
2740 3833 2994 3902 espulsus
3023 3840 3127 3901 est,
3160 3833 3211 3887 id
3239 3842 3342 3903 est,
3377 3835 3445 3889 ab

1857 4015 2063 4137 om‘ittjtt)
2080 4014 2395 4082 particulam
2414 4024 2482 4077 et,
2506 4028 2625 4081 qua:
2655 4013 2884 4068 habetur
2910 4014 2961 4068 in
2992 4014 3211 4084 reliquis
3242 4019 3443 4073 nostris

1857 4100 1920 4137 ΩΟ
1961 4100 2026 4137 ICI
2071 4100 2149 4137 US.

1854 4085 2149 4139 codicibus.

1928 4164 1969 4192 αι
1999 4156 2073 4209 ιω
2107 4171 2208 4211 ms.
2240 4154 2517 4210 Joliensis.
2544 4155 2657 4208 Non
2686 4154 2824 4210 bene
2850 4155 2963 4220 alii,
2993 4154 3214 4209 Nullum
3240 4167 3441 4215 naturtc

1854 4226 2031 4281 vitium
2061 4226 2122 4280 ab
2144 4237 2349 4280 auctore
2373 4241 2499 4280 esse.

1927 4305 1956 4333 ιι
1990 4299 2114 4351 Mss.
2162 4297 2368 4367 Remig.
2416 4310 2467 4350 et
2498 4294 2770 4359 Jolicnsis,
2812 4306 2990 4351 contra
3036 4307 3277 4351 naturam
3328 4312 3444 4355 est:

1856 4368 2219 4437 omittuntque
2249 4369 2386 4431 haec,
2420 4368 2530 4431 eius
2575 4368 2647 4419 rei
2699 4370 2851 4436 cujus
2880 4376 2953 4420 est
2983 4368 3177 4437 vitium,
3211 4384 3441 4437 quorum

1852 4439 1954 4491 tria
1983 4436 2253 4508 postrema
2280 4438 2438 4493 verba
2471 4438 2522 4491 in
2569 4436 2821 4490 omnibus
2865 4438 3023 4490 editis
3070 4436 3444 4504 Prosperianis

1852 4509 2063 4564 duobus
2091 4509 2244 4563 uncis
2285 4508 2489 4562 inclusa
2536 4508 2907 4575 designantur,
2966 4509 3118 4575 quasi
3168 4508 3293 4564 huic
3324 4510 3444 4567 loco

1851 4578 2111 4633 addititia.
2150 4578 2427 4645 Leguntur
2472 4588 2649 4649 tamen
2702 4577 2751 4649 in
2784 4586 2930 4649 textu
2964 4581 3081 4646 ipso
3130 4580 3441 4649 Augustini,

1852 4648 1971 4703 loco
1998 4649 2138 4703 unde
2174 4650 2288 4703 haec
2316 4646 2581 4703 sententia
2610 4655 2693 4701 est
2721 4646 2974 4701 delibata.

1925 4728 1951 4755 ο
1980 4720 2076 4773 Ms.
2102 4719 2233 4786 Jol.,
2268 4719 2344 4773 De
2368 4718 2660 4789 ignorantia
2702 4727 2751 4770 et
2774 4718 3073 4786 diﬂicultate
3099 4722 3440 4789 peccantium.

1924 4800 1952 4838 ι’
1980 4790 2169 4845 Colon.
2204 4799 2312 4845 vet.
2338 4788 2494 4856 edit.,
2518 4788 2681 4842 Omne
2707 4799 2967 4858 peccatum
2993 4788 3181 4845 animm
3208 4801 3304 4845 est.
3326 4791 3440 4846 Duo

1852 4871 1972 4914 sunt
2004 4860 2245 4929 parmlia.

1924 4942 1953 4982 ιι
1982 4928 2134 5002 Apud
2165 4935 2415 4994 August,
2444 4928 2764 5002 dehonestat,
2817 4930 2957 4999 quod
2997 4928 3442 5002 tuarginiiinscri-

1854 5011 2003 5072 ptum
2027 4999 2222 5074 gerunt
2245 5002 2611 5074 Prosperiante
2633 4999 2896 5074 editiones
2925 5015 3133 5064 omnes,
3159 5015 3187 5053 a
3222 5001 3437 5074 Lugdu-

1853 5069 2160 5137 itensifuec
2181 5084 2358 5127 tamen
2381 5069 2613 5126 habetur
2638 5069 2799 5125 etiam
2827 5071 2877 5123 in
2909 5084 3038 5124 mss.
3074 5073 3291 5123 nostris.

1928 5154 1950 5182 ι’
1980 5144 2078 5199 Ms.
2104 5144 2312 5213 Remig.
2336 5143 2727 5197 carceralis.....
2762 5157 2864 5194 non
2892 5143 3069 5207 possit.
3094 5140 3283 5213 Colon.
3327 5153 3437 5213 vet.

1852 5213 2039 5285 editio,
2064 5225 2112 5269 et
2140 5211 2418 5269 resistendo
2446 5213 2803 5285 repugnationi
2821 5282 2829 5285 _
2839 5212 3065 5285 carnalis
3095 5211 3305 5265 vinculi.
3333 5212 3433 5267 Ms.

1852 5283 2389 5357 Jol.,impugnatione
2410 5281 2633 5357 aqualis
2660 5281 2870 5357 vinculi.

1927 5344 2091 5410 "Ms:
2131 5344 2404 5418 Joliensis,
2459 5352 2537 5408 De
2563 5353 2852 5407 diversitate
2893 5359 3283 5421 prwceptorum,
3335 5353 3436 5408 Ms.

1851 5422 2126 5491 Joliensis,
2148 5428 2409 5480 varietate.

1885 5498 1951 5618 [nt
1990 5496 2044 5618 lin
2069 5498 2403 5568 Augustino,
2428 5496 2559 5549 alias
2584 5492 2693 5546 alia
2717 5492 2900 5562 jubet:
2925 5493 3076 5562 pauci
3100 5507 3167 5550 ex
3212 5494 3432 5558 nostris,

1906 5584 1943 5618 ιι
1963 5583 1995 5618 α
2017 5584 2089 5618 ια.

1848 5568 1943 5621 alii
1963 5568 2089 5621 alia.

1921 5646 1950 5673 α
1977 5639 2069 5695 Sic
2098 5652 2201 5694 ms.
2234 5634 2343 5694 Jol.
2381 5635 2507 5703 Alii,
2547 5632 2622 5689 De
2649 5634 2815 5705 prima
2856 5632 3075 5689 hominis
3119 5636 3433 5705 praemica-

244 5695 391 5759 ‘Ms.
448 5704 711 5763 Joliensis
764 5715 886 5778 post
936 5709 1160 5779 August.
1212 5708 1406 5764 librum
1454 5709 1555 5762 hoc
1612 5707 1733 5763 loco
1843 5710 1998 5764 tione.
