4028 6176
431 367 537 423 499

1658 327 1716 382 S.
1760 310 2098 377 PROSPBRI
2139 298 2466 373 AQUITANI
3599 263 3717 322 ,ξω

1631 509 2064 603 INCIPIT
2140 494 2511 584 LIBER.

1914 632 2223 656 ,-.-..---

820 767 834 819 |
888 776 910 801 ⁸
936 766 1058 827 Qua:
1089 762 1150 811 sit
1181 771 1298 810 vera
1319 749 1630 806 innocentia.
1743 807 1756 816 η

511 860 816 920 lnnocentia
843 869 970 910 vera
997 860 1102 916 est,
1128 868 1245 918 qua;
1271 860 1371 902 nec
1388 830 1819 920 sibi,_nec'alteri
1836 832 2012 920 nocet.

437 906 825 1005 Qiit'in'ia‘muqiii
855 906 1414 1005 diligitiniquitatem,
1446 910 1561 993 odit
1581 906 2014 1005 an'i‘m'amnsu'altli.

439 977 520 1063 ἶξί
547 977 706 1061 .i'émo
753 977 1047 1066 itan—prius
1090 977 1265 1055 in'se,
1311 977 1469 1055 quam
1515 983 1568 1036 in
1612 977 1839 1031 alterum
1897 981 2019 1032 pec-

438 1091 547 1133 rat.

441 1167 686 1227 l’crl‘ecte
710 1166 885 1220 bonus
913 1167 1026 1224 est,
1057 1163 1112 1210 et
1133 1167 1262 1208 vere
1290 1149 1486 1204 dicitur
1511 1144 1696 1198 insons
1720 1179 1731 1198 .

514 1262 623 1316 Nec
651 1258 753 1313 sibi
779 1301 792 1325 ,
823 1268 926 1310 nec
953 1251 1199 1320 cuiquam
1232 1242 1373 1312 quod
1403 1245 1595 1294 noceat
1625 1233 1844 1287 faciens.

444 1355 576 1409 Nam
604 1350 632 1389 δ
656 1351 978 1420 quicumque
1007 1341 1169 1395 alium
1201 1335 1416 1390 molitur
1447 1328 1676 1390 laedere,
1705 1324 1933 1392 primum

518 1445 695 1510 Ipsum
726 1454 785 1494 se
809 1435 983 1507 jaculo
1011 1427 1275 1502 percutiet
1305 1421 1544 1495 proprio.

445 1537 605 1609 617
652 1534 719 1589 Et
759 1545 882 1585 cum
926 1500 1061 1581 forte
1089 1522 1326 1576 animum
1360 1530 1464 1570 non
1507 1513 1577 1565 sit
1610 1521 1630 1547 ο
1683 1506 1917 1559 subitura
1951 1500 2027 1552 ta-

666 1625 857 1686 cultas,

519 1719 546 1756 d
580 1717 696 1773 Non
723 1713 943 1768 dubium
977 1709 1029 1762 in
1058 1705 1235 1762 cordis
1260 1701 1468 1756 viscere
1494 1695 1690 1749 vulnus
1721 1689 1898 1742 habet.

449 1812 557 1867 Nec
584 1809 714 1879 fugit
743 1804 918 1861 infecti
949 1799 1171 1856 sceleris
1200 1808 1350 1849 mens
1372 1803 1536 1860 prava
1570 1792 1801 1845 reatum,

522 1901 619 1956 Cui
653 1897 811 1953 nimis
838 1895 940 1948 hoc
973 1891 1144 1946 Solum
1172 1885 1315 1955 quod
1346 1881 1514 1936 voluit
1537 1875 1735 1930 nocuit.

827 1989 891 2044 Il.
937 1987 1011 2040 De
1047 1981 1334 2036 hominibus
1365 1970 1658 2044 diligendis.

526 2089 615 2145 Sic
640 2082 894 2153 diligendi
914 2087 1055 2153 sunt
1078 2074 1343 2153 homines,
1375 2078 1440 2153 ut
1455 2075 1780 2153 corum'nou
1809 2054 2035 2153 ili-ligari:

2039 729 2090 788 Α
2185 717 2428 786 Quorum
2459 717 2646 766 natura
2675 708 2761 760 est
2792 713 2928 763 una,
2956 694 3258 761 eademque
3283 686 3460 744 simul.

2119 780 2237 869 Non
2262 816 2522 878 emptum,
2551 809 2644 857 aut
2665 804 2906 861 auctum,
2938 788 2968 828 ιι
2998 803 3103 844 non
3134 787 3222 842 hic
3252 782 3513 839 mutabile
3556 780 3726 850 quid-

2338 911 2499 969 quam
2533 900 2646 957 est,

2191 996 2343 1065 Quod
2375 993 2568 1050 subeat
2594 989 2743 1058 leges
2774 979 3056 1050 temporis,
3089 984 3182 1030 aut
3212 970 3445 1029 numeri.

2124 1063 2328 1151 Virtus,
2363 1079 2649 1154 praeteritis
2678 1076 2827 1146 prior
2855 1069 3186 1137 ulteriorque
3215 1063 3412 1118 futuris
3437 1101 3452 1126 ,

2196 1180 2279 1233 Nil
2311 1174 2503 1243 recipit
2530 1168 2761 1234 varium,
2791 1164 2867 1218 nil
2894 1161 3056 1216 habet
3086 1157 3394 1213 occiduum.

2125 1271 2260 1326 Nam
2293 1282 2504 1332 rerum,
2533 1275 2666 1333 quas
2693 1267 2754 1312 ut
2781 1255 2956 1310 voluit
2985 1248 3248 1320 sapientia
3276 1245 3430 1308 fecit,

2206 1361 2221 1400 ί
2254 1359 2436 1415 Multis
2463 1357 2571 1410 vita
2599 1351 2816 1423 quidem
2842 1353 2928 1402 est
2955 1342 3190 1414 prwstita
3219 1343 3496 1408 perpetua.

2129 1453 2235 1511 Sed
2263 1450 2641 1521 quodcumque
2675 1447 2851 1512 potest
2877 1451 3001 1491 sese
3026 1431 3256 1500 amplius
3287 1437 3378 1482 aut
3401 1425 3576 1480 minus
3602 1436 3735 1477 esse

2202 1542 2445 1608 Quodam
2476 1537 2582 1591 ﬁne
2611 1534 2624 1585 i
2666 1531 2770 1602 ipsi
2799 1527 2942 1599 quod
2971 1525 3144 1580 fuerat
3172 1521 3419 1576 moritur.

2131 1635 2222 1691 Sic
2251 1633 2381 1688 nihil
2412 1642 2673 1686 aeternum
2704 1622 2847 1693 quod
2873 1614 3253 1674 commutabile
3285 1614 3484 1666 factum
3513 1617 3616 1662 est.

2208 1725 2231 1763 ⁸
2263 1726 2334 1780 Et
2356 1723 2498 1794 quod
2530 1733 2722 1774 cuncta
2752 1729 2942 1783 super,
2974 1724 3190 1780 semper
3217 1706 3356 1761 idem
3384 1705 3529 1759 Deus
3551 1710 3656 1756 est.

2617 1813 2709 1866 IV.
2741 1809 2820 1865 De
2849 1807 3099 1880 patientia
3132 1802 3246 1856 Dei.

2207 1910 2468 1968 Patientia
2499 1908 2588 1962 Dei
2623 1906 2640 1944 1
2677 1918 2803 1959 vera
2831 1913 2936 1964 est,
2986 1915 3090 1970 qua
3135 1894 3320 1970 parcit
3349 1897 3690 1970 contemptus
3711 1928 3728 1951 ,

2136 1994 2177 2023 ω
2208 1965 2501 2053 par-aitque
2547 1985 2810 2048 negatus;
2856 1987 2906 2027 et
2961 1965 3208 2053 n'_rnagis
3237 1965 3349 2019 vult
3392 1966 3727 2053 vitatiirpec-

2140 2030 2340 2110 caloris
2387 2030 2826 2121 qua—inﬁmorum
2853 2030 3164 2121 ;__erud-i_ti6.
3208 2047 3293 2120 est
3341 2030 3724 2110 paenitudinis,

526 2101 615 2145 διε
927 2101 1050 2131 δυιιι
1079 2101 1343 2132 ιιυιιιιιιῦθ,
1377 2101 1432 2121 υι
1456 2101 1537 2119 υυι
1555 2101 1641 2115 “"'
1677 2101 1780 2112 """
1812 2101 2006 2121 "'"OV'"
2143 2101 2338 2110 ν“““’“’”
2392 2101 2545 2121 “Ἰ““⁷“”
2603 2101 2606 2102 ⁷
2856 2101 2866 2108 ⁷

457 2171 540 2211 tur
567 2169 802 2216 errores,
837 2151 957 2219 quia
990 2146 1135 2219 aliud»
1162 2153 1242 2219 est
1271 2152 1454 2192 amare
1479 2133 1622 2205 quod
1654 2131 1777 2184 tacti
1808 2134 1953 2192 sunt,
1985 2134 2038 2176 et
2070 2103 2114 2162 Β
2142 2136 2199 2181 et
2225 2124 2426 2219 oblatio
2452 2118 2823 2176 correctionis.
2871 2113 2982 2219 Nec
3011 2111 3118 2219 ullla
3154 2109 3321 2190 ipsius
3351 2111 3586 2219 0983³1⁸⁵
3629 2101 3725 2179 ωῘ·

2145 2211 2362 2219 --_........
2392 2210 2434 2219 ιι.
2485 2202 2670 2219 --ΛΛΛιιΙ
2767 2201 2907 2219 Λιισιιι
2953 2200 2983 2219 n
3057 2195 3240 2219 mnnnl
3294 2187 3348 2219 El
3403 2192 3453 2219 Ill
3497 2190 3529 2219 ιι
3555 2184 3725 2219 uenit:

456 2234 599 2284 aliud
629 2215 910 2281 estodisse
940 2218 1082 2286 quod
1113 2215 1336 2269 faciunt.

459 2322 674 2376 Natura:
703 2313 946 2383 quisquis
973 2307 1203 2377 propria:
1233 2315 1338 2358 non
1372 2296 1582 2368 Spernis
1614 2294 1895 2352 honorem,

533 2413 587 2465 ln
616 2419 954 2479 quocumque
982 2399 1258 2456 hominum
1283 2408 1402 2464 quae
1431 2402 1523 2445 tua
1551 2386 1728 2442 noscis
1756 2399 1894 2437 ama.

462 2506 554 2559 Sic
578 2513 779 2565 tamen,
811 2504 869 2551 ut
898 2504 1090 2563 pravos
1125 2486 1258 2542 vitet
1284 2480 1571 2541 concordia
1602 2492 1803 2540 mores,

533 2593 797 2659 Nullaque
825 2586 933 2642 sint
963 2584 1110 2652 pacis
1131 2579 1334 2634 foedera
1363 2589 1486 2630 cum
1515 2571 1680 2625 vitiis.

465 2687 702 2754 Namque
746 2678 889 2749 quod
940 2673 1161 2729 artiﬁcis
1210 2667 1407 2724 summi
1451 2663 1581 2722 fecit
1607 2673 1838 2723 manus,
1887 2669 2047 2710 unum

678 2782 762 2828 est
789 2790 801 2823 :

539 2871 775 2935 Quaeque
805 2872 830 2900 σε
855 2869 1078 2915 auctore
1109 2856 1251 2911 bono
1280 2850 1495 2907 condita
1525 2857 1688 2910 sunt,
1739 2845 1872 2896 bona
1907 2848 2048 2894 sunt.

470 2965 717 3018 Divinum
749 2959 800 3011 in
825 2955 975 3010 nullo
1004 2953 1312 3020 ﬁgmentum
1344 2941 1692 3014 despiciatur,

542 3053 669 3108 Sola
701 3049 854 3103 malis
881 3043 1076 3100 studiis
1105 3040 1283 3094 addita
1309 3051 1416 3091 non
1446 3034 1710 3104 placeant.

918 3135 1006 3190 Ill.
1052 3131 1128 3185 De
1159 3147 1278 3186 vera
1307 3127 1610 3183 wternitate.

549 3235 687 3287 Vera
717 3233 990 3284 aeternitas
1019 3234 1074 3279 et
1112 3239 1240 3278 vera
1289 3218 1666 3275 immortalitas
1695 3229 1800 3269 non
1844 3222 1928 3287 est
1958 3215 2060 3266 nisi

476 3308 529 3361 in
579 3286 786 3381 Deitate
813 3297 1138 3378 Trinitatis;
1187 3292 1270 3347 cui
1299 3289 1444 3360 quod
1484 3300 1567 3342 est
1595 3302 1733 3369 .esse
1765 3286 2060 3354 perfecmm

478 3358 596 3438 est;
642 3373 766 3441 quia
797 3379 984 3423 natura
1015 3365 1167 3441 initio
1183 3358 1403 3441 “carens.
1427 3403 1443 3427 ,
1496 3358 1926 3441 et__increiuento
1957 3369 2062 3407 non

479 3425 749 3511 indigeiis,
782 3442 920 3511 sicut
943 3437 1146 3490 nullum
1178 3433 1361 3496 ﬁnem,
1393 3425 1465 3511 ita
1494 3429 1695 3511 nullam
1727 3425 1918 3511 recipit
1948 3440 2063 3477 mu-

481 3470 749 3511 ntutgcua,
782 3470 920 3494 sicut
943 3470 1146 3490 llulluul
1178 3470 1361 3496 ιιιιυιιι,
1393 3470 1465 3484 ...υ-
1494 3470 1695 3482 ..-........
1728 3470 1917 3494 ηυγ--
1948 3470 2035 3477 η-..

481 3516 822 3570 tabilitatem.
853 3510 1126 3562 (lreaturze
1153 3517 1353 3565 autem,
1385 3503 1546 3556 etiam
1573 3499 1680 3553 illae
1700 3495 1893 3570 quibus
1921 3497 2064 3549 Deus
2091 3470 2137 3531 Ο

484 3569 842 3641 aeternitatem
874 3578 1042 3641 dedit,
1073 3575 1158 3630 vel
1187 3574 1410 3628 daturus
1438 3578 1540 3634 est,
1577 3583 1680 3622 non
1713 3569 1927 3636 penitus
1953 3579 2070 3619 om-

484 3658 569 3711 nis
600 3655 720 3708 ﬁnis
749 3653 937 3706 aliena:
967 3657 1129 3711 sunt,
1171 3645 1296 3715 quia
1326 3658 1431 3697 non
1463 3649 1589 3696 sunt
1633 3649 1803 3715 extra”
1829 3651 2071 3715 commu-

486 3707 786 3788 tationem;
837 3721 965 3775 dum
1010 3707 1262 3772 unguen
1292 3721 1394 3788 est,
1424 3720 1480 3768 et
1526 3707 1835 3780 temporalis
1863 3707 2074 3788 institu-

486 3778 586 3858 iio,
615 3806 676 3877 et
697 3778 882 3848 loc'alis
913 3789 1100 3854 metio,
1143 3797 1198 3843 et
1226 3787 1342 3856 ipsa
1370 3778 1424 3838 in
1455 3778 1800 3851 augmentum
1827 3778 1907 3832 sui
1939 3779 2072 3832 facta

489 3877 737 3923 mutatio.

495 3961 514 4000 ί
547 3960 808 4016 ιΕιθτηυε
831 3969 958 4012 vere
987 3963 1070 4009 est
1091 3953 1238 4006 solus
1267 3949 1404 4005 Deus
1435 3946 1816 4009 omnicrcator,

562 4053 684 4106 Vita
715 4052 766 4104 in
794 4063 854 4104 se
883 4046 1069 4100 vivens
1096 4049 1374 4113 permanet
1398 4053 1519 4094 esse
1549 4037 1689 4106 quod
1718 4048 1819 4091 εει.

496 4143 609 4199 Hoc
646 4141 824 4204 Pater,
859 4137 962 4192 hoc
990 4134 1225 4190 Verbum
1254 4131 1463 4195 Patris,
1495 4140 1517 4176 ι
1567 4129 1667 4183 hoc
1716 4137 1800 4181 est
1847 4125 2081 4192 Spiritus

718 4232 912 4292 almus,

573 4386 597 4412 ⁸
631 4377 757 4430 Mss.
785 4380 1037 4443 quatuor,
1059 4368 1143 4443 De
1171 4381 1288 4420 vero
1318 4363 1630 4443 innocentia.

575 4447 602 4484 δ
631 4447 728 4500 Ms.
754 4435 962 4499 Theod.
994 4439 1165 4504 solus,
1194 4435 1566 4506 quodcumque.

577 4531 599 4554 ε
636 4518 782 4572 Hanc
808 4527 996 4569 vocem
1025 4500 1255 4563 subitura
1275 4505 1598 4559 substituere
1620 4500 1882 4556 editiones
1908 4517 2093 4555 recen-

506 4591 709 4649 tiores,
741 4601 839 4655 pro
888 4599 948 4637 ea
993 4595 1112 4655 gum
1160 4578 1212 4632 in
1242 4574 1635 4655 antiquioribus
1672 4573 1943 4640 legebatur
1991 4589 2092 4625 non

506 4659 652 4723 paris
675 4642 961 4709 mensura}.
996 4642 1129 4723 Ven.
1163 4656 1218 4702 et
1242 4642 1451 4723 Lovin.
1469 4654 1642 4708 vetus,
1675 4653 1848 4695 secuta
1875 4642 2098 4711 facultas

510 4715 795 4782 habebant.
827 4723 1026 4778 Lovan.
1047 4765 1061 4789 ,
1089 4721 1252 4774 Duac.
1278 4726 1334 4772 et
1357 4715 1573 4779 Colon.,
1595 4721 1830 4789 secutura
1860 4715 2096 4782 facultas.

511 4799 622 4853 Nec
647 4814 673 4848 a
707 4784 1447 4866 posterioribusdissentiunt
1469 4799 1596 4866 mss.
1630 4784 1865 4865 codices.

514 4943 543 4992 ἡ
581 4867 610 4992 2
643 4855 738 4990 ῗιέ.
767 4863 1062 4928 Theodor.,
1093 4861 1211 4914 Non
1241 4857 1447 4911 dubium
1477 4856 1694 4919 vulnus,
1720 4855 1906 4909 viscere
1931 4855 2099 4908 cordis

551 4957 578 4992 α
615 4955 640 4992 e
667 4977 680 4991 .

551 4947 680 4993 abet.

588 5021 612 5047 ⁸
645 5008 743 5063 Ms.
776 5002 1046 5068 Joliensis,
1080 5009 1285 5056 auctore
1313 4998 1438 5068 Deo.

595 5078 611 5117 ῐ
649 5079 725 5132 Ms
773 5074 979 5130 Theod.
1031 5066 1085 5127 et
1129 5071 1234 5126 Jol.
1261 5111 1276 5135 ,
1328 5067 1576 5121 /Eternus
1617 5081 1728 5120 vere
1764 5066 1902 5119 solus
1948 5066 2100 5129 Deus,

520 5153 721 5230 absque
747 5156 842 5201 est.
871 5145 972 5200 Ms.
1004 5159 1141 5198 unus
1169 5157 1239 5198 ex
1271 5138 1423 5196 Colb.
1452 5138 1603 5192 initio
1633 5138 1986 5206 pentametri,
2038 5137 2104 5189 In

517 5237 624 5276 8818
643 5235 809 5273 vivens
820 5259 831 5270 .

592 5300 618 5338 ε
649 5290 772 5344 Mss.
815 5287 966 5342 Colb.
1002 5295 1111 5341 tres
1140 5294 1194 5339 et
1222 5282 1429 5336 Theod.
1460 5281 1555 5332 hoc
1603 5288 1671 5331 et.
1714 5277 1850 5330 Tum
1901 5278 1951 5329 in
1999 5279 2104 5330 line

521 5360 841 5430 pentametri
873 5374 1000 5413 mss.
1037 5357 1274 5430 quinque
1320 5351 1586 5430 et_\_ienet.
1629 5348 1824 5430 editio,
1859 5346 1978 5430 Una
2021 5365 2104 5399 ea-

521 5417 735 5511 iientque
758 5430 912 5493 simul
937 5471 953 5497 ,
997 5417 1086 5482 ubi
1124 5417 1254 5482 editi
1298 5422 1389 5477 alii
1420 5421 1639 5485 habent,
1676 5417 1792 5471 Una
1835 5419 2106 5488 cadentque

522 5513 584 5554 ιη
592 5520 619 5552 u
628 5519 676 5554 nt
683 5541 696 5553 .

512 5573 625 5694 suo:
641 5573 766 5693 125s.
789 5577 1018 5640 septem,
1043 5583 1144 5622 non
1176 5568 1281 5632 hic,
1309 5571 1364 5619 et
1392 5561 1557 5618 editio
1571 5557 1712 5614 Ven.
1737 5555 1869 5612 Alite
1894 5571 2104 5624 omnes,

693 5657 792 5693 mc.

693 5657 792 5693 mc.

531 5710 632 5852 vel:
653 5710 835 5833 (flgitio
863 5709 1113 5775 Veneta.,
1148 5706 1266 5762 Vita
1290 5704 1496 5777 quidem
1525 5700 1700 5758 multis
1737 5701 1966 5773 praestita
1999 5715 2112 5769 per-

635 5799 649 5832 t
738 5797 758 5831 8
789 5818 802 5832 .

635 5797 682 5832 ια
709 5797 802 5832 εει.

2144 2174 2713 2254 sericordia'vacant,
2766 2184 2983 2255 quando
3037 2174 3242 2235 homini
3294 2187 3349 2231 et
3403 2174 3733 2241 indulgentia

2144 2267 2398 2331 consolit,
2425 2273 2481 2318 et
2510 2261 2745 2331 ﬂagello.

2143 2360 2310 2431 619
2333 2357 2493 2412 Multa
2526 2355 2616 2408 diu
2653 2348 2849 2406 summi
2881 2344 3064 2400 diﬂ‘ert
3095 2339 3352 2409 patientia
3380 2337 3562 2407 Regis,

2218 2447 2571 2518 Suspendens
2600 2443 2740 2514 aequi
2769 2439 3009 2511 pondera
3030 2433 3236 2505 judicii.

2151 2543 2220 2599 Et
2252 2542 2378 2596 dum
2408 2536 2708 2610 plectendis
2741 2531 2914 2604 parcit
2942 2526 3229 2584 clementia
3259 2522 3410 2578 factis

2223 2635 2321 2688 Dat
2345 2630 2603 2702 spatium,
2637 2641 2744 2696 quo
2770 2639 2830 2678 se
2855 2620 3086 2677 crimine
3115 2623 3306 2686 purget
3329 2613 3510 2675 homo,

2153 2725 2396 2792 Denique
2426 2719 2771 2776 committunt
2801 2713 3050 2768 homines
3077 2709 3213 2763 mala
3251 2704 3476 2761 crimina
3506 2716 3750 2769 semper,

2228 2818 2330 2871 Dat
2357 2813 2613 2883 spatium,
2662 2820 2689 2860 Ρ
2723 2819 2778 2862 ιιι
2810 2814 3034 2877 pereant
3063 2800 3312 2864 crimina,
3345 2812 3450 2852 non
3484 2797 3748 2848 homines.

2157 2909 2396 2964 Verbere
2425 2917 2824 2971 nonnumquam
2853 2897 3124 2966 castigans
3146 2903 3174 2944 ιι
3204 2891 3368 2947 corde
3401 2899 3622 2960 paterno
3641 2927 3658 2954 ,

2230 3000 2306 3054 Ne
2337 2999 2446 3052 cito
2469 3002 2790 3052 consumant
2820 3005 2961 3045 saeva
2993 2985 3210 3057 ﬂagella
3235 2997 3377 3038 reos.

2160 3093 2248 3148 Sic
2274 3090 2477 3160 pietate
2504 3085 2602 3141 Dei
2633 3093 2902 3140 terrarum
2935 3093 3042 3134 non
3064 3085 3220 3132 vacat
3250 3071 3420 3139 orbis,

2235 3183 2301 3237 Et
2329 3180 2463 3235 nihil
2490 3187 2573 3233 est
2600 3175 2743 3247 quod
2774 3189 2874 3230 nos
2902 3186 3010 3227 non
3043 3169 3220 3226 trahat
3248 3166 3316 3222 ad
3340 3164 3552 3219 veniam
3590 3181 3606 3215 :

2163 3274 2299 3330 Cum
2337 3273 2449 3327 ltex
2476 3268 2748 3325 salvandis
2778 3267 2892 3336 ipsa
2917 3276 3131 3333 quoquc
3158 3257 3390 3314 consulit
3424 3257 3528 3320 ira,

2241 3373 2264 3402 ι’
2298 3364 2367 3421 Ut
2392 3371 2544 3420 curat
2575 3361 2816 3417 medicus
2841 3358 3065 3412 vulnera
3096 3352 3434 3409 vulneribus.

2671 3451 2731 3506 V.
2767 3459 2788 3488 ⁸
2823 3449 2901 3502 De
2929 3447 3121 3500 ultione
3145 3445 3260 3498 Dei.

2244 3546 2432 3601 Divina
2460 3545 2674 3598 bonitas
2698 3541 2819 3596 ideo
2851 3539 3083 3594 maxime
3112 3535 3362 3590 irascitur
3389 3533 3441 3587 in
3467 3533 3567 3587 hoc
3593 3545 3772 3587 sacu-

2175 3617 2249 3684 lo,
2283 3631 2351 3672 ne
2381 3619 2644 3671 irascatur
2675 3614 2725 3666 in
2759 3613 2936 3667 {uttiro
2972 3626 2986 3662 :
3019 3617 3075 3662 et
3102 3604 3522 3684 misericorditer
3541 3603 3778 3684 adhibet

2177 3671 2531 3815 ttiinporalem
2558 3689 2941 3748 severitatem,
2988 3695 3057 3735 ne
3098 3685 3354 3733 cateruam
3395 3674 3540 3744 juste
3572 3671 3783 3728 inferat

2177 3775 2209 3814 u
2261 3773 2458 3813 ionem.

2182 3855 2202 3889 ί
2235 3851 2369 3908 Cum
2405 3851 2543 3904 Deus
2571 3855 2780 3904 exserta
2812 3853 3097 3915 peccantes
3121 3840 3368 3895 verberat
3389 3838 3492 3903 ira,

2255 3946 2323 4001 Ut
2351 3945 2535 3999 norint
2567 3942 2814 3997 homines
2842 3938 2968 4010 quid
3001 3943 3313 3991 mereantur
3337 3931 3466 4002 agit.

2186 4041 2316 4092 Nam
2350 4037 2476 4091 dum
2510 4034 2753 4090 mortalis
2782 4038 3111 4102 peraguntur
3138 4037 3381 4095 tempora
3407 4022 3607 4089 carnis,

2259 4129 2528 4184 Auxilium
2556 4127 2770 4182 miseris
2800 4126 2910 4195 ipsa
2943 4120 3150 4190 ﬂagella
3184 4118 3382 4174 ferunt.

2191 4221 2257 4275 Et
2287 4220 2518 4275 vindicta
2547 4218 2725 4274 brevis
2749 4218 2826 4270 sic
2857 4214 3012 4268 noxia
3039 4211 3266 4267 crimina
3297 4208 3410 4262 ﬁnit
3435 4224 3450 4260 :

2271 4364 2282 4410 l
2325 4361 2423 4414 Ms.
2457 4358 2610 4415 Colb.
2641 4371 2804 4422 unus,
2836 4356 2962 4425 ipsis
2990 4368 3103 4420 qua:
3133 4357 3320 4421 fuerat.
3361 4347 3460 4401 Ms.
3501 4345 3632 4407 10L,
3668 4345 3794 4413 ipso

2195 4448 2293 4538 qm:
2316 4433 2561 4555 ῗῖῖ
2594 4505 2823 4566 septem.
2849 4495 2994 4550 Edit.
3025 4493 3183 4566 Ven_.,
3215 4489 3508 4556 Cunctaque
3535 4484 3669 4554 θυοδ
3699 4500 3798 4536 ⁸¹⁸’

2202 4583 2362 4643 perat.
2391 4564 2759 4643 Alia:_omnes,
2795 4564 3168 4643 Quodﬂcunctis
3193 4569 3440 4642 superest.

2281 4643 2296 4680 ¹
2353 4643 2482 4697 Mss.
2513 4639 2666 4694 Colb.
2697 4631 2835 4691 unus
2865 4648 2917 4690 et
2947 4631 3365 4689 Cambronensis
3389 4670 3403 4693 ,
3454 4641 3640 4695 magna
3688 4633 3797 4678 est.

2209 4715 2303 4767 Ms.
2337 4714 2477 4767 alter
2501 4710 2655 4766 Colb.
2687 4720 2741 4763 et
2763 4706 3037 4765 Joliensis.
3071 4702 3329 4757 Patientia
3381 4698 3493 4762 Dei,
3544 4711 3646 4766 qua
3679 4734 3691 4746 .
3732 4733 3747 4747 .
3780 4735 3797 4747 .

2135 4775 2176 4828 υ
2207 4785 2424 4836 eruditio
2468 4793 2563 4845 est,
2592 4789 2724 4844 etc.,
2751 4789 2808 4831 ut
2834 4776 2886 4831 in
2914 4777 3052 4831 libro
3081 4774 3501 4829 Sententiarum.

2280 4863 2316 4890 ιη
2348 4853 2444 4908 Ms.
2476 4836 2632 4906 Colb.
2663 4836 2823 4916 unus,
2867 4848 3031 4919 parcit
3061 4845 3218 4900 etiam
3240 4851 3470 4912 negatus.
3497 4836 3646 4892 Alter
3667 4850 3803 4889 cum

2204 4925 2335 4986 1.1L,
2359 4924 2523 4991 parcit
2548 4930 2779 4990 negatus.

2279 5005 2304 5030 υ
2326 4983 2464 5049 Mss.
2495 4983 2651 5048 Colb.
2685 4992 2792 5043 duo
2817 4996 2874 5042 et
2897 4986 3130 5049 Theod.,
3163 4983 3378 5038 mavult.

2283 5075 2306 5101 υ
2341 5046 2440 5120 ius.
2472 5046 2728 5118 Joliensis
2754 5069 2807 5114 et
2832 5058 2998 5112 editio
3027 5046 3185 5123 Ven.,
3217 5072 3249 5107 α
3268 5049 3642 5106 misericordia.
3689 5046 3808 5102 Alii

2210 5138 2422 5190 codices
2444 5143 2628 5188 carent
2651 5129 3048 5200 praepositione.

2285 5218 2308 5255 ρ
2353 5206 2478 5259 Mss.
2507 5192 2664 5259 Coll):
2696 5192 2837 5264 du'o,
2871 5197 3163 5252 Camhron.
3209 5207 3261 5250 et
3303 5192 3439 5264 Jol.,
3484 5200 3536 5242 ut
3586 5197 3809 5264 pereant

2213 5279 2448 5344 crimina,
2465 5292 2568 5329 non
2595 5259 2841 5326 homines.
2866 5269 2920 5323 In
2939 5270 3135 5340 quibus
3159 5267 3354 5322 desunt
3373 5262 3479 5317 duo
3499 5274 3685 5313 versus
3705 5259 3810 5327 qui

2215 5351 2267 5402 in
2300 5348 2420 5400 aliis
2453 5353 2773 5413 sequuntur.

2287 5428 2314 5467 ιι
2347 5419 2473 5474 Mss.
2507 5407 2614 5469 tres
2637 5429 2760 5468 cum
2790 5412 2920 5465 edit.
2953 5411 3110 5475 Ven.,
3136 5407 3293 5460 corda
3315 5414 3548 5476 paterno.

2291 5466 2312 5526 έ
2509 5466 2619 5541 ire;
2648 5466 2904 5540 eti—editio
2945 5466 3110 5546 Ven.,
3139 5477 3204 5531 Et
3233 5466 3397 5530 curat.
3424 5471 3697 5543 Lugdun.,
3731 5466 3810 5524 Ut

2216 5569 2376 5612 cru-et.

2292 5635 2314 5662 ⁸
2349 5629 2446 5682 Ms.
2475 5626 2750 5688 Jolieusis,
2784 5624 2861 5676 De
2883 5620 3160 5675 ultionibns
3186 5616 3281 5673 Dei

2295 5701 2310 5734 ί
2346 5700 2447 5755 Ms.
2477 5697 2790 5761 Cambrou.,
2825 5693 2961 5746 Dutn
2992 5692 3146 5745 Deus.
