  <div class='ocr_page' id='page_1' title='image "/cluster/home/n/w/nwhite01/storage/ocr_20150623/51/hvd.32044054758610/256.png"; bbox 0 0 3978 6178; ppageno 0'>
   <div class='ocr_carea' id='block_1_1' title="bbox 217 280 2324 352">
    <p class='ocr_par' dir='ltr' id='par_1_1' title="bbox 217 280 2324 352">
     <span class='ocr_line' id='line_1_1' title="bbox 217 280 2324 352; baseline -0.008 0"><span class='ocrx_word' id='word_1_1' title='bbox 217 293 299 352; x_wconf 69' lang='lat'><strong>501</strong></span> <span class='ocrx_word' id='word_1_2' title='bbox 1283 281 1839 341; x_wconf 76' lang='lat' dir='ltr'><strong>EPIGRAMMATUM</strong></span> <span class='ocrx_word' id='word_1_3' title='bbox 1879 280 2081 338; x_wconf 78' lang='lat' dir='ltr'><strong>LIBER</strong></span> <span class='ocrx_word' id='word_1_4' title='bbox 2120 280 2324 339; x_wconf 77' lang='lat' dir='ltr'><strong>UNUS.</strong></span> 
     </span>
    </p>
   </div>
   <div class='ocr_carea' id='block_1_2' title="bbox 265 368 1369 467">
    <p class='ocr_par' dir='ltr' id='par_1_2' title="bbox 265 368 1369 467">
     <span class='ocr_line' id='line_1_2' title="bbox 265 368 1369 467; baseline -0.006 -6"><span class='ocrx_word' id='word_1_5' title='bbox 265 404 333 461; x_wconf 77' lang='lat' dir='ltr'><strong>Ne</strong></span> <span class='ocrx_word' id='word_1_6' title='bbox 349 404 457 459; x_wconf 87' lang='lat' dir='ltr'><strong>sine</strong></span> <span class='ocrx_word' id='word_1_7' title='bbox 476 399 578 455; x_wconf 82' lang='lat' dir='ltr'><strong>line</strong></span> <span class='ocrx_word' id='word_1_8' title='bbox 605 398 799 455; x_wconf 86' lang='lat' dir='ltr'><strong>habeat</strong></span> <span class='ocrx_word' id='word_1_9' title='bbox 825 398 1005 455; x_wconf 90' lang='lat' dir='ltr'><strong>debita</strong></span> <span class='ocrx_word' id='word_1_10' title='bbox 1040 412 1196 467; x_wconf 63' lang='lat' dir='ltr'><strong>paena</strong></span> <span class='ocrx_word' id='word_1_11' title='bbox 1213 368 1369 455; x_wconf 80' lang='lat' dir='ltr'><strong>reos.</strong></span> 
     </span>
    </p>
   </div>
   <div class='ocr_carea' id='block_1_3' title="bbox 518 486 1476 561">
    <p class='ocr_par' dir='ltr' id='par_1_3' title="bbox 518 486 1476 561">
     <span class='ocr_line' id='line_1_3' title="bbox 518 486 1476 561; baseline 0.004 -19"><span class='ocrx_word' id='word_1_12' title='bbox 518 488 607 561; x_wconf 66' lang='lat' dir='ltr'><strong>Vl.</strong></span> <span class='ocrx_word' id='word_1_13' title='bbox 630 489 709 544; x_wconf 88' lang='lat' dir='ltr'><strong>De</strong></span> <span class='ocrx_word' id='word_1_14' title='bbox 733 506 853 544; x_wconf 80' lang='lat' dir='ltr'><strong>vera</strong></span> <span class='ocrx_word' id='word_1_15' title='bbox 881 499 908 527; x_wconf 77' lang='grc'>⁸</span> <span class='ocrx_word' id='word_1_16' title='bbox 937 489 1032 544; x_wconf 87' lang='lat' dir='ltr'><strong>Dei</strong></span> <span class='ocrx_word' id='word_1_17' title='bbox 1059 488 1357 545; x_wconf 73' lang='lat' dir='ltr'><strong>laudatione</strong></span> <span class='ocrx_word' id='word_1_18' title='bbox 1470 486 1476 491; x_wconf 68' lang='grc'><strong>’</strong></span> 
     </span>
    </p>
   </div>
   <div class='ocr_carea' id='block_1_4' title="bbox 266 581 1747 646">
    <p class='ocr_par' dir='ltr' id='par_1_4' title="bbox 266 581 1747 646">
     <span class='ocr_line' id='line_1_4' title="bbox 266 581 1747 646; baseline -0.003 -3"><span class='ocrx_word' id='word_1_19' title='bbox 266 587 384 643; x_wconf 85' lang='lat' dir='ltr'><strong>Vera</strong></span> <span class='ocrx_word' id='word_1_20' title='bbox 404 591 482 640; x_wconf 87' lang='lat' dir='ltr'><strong>est</strong></span> <span class='ocrx_word' id='word_1_21' title='bbox 507 581 777 638; x_wconf 85' lang='lat' dir='ltr'><strong>confessio</strong></span> <span class='ocrx_word' id='word_1_22' title='bbox 816 581 1186 637; x_wconf 86' lang='lat' dir='ltr'><strong>bcnedicentis</strong></span> <span class='ocrx_word' id='word_1_23' title='bbox 1211 624 1227 646; x_wconf 93' lang='lat'><strong>,</strong></span> <span class='ocrx_word' id='word_1_24' title='bbox 1256 598 1377 639; x_wconf 90' lang='lat' dir='ltr'><strong>cum</strong></span> <span class='ocrx_word' id='word_1_25' title='bbox 1405 583 1548 639; x_wconf 91' lang='lat' dir='ltr'><strong>idem</strong></span> <span class='ocrx_word' id='word_1_26' title='bbox 1579 597 1747 639; x_wconf 90' lang='lat' dir='ltr'><strong>sonus</strong></span> 
     </span>
    </p>
   </div>
   <div class='ocr_carea' id='block_1_5' title="bbox 205 653 1746 725">
    <p class='ocr_par' dir='ltr' id='par_1_5' title="bbox 205 653 1746 725">
     <span class='ocr_line' id='line_1_5' title="bbox 205 653 1746 725; baseline -0.003 -12"><span class='ocrx_word' id='word_1_27' title='bbox 205 669 273 713; x_wconf 80' lang='lat' dir='ltr'><strong>est</strong></span> <span class='ocrx_word' id='word_1_28' title='bbox 294 666 342 712; x_wconf 88' lang='lat' dir='ltr'><strong>et</strong></span> <span class='ocrx_word' id='word_1_29' title='bbox 362 654 483 719; x_wconf 90' lang='lat' dir='ltr'><strong>oris,</strong></span> <span class='ocrx_word' id='word_1_30' title='bbox 508 663 561 708; x_wconf 89' lang='lat' dir='ltr'><strong>et</strong></span> <span class='ocrx_word' id='word_1_31' title='bbox 589 653 786 725; x_wconf 85' lang='lat' dir='ltr'><strong>cordis.</strong></span> <span class='ocrx_word' id='word_1_32' title='bbox 811 653 957 708; x_wconf 83' lang='lat' dir='ltr'><strong>Bene</strong></span> <span class='ocrx_word' id='word_1_33' title='bbox 985 663 1165 709; x_wconf 85' lang='lat' dir='ltr'><strong>autem</strong></span> <span class='ocrx_word' id='word_1_34' title='bbox 1194 654 1382 725; x_wconf 86' lang='lat' dir='ltr'><strong>loqui,</strong></span> <span class='ocrx_word' id='word_1_35' title='bbox 1412 666 1467 710; x_wconf 90' lang='lat' dir='ltr'><strong>et</strong></span> <span class='ocrx_word' id='word_1_36' title='bbox 1494 655 1635 710; x_wconf 86' lang='lat' dir='ltr'><strong>male</strong></span> <span class='ocrx_word' id='word_1_37' title='bbox 1664 659 1746 709; x_wconf 90' lang='lat' dir='ltr'><strong>vi-</strong></span> 
     </span>
    </p>
   </div>
   <div class='ocr_carea' id='block_1_6' title="bbox 202 723 1602 793">
    <p class='ocr_par' dir='ltr' id='par_1_6' title="bbox 202 723 1602 793">
     <span class='ocr_line' id='line_1_6' title="bbox 202 723 1602 793; baseline -0.001 -10"><span class='ocrx_word' id='word_1_38' title='bbox 202 743 326 793; x_wconf 85' lang='lat' dir='ltr'><strong>vere,</strong></span> <span class='ocrx_word' id='word_1_39' title='bbox 355 724 476 782; x_wconf 87' lang='lat' dir='ltr'><strong>nihil</strong></span> <span class='ocrx_word' id='word_1_40' title='bbox 498 731 578 779; x_wconf 88' lang='lat' dir='ltr'><strong>est</strong></span> <span class='ocrx_word' id='word_1_41' title='bbox 602 723 743 777; x_wconf 87' lang='lat' dir='ltr'><strong>aliud</strong></span> <span class='ocrx_word' id='word_1_42' title='bbox 768 739 926 793; x_wconf 91' lang='lat' dir='ltr'><strong>quam</strong></span> <span class='ocrx_word' id='word_1_43' title='bbox 956 739 1051 779; x_wconf 88' lang='lat' dir='ltr'><strong>sua</strong></span> <span class='ocrx_word' id='word_1_44' title='bbox 1084 741 1143 780; x_wconf 87' lang='lat' dir='ltr'><strong>se</strong></span> <span class='ocrx_word' id='word_1_45' title='bbox 1166 723 1298 781; x_wconf 84' lang='lat' dir='ltr'><strong>voce</strong></span> <span class='ocrx_word' id='word_1_46' title='bbox 1321 724 1602 781; x_wconf 82' lang='lat' dir='ltr'><strong>damnare.</strong></span> 
     </span>
    </p>
   </div>
   <div class='ocr_carea' id='block_1_7' title="bbox 200 813 1653 888">
    <p class='ocr_par' dir='ltr' id='par_1_7' title="bbox 200 813 1653 888">
     <span class='ocr_line' id='line_1_7' title="bbox 200 813 1653 888; baseline -0.002 -14"><span class='ocrx_word' id='word_1_47' title='bbox 200 820 319 875; x_wconf 81' lang='lat' dir='ltr'><strong>Laus</strong></span> <span class='ocrx_word' id='word_1_48' title='bbox 339 830 454 872; x_wconf 87' lang='lat' dir='ltr'><strong>vera</strong></span> <span class='ocrx_word' id='word_1_49' title='bbox 479 815 533 870; x_wconf 92' lang='lat' dir='ltr'><strong>in</strong></span> <span class='ocrx_word' id='word_1_50' title='bbox 560 813 847 871; x_wconf 89' lang='lat' dir='ltr'><strong>Dominum</strong></span> <span class='ocrx_word' id='word_1_51' title='bbox 873 815 1211 885; x_wconf 79' lang='lat' dir='ltr'><strong>depromitur</strong></span> <span class='ocrx_word' id='word_1_52' title='bbox 1232 831 1328 873; x_wconf 91' lang='lat' dir='ltr'><strong>ore</strong></span> <span class='ocrx_word' id='word_1_53' title='bbox 1356 818 1653 888; x_wconf 76' lang='lat' dir='ltr'><strong>precantis.</strong></span> 
     </span>
    </p>
   </div>
   <div class='ocr_carea' id='block_1_8' title="bbox 254 905 1477 981">
    <p class='ocr_par' dir='ltr' id='par_1_8' title="bbox 254 905 1477 981">
     <span class='ocr_line' id='line_1_8' title="bbox 254 905 1477 981; baseline 0 -14"><span class='ocrx_word' id='word_1_54' title='bbox 254 911 305 967; x_wconf 90' lang='lat' dir='ltr'><strong>Si</strong></span> <span class='ocrx_word' id='word_1_55' title='bbox 328 924 438 981; x_wconf 81' lang='lat' dir='ltr'><strong>qute</strong></span> <span class='ocrx_word' id='word_1_56' title='bbox 460 920 588 967; x_wconf 86' lang='lat' dir='ltr'><strong>voce</strong></span> <span class='ocrx_word' id='word_1_57' title='bbox 616 905 809 975; x_wconf 78' lang='lat' dir='ltr'><strong>ﬂuunt,</strong></span> <span class='ocrx_word' id='word_1_58' title='bbox 838 908 1027 963; x_wconf 90' lang='lat' dir='ltr'><strong>intima</strong></span> <span class='ocrx_word' id='word_1_59' title='bbox 1052 909 1234 966; x_wconf 79' lang='lat' dir='ltr'><strong>cordis</strong></span> <span class='ocrx_word' id='word_1_60' title='bbox 1256 908 1477 967; x_wconf 85' lang='lat' dir='ltr'><strong>habent.</strong></span> 
     </span>
    </p>
   </div>
   <div class='ocr_carea' id='block_1_9' title="bbox 194 999 1575 1071">
    <p class='ocr_par' dir='ltr' id='par_1_9' title="bbox 194 999 1575 1071">
     <span class='ocr_line' id='line_1_9' title="bbox 194 999 1575 1071; baseline 0 -14"><span class='ocrx_word' id='word_1_61' title='bbox 194 1000 293 1057; x_wconf 79' lang='lat' dir='ltr'><strong>Non</strong></span> <span class='ocrx_word' id='word_1_62' title='bbox 317 999 522 1071; x_wconf 86' lang='lat' dir='ltr'><strong>prodest</strong></span> <span class='ocrx_word' id='word_1_63' title='bbox 545 999 797 1069; x_wconf 82' lang='lat' dir='ltr'><strong>cuiquam</strong></span> <span class='ocrx_word' id='word_1_64' title='bbox 826 999 960 1055; x_wconf 90' lang='lat' dir='ltr'><strong>solis</strong></span> <span class='ocrx_word' id='word_1_65' title='bbox 984 999 1127 1055; x_wconf 89' lang='lat' dir='ltr'><strong>bona</strong></span> <span class='ocrx_word' id='word_1_66' title='bbox 1154 1000 1344 1058; x_wconf 83' lang='lat' dir='ltr'><strong>dicere</strong></span> <span class='ocrx_word' id='word_1_67' title='bbox 1369 1001 1575 1071; x_wconf 81' lang='lat' dir='ltr'><strong>verbis,</strong></span> 
     </span>
    </p>
   </div>
   <div class='ocr_carea' id='block_1_10' title="bbox 253 1088 1585 1164">
    <p class='ocr_par' dir='ltr' id='par_1_10' title="bbox 253 1088 1585 1164">
     <span class='ocr_line' id='line_1_10' title="bbox 253 1088 1585 1164; baseline 0 -18"><span class='ocrx_word' id='word_1_68' title='bbox 253 1091 308 1146; x_wconf 86' lang='lat' dir='ltr'><strong>Ni</strong></span> <span class='ocrx_word' id='word_1_69' title='bbox 336 1091 412 1161; x_wconf 87' lang='lat' dir='ltr'><strong>pia</strong></span> <span class='ocrx_word' id='word_1_70' title='bbox 438 1103 586 1145; x_wconf 92' lang='lat' dir='ltr'><strong>mens</strong></span> <span class='ocrx_word' id='word_1_71' title='bbox 613 1088 833 1156; x_wconf 88' lang='lat' dir='ltr'><strong>habeat,</strong></span> <span class='ocrx_word' id='word_1_72' title='bbox 860 1090 1003 1160; x_wconf 87' lang='lat' dir='ltr'><strong>quod</strong></span> <span class='ocrx_word' id='word_1_73' title='bbox 1029 1090 1168 1148; x_wconf 88' lang='lat' dir='ltr'><strong>bene</strong></span> <span class='ocrx_word' id='word_1_74' title='bbox 1196 1091 1377 1164; x_wconf 89' lang='lat' dir='ltr'><strong>lingua</strong></span> <span class='ocrx_word' id='word_1_75' title='bbox 1406 1103 1585 1147; x_wconf 88' lang='lat' dir='ltr'><strong>sonat.</strong></span> 
     </span>
    </p>
   </div>
   <div class='ocr_carea' id='block_1_11' title="bbox 195 1181 1544 1255">
    <p class='ocr_par' dir='ltr' id='par_1_11' title="bbox 195 1181 1544 1255">
     <span class='ocr_line' id='line_1_11' title="bbox 195 1181 1544 1255; baseline -0.003 -14"><span class='ocrx_word' id='word_1_76' title='bbox 195 1184 305 1242; x_wconf 80' lang='lat' dir='ltr'><strong>Nam</strong></span> <span class='ocrx_word' id='word_1_77' title='bbox 332 1184 422 1238; x_wconf 89' lang='lat' dir='ltr'><strong>fari</strong></span> <span class='ocrx_word' id='word_1_78' title='bbox 450 1190 619 1248; x_wconf 88' lang='lat' dir='ltr'><strong>recte,</strong></span> <span class='ocrx_word' id='word_1_79' title='bbox 651 1181 911 1237; x_wconf 86' lang='lat' dir='ltr'><strong>miserum</strong></span> <span class='ocrx_word' id='word_1_80' title='bbox 938 1191 1042 1251; x_wconf 90' lang='lat' dir='ltr'><strong>est,</strong></span> <span class='ocrx_word' id='word_1_81' title='bbox 1074 1191 1131 1239; x_wconf 91' lang='lat' dir='ltr'><strong>et</strong></span> <span class='ocrx_word' id='word_1_82' title='bbox 1151 1183 1332 1240; x_wconf 83' lang='lat' dir='ltr'><strong>vivere</strong></span> <span class='ocrx_word' id='word_1_83' title='bbox 1360 1199 1544 1255; x_wconf 87' lang='lat' dir='ltr'><strong>prave.</strong></span> 
     </span>
    </p>
   </div>
   <div class='ocr_carea' id='block_1_12' title="bbox 252 1272 1318 1345">
    <p class='ocr_par' dir='ltr' id='par_1_12' title="bbox 252 1272 1318 1345">
     <span class='ocr_line' id='line_1_12' title="bbox 252 1272 1318 1345; baseline -0.001 -15"><span class='ocrx_word' id='word_1_84' title='bbox 252 1277 460 1330; x_wconf 81' lang='lat' dir='ltr'><strong>Damnat</strong></span> <span class='ocrx_word' id='word_1_85' title='bbox 486 1282 609 1329; x_wconf 87' lang='lat' dir='ltr'><strong>nota</strong></span> <span class='ocrx_word' id='word_1_86' title='bbox 640 1272 839 1329; x_wconf 86' lang='lat' dir='ltr'><strong>malum</strong></span> <span class='ocrx_word' id='word_1_87' title='bbox 867 1274 1048 1344; x_wconf 84' lang='lat' dir='ltr'><strong>regula</strong></span> <span class='ocrx_word' id='word_1_88' title='bbox 1071 1273 1318 1345; x_wconf 72' lang='lat' dir='ltr'><strong>justitiae.</strong></span> 
     </span>
    </p>
   </div>
   <div class='ocr_carea' id='block_1_13' title="bbox 546 1365 1324 1424">
    <p class='ocr_par' dir='ltr' id='par_1_13' title="bbox 546 1365 1324 1424">
     <span class='ocr_line' id='line_1_13' title="bbox 546 1365 1324 1424; baseline 0.001 -2"><span class='ocrx_word' id='word_1_89' title='bbox 546 1366 656 1422; x_wconf 79' lang='lat' dir='ltr'><strong>Vll.</strong></span> <span class='ocrx_word' id='word_1_90' title='bbox 684 1365 712 1406; x_wconf 68' lang='grc' dir='ltr'>δ</span> <span class='ocrx_word' id='word_1_91' title='bbox 744 1367 822 1421; x_wconf 90' lang='lat' dir='ltr'><strong>De</strong></span> <span class='ocrx_word' id='word_1_92' title='bbox 840 1368 1022 1422; x_wconf 84' lang='lat' dir='ltr'><strong>uirtute</strong></span> <span class='ocrx_word' id='word_1_93' title='bbox 1040 1370 1324 1424; x_wconf 85' lang='lat' dir='ltr'><strong>charitatis.</strong></span> 
     </span>
    </p>
   </div>
   <div class='ocr_carea' id='block_1_14' title="bbox 254 1459 1741 1541">
    <p class='ocr_par' dir='ltr' id='par_1_14' title="bbox 254 1459 1741 1541">
     <span class='ocr_line' id='line_1_14' title="bbox 254 1459 1741 1541; baseline 0.002 -27"><span class='ocrx_word' id='word_1_94' title='bbox 254 1471 274 1500; x_wconf 76' lang='grc' dir='ltr'><strong>ο</strong></span> <span class='ocrx_word' id='word_1_95' title='bbox 301 1460 505 1541; x_wconf 85' lang='lat' dir='ltr'><strong>Dilectio</strong></span> <span class='ocrx_word' id='word_1_96' title='bbox 534 1460 629 1515; x_wconf 87' lang='lat' dir='ltr'><strong>Dei</strong></span> <span class='ocrx_word' id='word_1_97' title='bbox 658 1470 715 1515; x_wconf 89' lang='lat' dir='ltr'><strong>et</strong></span> <span class='ocrx_word' id='word_1_98' title='bbox 755 1459 983 1529; x_wconf 77' lang='lat' dir='ltr'><strong>proximi</strong></span> <span class='ocrx_word' id='word_1_99' title='bbox 1011 1463 1228 1530; x_wconf 88' lang='lat' dir='ltr'><strong>propria</strong></span> <span class='ocrx_word' id='word_1_100' title='bbox 1252 1472 1307 1517; x_wconf 91' lang='lat' dir='ltr'><strong>et</strong></span> <span class='ocrx_word' id='word_1_101' title='bbox 1348 1462 1741 1541; x_wconf 58' lang='lat' dir='ltr'><strong>specialis_vir-</strong></span> 
     </span>
    </p>
   </div>
   <div class='ocr_carea' id='block_1_15' title="bbox 197 1534 1744 1602">
    <p class='ocr_par' dir='ltr' id='par_1_15' title="bbox 197 1534 1744 1602">
     <span class='ocr_line' id='line_1_15' title="bbox 197 1534 1744 1602; baseline 0.003 -17"><span class='ocrx_word' id='word_1_102' title='bbox 197 1541 267 1585; x_wconf 91' lang='lat' dir='ltr'><strong>tus</strong></span> <span class='ocrx_word' id='word_1_103' title='bbox 287 1542 360 1585; x_wconf 88' lang='lat' dir='ltr'><strong>est</strong></span> <span class='ocrx_word' id='word_1_104' title='bbox 383 1534 612 1602; x_wconf 91' lang='lat' dir='ltr'><strong>piorum,</strong></span> <span class='ocrx_word' id='word_1_105' title='bbox 641 1540 801 1600; x_wconf 87' lang='lat' dir='ltr'><strong>atque</strong></span> <span class='ocrx_word' id='word_1_106' title='bbox 830 1540 1161 1599; x_wconf 88' lang='lat' dir='ltr'><strong>sanctorum,</strong></span> <span class='ocrx_word' id='word_1_107' title='bbox 1191 1548 1313 1587; x_wconf 90' lang='lat' dir='ltr'><strong>cum</strong></span> <span class='ocrx_word' id='word_1_108' title='bbox 1341 1545 1549 1588; x_wconf 60' lang='lat' dir='ltr'><strong>cauerat</strong></span> <span class='ocrx_word' id='word_1_109' title='bbox 1576 1534 1744 1589; x_wconf 87' lang='lat' dir='ltr'><strong>virtu-</strong></span> 
     </span>
    </p>
   </div>
   <div class='ocr_carea' id='block_1_16' title="bbox 196 1602 1503 1671">
    <p class='ocr_par' dir='ltr' id='par_1_16' title="bbox 196 1602 1503 1671">
     <span class='ocr_line' id='line_1_16' title="bbox 196 1602 1503 1671; baseline 0 -14"><span class='ocrx_word' id='word_1_110' title='bbox 196 1613 260 1657; x_wconf 90' lang='lat' dir='ltr'><strong>tes</strong></span> <span class='ocrx_word' id='word_1_111' title='bbox 284 1613 330 1657; x_wconf 92' lang='lat' dir='ltr'><strong>et</strong></span> <span class='ocrx_word' id='word_1_112' title='bbox 348 1602 494 1656; x_wconf 85' lang='lat' dir='ltr'><strong>bonis</strong></span> <span class='ocrx_word' id='word_1_113' title='bbox 519 1609 577 1657; x_wconf 86' lang='lat' dir='ltr'><strong>et</strong></span> <span class='ocrx_word' id='word_1_114' title='bbox 606 1603 761 1656; x_wconf 90' lang='lat' dir='ltr'><strong>malis</strong></span> <span class='ocrx_word' id='word_1_115' title='bbox 787 1603 995 1671; x_wconf 82' lang='lat' dir='ltr'><strong>possint</strong></span> <span class='ocrx_word' id='word_1_116' title='bbox 1022 1616 1153 1659; x_wconf 89' lang='lat' dir='ltr'><strong>esse</strong></span> <span class='ocrx_word' id='word_1_117' title='bbox 1169 1618 1503 1659; x_wconf 85' lang='lat' dir='ltr'><strong>communes.</strong></span> 
     </span>
    </p>
   </div>
   <div class='ocr_carea' id='block_1_17' title="bbox 195 1697 1615 1759">
    <p class='ocr_par' dir='ltr' id='par_1_17' title="bbox 195 1697 1615 1759">
     <span class='ocr_line' id='line_1_17' title="bbox 195 1697 1615 1759; baseline 0.004 -6"><span class='ocrx_word' id='word_1_118' title='bbox 195 1697 393 1754; x_wconf 84' lang='lat' dir='ltr'><strong>Plurima</strong></span> <span class='ocrx_word' id='word_1_119' title='bbox 422 1705 731 1754; x_wconf 89' lang='lat' dir='ltr'><strong>sanctorum</strong></span> <span class='ocrx_word' id='word_1_120' title='bbox 758 1698 901 1753; x_wconf 89' lang='lat' dir='ltr'><strong>bona</strong></span> <span class='ocrx_word' id='word_1_121' title='bbox 925 1706 1053 1754; x_wconf 86' lang='lat' dir='ltr'><strong>sunt</strong></span> <span class='ocrx_word' id='word_1_122' title='bbox 1078 1698 1386 1756; x_wconf 85' lang='lat' dir='ltr'><strong>communia</strong></span> <span class='ocrx_word' id='word_1_123' title='bbox 1415 1700 1615 1759; x_wconf 86' lang='lat' dir='ltr'><strong>multis.</strong></span> 
     </span>
    </p>
   </div>
   <div class='ocr_carea' id='block_1_18' title="bbox 252 1789 1417 1861">
    <p class='ocr_par' dir='ltr' id='par_1_18' title="bbox 252 1789 1417 1861">
     <span class='ocr_line' id='line_1_18' title="bbox 252 1789 1417 1861; baseline 0 -16"><span class='ocrx_word' id='word_1_124' title='bbox 252 1790 305 1845; x_wconf 83' lang='lat' dir='ltr'><strong>Et</strong></span> <span class='ocrx_word' id='word_1_125' title='bbox 330 1790 571 1861; x_wconf 86' lang='lat' dir='ltr'><strong>quiddam</strong></span> <span class='ocrx_word' id='word_1_126' title='bbox 607 1789 739 1847; x_wconf 89' lang='lat' dir='ltr'><strong>recti</strong></span> <span class='ocrx_word' id='word_1_127' title='bbox 780 1798 997 1845; x_wconf 88' lang='lat' dir='ltr'><strong>constat</strong></span> <span class='ocrx_word' id='word_1_128' title='bbox 1032 1790 1208 1847; x_wconf 88' lang='lat' dir='ltr'><strong>inesse</strong></span> <span class='ocrx_word' id='word_1_129' title='bbox 1237 1790 1417 1858; x_wconf 87' lang='lat' dir='ltr'><strong>malis,</strong></span> 
     </span>
    </p>
   </div>
   <div class='ocr_carea' id='block_1_19' title="bbox 196 1881 1609 1953">
    <p class='ocr_par' dir='ltr' id='par_1_19' title="bbox 196 1881 1609 1953">
     <span class='ocr_line' id='line_1_19' title="bbox 196 1881 1609 1953; baseline 0.001 -16"><span class='ocrx_word' id='word_1_130' title='bbox 196 1882 279 1938; x_wconf 87' lang='lat' dir='ltr'><strong>Sed</strong></span> <span class='ocrx_word' id='word_1_131' title='bbox 307 1883 382 1953; x_wconf 86' lang='lat' dir='ltr'><strong>pia</strong></span> <span class='ocrx_word' id='word_1_132' title='bbox 410 1898 530 1953; x_wconf 87' lang='lat' dir='ltr'><strong>pars</strong></span> <span class='ocrx_word' id='word_1_133' title='bbox 556 1896 787 1938; x_wconf 67' lang='lat' dir='ltr'><strong>summa:</strong></span> <span class='ocrx_word' id='word_1_134' title='bbox 815 1881 1044 1937; x_wconf 83' lang='lat' dir='ltr'><strong>tendens</strong></span> <span class='ocrx_word' id='word_1_135' title='bbox 1073 1882 1287 1937; x_wconf 88' lang='lat' dir='ltr'><strong>virtutis</strong></span> <span class='ocrx_word' id='word_1_136' title='bbox 1313 1883 1380 1937; x_wconf 89' lang='lat' dir='ltr'><strong>ad</strong></span> <span class='ocrx_word' id='word_1_137' title='bbox 1409 1898 1609 1949; x_wconf 86' lang='lat' dir='ltr'><strong>arcem,</strong></span> 
     </span>
    </p>
   </div>
   <div class='ocr_carea' id='block_1_20' title="bbox 249 1970 1547 2043">
    <p class='ocr_par' dir='ltr' id='par_1_20' title="bbox 249 1970 1547 2043">
     <span class='ocr_line' id='line_1_20' title="bbox 249 1970 1547 2043; baseline 0.002 -17"><span class='ocrx_word' id='word_1_138' title='bbox 249 1972 399 2029; x_wconf 87' lang='lat' dir='ltr'><strong>Omne</strong></span> <span class='ocrx_word' id='word_1_139' title='bbox 425 1988 650 2043; x_wconf 91' lang='lat' dir='ltr'><strong>operum</strong></span> <span class='ocrx_word' id='word_1_140' title='bbox 679 1975 929 2029; x_wconf 90' lang='lat' dir='ltr'><strong>meritum</strong></span> <span class='ocrx_word' id='word_1_141' title='bbox 960 1970 987 2011; x_wconf 74' lang='grc' dir='ltr'><strong><em>ἀ</em></strong></span> <span class='ocrx_word' id='word_1_142' title='bbox 1015 1973 1182 2029; x_wconf 86' lang='lat' dir='ltr'><strong>vincit</strong></span> <span class='ocrx_word' id='word_1_143' title='bbox 1208 1988 1399 2030; x_wconf 90' lang='lat' dir='ltr'><strong>amore</strong></span> <span class='ocrx_word' id='word_1_144' title='bbox 1429 1974 1547 2030; x_wconf 89' lang='lat' dir='ltr'><strong>Dei.</strong></span> 
     </span>
    </p>
   </div>
   <div class='ocr_carea' id='block_1_21' title="bbox 196 2068 1741 2142">
    <p class='ocr_par' dir='ltr' id='par_1_21' title="bbox 196 2068 1741 2142">
     <span class='ocr_line' id='line_1_21' title="bbox 196 2068 1741 2142; baseline 0.001 -20"><span class='ocrx_word' id='word_1_145' title='bbox 196 2068 290 2134; x_wconf 79' lang='lat' dir='ltr'><strong>Quo</strong></span> <span class='ocrx_word' id='word_1_146' title='bbox 335 2069 524 2138; x_wconf 88' lang='lat' dir='ltr'><strong>pariter</strong></span> <span class='ocrx_word' id='word_1_147' title='bbox 577 2083 974 2139; x_wconf 84' lang='lat' dir='ltr'><strong>quemcumque</strong></span> <span class='ocrx_word' id='word_1_148' title='bbox 1012 2068 1291 2126; x_wconf 82' lang='lat' dir='ltr'><strong>hominum</strong></span> <span class='ocrx_word' id='word_1_149' title='bbox 1340 2070 1421 2125; x_wconf 90' lang='lat' dir='ltr'><strong>sic</strong></span> <span class='ocrx_word' id='word_1_150' title='bbox 1465 2079 1489 2109; x_wconf 79' lang='grc' dir='ltr'><strong>ο</strong></span> <span class='ocrx_word' id='word_1_151' title='bbox 1534 2070 1741 2142; x_wconf 81' lang='lat' dir='ltr'><strong>diligit,</strong></span> 
     </span>
    </p>
   </div>
   <div class='ocr_carea' id='block_1_22' title="bbox 370 2169 549 2217">
    <p class='ocr_par' dir='ltr' id='par_1_22' title="bbox 370 2169 549 2217">
     <span class='ocr_line' id='line_1_22' title="bbox 370 2169 549 2217; baseline 0 -2"><span class='ocrx_word' id='word_1_152' title='bbox 370 2169 424 2216; x_wconf 87' lang='lat' dir='ltr'><strong>ut</strong></span> <span class='ocrx_word' id='word_1_153' title='bbox 449 2175 549 2217; x_wconf 90' lang='lat' dir='ltr'><strong>se:</strong></span> 
     </span>
    </p>
   </div>
   <div class='ocr_carea' id='block_1_23' title="bbox 252 2251 1344 2326">
    <p class='ocr_par' dir='ltr' id='par_1_23' title="bbox 252 2251 1344 2326">
     <span class='ocr_line' id='line_1_23' title="bbox 252 2251 1344 2326; baseline 0.006 -20"><span class='ocrx_word' id='word_1_154' title='bbox 252 2251 345 2308; x_wconf 92' lang='lat' dir='ltr'><strong>lloc</strong></span> <span class='ocrx_word' id='word_1_155' title='bbox 363 2263 544 2323; x_wconf 85' lang='lat' dir='ltr'><strong>optans</strong></span> <span class='ocrx_word' id='word_1_156' title='bbox 569 2254 698 2310; x_wconf 87' lang='lat' dir='ltr'><strong>aliis</strong></span> <span class='ocrx_word' id='word_1_157' title='bbox 723 2254 866 2325; x_wconf 89' lang='lat' dir='ltr'><strong>quod</strong></span> <span class='ocrx_word' id='word_1_158' title='bbox 899 2256 1049 2326; x_wconf 86' lang='lat' dir='ltr'><strong>cupit</strong></span> <span class='ocrx_word' id='word_1_159' title='bbox 1076 2257 1197 2326; x_wconf 87' lang='lat' dir='ltr'><strong>ipse</strong></span> <span class='ocrx_word' id='word_1_160' title='bbox 1220 2257 1344 2314; x_wconf 90' lang='lat' dir='ltr'><strong>sibi.</strong></span> 
     </span>
    </p>
   </div>
   <div class='ocr_carea' id='block_1_24' title="bbox 198 2340 1440 2418">
    <p class='ocr_par' dir='ltr' id='par_1_24' title="bbox 198 2340 1440 2418">
     <span class='ocr_line' id='line_1_24' title="bbox 198 2340 1440 2418; baseline 0.003 -19"><span class='ocrx_word' id='word_1_161' title='bbox 198 2340 318 2399; x_wconf 85' lang='lat' dir='ltr'><strong>Unde</strong></span> <span class='ocrx_word' id='word_1_162' title='bbox 341 2344 451 2400; x_wconf 85' lang='lat' dir='ltr'><strong>istis</strong></span> <span class='ocrx_word' id='word_1_163' title='bbox 477 2345 717 2415; x_wconf 85' lang='lat' dir='ltr'><strong>geminis</strong></span> <span class='ocrx_word' id='word_1_164' title='bbox 742 2346 998 2401; x_wconf 88' lang='lat' dir='ltr'><strong>virtutum</strong></span> <span class='ocrx_word' id='word_1_165' title='bbox 1026 2348 1115 2418; x_wconf 90' lang='lat' dir='ltr'><strong>qui</strong></span> <span class='ocrx_word' id='word_1_166' title='bbox 1146 2358 1296 2404; x_wconf 88' lang='lat' dir='ltr'><strong>caret</strong></span> <span class='ocrx_word' id='word_1_167' title='bbox 1318 2348 1440 2415; x_wconf 90' lang='lat' dir='ltr'><strong>alis,</strong></span> 
     </span>
    </p>
   </div>
   <div class='ocr_carea' id='block_1_25' title="bbox 249 2433 1550 2507">
    <p class='ocr_par' dir='ltr' id='par_1_25' title="bbox 249 2433 1550 2507">
     <span class='ocr_line' id='line_1_25' title="bbox 249 2433 1550 2507; baseline 0.005 -17"><span class='ocrx_word' id='word_1_168' title='bbox 249 2433 488 2492; x_wconf 68' lang='lat' dir='ltr'><strong>Ctelorum</strong></span> <span class='ocrx_word' id='word_1_169' title='bbox 516 2438 589 2491; x_wconf 90' lang='lat' dir='ltr'><strong>ad</strong></span> <span class='ocrx_word' id='word_1_170' title='bbox 625 2452 851 2507; x_wconf 87' lang='lat' dir='ltr'><strong>regnum</strong></span> <span class='ocrx_word' id='word_1_171' title='bbox 884 2455 990 2494; x_wconf 91' lang='lat' dir='ltr'><strong>non</strong></span> <span class='ocrx_word' id='word_1_172' title='bbox 1025 2439 1187 2495; x_wconf 84' lang='lat' dir='ltr'><strong>habet</strong></span> <span class='ocrx_word' id='word_1_173' title='bbox 1215 2440 1357 2496; x_wconf 89' lang='lat' dir='ltr'><strong>unde</strong></span> <span class='ocrx_word' id='word_1_174' title='bbox 1385 2441 1550 2497; x_wconf 88' lang='lat' dir='ltr'><strong>volet.</strong></span> 
     </span>
    </p>
   </div>
   <div class='ocr_carea' id='block_1_26' title="bbox 420 2528 1463 2601">
    <p class='ocr_par' dir='ltr' id='par_1_26' title="bbox 420 2528 1463 2601">
     <span class='ocr_line' id='line_1_26' title="bbox 420 2528 1463 2601; baseline 0.002 -15"><span class='ocrx_word' id='word_1_175' title='bbox 420 2530 581 2601; x_wconf 77' lang='lat'><strong>621</strong></span> <span class='ocrx_word' id='word_1_176' title='bbox 621 2529 754 2583; x_wconf 80' lang='lat' dir='ltr'><strong>Vlll.</strong></span> <span class='ocrx_word' id='word_1_177' title='bbox 785 2528 865 2584; x_wconf 89' lang='lat' dir='ltr'><strong>De</strong></span> <span class='ocrx_word' id='word_1_178' title='bbox 894 2531 1131 2586; x_wconf 83' lang='lat' dir='ltr'><strong>doctrina</strong></span> <span class='ocrx_word' id='word_1_179' title='bbox 1158 2533 1463 2600; x_wconf 84' lang='lat' dir='ltr'><strong>apostolica.</strong></span> 
     </span>
    </p>
   </div>
   <div class='ocr_carea' id='block_1_27' title="bbox 253 2614 1746 2694">
    <p class='ocr_par' dir='ltr' id='par_1_27' title="bbox 253 2614 1746 2694">
     <span class='ocr_line' id='line_1_27' title="bbox 253 2614 1746 2694; baseline 0.007 -24"><span class='ocrx_word' id='word_1_180' title='bbox 253 2614 473 2672; x_wconf 85' lang='lat' dir='ltr'><strong>Doctrina</strong></span> <span class='ocrx_word' id='word_1_181' title='bbox 502 2618 809 2694; x_wconf 84' lang='lat' dir='ltr'><strong>apostolica</strong></span> <span class='ocrx_word' id='word_1_182' title='bbox 842 2628 949 2674; x_wconf 87' lang='lat' dir='ltr'><strong>tam</strong></span> <span class='ocrx_word' id='word_1_183' title='bbox 982 2622 1217 2678; x_wconf 84' lang='lat' dir='ltr'><strong>salubris</strong></span> <span class='ocrx_word' id='word_1_184' title='bbox 1248 2620 1292 2694; x_wconf 17' lang='lat' dir='ltr'>‘A</span> <span class='ocrx_word' id='word_1_185' title='bbox 1317 2633 1534 2694; x_wconf 90' lang='lat' dir='ltr'><strong>tamque</strong></span> <span class='ocrx_word' id='word_1_186' title='bbox 1566 2624 1746 2681; x_wconf 80' lang='lat' dir='ltr'><strong>vitalis</strong></span> 
     </span>
    </p>
   </div>
   <div class='ocr_carea' id='block_1_28' title="bbox 195 2691 1739 2758">
    <p class='ocr_par' dir='ltr' id='par_1_28' title="bbox 195 2691 1739 2758">
     <span class='ocr_line' id='line_1_28' title="bbox 195 2691 1739 2758; baseline 0.008 -19"><span class='ocrx_word' id='word_1_187' title='bbox 195 2696 276 2752; x_wconf 88' lang='lat' dir='ltr'><strong>cst,</strong></span> <span class='ocrx_word' id='word_1_188' title='bbox 303 2698 352 2741; x_wconf 91' lang='lat' dir='ltr'><strong>ut</strong></span> <span class='ocrx_word' id='word_1_189' title='bbox 387 2705 478 2757; x_wconf 86' lang='lat' dir='ltr'><strong>pro</strong></span> <span class='ocrx_word' id='word_1_190' title='bbox 507 2691 820 2758; x_wconf 87' lang='lat' dir='ltr'><strong>capacitate</strong></span> <span class='ocrx_word' id='word_1_191' title='bbox 855 2694 1119 2746; x_wconf 89' lang='lat' dir='ltr'><strong>utentium</strong></span> <span class='ocrx_word' id='word_1_192' title='bbox 1152 2692 1423 2748; x_wconf 88' lang='lat' dir='ltr'><strong>neminem</strong></span> <span class='ocrx_word' id='word_1_193' title='bbox 1445 2691 1541 2748; x_wconf 73' lang='lat' dir='ltr'><strong>sui</strong></span> <span class='ocrx_word' id='word_1_194' title='bbox 1570 2696 1739 2751; x_wconf 86' lang='lat' dir='ltr'><strong>relin-</strong></span> 
     </span>
    </p>
   </div>
   <div class='ocr_carea' id='block_1_29' title="bbox 195 2758 1741 2839">
    <p class='ocr_par' dir='ltr' id='par_1_29' title="bbox 195 2758 1741 2839">
     <span class='ocr_line' id='line_1_29' title="bbox 195 2758 1741 2839; baseline 0.008 -32"><span class='ocrx_word' id='word_1_195' title='bbox 195 2766 338 2839; x_wconf 56' lang='lat' dir='ltr'><strong>quat}</strong></span> <span class='ocrx_word' id='word_1_196' title='bbox 357 2772 651 2839; x_wconf 68' lang='lat' dir='ltr'><strong>exsortem.</strong></span> <span class='ocrx_word' id='word_1_197' title='bbox 674 2762 807 2839; x_wconf 79' lang='lat' dir='ltr'><strong>Quia</strong></span> <span class='ocrx_word' id='word_1_198' title='bbox 830 2758 856 2797; x_wconf 71' lang='grc' dir='ltr'><strong>ιι</strong></span> <span class='ocrx_word' id='word_1_199' title='bbox 878 2762 1122 2839; x_wconf 83' lang='lat' dir='ltr'><strong>si_ve_sint</strong></span> <span class='ocrx_word' id='word_1_200' title='bbox 1147 2764 1373 2839; x_wconf 77' lang='lat' dir='ltr'><strong>parvuli,</strong></span> <span class='ocrx_word' id='word_1_201' title='bbox 1400 2766 1522 2839; x_wconf 81' lang='lat' dir='ltr'><strong>sive</strong></span> <span class='ocrx_word' id='word_1_202' title='bbox 1539 2766 1741 2839; x_wconf 88' lang='lat' dir='ltr'><strong>magni,</strong></span> 
     </span>
    </p>
   </div>
   <div class='ocr_carea' id='block_1_30' title="bbox 194 2828 1744 2898">
    <p class='ocr_par' dir='ltr' id='par_1_30' title="bbox 194 2828 1744 2898">
     <span class='ocr_line' id='line_1_30' title="bbox 194 2828 1744 2898; baseline 0.009 -20"><span class='ocrx_word' id='word_1_203' title='bbox 194 2829 282 2881; x_wconf 85' lang='lat' dir='ltr'><strong>sive</strong></span> <span class='ocrx_word' id='word_1_204' title='bbox 305 2828 504 2894; x_wconf 84' lang='lat' dir='ltr'><strong>infirmi,</strong></span> <span class='ocrx_word' id='word_1_205' title='bbox 544 2833 670 2886; x_wconf 84' lang='lat' dir='ltr'><strong>sive</strong></span> <span class='ocrx_word' id='word_1_206' title='bbox 698 2831 886 2898; x_wconf 83' lang='lat' dir='ltr'><strong>fortes,</strong></span> <span class='ocrx_word' id='word_1_207' title='bbox 924 2832 1124 2889; x_wconf 84' lang='lat' dir='ltr'><strong>habent</strong></span> <span class='ocrx_word' id='word_1_208' title='bbox 1147 2828 1209 2889; x_wconf 85' lang='lat' dir='ltr'><strong>in</strong></span> <span class='ocrx_word' id='word_1_209' title='bbox 1238 2849 1304 2891; x_wconf 91' lang='lat' dir='ltr'><strong>ea</strong></span> <span class='ocrx_word' id='word_1_210' title='bbox 1331 2843 1387 2891; x_wconf 88' lang='lat' dir='ltr'><strong>et</strong></span> <span class='ocrx_word' id='word_1_211' title='bbox 1415 2835 1559 2893; x_wconf 89' lang='lat' dir='ltr'><strong>unde</strong></span> <span class='ocrx_word' id='word_1_212' title='bbox 1587 2828 1744 2894; x_wconf 58' lang='lat' dir='ltr'><strong>al&#39;an;</strong></span> 
     </span>
    </p>
   </div>
   <div class='ocr_carea' id='block_1_31' title="bbox 195 2903 837 2963">
    <p class='ocr_par' dir='ltr' id='par_1_31' title="bbox 195 2903 837 2963">
     <span class='ocr_line' id='line_1_31' title="bbox 195 2903 837 2963; baseline 0.017 -14"><span class='ocrx_word' id='word_1_213' title='bbox 195 2908 279 2963; x_wconf 90' lang='lat' dir='ltr'><strong>tur,</strong></span> <span class='ocrx_word' id='word_1_214' title='bbox 305 2910 351 2954; x_wconf 88' lang='lat' dir='ltr'><strong>et</strong></span> <span class='ocrx_word' id='word_1_215' title='bbox 377 2903 509 2957; x_wconf 89' lang='lat' dir='ltr'><strong>unde</strong></span> <span class='ocrx_word' id='word_1_216' title='bbox 538 2903 837 2960; x_wconf 84' lang='lat' dir='ltr'><strong>satientur.</strong></span> 
     </span>
    </p>
   </div>
   <div class='ocr_carea' id='block_1_32' title="bbox 194 2987 1380 3064">
    <p class='ocr_par' dir='ltr' id='par_1_32' title="bbox 194 2987 1380 3064">
     <span class='ocr_line' id='line_1_32' title="bbox 194 2987 1380 3064; baseline 0.008 -22"><span class='ocrx_word' id='word_1_217' title='bbox 194 2987 385 3046; x_wconf 72' lang='lat' dir='ltr'><strong>Erueret</strong></span> <span class='ocrx_word' id='word_1_218' title='bbox 410 2992 547 3048; x_wconf 87' lang='lat' dir='ltr'><strong>Deus</strong></span> <span class='ocrx_word' id='word_1_219' title='bbox 575 3002 641 3047; x_wconf 91' lang='lat' dir='ltr'><strong>ut</strong></span> <span class='ocrx_word' id='word_1_220' title='bbox 665 3003 800 3047; x_wconf 85' lang='lat' dir='ltr'><strong>tetra</strong></span> <span class='ocrx_word' id='word_1_221' title='bbox 832 2993 1065 3064; x_wconf 82' lang='lat' dir='ltr'><strong>caligine</strong></span> <span class='ocrx_word' id='word_1_222' title='bbox 1095 2994 1380 3064; x_wconf 90' lang='lat' dir='ltr'><strong>mundum,</strong></span> 
     </span>
    </p>
   </div>
   <div class='ocr_carea' id='block_1_33' title="bbox 249 3080 1356 3154">
    <p class='ocr_par' dir='ltr' id='par_1_33' title="bbox 249 3080 1356 3154">
     <span class='ocr_line' id='line_1_33' title="bbox 249 3080 1356 3154; baseline 0.005 -18"><span class='ocrx_word' id='word_1_223' title='bbox 249 3080 488 3139; x_wconf 65' lang='lat' dir='ltr'><strong>Doctrina)</strong></span> <span class='ocrx_word' id='word_1_224' title='bbox 510 3083 769 3139; x_wconf 84' lang='lat' dir='ltr'><strong>accendit</strong></span> <span class='ocrx_word' id='word_1_225' title='bbox 797 3084 983 3140; x_wconf 90' lang='lat' dir='ltr'><strong>lumen</strong></span> <span class='ocrx_word' id='word_1_226' title='bbox 1006 3087 1317 3154; x_wconf 68' lang='lat' dir='ltr'><strong>apostolicae</strong></span> <span class='ocrx_word' id='word_1_227' title='bbox 1344 3105 1356 3141; x_wconf 91' lang='lat'><strong>:</strong></span> 
     </span>
    </p>
   </div>
   <div class='ocr_carea' id='block_1_34' title="bbox 193 3172 1525 3252">
    <p class='ocr_par' dir='ltr' id='par_1_34' title="bbox 193 3172 1525 3252">
     <span class='ocr_line' id='line_1_34' title="bbox 193 3172 1525 3252; baseline 0.009 -26"><span class='ocrx_word' id='word_1_228' title='bbox 193 3172 295 3240; x_wconf 71' lang='lat' dir='ltr'><strong>Quae</strong></span> <span class='ocrx_word' id='word_1_229' title='bbox 321 3178 466 3232; x_wconf 89' lang='lat' dir='ltr'><strong>nullis</strong></span> <span class='ocrx_word' id='word_1_230' title='bbox 493 3179 716 3244; x_wconf 88' lang='lat' dir='ltr'><strong>animis,</strong></span> <span class='ocrx_word' id='word_1_231' title='bbox 746 3179 910 3234; x_wconf 87' lang='lat' dir='ltr'><strong>nullis</strong></span> <span class='ocrx_word' id='word_1_232' title='bbox 936 3196 1043 3235; x_wconf 86' lang='lat' dir='ltr'><strong>non</strong></span> <span class='ocrx_word' id='word_1_233' title='bbox 1071 3184 1319 3252; x_wconf 88' lang='lat' dir='ltr'><strong>congruit</strong></span> <span class='ocrx_word' id='word_1_234' title='bbox 1342 3183 1525 3252; x_wconf 82' lang='lat' dir='ltr'><strong>annis,</strong></span> 
     </span>
    </p>
   </div>
   <div class='ocr_carea' id='block_1_35' title="bbox 248 3265 1528 3341">
    <p class='ocr_par' dir='ltr' id='par_1_35' title="bbox 248 3265 1528 3341">
     <span class='ocr_line' id='line_1_35' title="bbox 248 3265 1528 3341; baseline 0.009 -22"><span class='ocrx_word' id='word_1_235' title='bbox 248 3265 387 3322; x_wconf 88' lang='lat' dir='ltr'><strong>Lacte</strong></span> <span class='ocrx_word' id='word_1_236' title='bbox 410 3268 591 3338; x_wconf 86' lang='lat' dir='ltr'><strong>rigans</strong></span> <span class='ocrx_word' id='word_1_237' title='bbox 626 3268 642 3307; x_wconf 78' lang='grc' dir='ltr'>ί</span> <span class='ocrx_word' id='word_1_238' title='bbox 680 3286 897 3339; x_wconf 90' lang='lat' dir='ltr'><strong>parvos,</strong></span> <span class='ocrx_word' id='word_1_239' title='bbox 928 3288 1064 3341; x_wconf 89' lang='lat' dir='ltr'><strong>pane</strong></span> <span class='ocrx_word' id='word_1_240' title='bbox 1091 3273 1280 3330; x_wconf 87' lang='lat' dir='ltr'><strong>cibans</strong></span> <span class='ocrx_word' id='word_1_241' title='bbox 1298 3277 1528 3332; x_wconf 89' lang='lat' dir='ltr'><strong>validos.</strong></span> 
     </span>
    </p>
   </div>
   <div class='ocr_carea' id='block_1_36' title="bbox 192 3352 1704 3438">
    <p class='ocr_par' dir='ltr' id='par_1_36' title="bbox 192 3352 1704 3438">
     <span class='ocr_line' id='line_1_36' title="bbox 192 3352 1704 3438; baseline 0.011 -31"><span class='ocrx_word' id='word_1_242' title='bbox 192 3352 284 3410; x_wconf 82' lang='lat' dir='ltr'><strong>Non</strong></span> <span class='ocrx_word' id='word_1_243' title='bbox 311 3368 529 3429; x_wconf 90' lang='lat' dir='ltr'><strong>tempus,</strong></span> <span class='ocrx_word' id='word_1_244' title='bbox 563 3360 580 3413; x_wconf 87' lang='lat' dir='ltr'><strong>i</strong></span> <span class='ocrx_word' id='word_1_245' title='bbox 628 3376 735 3415; x_wconf 90' lang='lat' dir='ltr'><strong>non</strong></span> <span class='ocrx_word' id='word_1_246' title='bbox 765 3376 930 3417; x_wconf 85' lang='lat' dir='ltr'><strong>sexus</strong></span> <span class='ocrx_word' id='word_1_247' title='bbox 964 3363 1110 3432; x_wconf 89' lang='lat' dir='ltr'><strong>huic,</strong></span> <span class='ocrx_word' id='word_1_248' title='bbox 1143 3380 1249 3420; x_wconf 92' lang='lat' dir='ltr'><strong>non</strong></span> <span class='ocrx_word' id='word_1_249' title='bbox 1280 3381 1447 3423; x_wconf 90' lang='lat' dir='ltr'><strong>causa</strong></span> <span class='ocrx_word' id='word_1_250' title='bbox 1478 3368 1704 3438; x_wconf 81' lang='lat' dir='ltr'><strong>resistit,</strong></span> 
     </span>
    </p>
   </div>
   <div class='ocr_carea' id='block_1_37' title="bbox 245 3447 1348 3528">
    <p class='ocr_par' dir='ltr' id='par_1_37' title="bbox 245 3447 1348 3528">
     <span class='ocr_line' id='line_1_37' title="bbox 245 3447 1348 3528; baseline 0.012 -26"><span class='ocrx_word' id='word_1_251' title='bbox 245 3447 418 3505; x_wconf 88' lang='lat' dir='ltr'><strong>Omnes</strong></span> <span class='ocrx_word' id='word_1_252' title='bbox 446 3462 627 3519; x_wconf 89' lang='lat' dir='ltr'><strong>curat,</strong></span> <span class='ocrx_word' id='word_1_253' title='bbox 658 3453 771 3519; x_wconf 86' lang='lat' dir='ltr'><strong>alit,</strong></span> <span class='ocrx_word' id='word_1_254' title='bbox 796 3454 1080 3524; x_wconf 86' lang='lat' dir='ltr'><strong>justillcat,</strong></span> <span class='ocrx_word' id='word_1_255' title='bbox 1112 3466 1348 3528; x_wconf 83' lang='lat' dir='ltr'><strong>vegetat.</strong></span> 
     </span>
    </p>
   </div>
   <div class='ocr_carea' id='block_1_38' title="bbox 191 3536 1633 3622">
    <p class='ocr_par' dir='ltr' id='par_1_38' title="bbox 191 3536 1633 3622">
     <span class='ocr_line' id='line_1_38' title="bbox 191 3536 1633 3622; baseline 0.014 -30"><span class='ocrx_word' id='word_1_256' title='bbox 191 3536 362 3597; x_wconf 89' lang='lat' dir='ltr'><strong>Sumite</strong></span> <span class='ocrx_word' id='word_1_257' title='bbox 384 3559 499 3613; x_wconf 63' lang='lat' dir='ltr'><strong>quae</strong></span> <span class='ocrx_word' id='word_1_258' title='bbox 524 3561 744 3618; x_wconf 70' lang='lat' dir='ltr'><strong>magna:</strong></span> <span class='ocrx_word' id='word_1_259' title='bbox 772 3549 1024 3618; x_wconf 90' lang='lat' dir='ltr'><strong>apposuit</strong></span> <span class='ocrx_word' id='word_1_260' title='bbox 1049 3547 1075 3588; x_wconf 65' lang='grc' dir='ltr'>ι</span> <span class='ocrx_word' id='word_1_261' title='bbox 1108 3549 1378 3622; x_wconf 86' lang='lat' dir='ltr'><strong>Sapientia</strong></span> <span class='ocrx_word' id='word_1_262' title='bbox 1409 3568 1633 3622; x_wconf 72' lang='lat' dir='ltr'><strong>mensa),</strong></span> 
     </span>
    </p>
   </div>
   <div class='ocr_carea' id='block_1_39' title="bbox 244 3633 1138 3709">
    <p class='ocr_par' dir='ltr' id='par_1_39' title="bbox 244 3633 1138 3709">
     <span class='ocr_line' id='line_1_39' title="bbox 244 3633 1138 3709; baseline 0.009 -21"><span class='ocrx_word' id='word_1_263' title='bbox 244 3633 302 3689; x_wconf 81' lang='lat' dir='ltr'><strong>Et</strong></span> <span class='ocrx_word' id='word_1_264' title='bbox 321 3639 470 3692; x_wconf 87' lang='lat' dir='ltr'><strong>variis</strong></span> <span class='ocrx_word' id='word_1_265' title='bbox 497 3638 653 3709; x_wconf 89' lang='lat' dir='ltr'><strong>pasci</strong></span> <span class='ocrx_word' id='word_1_266' title='bbox 678 3638 873 3696; x_wconf 89' lang='lat' dir='ltr'><strong>discite</strong></span> <span class='ocrx_word' id='word_1_267' title='bbox 904 3640 1138 3697; x_wconf 89' lang='lat' dir='ltr'><strong>deliciis.</strong></span> 
     </span>
    </p>
   </div>
   <div class='ocr_carea' id='block_1_40' title="bbox 189 3728 1741 3814">
    <p class='ocr_par' dir='ltr' id='par_1_40' title="bbox 189 3728 1741 3814">
     <span class='ocr_line' id='line_1_40' title="bbox 189 3728 1741 3814; baseline 0.011 -32"><span class='ocrx_word' id='word_1_268' title='bbox 189 3730 385 3796; x_wconf 74' lang='lat' dir='ltr'><strong>Quarum</strong></span> <span class='ocrx_word' id='word_1_269' title='bbox 419 3728 747 3805; x_wconf 66' lang='lat' dir='ltr'><strong>pars‘lotum</strong></span> <span class='ocrx_word' id='word_1_270' title='bbox 787 3744 878 3793; x_wconf 77' lang='lat' dir='ltr'><strong>est</strong></span> <span class='ocrx_word' id='word_1_271' title='bbox 905 3738 1145 3809; x_wconf 90' lang='lat' dir='ltr'><strong>epulum,</strong></span> <span class='ocrx_word' id='word_1_272' title='bbox 1173 3747 1230 3795; x_wconf 88' lang='lat' dir='ltr'><strong>et</strong></span> <span class='ocrx_word' id='word_1_273' title='bbox 1255 3754 1364 3810; x_wconf 90' lang='lat' dir='ltr'><strong>quo</strong></span> <span class='ocrx_word' id='word_1_274' title='bbox 1399 3740 1628 3813; x_wconf 90' lang='lat' dir='ltr'><strong>quisque</strong></span> <span class='ocrx_word' id='word_1_275' title='bbox 1652 3744 1741 3814; x_wconf 85' lang='lat' dir='ltr'><strong>ju-</strong></span> 
     </span>
    </p>
   </div>
   <div class='ocr_carea' id='block_1_41' title="bbox 364 3837 540 3897">
    <p class='ocr_par' dir='ltr' id='par_1_41' title="bbox 364 3837 540 3897">
     <span class='ocr_line' id='line_1_41' title="bbox 364 3837 540 3897; baseline 0.017 -16"><span class='ocrx_word' id='word_1_276' title='bbox 364 3837 540 3897; x_wconf 88' lang='lat' dir='ltr'><strong>vatur,</strong></span> 
     </span>
    </p>
   </div>
   <div class='ocr_carea' id='block_1_42' title="bbox 243 3920 1416 3998">
    <p class='ocr_par' dir='ltr' id='par_1_42' title="bbox 243 3920 1416 3998">
     <span class='ocr_line' id='line_1_42' title="bbox 243 3920 1416 3998; baseline 0.008 -24"><span class='ocrx_word' id='word_1_277' title='bbox 243 3920 354 3980; x_wconf 84' lang='lat' dir='ltr'><strong>inde</strong></span> <span class='ocrx_word' id='word_1_278' title='bbox 379 3927 517 3998; x_wconf 86' lang='lat' dir='ltr'><strong>capit</strong></span> <span class='ocrx_word' id='word_1_279' title='bbox 545 3928 741 3998; x_wconf 87' lang='lat' dir='ltr'><strong>vitam,</strong></span> <span class='ocrx_word' id='word_1_280' title='bbox 772 3943 935 3998; x_wconf 90' lang='lat' dir='ltr'><strong>quam</strong></span> <span class='ocrx_word' id='word_1_281' title='bbox 967 3928 1107 3998; x_wconf 88' lang='lat' dir='ltr'><strong>parit</strong></span> <span class='ocrx_word' id='word_1_282' title='bbox 1129 3943 1235 3983; x_wconf 91' lang='lat' dir='ltr'><strong>una</strong></span> <span class='ocrx_word' id='word_1_283' title='bbox 1264 3927 1416 3984; x_wconf 82' lang='lat' dir='ltr'><strong>fides.</strong></span> 
     </span>
    </p>
   </div>
   <div class='ocr_carea' id='block_1_43' title="bbox 607 4019 1271 4089">
    <p class='ocr_par' dir='ltr' id='par_1_43' title="bbox 607 4019 1271 4089">
     <span class='ocr_line' id='line_1_43' title="bbox 607 4019 1271 4089; baseline -0.005 -13"><span class='ocrx_word' id='word_1_284' title='bbox 607 4019 704 4076; x_wconf 82' lang='lat' dir='ltr'><strong>IX.</strong></span> <span class='ocrx_word' id='word_1_285' title='bbox 734 4019 815 4074; x_wconf 89' lang='lat' dir='ltr'><strong>De</strong></span> <span class='ocrx_word' id='word_1_286' title='bbox 838 4019 1111 4089; x_wconf 78' lang='lat' dir='ltr'><strong>quwrendo</strong></span> <span class='ocrx_word' id='word_1_287' title='bbox 1138 4019 1271 4074; x_wconf 88' lang='lat' dir='ltr'><strong>Deo.</strong></span> 
     </span>
    </p>
   </div>
   <div class='ocr_carea' id='block_1_44' title="bbox 243 4104 1734 4181">
    <p class='ocr_par' dir='ltr' id='par_1_44' title="bbox 243 4104 1734 4181">
     <span class='ocr_line' id='line_1_44' title="bbox 243 4104 1734 4181; baseline 0.003 -21"><span class='ocrx_word' id='word_1_288' title='bbox 243 4104 389 4162; x_wconf 80' lang='lat' dir='ltr'><strong>Deum</strong></span> <span class='ocrx_word' id='word_1_289' title='bbox 414 4124 690 4179; x_wconf 68' lang='lat' dir='ltr'><strong>qumrens.</strong></span> <span class='ocrx_word' id='word_1_290' title='bbox 721 4111 974 4181; x_wconf 84' lang='lat' dir='ltr'><strong>gaudium</strong></span> <span class='ocrx_word' id='word_1_291' title='bbox 998 4108 1210 4180; x_wconf 69' lang='lat' dir='ltr'><strong>quaerit.</strong></span> <span class='ocrx_word' id='word_1_292' title='bbox 1245 4110 1334 4166; x_wconf 91' lang='lat' dir='ltr'><strong>Sic</strong></span> <span class='ocrx_word' id='word_1_293' title='bbox 1356 4124 1485 4179; x_wconf 90' lang='lat' dir='ltr'><strong>ergo</strong></span> <span class='ocrx_word' id='word_1_294' title='bbox 1506 4121 1734 4179; x_wconf 77' lang='lat' dir='ltr'><strong>qnzerat,</strong></span> 
     </span>
    </p>
   </div>
   <div class='ocr_carea' id='block_1_45' title="bbox 185 4181 1738 4254">
    <p class='ocr_par' dir='ltr' id='par_1_45' title="bbox 185 4181 1738 4254">
     <span class='ocr_line' id='line_1_45' title="bbox 185 4181 1738 4254; baseline 0.004 -25"><span class='ocrx_word' id='word_1_295' title='bbox 185 4182 356 4254; x_wconf 70' lang='lat' dir='ltr'><strong>Dinon</strong></span> <span class='ocrx_word' id='word_1_296' title='bbox 394 4181 445 4254; x_wconf 82' lang='lat' dir='ltr'><strong>in</strong></span> <span class='ocrx_word' id='word_1_297' title='bbox 475 4198 567 4254; x_wconf 70' lang='lat' dir='ltr'><strong>se,</strong></span> <span class='ocrx_word' id='word_1_298' title='bbox 612 4183 710 4254; x_wconf 89' lang='lat' dir='ltr'><strong>sed</strong></span> <span class='ocrx_word' id='word_1_299' title='bbox 746 4184 805 4254; x_wconf 87' lang='lat' dir='ltr'><strong>in</strong></span> <span class='ocrx_word' id='word_1_300' title='bbox 856 4181 1086 4254; x_wconf 88' lang='lat' dir='ltr'><strong>Domino</strong></span> <span class='ocrx_word' id='word_1_301' title='bbox 1128 4181 1377 4250; x_wconf 84' lang='lat' dir='ltr'><strong>gaudeat.</strong></span> <span class='ocrx_word' id='word_1_302' title='bbox 1410 4182 1738 4237; x_wconf 77' lang='lat' dir='ltr'><strong>Accedendo</strong></span> 
     </span>
    </p>
   </div>
   <div class='ocr_carea' id='block_1_46' title="bbox 182 4247 1734 4321">
    <p class='ocr_par' dir='ltr' id='par_1_46' title="bbox 182 4247 1734 4321">
     <span class='ocr_line' id='line_1_46' title="bbox 182 4247 1734 4321; baseline 0.01 -28"><span class='ocrx_word' id='word_1_303' title='bbox 182 4247 302 4299; x_wconf 91' lang='lat' dir='ltr'><strong>enim</strong></span> <span class='ocrx_word' id='word_1_304' title='bbox 328 4247 350 4321; x_wconf 14' lang='grc' dir='ltr'><strong>γι</strong></span> <span class='ocrx_word' id='word_1_305' title='bbox 382 4251 445 4321; x_wconf 81' lang='lat' dir='ltr'><strong>ad</strong></span> <span class='ocrx_word' id='word_1_306' title='bbox 473 4252 668 4317; x_wconf 90' lang='lat' dir='ltr'><strong>Deum,</strong></span> <span class='ocrx_word' id='word_1_307' title='bbox 702 4253 1034 4307; x_wconf 88' lang='lat' dir='ltr'><strong>illuminatur</strong></span> <span class='ocrx_word' id='word_1_308' title='bbox 1061 4247 1364 4321; x_wconf 73' lang='lat' dir='ltr'><strong>ignorantia</strong></span> <span class='ocrx_word' id='word_1_309' title='bbox 1396 4262 1450 4305; x_wconf 88' lang='lat' dir='ltr'><strong>et</strong></span> <span class='ocrx_word' id='word_1_310' title='bbox 1474 4253 1734 4309; x_wconf 57' lang='lat' dir='ltr'><strong>corrohoc</strong></span> 
     </span>
    </p>
   </div>
   <div class='ocr_carea' id='block_1_47' title="bbox 183 4318 1733 4393">
    <p class='ocr_par' dir='ltr' id='par_1_47' title="bbox 183 4318 1733 4393">
     <span class='ocr_line' id='line_1_47' title="bbox 183 4318 1733 4393; baseline 0.012 -31"><span class='ocrx_word' id='word_1_311' title='bbox 183 4326 308 4393; x_wconf 79' lang='lat' dir='ltr'><strong>ratur</strong></span> <span class='ocrx_word' id='word_1_312' title='bbox 327 4318 627 4393; x_wconf 82' lang='lat' dir='ltr'><strong>inﬁrmitas,</strong></span> <span class='ocrx_word' id='word_1_313' title='bbox 657 4323 779 4376; x_wconf 89' lang='lat' dir='ltr'><strong>data</strong></span> <span class='ocrx_word' id='word_1_314' title='bbox 808 4323 910 4376; x_wconf 86' lang='lat' dir='ltr'><strong>sibi</strong></span> <span class='ocrx_word' id='word_1_315' title='bbox 937 4330 993 4377; x_wconf 87' lang='lat' dir='ltr'><strong>et</strong></span> <span class='ocrx_word' id='word_1_316' title='bbox 1018 4318 1379 4393; x_wconf 72' lang='lat' dir='ltr'><strong>intelligentia</strong></span> <span class='ocrx_word' id='word_1_317' title='bbox 1401 4338 1506 4392; x_wconf 88' lang='lat' dir='ltr'><strong>qua</strong></span> <span class='ocrx_word' id='word_1_318' title='bbox 1532 4324 1733 4392; x_wconf 86' lang='lat' dir='ltr'><strong>videat,</strong></span> 
     </span>
    </p>
   </div>
   <div class='ocr_carea' id='block_1_48' title="bbox 180 4388 939 4463">
    <p class='ocr_par' dir='ltr' id='par_1_48' title="bbox 180 4388 939 4463">
     <span class='ocr_line' id='line_1_48' title="bbox 180 4388 939 4463; baseline 0.014 -27"><span class='ocrx_word' id='word_1_319' title='bbox 180 4393 223 4437; x_wconf 89' lang='lat' dir='ltr'><strong>et</strong></span> <span class='ocrx_word' id='word_1_320' title='bbox 246 4388 488 4448; x_wconf 83' lang='lat' dir='ltr'><strong>charitate</strong></span> <span class='ocrx_word' id='word_1_321' title='bbox 518 4402 561 4430; x_wconf 80' lang='grc' dir='ltr'><strong>ιιι</strong></span> <span class='ocrx_word' id='word_1_322' title='bbox 581 4408 688 4463; x_wconf 86' lang='lat' dir='ltr'><strong>qua</strong></span> <span class='ocrx_word' id='word_1_323' title='bbox 716 4394 939 4449; x_wconf 86' lang='lat' dir='ltr'><strong>serviat.</strong></span> 
     </span>
    </p>
   </div>
   <div class='ocr_carea' id='block_1_49' title="bbox 236 4528 1228 4602">
    <p class='ocr_par' dir='ltr' id='par_1_49' title="bbox 236 4528 1228 4602">
     <span class='ocr_line' id='line_1_49' title="bbox 236 4528 1228 4602; baseline 0 -18"><span class='ocrx_word' id='word_1_324' title='bbox 236 4534 258 4602; x_wconf 58' lang='grc' dir='ltr'><strong><em>ξ</em></strong></span> <span class='ocrx_word' id='word_1_325' title='bbox 283 4528 370 4602; x_wconf 73' lang='lat' dir='ltr'><strong>Ms.</strong></span> <span class='ocrx_word' id='word_1_326' title='bbox 398 4530 613 4600; x_wconf 89' lang='lat' dir='ltr'><strong>Camb.,</strong></span> <span class='ocrx_word' id='word_1_327' title='bbox 642 4530 725 4586; x_wconf 86' lang='lat' dir='ltr'><strong>De</strong></span> <span class='ocrx_word' id='word_1_328' title='bbox 748 4548 868 4587; x_wconf 82' lang='lat' dir='ltr'><strong>vera</strong></span> <span class='ocrx_word' id='word_1_329' title='bbox 889 4531 1228 4602; x_wconf 77' lang='lat' dir='ltr'><strong>confessione.</strong></span> 
     </span>
    </p>
   </div>
   <div class='ocr_carea' id='block_1_50' title="bbox 210 4594 1738 4673">
    <p class='ocr_par' dir='ltr' id='par_1_50' title="bbox 210 4594 1738 4673">
     <span class='ocr_line' id='line_1_50' title="bbox 210 4594 1738 4673; baseline -0.003 -11"><span class='ocrx_word' id='word_1_330' title='bbox 210 4594 401 4673; x_wconf 63' lang='lat' dir='ltr'><strong>_b_llss.</strong></span> <span class='ocrx_word' id='word_1_331' title='bbox 432 4594 621 4659; x_wconf 64' lang='lat' dir='ltr'><strong>Camb.</strong></span> <span class='ocrx_word' id='word_1_332' title='bbox 650 4612 708 4658; x_wconf 89' lang='lat' dir='ltr'><strong>et</strong></span> <span class='ocrx_word' id='word_1_333' title='bbox 736 4594 1081 4663; x_wconf 60' lang='lat' dir='ltr'><strong>Theod.,&#39;De</strong></span> <span class='ocrx_word' id='word_1_334' title='bbox 1118 4602 1388 4656; x_wconf 81' lang='lat' dir='ltr'><strong>dilectione</strong></span> <span class='ocrx_word' id='word_1_335' title='bbox 1419 4601 1510 4656; x_wconf 90' lang='lat' dir='ltr'><strong>Dei</strong></span> <span class='ocrx_word' id='word_1_336' title='bbox 1535 4612 1582 4657; x_wconf 84' lang='lat' dir='ltr'><strong>et</strong></span> <span class='ocrx_word' id='word_1_337' title='bbox 1618 4619 1738 4673; x_wconf 82' lang='lat' dir='ltr'><strong>pro-</strong></span> 
     </span>
    </p>
   </div>
   <div class='ocr_carea' id='block_1_51' title="bbox 177 4669 1493 4741">
    <p class='ocr_par' dir='ltr' id='par_1_51' title="bbox 177 4669 1493 4741">
     <span class='ocr_line' id='line_1_51' title="bbox 177 4669 1493 4741; baseline 0.005 -24"><span class='ocrx_word' id='word_1_338' title='bbox 177 4669 311 4741; x_wconf 66' lang='lat' dir='ltr'><strong>trimi.</strong></span> <span class='ocrx_word' id='word_1_339' title='bbox 326 4671 418 4727; x_wconf 88' lang='lat' dir='ltr'><strong>Ms.</strong></span> <span class='ocrx_word' id='word_1_340' title='bbox 452 4673 687 4741; x_wconf 83' lang='lat' dir='ltr'><strong>Tlieod.,</strong></span> <span class='ocrx_word' id='word_1_341' title='bbox 715 4683 763 4727; x_wconf 88' lang='lat' dir='ltr'><strong>et</strong></span> <span class='ocrx_word' id='word_1_342' title='bbox 792 4675 857 4729; x_wconf 81' lang='lat' dir='ltr'><strong>de</strong></span> <span class='ocrx_word' id='word_1_343' title='bbox 874 4676 1058 4728; x_wconf 74' lang='lat' dir='ltr'><strong>virtute</strong></span> <span class='ocrx_word' id='word_1_344' title='bbox 1078 4673 1347 4728; x_wconf 86' lang='lat' dir='ltr'><strong>charitatis</strong></span> <span class='ocrx_word' id='word_1_345' title='bbox 1375 4672 1493 4727; x_wconf 88' lang='lat' dir='ltr'><strong>Dei.</strong></span> 
     </span>
    </p>
   </div>
   <div class='ocr_carea' id='block_1_52' title="bbox 202 4740 1736 4855">
    <p class='ocr_par' dir='ltr' id='par_1_52' title="bbox 202 4740 1736 4855">
     <span class='ocr_line' id='line_1_52' title="bbox 202 4740 1736 4855; baseline -0.001 -57"><span class='ocrx_word' id='word_1_346' title='bbox 202 4740 373 4855; x_wconf 40' lang='grc' dir='ltr'><strong>’,Σήεῖέῖ</strong></span> <span class='ocrx_word' id='word_1_347' title='bbox 406 4758 536 4803; x_wconf 88' lang='lat' dir='ltr'><strong>mss.</strong></span> <span class='ocrx_word' id='word_1_348' title='bbox 585 4760 682 4800; x_wconf 91' lang='lat' dir='ltr'><strong>sex</strong></span> <span class='ocrx_word' id='word_1_349' title='bbox 707 4756 762 4800; x_wconf 90' lang='lat' dir='ltr'><strong>et</strong></span> <span class='ocrx_word' id='word_1_350' title='bbox 792 4745 926 4801; x_wconf 82' lang='lat' dir='ltr'><strong>Ven.</strong></span> <span class='ocrx_word' id='word_1_351' title='bbox 959 4745 1088 4800; x_wconf 90' lang='lat' dir='ltr'><strong>edit.</strong></span> <span class='ocrx_word' id='word_1_352' title='bbox 1132 4744 1237 4799; x_wconf 87' lang='lat' dir='ltr'><strong>Alii</strong></span> <span class='ocrx_word' id='word_1_353' title='bbox 1284 4745 1499 4800; x_wconf 88' lang='lat' dir='ltr'><strong>codices</strong></span> <span class='ocrx_word' id='word_1_354' title='bbox 1527 4744 1736 4813; x_wconf 82' lang='lat' dir='ltr'><strong>excusi,</strong></span> 
     </span>
    </p>
   </div>
   <div class='ocr_carea' id='block_1_53' title="bbox 176 4821 392 4866">
    <p class='ocr_par' dir='ltr' id='par_1_53' title="bbox 176 4821 392 4866">
     <span class='ocr_line' id='line_1_53' title="bbox 176 4821 392 4866; baseline 0.032 -11"><span class='ocrx_word' id='word_1_355' title='bbox 176 4821 392 4866; x_wconf 70' lang='grc' dir='ltr'><strong>τηαηιαε.</strong></span> 
     </span>
    </p>
   </div>
   <div class='ocr_carea' id='block_1_54' title="bbox 232 4874 1740 4955">
    <p class='ocr_par' dir='ltr' id='par_1_54' title="bbox 232 4874 1740 4955">
     <span class='ocr_line' id='line_1_54' title="bbox 232 4874 1740 4955; baseline 0.005 -22"><span class='ocrx_word' id='word_1_356' title='bbox 232 4874 255 4912; x_wconf 72' lang='grc' dir='ltr'><strong><em>ἀ</em></strong></span> <span class='ocrx_word' id='word_1_357' title='bbox 280 4881 396 4955; x_wconf 84' lang='lat' dir='ltr'><strong>M_ss.</strong></span> <span class='ocrx_word' id='word_1_358' title='bbox 427 4900 520 4939; x_wconf 90' lang='lat' dir='ltr'><strong>sex</strong></span> <span class='ocrx_word' id='word_1_359' title='bbox 547 4900 673 4941; x_wconf 90' lang='lat' dir='ltr'><strong>cum</strong></span> <span class='ocrx_word' id='word_1_360' title='bbox 700 4885 831 4943; x_wconf 90' lang='lat' dir='ltr'><strong>edit.</strong></span> <span class='ocrx_word' id='word_1_361' title='bbox 862 4884 1028 4953; x_wconf 78' lang='lat' dir='ltr'><strong>Ven.,</strong></span> <span class='ocrx_word' id='word_1_362' title='bbox 1056 4887 1258 4941; x_wconf 80' lang='lat' dir='ltr'><strong>transit.</strong></span> <span class='ocrx_word' id='word_1_363' title='bbox 1283 4884 1550 4955; x_wconf 64' lang='lat' dir='ltr'><strong>Reliqua},</strong></span> <span class='ocrx_word' id='word_1_364' title='bbox 1580 4885 1740 4940; x_wconf 75' lang='lat' dir='ltr'><strong>vincit</strong></span> 
     </span>
    </p>
   </div>
   <div class='ocr_carea' id='block_1_55' title="bbox 174 4951 605 5013">
    <p class='ocr_par' dir='ltr' id='par_1_55' title="bbox 174 4951 605 5013">
     <span class='ocr_line' id='line_1_55' title="bbox 174 4951 605 5013; baseline 0.028 -14"><span class='ocrx_word' id='word_1_365' title='bbox 174 4960 277 5001; x_wconf 87' lang='lat' dir='ltr'><strong>cum</strong></span> <span class='ocrx_word' id='word_1_366' title='bbox 298 4951 440 5008; x_wconf 87' lang='lat' dir='ltr'><strong>Colb.</strong></span> <span class='ocrx_word' id='word_1_367' title='bbox 472 4971 605 5013; x_wconf 87' lang='lat' dir='ltr'><strong>uno.</strong></span> 
     </span>
    </p>
   </div>
   <div class='ocr_carea' id='block_1_56' title="bbox 235 5021 873 5098">
    <p class='ocr_par' dir='ltr' id='par_1_56' title="bbox 235 5021 873 5098">
     <span class='ocr_line' id='line_1_56' title="bbox 235 5021 873 5098; baseline 0.002 -22"><span class='ocrx_word' id='word_1_368' title='bbox 235 5028 255 5098; x_wconf 72' lang='grc' dir='ltr'><strong>ξ</strong></span> <span class='ocrx_word' id='word_1_369' title='bbox 283 5021 446 5098; x_wconf 63' lang='grc' dir='ltr'><strong>Ιςῖρἰἱο</strong></span> <span class='ocrx_word' id='word_1_370' title='bbox 476 5026 640 5090; x_wconf 82' lang='lat' dir='ltr'><strong>Ven.,</strong></span> <span class='ocrx_word' id='word_1_371' title='bbox 668 5025 873 5098; x_wconf 75' lang='lat' dir='ltr'><strong>diligat.</strong></span> 
     </span>
    </p>
   </div>
   <div class='ocr_carea' id='block_1_57' title="bbox 234 5085 1733 5166">
    <p class='ocr_par' dir='ltr' id='par_1_57' title="bbox 234 5085 1733 5166">
     <span class='ocr_line' id='line_1_57' title="bbox 234 5085 1733 5166; baseline 0.004 -20"><span class='ocrx_word' id='word_1_372' title='bbox 234 5085 251 5125; x_wconf 81' lang='grc'><strong><em>¹</em></strong></span> <span class='ocrx_word' id='word_1_373' title='bbox 286 5090 407 5150; x_wconf 82' lang='lat' dir='ltr'><strong>Mss.</strong></span> <span class='ocrx_word' id='word_1_374' title='bbox 453 5085 693 5165; x_wconf 84' lang='lat' dir='ltr'><strong>quinque</strong></span> <span class='ocrx_word' id='word_1_375' title='bbox 725 5085 788 5153; x_wconf 43' lang='lat' dir='ltr'><strong>ei,</strong></span> <span class='ocrx_word' id='word_1_376' title='bbox 813 5096 946 5153; x_wconf 86' lang='lat' dir='ltr'><strong>Ven.</strong></span> <span class='ocrx_word' id='word_1_377' title='bbox 977 5096 1131 5164; x_wconf 91' lang='lat' dir='ltr'><strong>edit.,</strong></span> <span class='ocrx_word' id='word_1_378' title='bbox 1160 5107 1310 5166; x_wconf 86' lang='lat' dir='ltr'><strong>atque</strong></span> <span class='ocrx_word' id='word_1_379' title='bbox 1343 5097 1531 5152; x_wconf 84' lang='lat' dir='ltr'><strong>vitalis.</strong></span> <span class='ocrx_word' id='word_1_380' title='bbox 1577 5096 1733 5152; x_wconf 90' lang='lat' dir='ltr'><strong>Colb.</strong></span> 
     </span>
    </p>
   </div>
   <div class='ocr_carea' id='block_1_58' title="bbox 170 5168 804 5231">
    <p class='ocr_par' dir='ltr' id='par_1_58' title="bbox 170 5168 804 5231">
     <span class='ocr_line' id='line_1_58' title="bbox 170 5168 804 5231; baseline 0.021 -22"><span class='ocrx_word' id='word_1_381' title='bbox 170 5171 307 5225; x_wconf 82' lang='lat' dir='ltr'><strong>tinus,</strong></span> <span class='ocrx_word' id='word_1_382' title='bbox 336 5181 485 5231; x_wconf 88' lang='lat' dir='ltr'><strong>quam</strong></span> <span class='ocrx_word' id='word_1_383' title='bbox 514 5168 682 5221; x_wconf 82' lang='lat' dir='ltr'><strong>vitalis</strong></span> <span class='ocrx_word' id='word_1_384' title='bbox 712 5179 804 5223; x_wconf 86' lang='lat' dir='ltr'><strong>est.</strong></span> 
     </span>
    </p>
   </div>
   <div class='ocr_carea' id='block_1_59' title="bbox 232 5232 1049 5307">
    <p class='ocr_par' dir='ltr' id='par_1_59' title="bbox 232 5232 1049 5307">
     <span class='ocr_line' id='line_1_59' title="bbox 232 5232 1049 5307; baseline -0.004 -11"><span class='ocrx_word' id='word_1_385' title='bbox 232 5239 254 5307; x_wconf 62' lang='grc' dir='ltr'>β</span> <span class='ocrx_word' id='word_1_386' title='bbox 280 5232 370 5307; x_wconf 61' lang='grc' dir='ltr'><strong>ΜΞ.</strong></span> <span class='ocrx_word' id='word_1_387' title='bbox 393 5235 549 5307; x_wconf 80' lang='lat' dir='ltr'><strong>Colb.</strong></span> <span class='ocrx_word' id='word_1_388' title='bbox 575 5253 736 5306; x_wconf 89' lang='lat' dir='ltr'><strong>unus,</strong></span> <span class='ocrx_word' id='word_1_389' title='bbox 771 5247 1049 5307; x_wconf 73' lang='lat' dir='ltr'><strong>expertem.</strong></span> 
     </span>
    </p>
   </div>
   <div class='ocr_carea' id='block_1_60' title="bbox 230 5298 1557 5381">
    <p class='ocr_par' dir='ltr' id='par_1_60' title="bbox 230 5298 1557 5381">
     <span class='ocr_line' id='line_1_60' title="bbox 230 5298 1557 5381; baseline 0.005 -25"><span class='ocrx_word' id='word_1_390' title='bbox 230 5298 253 5381; x_wconf 59' lang='grc' dir='ltr'>ξ</span> <span class='ocrx_word' id='word_1_391' title='bbox 278 5303 368 5381; x_wconf 71' lang='lat' dir='ltr'><strong>Ms.</strong></span> <span class='ocrx_word' id='word_1_392' title='bbox 395 5306 552 5361; x_wconf 73' lang='lat' dir='ltr'><strong>Coll).</strong></span> <span class='ocrx_word' id='word_1_393' title='bbox 584 5298 743 5373; x_wconf 70' lang='lat' dir='ltr'><strong>unus,</strong></span> <span class='ocrx_word' id='word_1_394' title='bbox 772 5298 876 5381; x_wconf 68' lang='lat' dir='ltr'><strong>sine</strong></span> <span class='ocrx_word' id='word_1_395' title='bbox 903 5311 1004 5363; x_wconf 88' lang='lat' dir='ltr'><strong>sint</strong></span> <span class='ocrx_word' id='word_1_396' title='bbox 1036 5310 1231 5380; x_wconf 82' lang='lat' dir='ltr'><strong>magni,</strong></span> <span class='ocrx_word' id='word_1_397' title='bbox 1260 5310 1364 5364; x_wconf 76' lang='lat' dir='ltr'><strong>sive</strong></span> <span class='ocrx_word' id='word_1_398' title='bbox 1394 5310 1557 5381; x_wconf 86' lang='lat' dir='ltr'><strong>parvi.</strong></span> 
     </span>
    </p>
   </div>
   <div class='ocr_carea' id='block_1_61' title="bbox 236 5374 1729 5449">
    <p class='ocr_par' dir='ltr' id='par_1_61' title="bbox 236 5374 1729 5449">
     <span class='ocr_line' id='line_1_61' title="bbox 236 5374 1729 5449; baseline 0.005 -23"><span class='ocrx_word' id='word_1_399' title='bbox 236 5374 249 5406; x_wconf 69' lang='grc' dir='ltr'>ί</span> <span class='ocrx_word' id='word_1_400' title='bbox 280 5374 407 5449; x_wconf 61' lang='lat' dir='ltr'><strong>Mss.</strong></span> <span class='ocrx_word' id='word_1_401' title='bbox 422 5388 673 5447; x_wconf 88' lang='lat' dir='ltr'><strong>quatuor,</strong></span> <span class='ocrx_word' id='word_1_402' title='bbox 696 5389 752 5434; x_wconf 90' lang='lat' dir='ltr'><strong>et</strong></span> <span class='ocrx_word' id='word_1_403' title='bbox 780 5380 914 5434; x_wconf 89' lang='lat' dir='ltr'><strong>Ven.</strong></span> <span class='ocrx_word' id='word_1_404' title='bbox 944 5374 1333 5449; x_wconf 52' lang='lat' dir='ltr'><strong>edit.,}:arvos.</strong></span> <span class='ocrx_word' id='word_1_405' title='bbox 1361 5374 1501 5435; x_wconf 78' lang='lat' dir='ltr'><strong>Editi</strong></span> <span class='ocrx_word' id='word_1_406' title='bbox 1523 5378 1729 5449; x_wconf 66' lang='lat' dir='ltr'><strong>catteri,</strong></span> 
     </span>
    </p>
   </div>
   <div class='ocr_carea' id='block_1_62' title="bbox 172 5446 1226 5522">
    <p class='ocr_par' dir='ltr' id='par_1_62' title="bbox 172 5446 1226 5522">
     <span class='ocr_line' id='line_1_62' title="bbox 172 5446 1226 5522; baseline 0.011 -30"><span class='ocrx_word' id='word_1_407' title='bbox 172 5456 354 5522; x_wconf 68' lang='lat' dir='ltr'><strong>pueros.</strong></span> <span class='ocrx_word' id='word_1_408' title='bbox 390 5446 583 5522; x_wconf 84' lang='lat' dir='ltr'><strong>Lugd.,</strong></span> <span class='ocrx_word' id='word_1_409' title='bbox 608 5450 869 5520; x_wconf 83' lang='lat' dir='ltr'><strong>parvulos.</strong></span> <span class='ocrx_word' id='word_1_410' title='bbox 893 5466 999 5518; x_wconf 88' lang='lat' dir='ltr'><strong>.pro</strong></span> <span class='ocrx_word' id='word_1_411' title='bbox 1023 5446 1226 5522; x_wconf 72' lang='lat' dir='ltr'><strong>paruos.</strong></span> 
     </span>
    </p>
   </div>
   <div class='ocr_carea' id='block_1_63' title="bbox 236 5512 1634 5589">
    <p class='ocr_par' dir='ltr' id='par_1_63' title="bbox 236 5512 1634 5589">
     <span class='ocr_line' id='line_1_63' title="bbox 236 5512 1634 5589; baseline 0.003 -18"><span class='ocrx_word' id='word_1_412' title='bbox 236 5513 249 5589; x_wconf 68' lang='grc' dir='ltr'><strong><em>ξ</em></strong></span> <span class='ocrx_word' id='word_1_413' title='bbox 281 5512 333 5589; x_wconf 57' lang='lat' dir='ltr'><strong>Et</strong></span> <span class='ocrx_word' id='word_1_414' title='bbox 362 5512 795 5589; x_wconf 54' lang='lat' dir='ltr'><strong>margine&#39;Duac.</strong></span> <span class='ocrx_word' id='word_1_415' title='bbox 824 5530 881 5575; x_wconf 87' lang='lat' dir='ltr'><strong>et</strong></span> <span class='ocrx_word' id='word_1_416' title='bbox 902 5512 1123 5586; x_wconf 65' lang='lat' dir='ltr'><strong>Colum,</strong></span> <span class='ocrx_word' id='word_1_417' title='bbox 1146 5522 1280 5574; x_wconf 89' lang='lat' dir='ltr'><strong>alias</strong></span> <span class='ocrx_word' id='word_1_418' title='bbox 1309 5538 1411 5574; x_wconf 87' lang='lat' dir='ltr'><strong>non</strong></span> <span class='ocrx_word' id='word_1_419' title='bbox 1436 5538 1634 5575; x_wconf 83' lang='lat' dir='ltr'><strong>sensus.</strong></span> 
     </span>
    </p>
   </div>
   <div class='ocr_carea' id='block_1_64' title="bbox 174 5578 1731 5706">
    <p class='ocr_par' dir='ltr' id='par_1_64' title="bbox 174 5578 1731 5706">
     <span class='ocr_line' id='line_1_64' title="bbox 174 5578 1731 5706; baseline 0.008 -70"><span class='ocrx_word' id='word_1_420' title='bbox 174 5578 256 5706; x_wconf 49' lang='lat'><strong>10&quot;</strong></span> <span class='ocrx_word' id='word_1_421' title='bbox 278 5578 721 5657; x_wconf 65' lang='lat' dir='ltr'><strong>Conjurfétionem</strong></span> <span class='ocrx_word' id='word_1_422' title='bbox 751 5600 801 5647; x_wconf 89' lang='lat' dir='ltr'><strong>et</strong></span> <span class='ocrx_word' id='word_1_423' title='bbox 827 5592 916 5647; x_wconf 92' lang='lat' dir='ltr'><strong>hic</strong></span> <span class='ocrx_word' id='word_1_424' title='bbox 943 5578 1149 5647; x_wconf 78' lang='lat' dir='ltr'><strong>addunt</strong></span> <span class='ocrx_word' id='word_1_425' title='bbox 1172 5606 1300 5647; x_wconf 86' lang='lat' dir='ltr'><strong>mss.</strong></span> <span class='ocrx_word' id='word_1_426' title='bbox 1327 5590 1480 5647; x_wconf 88' lang='lat' dir='ltr'><strong>Colb.</strong></span> <span class='ocrx_word' id='word_1_427' title='bbox 1511 5608 1646 5647; x_wconf 91' lang='lat' dir='ltr'><strong>unus</strong></span> <span class='ocrx_word' id='word_1_428' title='bbox 1676 5601 1731 5648; x_wconf 87' lang='lat' dir='ltr'><strong>et</strong></span> 
     </span>
    </p>
   </div>
   <div class='ocr_carea' id='block_1_65' title="bbox 203 5666 265 5705">
    <p class='ocr_par' dir='ltr' id='par_1_65' title="bbox 203 5666 265 5705">
     <span class='ocr_line' id='line_1_65' title="bbox 203 5666 265 5705; baseline 0 -2"><span class='ocrx_word' id='word_1_429' title='bbox 203 5666 265 5705; x_wconf 82' lang='lat'><strong>0|.</strong></span> 
     </span>
    </p>
   </div>
   <div class='ocr_carea' id='block_1_66' title="bbox 239 5706 1661 5802">
    <p class='ocr_par' dir='ltr' id='par_1_66' title="bbox 239 5706 1661 5802">
     <span class='ocr_line' id='line_1_66' title="bbox 239 5706 1661 5802; baseline 0.006 -24"><span class='ocrx_word' id='word_1_430' title='bbox 239 5720 255 5758; x_wconf 78' lang='grc'><strong>¹</strong></span> <span class='ocrx_word' id='word_1_431' title='bbox 283 5724 400 5783; x_wconf 86' lang='lat' dir='ltr'><strong>Mss.</strong></span> <span class='ocrx_word' id='word_1_432' title='bbox 427 5728 580 5787; x_wconf 84' lang='lat' dir='ltr'><strong>Colb.</strong></span> <span class='ocrx_word' id='word_1_433' title='bbox 624 5730 728 5789; x_wconf 89' lang='lat' dir='ltr'><strong>duo</strong></span> <span class='ocrx_word' id='word_1_434' title='bbox 756 5746 878 5790; x_wconf 86' lang='lat' dir='ltr'><strong>cum</strong></span> <span class='ocrx_word' id='word_1_435' title='bbox 910 5732 1044 5791; x_wconf 88' lang='lat' dir='ltr'><strong>edit.</strong></span> <span class='ocrx_word' id='word_1_436' title='bbox 1074 5732 1233 5802; x_wconf 71' lang='lat' dir='ltr'><strong>Ven,</strong></span> <span class='ocrx_word' id='word_1_437' title='bbox 1266 5733 1332 5787; x_wconf 87' lang='lat' dir='ltr'><strong>ad</strong></span> <span class='ocrx_word' id='word_1_438' title='bbox 1365 5706 1661 5788; x_wconf 86' lang='lat' dir='ltr'><strong>Dominum.</strong></span> 
     </span>
    </p>
   </div>
   <div class='ocr_carea' id='block_1_67' title="bbox 3338 288 3443 345">
    <p class='ocr_par' dir='ltr' id='par_1_67' title="bbox 3338 288 3443 345">
     <span class='ocr_line' id='line_1_67' title="bbox 3338 288 3443 345; baseline 0 -1"><span class='ocrx_word' id='word_1_439' title='bbox 3338 288 3443 345; x_wconf 75' lang='lat'><strong>502</strong></span> 
     </span>
    </p>
   </div>
   <div class='ocr_carea' id='block_1_68' title="bbox 1764 364 3276 473">
    <p class='ocr_par' dir='ltr' id='par_1_68' title="bbox 1764 364 3276 473">
     <span class='ocr_line' id='line_1_68' title="bbox 1764 364 3276 473; baseline 0.001 -18"><span class='ocrx_word' id='word_1_440' title='bbox 1764 407 1814 462; x_wconf 86' lang='grc' dir='ltr'><strong>Α</strong></span> <span class='ocrx_word' id='word_1_441' title='bbox 1842 398 1995 456; x_wconf 86' lang='lat' dir='ltr'><strong>Scire</strong></span> <span class='ocrx_word' id='word_1_442' title='bbox 2027 400 2193 454; x_wconf 88' lang='lat' dir='ltr'><strong>Deum</strong></span> <span class='ocrx_word' id='word_1_443' title='bbox 2220 399 2469 468; x_wconf 86' lang='lat' dir='ltr'><strong>cupiens,</strong></span> <span class='ocrx_word' id='word_1_444' title='bbox 2498 399 2734 471; x_wconf 77' lang='lat' dir='ltr'><strong>gaudere</strong></span> <span class='ocrx_word' id='word_1_445' title='bbox 2763 408 2817 454; x_wconf 88' lang='lat' dir='ltr'><strong>et</strong></span> <span class='ocrx_word' id='word_1_446' title='bbox 2851 399 3033 457; x_wconf 89' lang='lat' dir='ltr'><strong>vivere</strong></span> <span class='ocrx_word' id='word_1_447' title='bbox 3061 364 3276 473; x_wconf 63' lang='lat' dir='ltr'><strong>quaerit,</strong></span> 
     </span>
    </p>
   </div>
   <div class='ocr_carea' id='block_1_69' title="bbox 1918 488 3232 549">
    <p class='ocr_par' dir='ltr' id='par_1_69' title="bbox 1918 488 3232 549">
     <span class='ocr_line' id='line_1_69' title="bbox 1918 488 3232 549; baseline 0.002 -4"><span class='ocrx_word' id='word_1_448' title='bbox 1918 488 1977 545; x_wconf 89' lang='lat' dir='ltr'><strong>Si</strong></span> <span class='ocrx_word' id='word_1_449' title='bbox 2000 503 2187 546; x_wconf 87' lang='lat' dir='ltr'><strong>verum</strong></span> <span class='ocrx_word' id='word_1_450' title='bbox 2211 500 2266 545; x_wconf 91' lang='lat' dir='ltr'><strong>et</strong></span> <span class='ocrx_word' id='word_1_451' title='bbox 2297 504 2571 545; x_wconf 89' lang='lat' dir='ltr'><strong>summum</strong></span> <span class='ocrx_word' id='word_1_452' title='bbox 2603 490 2745 546; x_wconf 87' lang='lat' dir='ltr'><strong>norit</strong></span> <span class='ocrx_word' id='word_1_453' title='bbox 2766 499 2795 530; x_wconf 82' lang='grc' dir='ltr'><strong>ιι</strong></span> <span class='ocrx_word' id='word_1_454' title='bbox 2825 507 3010 548; x_wconf 85' lang='lat' dir='ltr'><strong>amare</strong></span> <span class='ocrx_word' id='word_1_455' title='bbox 3040 494 3232 549; x_wconf 90' lang='lat' dir='ltr'><strong>Deum.</strong></span> 
     </span>
    </p>
   </div>
   <div class='ocr_carea' id='block_1_70' title="bbox 1847 578 3293 657">
    <p class='ocr_par' dir='ltr' id='par_1_70' title="bbox 1847 578 3293 657">
     <span class='ocr_line' id='line_1_70' title="bbox 1847 578 3293 657; baseline 0.004 -22"><span class='ocrx_word' id='word_1_456' title='bbox 1847 578 1948 635; x_wconf 92' lang='lat' dir='ltr'><strong>Cui</strong></span> <span class='ocrx_word' id='word_1_457' title='bbox 1973 580 2179 637; x_wconf 87' lang='lat' dir='ltr'><strong>tribuat</strong></span> <span class='ocrx_word' id='word_1_458' title='bbox 2202 579 2461 651; x_wconf 90' lang='lat' dir='ltr'><strong>quidquid</strong></span> <span class='ocrx_word' id='word_1_459' title='bbox 2493 590 2641 637; x_wconf 91' lang='lat' dir='ltr'><strong>recte</strong></span> <span class='ocrx_word' id='word_1_460' title='bbox 2668 581 2827 649; x_wconf 87' lang='lat' dir='ltr'><strong>sapit,</strong></span> <span class='ocrx_word' id='word_1_461' title='bbox 2854 592 3027 652; x_wconf 88' lang='lat' dir='ltr'><strong>optat,</strong></span> <span class='ocrx_word' id='word_1_462' title='bbox 3060 586 3293 657; x_wconf 83' lang='lat' dir='ltr'><strong>agitque,</strong></span> 
     </span>
    </p>
   </div>
   <div class='ocr_carea' id='block_1_71' title="bbox 1926 674 3027 746">
    <p class='ocr_par' dir='ltr' id='par_1_71' title="bbox 1926 674 3027 746">
     <span class='ocr_line' id='line_1_71' title="bbox 1926 674 3027 746; baseline 0 -16"><span class='ocrx_word' id='word_1_463' title='bbox 1926 674 1990 730; x_wconf 89' lang='lat' dir='ltr'><strong>Et</strong></span> <span class='ocrx_word' id='word_1_464' title='bbox 2020 674 2138 731; x_wconf 86' lang='lat' dir='ltr'><strong>sine</strong></span> <span class='ocrx_word' id='word_1_465' title='bbox 2158 689 2266 746; x_wconf 90' lang='lat' dir='ltr'><strong>quo</strong></span> <span class='ocrx_word' id='word_1_466' title='bbox 2293 674 2474 730; x_wconf 89' lang='lat' dir='ltr'><strong>carnis</strong></span> <span class='ocrx_word' id='word_1_467' title='bbox 2499 675 2668 745; x_wconf 89' lang='lat' dir='ltr'><strong>gloria</strong></span> <span class='ocrx_word' id='word_1_468' title='bbox 2702 676 2878 744; x_wconf 87' lang='lat' dir='ltr'><strong>pulvis</strong></span> <span class='ocrx_word' id='word_1_469' title='bbox 2905 678 3027 731; x_wconf 88' lang='lat' dir='ltr'><strong>erit.</strong></span> 
     </span>
    </p>
   </div>
   <div class='ocr_carea' id='block_1_72' title="bbox 1848 767 3346 839">
    <p class='ocr_par' dir='ltr' id='par_1_72' title="bbox 1848 767 3346 839">
     <span class='ocr_line' id='line_1_72' title="bbox 1848 767 3346 839; baseline -0.001 -16"><span class='ocrx_word' id='word_1_470' title='bbox 1848 767 1964 823; x_wconf 84' lang='lat' dir='ltr'><strong>Non</strong></span> <span class='ocrx_word' id='word_1_471' title='bbox 1992 782 2124 838; x_wconf 91' lang='lat' dir='ltr'><strong>ergo</strong></span> <span class='ocrx_word' id='word_1_472' title='bbox 2154 767 2207 823; x_wconf 91' lang='lat' dir='ltr'><strong>in</strong></span> <span class='ocrx_word' id='word_1_473' title='bbox 2238 781 2511 839; x_wconf 89' lang='lat' dir='ltr'><strong>quoquam</strong></span> <span class='ocrx_word' id='word_1_474' title='bbox 2540 782 2639 823; x_wconf 88' lang='lat' dir='ltr'><strong>sua</strong></span> <span class='ocrx_word' id='word_1_475' title='bbox 2664 782 2887 823; x_wconf 89' lang='lat' dir='ltr'><strong>munera</strong></span> <span class='ocrx_word' id='word_1_476' title='bbox 2912 768 3115 825; x_wconf 88' lang='lat' dir='ltr'><strong>deserit</strong></span> <span class='ocrx_word' id='word_1_477' title='bbox 3140 780 3346 836; x_wconf 76' lang='lat' dir='ltr'><strong>auctor,</strong></span> 
     </span>
    </p>
   </div>
   <div class='ocr_carea' id='block_1_73' title="bbox 1920 861 3210 934">
    <p class='ocr_par' dir='ltr' id='par_1_73' title="bbox 1920 861 3210 934">
     <span class='ocr_line' id='line_1_73' title="bbox 1920 861 3210 934; baseline 0.004 -20"><span class='ocrx_word' id='word_1_478' title='bbox 1920 861 2126 930; x_wconf 88' lang='lat' dir='ltr'><strong>Perque</strong></span> <span class='ocrx_word' id='word_1_479' title='bbox 2153 877 2309 917; x_wconf 91' lang='lat' dir='ltr'><strong>suum</strong></span> <span class='ocrx_word' id='word_1_480' title='bbox 2346 861 2607 916; x_wconf 87' lang='lat' dir='ltr'><strong>Dominus</strong></span> <span class='ocrx_word' id='word_1_481' title='bbox 2634 877 2693 917; x_wconf 89' lang='lat' dir='ltr'><strong>se</strong></span> <span class='ocrx_word' id='word_1_482' title='bbox 2723 863 3030 918; x_wconf 79' lang='lat' dir='ltr'><strong>manifestat</strong></span> <span class='ocrx_word' id='word_1_483' title='bbox 3059 878 3210 934; x_wconf 86' lang='lat' dir='ltr'><strong>opus.</strong></span> 
     </span>
    </p>
   </div>
   <div class='ocr_carea' id='block_1_74' title="bbox 1848 952 3193 1023">
    <p class='ocr_par' dir='ltr' id='par_1_74' title="bbox 1848 952 3193 1023">
     <span class='ocr_line' id='line_1_74' title="bbox 1848 952 3193 1023; baseline 0.003 -17"><span class='ocrx_word' id='word_1_484' title='bbox 1848 952 2012 1023; x_wconf 80' lang='lat' dir='ltr'><strong>lnque</strong></span> <span class='ocrx_word' id='word_1_485' title='bbox 2039 952 2149 1008; x_wconf 86' lang='lat' dir='ltr'><strong>illis</strong></span> <span class='ocrx_word' id='word_1_486' title='bbox 2176 952 2382 1007; x_wconf 87' lang='lat' dir='ltr'><strong>habitat</strong></span> <span class='ocrx_word' id='word_1_487' title='bbox 2406 953 2556 1009; x_wconf 85' lang='lat' dir='ltr'><strong>dives</strong></span> <span class='ocrx_word' id='word_1_488' title='bbox 2587 954 2953 1022; x_wconf 88' lang='lat' dir='ltr'><strong>penetralibus</strong></span> <span class='ocrx_word' id='word_1_489' title='bbox 2982 956 3193 1023; x_wconf 85' lang='lat' dir='ltr'><strong>hospes.</strong></span> 
     </span>
    </p>
   </div>
   <div class='ocr_carea' id='block_1_75' title="bbox 1917 1044 3308 1117">
    <p class='ocr_par' dir='ltr' id='par_1_75' title="bbox 1917 1044 3308 1117">
     <span class='ocr_line' id='line_1_75' title="bbox 1917 1044 3308 1117; baseline 0.004 -17"><span class='ocrx_word' id='word_1_490' title='bbox 1917 1045 2049 1112; x_wconf 71' lang='lat' dir='ltr'><strong>Quae</strong></span> <span class='ocrx_word' id='word_1_491' title='bbox 2076 1047 2311 1116; x_wconf 89' lang='lat' dir='ltr'><strong>gaudent</strong></span> <span class='ocrx_word' id='word_1_492' title='bbox 2344 1044 2447 1100; x_wconf 92' lang='lat' dir='ltr'><strong>hoc</strong></span> <span class='ocrx_word' id='word_1_493' title='bbox 2476 1054 2502 1083; x_wconf 88' lang='grc' dir='ltr'>ο</span> <span class='ocrx_word' id='word_1_494' title='bbox 2530 1060 2589 1101; x_wconf 93' lang='lat' dir='ltr'><strong>se</strong></span> <span class='ocrx_word' id='word_1_495' title='bbox 2614 1054 2791 1101; x_wconf 92' lang='lat' dir='ltr'><strong>comta</strong></span> <span class='ocrx_word' id='word_1_496' title='bbox 2821 1045 2967 1117; x_wconf 90' lang='lat' dir='ltr'><strong>quod</strong></span> <span class='ocrx_word' id='word_1_497' title='bbox 2996 1047 3113 1117; x_wconf 87' lang='lat' dir='ltr'><strong>ipse</strong></span> <span class='ocrx_word' id='word_1_498' title='bbox 3141 1048 3308 1105; x_wconf 86' lang='lat' dir='ltr'><strong>dedit.</strong></span> 
     </span>
    </p>
   </div>
   <div class='ocr_carea' id='block_1_76' title="bbox 2308 1156 2982 1228">
    <p class='ocr_par' dir='ltr' id='par_1_76' title="bbox 2308 1156 2982 1228">
     <span class='ocr_line' id='line_1_76' title="bbox 2308 1156 2982 1228; baseline 0.001 -17"><span class='ocrx_word' id='word_1_499' title='bbox 2308 1156 2377 1211; x_wconf 79' lang='grc' dir='ltr'><strong>Χ.</strong></span> <span class='ocrx_word' id='word_1_500' title='bbox 2404 1156 2479 1211; x_wconf 89' lang='lat' dir='ltr'><strong>De</strong></span> <span class='ocrx_word' id='word_1_501' title='bbox 2499 1157 2712 1228; x_wconf 76' lang='lat' dir='ltr'><strong>fastidio</strong></span> <span class='ocrx_word' id='word_1_502' title='bbox 2733 1158 2982 1226; x_wconf 82' lang='lat' dir='ltr'><strong>spiritali.</strong></span> 
     </span>
    </p>
   </div>
   <div class='ocr_carea' id='block_1_77' title="bbox 1918 1245 3432 1317">
    <p class='ocr_par' dir='ltr' id='par_1_77' title="bbox 1918 1245 3432 1317">
     <span class='ocr_line' id='line_1_77' title="bbox 1918 1245 3432 1317; baseline 0.003 -16"><span class='ocrx_word' id='word_1_503' title='bbox 1918 1245 2075 1301; x_wconf 86' lang='lat' dir='ltr'><strong>Sicut</strong></span> <span class='ocrx_word' id='word_1_504' title='bbox 2116 1248 2327 1314; x_wconf 87' lang='lat' dir='ltr'><strong>corpori</strong></span> <span class='ocrx_word' id='word_1_505' title='bbox 2380 1247 2602 1301; x_wconf 87' lang='lat' dir='ltr'><strong>noxium</strong></span> <span class='ocrx_word' id='word_1_506' title='bbox 2640 1255 2724 1303; x_wconf 88' lang='lat' dir='ltr'><strong>est</strong></span> <span class='ocrx_word' id='word_1_507' title='bbox 2767 1262 3083 1317; x_wconf 83' lang='lat' dir='ltr'><strong>corpoream</strong></span> <span class='ocrx_word' id='word_1_508' title='bbox 3116 1261 3294 1302; x_wconf 79' lang='lat' dir='ltr'><strong>escam</strong></span> <span class='ocrx_word' id='word_1_509' title='bbox 3329 1265 3432 1306; x_wconf 87' lang='lat' dir='ltr'><strong>non</strong></span> 
     </span>
    </p>
   </div>
   <div class='ocr_carea' id='block_1_78' title="bbox 1847 1317 3435 1389">
    <p class='ocr_par' dir='ltr' id='par_1_78' title="bbox 1847 1317 3435 1389">
     <span class='ocr_line' id='line_1_78' title="bbox 1847 1317 3435 1389; baseline 0.001 -16"><span class='ocrx_word' id='word_1_510' title='bbox 1847 1330 2007 1389; x_wconf 79' lang='lat' dir='ltr'><strong>posse</strong></span> <span class='ocrx_word' id='word_1_511' title='bbox 2031 1317 2343 1389; x_wconf 82' lang='lat' dir='ltr'><strong>percipere,</strong></span> <span class='ocrx_word' id='word_1_512' title='bbox 2398 1318 2470 1371; x_wconf 88' lang='lat' dir='ltr'><strong>ita</strong></span> <span class='ocrx_word' id='word_1_513' title='bbox 2503 1318 2695 1373; x_wconf 77' lang='lat' dir='ltr'><strong>anima:</strong></span> <span class='ocrx_word' id='word_1_514' title='bbox 2727 1320 3091 1389; x_wconf 86' lang='lat' dir='ltr'><strong>periculosum</strong></span> <span class='ocrx_word' id='word_1_515' title='bbox 3140 1331 3223 1374; x_wconf 86' lang='lat' dir='ltr'><strong>est</strong></span> <span class='ocrx_word' id='word_1_516' title='bbox 3278 1320 3435 1389; x_wconf 84' lang='lat' dir='ltr'><strong>spiri-</strong></span> 
     </span>
    </p>
   </div>
   <div class='ocr_carea' id='block_1_79' title="bbox 1848 1387 2769 1443">
    <p class='ocr_par' dir='ltr' id='par_1_79' title="bbox 1848 1387 2769 1443">
     <span class='ocr_line' id='line_1_79' title="bbox 1848 1387 2769 1443; baseline 0.004 -4"><span class='ocrx_word' id='word_1_517' title='bbox 1848 1388 1986 1442; x_wconf 87' lang='lat' dir='ltr'><strong>tales</strong></span> <span class='ocrx_word' id='word_1_518' title='bbox 2013 1387 2238 1443; x_wconf 90' lang='lat' dir='ltr'><strong>delicias</strong></span> <span class='ocrx_word' id='word_1_519' title='bbox 2261 1388 2529 1443; x_wconf 79' lang='lat' dir='ltr'><strong>fastidire.</strong></span> <span class='ocrx_word' id='word_1_520' title='bbox 2730 1387 2741 1389; x_wconf 69' lang='grc'>⁷</span> <span class='ocrx_word' id='word_1_521' title='bbox 2766 1408 2769 1409; x_wconf 49' lang='grc' dir='ltr'><em>ν</em></span> 
     </span>
    </p>
   </div>
   <div class='ocr_carea' id='block_1_80' title="bbox 1849 1500 3225 1571">
    <p class='ocr_par' dir='ltr' id='par_1_80' title="bbox 1849 1500 3225 1571">
     <span class='ocr_line' id='line_1_80' title="bbox 1849 1500 3225 1571; baseline 0 -14"><span class='ocrx_word' id='word_1_522' title='bbox 1849 1500 1917 1557; x_wconf 89' lang='lat' dir='ltr'><strong>Ut</strong></span> <span class='ocrx_word' id='word_1_523' title='bbox 1949 1500 2179 1569; x_wconf 88' lang='lat' dir='ltr'><strong>perdunt</strong></span> <span class='ocrx_word' id='word_1_524' title='bbox 2208 1501 2482 1571; x_wconf 88' lang='lat' dir='ltr'><strong>propriam</strong></span> <span class='ocrx_word' id='word_1_525' title='bbox 2510 1500 2756 1556; x_wconf 89' lang='lat' dir='ltr'><strong>mortalia</strong></span> <span class='ocrx_word' id='word_1_526' title='bbox 2784 1515 3013 1571; x_wconf 87' lang='lat' dir='ltr'><strong>corpora</strong></span> <span class='ocrx_word' id='word_1_527' title='bbox 3039 1503 3225 1567; x_wconf 86' lang='lat' dir='ltr'><strong>vitam,</strong></span> 
     </span>
    </p>
   </div>
   <div class='ocr_carea' id='block_1_81' title="bbox 1919 1582 3055 1663">
    <p class='ocr_par' dir='ltr' id='par_1_81' title="bbox 1919 1582 3055 1663">
     <span class='ocr_line' id='line_1_81' title="bbox 1919 1582 3055 1663; baseline -0.001 -16"><span class='ocrx_word' id='word_1_528' title='bbox 1919 1592 1975 1647; x_wconf 90' lang='lat' dir='ltr'><strong>Si</strong></span> <span class='ocrx_word' id='word_1_529' title='bbox 2004 1603 2279 1663; x_wconf 89' lang='lat' dir='ltr'><strong>nequeunt</strong></span> <span class='ocrx_word' id='word_1_530' title='bbox 2303 1582 2455 1647; x_wconf 81' lang='lat' dir='ltr'><strong>escas</strong></span> <span class='ocrx_word' id='word_1_531' title='bbox 2483 1606 2699 1647; x_wconf 87' lang='lat' dir='ltr'><strong>sumere</strong></span> <span class='ocrx_word' id='word_1_532' title='bbox 2721 1605 3016 1662; x_wconf 88' lang='lat' dir='ltr'><strong>corporeas</strong></span> <span class='ocrx_word' id='word_1_533' title='bbox 3041 1608 3055 1646; x_wconf 88' lang='lat'><strong>:</strong></span> 
     </span>
    </p>
   </div>
   <div class='ocr_carea' id='block_1_82' title="bbox 1849 1683 3049 1748">
    <p class='ocr_par' dir='ltr' id='par_1_82' title="bbox 1849 1683 3049 1748">
     <span class='ocr_line' id='line_1_82' title="bbox 1849 1683 3049 1748; baseline 0 -10"><span class='ocrx_word' id='word_1_534' title='bbox 1849 1684 1939 1739; x_wconf 86' lang='lat' dir='ltr'><strong>Sic</strong></span> <span class='ocrx_word' id='word_1_535' title='bbox 1960 1684 2173 1748; x_wconf 58' lang='lat' dir='ltr'><strong>animas,</strong></span> <span class='ocrx_word' id='word_1_536' title='bbox 2197 1683 2298 1737; x_wconf 89' lang='lat' dir='ltr'><strong>nisi</strong></span> <span class='ocrx_word' id='word_1_537' title='bbox 2330 1683 2540 1738; x_wconf 89' lang='lat' dir='ltr'><strong>deliciis</strong></span> <span class='ocrx_word' id='word_1_538' title='bbox 2563 1683 2789 1737; x_wconf 89' lang='lat' dir='ltr'><strong>rationis</strong></span> <span class='ocrx_word' id='word_1_539' title='bbox 2812 1683 3049 1739; x_wconf 89' lang='lat' dir='ltr'><strong>alantur.</strong></span> 
     </span>
    </p>
   </div>
   <div class='ocr_carea' id='block_1_83' title="bbox 1770 1777 3149 1845">
    <p class='ocr_par' dir='ltr' id='par_1_83' title="bbox 1770 1777 3149 1845">
     <span class='ocr_line' id='line_1_83' title="bbox 1770 1777 3149 1845; baseline -0.001 -13"><span class='ocrx_word' id='word_1_540' title='bbox 1770 1780 1816 1839; x_wconf 90' lang='lat' dir='ltr'><strong>B</strong></span> <span class='ocrx_word' id='word_1_541' title='bbox 1921 1779 2057 1833; x_wconf 91' lang='lat' dir='ltr'><strong>Dum</strong></span> <span class='ocrx_word' id='word_1_542' title='bbox 2089 1778 2252 1833; x_wconf 85' lang='lat' dir='ltr'><strong>Verbi</strong></span> <span class='ocrx_word' id='word_1_543' title='bbox 2278 1777 2467 1831; x_wconf 63' lang='lat' dir='ltr'><strong>aeterni</strong></span> <span class='ocrx_word' id='word_1_544' title='bbox 2498 1791 2635 1844; x_wconf 86' lang='lat' dir='ltr'><strong>pane</strong></span> <span class='ocrx_word' id='word_1_545' title='bbox 2661 1786 2867 1839; x_wconf 88' lang='lat' dir='ltr'><strong>carent,</strong></span> <span class='ocrx_word' id='word_1_546' title='bbox 2901 1786 3149 1845; x_wconf 89' lang='lat' dir='ltr'><strong>pereunt.</strong></span> 
     </span>
    </p>
   </div>
   <div class='ocr_carea' id='block_1_84' title="bbox 1847 1866 3271 1938">
    <p class='ocr_par' dir='ltr' id='par_1_84' title="bbox 1847 1866 3271 1938">
     <span class='ocr_line' id='line_1_84' title="bbox 1847 1866 3271 1938; baseline -0.002 -14"><span class='ocrx_word' id='word_1_547' title='bbox 1847 1868 1981 1925; x_wconf 82' lang='lat' dir='ltr'><strong>Nam</strong></span> <span class='ocrx_word' id='word_1_548' title='bbox 2014 1868 2141 1938; x_wconf 91' lang='lat' dir='ltr'><strong>quid</strong></span> <span class='ocrx_word' id='word_1_549' title='bbox 2167 1868 2271 1922; x_wconf 88' lang='lat' dir='ltr'><strong>erit</strong></span> <span class='ocrx_word' id='word_1_550' title='bbox 2299 1866 2441 1936; x_wconf 90' lang='lat' dir='ltr'><strong>quod</strong></span> <span class='ocrx_word' id='word_1_551' title='bbox 2475 1866 2588 1919; x_wconf 90' lang='lat' dir='ltr'><strong>dira</strong></span> <span class='ocrx_word' id='word_1_552' title='bbox 2621 1868 2807 1935; x_wconf 88' lang='lat' dir='ltr'><strong>procul</strong></span> <span class='ocrx_word' id='word_1_553' title='bbox 2843 1866 3052 1922; x_wconf 89' lang='lat' dir='ltr'><strong>fastidia</strong></span> <span class='ocrx_word' id='word_1_554' title='bbox 3086 1867 3271 1935; x_wconf 85' lang='lat' dir='ltr'><strong>pellat.</strong></span> 
     </span>
    </p>
   </div>
   <div class='ocr_carea' id='block_1_85' title="bbox 1917 1956 3146 2029">
    <p class='ocr_par' dir='ltr' id='par_1_85' title="bbox 1917 1956 3146 2029">
     <span class='ocr_line' id='line_1_85' title="bbox 1917 1956 3146 2029; baseline -0.002 -14"><span class='ocrx_word' id='word_1_555' title='bbox 1917 1957 2052 2015; x_wconf 90' lang='lat' dir='ltr'><strong>Cum</strong></span> <span class='ocrx_word' id='word_1_556' title='bbox 2083 1972 2143 2014; x_wconf 87' lang='lat' dir='ltr'><strong>se</strong></span> <span class='ocrx_word' id='word_1_557' title='bbox 2172 1958 2289 2029; x_wconf 85' lang='lat' dir='ltr'><strong>ipso</strong></span> <span class='ocrx_word' id='word_1_558' title='bbox 2316 1956 2512 2027; x_wconf 85' lang='lat' dir='ltr'><strong>refugit</strong></span> <span class='ocrx_word' id='word_1_559' title='bbox 2544 1972 2696 2012; x_wconf 87' lang='lat' dir='ltr'><strong>mens</strong></span> <span class='ocrx_word' id='word_1_560' title='bbox 2718 1965 2966 2012; x_wconf 87' lang='lat' dir='ltr'><strong>saturare</strong></span> <span class='ocrx_word' id='word_1_561' title='bbox 2996 1958 3146 2012; x_wconf 73' lang='lat' dir='ltr'><strong>Deo?</strong></span> 
     </span>
    </p>
   </div>
   <div class='ocr_carea' id='block_1_86' title="bbox 2062 2068 3207 2138">
    <p class='ocr_par' dir='ltr' id='par_1_86' title="bbox 2062 2068 3207 2138">
     <span class='ocr_line' id='line_1_86' title="bbox 2062 2068 3207 2138; baseline -0.001 -13"><span class='ocrx_word' id='word_1_562' title='bbox 2062 2069 2155 2125; x_wconf 79' lang='lat' dir='ltr'><strong>XI.</strong></span> <span class='ocrx_word' id='word_1_563' title='bbox 2188 2081 2216 2120; x_wconf 72' lang='grc' dir='ltr'><strong><em>ιι</em></strong></span> <span class='ocrx_word' id='word_1_564' title='bbox 2245 2068 2322 2124; x_wconf 89' lang='lat' dir='ltr'><strong>De</strong></span> <span class='ocrx_word' id='word_1_565' title='bbox 2353 2070 2601 2125; x_wconf 84' lang='lat' dir='ltr'><strong>bonorum</strong></span> <span class='ocrx_word' id='word_1_566' title='bbox 2631 2077 2682 2124; x_wconf 84' lang='lat' dir='ltr'><strong>et</strong></span> <span class='ocrx_word' id='word_1_567' title='bbox 2712 2068 2968 2123; x_wconf 87' lang='lat' dir='ltr'><strong>malorum</strong></span> <span class='ocrx_word' id='word_1_568' title='bbox 2998 2070 3207 2138; x_wconf 81' lang='lat' dir='ltr'><strong>ﬁnibus.</strong></span> 
     </span>
    </p>
   </div>
   <div class='ocr_carea' id='block_1_87' title="bbox 1918 2161 3430 2232">
    <p class='ocr_par' dir='ltr' id='par_1_87' title="bbox 1918 2161 3430 2232">
     <span class='ocr_line' id='line_1_87' title="bbox 1918 2161 3430 2232; baseline 0 -15"><span class='ocrx_word' id='word_1_569' title='bbox 1918 2162 2219 2232; x_wconf 85' lang='lat' dir='ltr'><strong>Numquam</strong></span> <span class='ocrx_word' id='word_1_570' title='bbox 2270 2163 2422 2217; x_wconf 87' lang='lat' dir='ltr'><strong>multi</strong></span> <span class='ocrx_word' id='word_1_571' title='bbox 2465 2170 2593 2216; x_wconf 89' lang='lat' dir='ltr'><strong>sunt</strong></span> <span class='ocrx_word' id='word_1_572' title='bbox 2629 2163 2717 2232; x_wconf 88' lang='lat' dir='ltr'><strong>qui</strong></span> <span class='ocrx_word' id='word_1_573' title='bbox 2749 2172 2777 2211; x_wconf 71' lang='grc' dir='ltr'><strong>(ι</strong></span> <span class='ocrx_word' id='word_1_574' title='bbox 2808 2161 2873 2215; x_wconf 87' lang='lat' dir='ltr'><strong>ad</strong></span> <span class='ocrx_word' id='word_1_575' title='bbox 2903 2176 3008 2215; x_wconf 92' lang='lat' dir='ltr'><strong>non</strong></span> <span class='ocrx_word' id='word_1_576' title='bbox 3039 2176 3159 2216; x_wconf 89' lang='lat' dir='ltr'><strong>esse</strong></span> <span class='ocrx_word' id='word_1_577' title='bbox 3186 2163 3430 2217; x_wconf 88' lang='lat' dir='ltr'><strong>tendunt.</strong></span> 
     </span>
    </p>
   </div>
   <div class='ocr_carea' id='block_1_88' title="bbox 1848 2232 3432 2304">
    <p class='ocr_par' dir='ltr' id='par_1_88' title="bbox 1848 2232 3432 2304">
     <span class='ocr_line' id='line_1_88' title="bbox 1848 2232 3432 2304; baseline 0.001 -17"><span class='ocrx_word' id='word_1_578' title='bbox 1848 2232 1986 2301; x_wconf 89' lang='lat' dir='ltr'><strong>Quid</strong></span> <span class='ocrx_word' id='word_1_579' title='bbox 2013 2235 2156 2288; x_wconf 89' lang='lat' dir='ltr'><strong>enim</strong></span> <span class='ocrx_word' id='word_1_580' title='bbox 2192 2243 2296 2285; x_wconf 90' lang='lat' dir='ltr'><strong>tam</strong></span> <span class='ocrx_word' id='word_1_581' title='bbox 2329 2234 2621 2304; x_wconf 84' lang='lat' dir='ltr'><strong>obnoxium</strong></span> <span class='ocrx_word' id='word_1_582' title='bbox 2655 2232 2935 2302; x_wconf 86' lang='lat' dir='ltr'><strong>paucitati,</strong></span> <span class='ocrx_word' id='word_1_583' title='bbox 2967 2248 3127 2304; x_wconf 90' lang='lat' dir='ltr'><strong>quam</strong></span> <span class='ocrx_word' id='word_1_584' title='bbox 3158 2234 3301 2302; x_wconf 90' lang='lat' dir='ltr'><strong>quod</strong></span> <span class='ocrx_word' id='word_1_585' title='bbox 3349 2245 3432 2288; x_wconf 63' lang='lat' dir='ltr'><strong>est</strong></span> 
     </span>
    </p>
   </div>
   <div class='ocr_carea' id='block_1_89' title="bbox 1848 2303 2444 2373">
    <p class='ocr_par' dir='ltr' id='par_1_89' title="bbox 1848 2303 2444 2373">
     <span class='ocr_line' id='line_1_89' title="bbox 1848 2303 2444 2373; baseline -0.007 -14"><span class='ocrx_word' id='word_1_586' title='bbox 1848 2305 2086 2360; x_wconf 89' lang='lat' dir='ltr'><strong>debitum</strong></span> <span class='ocrx_word' id='word_1_587' title='bbox 2116 2303 2444 2373; x_wconf 85' lang='lat' dir='ltr'><strong>perditioni?</strong></span> 
     </span>
    </p>
   </div>
   <div class='ocr_carea' id='block_1_90' title="bbox 1849 2396 3432 2468">
    <p class='ocr_par' dir='ltr' id='par_1_90' title="bbox 1849 2396 3432 2468">
     <span class='ocr_line' id='line_1_90' title="bbox 1849 2396 3432 2468; baseline -0.001 -15"><span class='ocrx_word' id='word_1_588' title='bbox 1849 2396 1982 2454; x_wconf 87' lang='lat' dir='ltr'><strong>Esse</strong></span> <span class='ocrx_word' id='word_1_589' title='bbox 2008 2397 2119 2453; x_wconf 90' lang='lat' dir='ltr'><strong>Deo</strong></span> <span class='ocrx_word' id='word_1_590' title='bbox 2148 2412 2336 2452; x_wconf 89' lang='lat' dir='ltr'><strong>verum</strong></span> <span class='ocrx_word' id='word_1_591' title='bbox 2362 2405 2415 2452; x_wconf 92' lang='lat' dir='ltr'><strong>et</strong></span> <span class='ocrx_word' id='word_1_592' title='bbox 2448 2397 2726 2467; x_wconf 88' lang='lat' dir='ltr'><strong>proprium</strong></span> <span class='ocrx_word' id='word_1_593' title='bbox 2750 2403 2856 2464; x_wconf 90' lang='lat' dir='ltr'><strong>est,</strong></span> <span class='ocrx_word' id='word_1_594' title='bbox 2878 2398 2965 2453; x_wconf 88' lang='lat' dir='ltr'><strong>cui</strong></span> <span class='ocrx_word' id='word_1_595' title='bbox 2993 2397 3233 2468; x_wconf 86' lang='lat' dir='ltr'><strong>quisquis</strong></span> <span class='ocrx_word' id='word_1_596' title='bbox 3255 2398 3432 2453; x_wconf 64' lang='lat' dir='ltr'><strong>adhic-</strong></span> 
     </span>
    </p>
   </div>
   <div class='ocr_carea' id='block_1_91' title="bbox 2061 2498 2181 2555">
    <p class='ocr_par' dir='ltr' id='par_1_91' title="bbox 2061 2498 2181 2555">
     <span class='ocr_line' id='line_1_91' title="bbox 2061 2498 2181 2555; baseline -0.008 -12"><span class='ocrx_word' id='word_1_597' title='bbox 2061 2498 2148 2543; x_wconf 87' lang='lat' dir='ltr'><strong>ret</strong></span> <span class='ocrx_word' id='word_1_598' title='bbox 2167 2533 2181 2555; x_wconf 89' lang='lat'><strong>,</strong></span> 
     </span>
    </p>
   </div>
   <div class='ocr_carea' id='block_1_92' title="bbox 1916 2578 3205 2651">
    <p class='ocr_par' dir='ltr' id='par_1_92' title="bbox 1916 2578 3205 2651">
     <span class='ocr_line' id='line_1_92' title="bbox 1916 2578 3205 2651; baseline 0 -17"><span class='ocrx_word' id='word_1_599' title='bbox 1916 2578 2079 2651; x_wconf 70' lang='lat'><strong>823</strong></span> <span class='ocrx_word' id='word_1_600' title='bbox 2109 2578 2321 2634; x_wconf 68' lang='lat' dir='ltr'><strong>Eterni</strong></span> <span class='ocrx_word' id='word_1_601' title='bbox 2351 2578 2405 2634; x_wconf 93' lang='lat' dir='ltr'><strong>in</strong></span> <span class='ocrx_word' id='word_1_602' title='bbox 2432 2579 2580 2649; x_wconf 84' lang='lat' dir='ltr'><strong>regni</strong></span> <span class='ocrx_word' id='word_1_603' title='bbox 2611 2578 2815 2634; x_wconf 90' lang='lat' dir='ltr'><strong>lumine</strong></span> <span class='ocrx_word' id='word_1_604' title='bbox 2843 2593 3059 2648; x_wconf 90' lang='lat' dir='ltr'><strong>semper</strong></span> <span class='ocrx_word' id='word_1_605' title='bbox 3080 2580 3205 2634; x_wconf 90' lang='lat' dir='ltr'><strong>erit.</strong></span> 
     </span>
    </p>
   </div>
   <div class='ocr_carea' id='block_1_93' title="bbox 1846 2671 3269 2743">
    <p class='ocr_par' dir='ltr' id='par_1_93' title="bbox 1846 2671 3269 2743">
     <span class='ocr_line' id='line_1_93' title="bbox 1846 2671 3269 2743; baseline -0.001 -16"><span class='ocrx_word' id='word_1_606' title='bbox 1846 2671 1979 2727; x_wconf 85' lang='lat' dir='ltr'><strong>Nam</strong></span> <span class='ocrx_word' id='word_1_607' title='bbox 2002 2672 2093 2743; x_wconf 90' lang='lat' dir='ltr'><strong>qui</strong></span> <span class='ocrx_word' id='word_1_608' title='bbox 2114 2671 2376 2742; x_wconf 87' lang='lat' dir='ltr'><strong>justitiam</strong></span> <span class='ocrx_word' id='word_1_609' title='bbox 2407 2679 2691 2741; x_wconf 87' lang='lat' dir='ltr'><strong>spernunt,</strong></span> <span class='ocrx_word' id='word_1_610' title='bbox 2720 2687 2825 2726; x_wconf 93' lang='lat' dir='ltr'><strong>non</strong></span> <span class='ocrx_word' id='word_1_611' title='bbox 2850 2686 2969 2727; x_wconf 88' lang='lat' dir='ltr'><strong>esse</strong></span> <span class='ocrx_word' id='word_1_612' title='bbox 2999 2672 3269 2740; x_wconf 88' lang='lat' dir='ltr'><strong>laborant,</strong></span> 
     </span>
    </p>
   </div>
   <div class='ocr_carea' id='block_1_94' title="bbox 1918 2764 3231 2835">
    <p class='ocr_par' dir='ltr' id='par_1_94' title="bbox 1918 2764 3231 2835">
     <span class='ocr_line' id='line_1_94' title="bbox 1918 2764 3231 2835; baseline -0.001 -16"><span class='ocrx_word' id='word_1_613' title='bbox 1918 2764 2089 2835; x_wconf 83' lang='lat' dir='ltr'><strong>Inque</strong></span> <span class='ocrx_word' id='word_1_614' title='bbox 2114 2764 2249 2819; x_wconf 88' lang='lat' dir='ltr'><strong>nihil</strong></span> <span class='ocrx_word' id='word_1_615' title='bbox 2280 2765 2527 2830; x_wconf 88' lang='lat' dir='ltr'><strong>tendunt,</strong></span> <span class='ocrx_word' id='word_1_616' title='bbox 2564 2773 2587 2801; x_wconf 72' lang='grc' dir='ltr'><strong>τ</strong></span> <span class='ocrx_word' id='word_1_617' title='bbox 2620 2772 2675 2818; x_wconf 90' lang='lat' dir='ltr'><strong>ct</strong></span> <span class='ocrx_word' id='word_1_618' title='bbox 2699 2764 2833 2818; x_wconf 83' lang='lat' dir='ltr'><strong>nihil</strong></span> <span class='ocrx_word' id='word_1_619' title='bbox 2862 2778 2984 2819; x_wconf 90' lang='lat' dir='ltr'><strong>esse</strong></span> <span class='ocrx_word' id='word_1_620' title='bbox 3007 2774 3231 2834; x_wconf 91' lang='lat' dir='ltr'><strong>queunt.</strong></span> 
     </span>
    </p>
   </div>
   <div class='ocr_carea' id='block_1_95' title="bbox 1846 2854 3148 2925">
    <p class='ocr_par' dir='ltr' id='par_1_95' title="bbox 1846 2854 3148 2925">
     <span class='ocr_line' id='line_1_95' title="bbox 1846 2854 3148 2925; baseline 0 -15"><span class='ocrx_word' id='word_1_621' title='bbox 1846 2855 1963 2910; x_wconf 85' lang='lat' dir='ltr'><strong>Non</strong></span> <span class='ocrx_word' id='word_1_622' title='bbox 1987 2870 2116 2925; x_wconf 91' lang='lat' dir='ltr'><strong>ergo</strong></span> <span class='ocrx_word' id='word_1_623' title='bbox 2140 2854 2355 2909; x_wconf 89' lang='lat' dir='ltr'><strong>illorum</strong></span> <span class='ocrx_word' id='word_1_624' title='bbox 2385 2854 2579 2923; x_wconf 85' lang='lat' dir='ltr'><strong>poterit</strong></span> <span class='ocrx_word' id='word_1_625' title='bbox 2609 2869 2734 2924; x_wconf 89' lang='lat' dir='ltr'><strong>pars</strong></span> <span class='ocrx_word' id='word_1_626' title='bbox 2764 2855 2929 2909; x_wconf 90' lang='lat' dir='ltr'><strong>multa</strong></span> <span class='ocrx_word' id='word_1_627' title='bbox 2953 2855 3148 2922; x_wconf 90' lang='lat' dir='ltr'><strong>videri,</strong></span> 
     </span>
    </p>
   </div>
   <div class='ocr_carea' id='block_1_96' title="bbox 1918 2943 3183 3013">
    <p class='ocr_par' dir='ltr' id='par_1_96' title="bbox 1918 2943 3183 3013">
     <span class='ocr_line' id='line_1_96' title="bbox 1918 2943 3183 3013; baseline 0.003 -16"><span class='ocrx_word' id='word_1_628' title='bbox 1918 2946 2160 3013; x_wconf 88' lang='lat' dir='ltr'><strong>Quorum</strong></span> <span class='ocrx_word' id='word_1_629' title='bbox 2188 2945 2243 2999; x_wconf 91' lang='lat' dir='ltr'><strong>in</strong></span> <span class='ocrx_word' id='word_1_630' title='bbox 2269 2954 2575 3000; x_wconf 90' lang='lat' dir='ltr'><strong>sanctorum</strong></span> <span class='ocrx_word' id='word_1_631' title='bbox 2610 2945 2787 2998; x_wconf 81' lang='lat' dir='ltr'><strong>nullus</strong></span> <span class='ocrx_word' id='word_1_632' title='bbox 2811 2943 2909 2999; x_wconf 82' lang='lat' dir='ltr'><strong>erit</strong></span> <span class='ocrx_word' id='word_1_633' title='bbox 2937 2960 3183 3001; x_wconf 89' lang='lat' dir='ltr'><strong>numero.</strong></span> 
     </span>
    </p>
   </div>
   <div class='ocr_carea' id='block_1_97' title="bbox 1847 3036 3212 3107">
    <p class='ocr_par' dir='ltr' id='par_1_97' title="bbox 1847 3036 3212 3107">
     <span class='ocr_line' id='line_1_97' title="bbox 1847 3036 3212 3107; baseline -0.003 -14"><span class='ocrx_word' id='word_1_634' title='bbox 1847 3038 1955 3093; x_wconf 83' lang='lat' dir='ltr'><strong>Sed</strong></span> <span class='ocrx_word' id='word_1_635' title='bbox 1982 3053 2111 3093; x_wconf 89' lang='lat' dir='ltr'><strong>vere</strong></span> <span class='ocrx_word' id='word_1_636' title='bbox 2138 3039 2339 3107; x_wconf 88' lang='lat' dir='ltr'><strong>magni,</strong></span> <span class='ocrx_word' id='word_1_637' title='bbox 2364 3045 2419 3092; x_wconf 87' lang='lat' dir='ltr'><strong>et</strong></span> <span class='ocrx_word' id='word_1_638' title='bbox 2442 3036 2589 3091; x_wconf 89' lang='lat' dir='ltr'><strong>multi</strong></span> <span class='ocrx_word' id='word_1_639' title='bbox 2621 3038 2739 3091; x_wconf 86' lang='lat' dir='ltr'><strong>sine</strong></span> <span class='ocrx_word' id='word_1_640' title='bbox 2771 3036 2875 3091; x_wconf 89' lang='lat' dir='ltr'><strong>line</strong></span> <span class='ocrx_word' id='word_1_641' title='bbox 2898 3038 3212 3104; x_wconf 88' lang='lat' dir='ltr'><strong>manebunt,</strong></span> 
     </span>
    </p>
   </div>
   <div class='ocr_carea' id='block_1_98' title="bbox 1771 3127 3041 3217">
    <p class='ocr_par' dir='ltr' id='par_1_98' title="bbox 1771 3127 3041 3217">
     <span class='ocr_line' id='line_1_98' title="bbox 1771 3127 3041 3217; baseline -0.003 -31"><span class='ocrx_word' id='word_1_642' title='bbox 1771 3155 1817 3217; x_wconf 70' lang='grc' dir='ltr'><strong>ρ</strong></span> <span class='ocrx_word' id='word_1_643' title='bbox 1918 3130 1977 3185; x_wconf 87' lang='lat' dir='ltr'><strong>In</strong></span> <span class='ocrx_word' id='word_1_644' title='bbox 2006 3129 2222 3186; x_wconf 86' lang='lat' dir='ltr'><strong>Christo</strong></span> <span class='ocrx_word' id='word_1_645' title='bbox 2252 3145 2483 3200; x_wconf 85' lang='lat' dir='ltr'><strong>quorum</strong></span> <span class='ocrx_word' id='word_1_646' title='bbox 2505 3128 2671 3199; x_wconf 87' lang='lat' dir='ltr'><strong>gloria</strong></span> <span class='ocrx_word' id='word_1_647' title='bbox 2702 3142 2894 3198; x_wconf 88' lang='lat' dir='ltr'><strong>perpes</strong></span> <span class='ocrx_word' id='word_1_648' title='bbox 2913 3127 3041 3184; x_wconf 87' lang='lat' dir='ltr'><strong>erit.</strong></span> 
     </span>
    </p>
   </div>
   <div class='ocr_carea' id='block_1_99' title="bbox 2094 3238 3178 3305">
    <p class='ocr_par' dir='ltr' id='par_1_99' title="bbox 2094 3238 3178 3305">
     <span class='ocr_line' id='line_1_99' title="bbox 2094 3238 3178 3305; baseline -0.003 -9"><span class='ocrx_word' id='word_1_649' title='bbox 2094 3241 2211 3297; x_wconf 77' lang='lat' dir='ltr'><strong>XII.</strong></span> <span class='ocrx_word' id='word_1_650' title='bbox 2245 3239 2323 3295; x_wconf 85' lang='lat' dir='ltr'><strong>De</strong></span> <span class='ocrx_word' id='word_1_651' title='bbox 2352 3241 2724 3305; x_wconf 76' lang='lat' dir='ltr'><strong>tranquillitate</strong></span> <span class='ocrx_word' id='word_1_652' title='bbox 2754 3249 2776 3277; x_wconf 81' lang='grc'><strong><em>³</em></strong></span> <span class='ocrx_word' id='word_1_653' title='bbox 2812 3240 3028 3294; x_wconf 86' lang='lat' dir='ltr'><strong>ultionis</strong></span> <span class='ocrx_word' id='word_1_654' title='bbox 3062 3238 3178 3293; x_wconf 88' lang='lat' dir='ltr'><strong>Dei.</strong></span> 
     </span>
    </p>
   </div>
   <div class='ocr_carea' id='block_1_100' title="bbox 1917 3333 3430 3403">
    <p class='ocr_par' dir='ltr' id='par_1_100' title="bbox 1917 3333 3430 3403">
     <span class='ocr_line' id='line_1_100' title="bbox 1917 3333 3430 3403; baseline -0.003 -11"><span class='ocrx_word' id='word_1_655' title='bbox 1917 3335 2035 3392; x_wconf 83' lang='lat' dir='ltr'><strong>Non</strong></span> <span class='ocrx_word' id='word_1_656' title='bbox 2062 3334 2396 3401; x_wconf 84' lang='lat' dir='ltr'><strong>concupiscit</strong></span> <span class='ocrx_word' id='word_1_657' title='bbox 2438 3333 2583 3389; x_wconf 78' lang='lat' dir='ltr'><strong>Deus</strong></span> <span class='ocrx_word' id='word_1_658' title='bbox 2628 3348 2839 3403; x_wconf 80' lang='lat' dir='ltr'><strong>poenam</strong></span> <span class='ocrx_word' id='word_1_659' title='bbox 2875 3349 3113 3399; x_wconf 84' lang='lat' dir='ltr'><strong>reorum,</strong></span> <span class='ocrx_word' id='word_1_660' title='bbox 3161 3341 3430 3402; x_wconf 84' lang='lat' dir='ltr'><strong>tamquam</strong></span> 
     </span>
    </p>
   </div>
   <div class='ocr_carea' id='block_1_101' title="bbox 1848 3404 3428 3473">
    <p class='ocr_par' dir='ltr' id='par_1_101' title="bbox 1848 3404 3428 3473">
     <span class='ocr_line' id='line_1_101' title="bbox 1848 3404 3428 3473; baseline -0.003 -12"><span class='ocrx_word' id='word_1_661' title='bbox 1848 3407 2083 3463; x_wconf 88' lang='lat' dir='ltr'><strong>saturari</strong></span> <span class='ocrx_word' id='word_1_662' title='bbox 2105 3405 2420 3461; x_wconf 87' lang='lat' dir='ltr'><strong>desiderans</strong></span> <span class='ocrx_word' id='word_1_663' title='bbox 2443 3404 2665 3458; x_wconf 90' lang='lat' dir='ltr'><strong>ultione.</strong></span> <span class='ocrx_word' id='word_1_664' title='bbox 2690 3404 2794 3459; x_wconf 86' lang='lat' dir='ltr'><strong>Sed</strong></span> <span class='ocrx_word' id='word_1_665' title='bbox 2817 3404 2957 3473; x_wconf 89' lang='lat' dir='ltr'><strong>quod</strong></span> <span class='ocrx_word' id='word_1_666' title='bbox 2980 3406 3179 3471; x_wconf 63' lang='lat' dir='ltr'><strong>justum</strong></span> <span class='ocrx_word' id='word_1_667' title='bbox 3204 3412 3287 3458; x_wconf 89' lang='lat' dir='ltr'><strong>est</strong></span> <span class='ocrx_word' id='word_1_668' title='bbox 3306 3418 3428 3457; x_wconf 84' lang='lat' dir='ltr'><strong>cum</strong></span> 
     </span>
    </p>
   </div>
   <div class='ocr_carea' id='block_1_102' title="bbox 1848 3474 3429 3547">
    <p class='ocr_par' dir='ltr' id='par_1_102' title="bbox 1848 3474 3429 3547">
     <span class='ocr_line' id='line_1_102' title="bbox 1848 3474 3429 3547; baseline -0.003 -16"><span class='ocrx_word' id='word_1_669' title='bbox 1848 3477 2236 3547; x_wconf 88' lang='lat' dir='ltr'><strong>tranquillitate</strong></span> <span class='ocrx_word' id='word_1_670' title='bbox 2273 3474 2540 3540; x_wconf 87' lang='lat' dir='ltr'><strong>decernit,</strong></span> <span class='ocrx_word' id='word_1_671' title='bbox 2584 3483 2639 3529; x_wconf 91' lang='lat' dir='ltr'><strong>et</strong></span> <span class='ocrx_word' id='word_1_672' title='bbox 2682 3481 2829 3547; x_wconf 70' lang='lat' dir='ltr'><strong>recta</strong></span> <span class='ocrx_word' id='word_1_673' title='bbox 2859 3476 3141 3531; x_wconf 86' lang='lat' dir='ltr'><strong>voluntate</strong></span> <span class='ocrx_word' id='word_1_674' title='bbox 3168 3475 3429 3545; x_wconf 88' lang='lat' dir='ltr'><strong>disponit,</strong></span> 
     </span>
    </p>
   </div>
   <div class='ocr_carea' id='block_1_103' title="bbox 1847 3545 2855 3605">
    <p class='ocr_par' dir='ltr' id='par_1_103' title="bbox 1847 3545 2855 3605">
     <span class='ocr_line' id='line_1_103' title="bbox 1847 3545 2855 3605; baseline -0.005 -1"><span class='ocrx_word' id='word_1_675' title='bbox 1847 3558 1905 3604; x_wconf 90' lang='lat' dir='ltr'><strong>ut</strong></span> <span class='ocrx_word' id='word_1_676' title='bbox 1929 3545 2092 3605; x_wconf 88' lang='lat' dir='ltr'><strong>etiam</strong></span> <span class='ocrx_word' id='word_1_677' title='bbox 2121 3548 2245 3602; x_wconf 89' lang='lat' dir='ltr'><strong>mali</strong></span> <span class='ocrx_word' id='word_1_678' title='bbox 2272 3563 2379 3601; x_wconf 91' lang='lat' dir='ltr'><strong>non</strong></span> <span class='ocrx_word' id='word_1_679' title='bbox 2408 3547 2517 3602; x_wconf 88' lang='lat' dir='ltr'><strong>sint</strong></span> <span class='ocrx_word' id='word_1_680' title='bbox 2541 3545 2855 3601; x_wconf 88' lang='lat' dir='ltr'><strong>inordinati.</strong></span> 
     </span>
    </p>
   </div>
   <div class='ocr_carea' id='block_1_104' title="bbox 1844 3640 3259 3719">
    <p class='ocr_par' dir='ltr' id='par_1_104' title="bbox 1844 3640 3259 3719">
     <span class='ocr_line' id='line_1_104' title="bbox 1844 3640 3259 3719; baseline -0.005 -21"><span class='ocrx_word' id='word_1_681' title='bbox 1844 3642 1997 3698; x_wconf 85' lang='lat' dir='ltr'><strong>Nulla</strong></span> <span class='ocrx_word' id='word_1_682' title='bbox 2025 3642 2194 3719; x_wconf 76' lang='lat' dir='ltr'><strong>Deum</strong></span> <span class='ocrx_word' id='word_1_683' title='bbox 2221 3640 2455 3697; x_wconf 90' lang='lat' dir='ltr'><strong>oblectat</strong></span> <span class='ocrx_word' id='word_1_684' title='bbox 2484 3640 2805 3694; x_wconf 89' lang='lat' dir='ltr'><strong>miserorum</strong></span> <span class='ocrx_word' id='word_1_685' title='bbox 2837 3653 2997 3708; x_wconf 85' lang='lat' dir='ltr'><strong>poena</strong></span> <span class='ocrx_word' id='word_1_686' title='bbox 3018 3652 3259 3703; x_wconf 89' lang='lat' dir='ltr'><strong>reorum,</strong></span> 
     </span>
    </p>
   </div>
   <div class='ocr_carea' id='block_1_105' title="bbox 1915 3730 3167 3799">
    <p class='ocr_par' dir='ltr' id='par_1_105' title="bbox 1915 3730 3167 3799">
     <span class='ocr_line' id='line_1_105' title="bbox 1915 3730 3167 3799; baseline -0.006 -9"><span class='ocrx_word' id='word_1_687' title='bbox 1915 3736 2026 3790; x_wconf 84' lang='lat' dir='ltr'><strong>Nec</strong></span> <span class='ocrx_word' id='word_1_688' title='bbox 2051 3733 2319 3789; x_wconf 88' lang='lat' dir='ltr'><strong>scelerum</strong></span> <span class='ocrx_word' id='word_1_689' title='bbox 2342 3731 2537 3787; x_wconf 89' lang='lat' dir='ltr'><strong>vindex</strong></span> <span class='ocrx_word' id='word_1_690' title='bbox 2562 3733 2640 3785; x_wconf 89' lang='lat' dir='ltr'><strong>ira</strong></span> <span class='ocrx_word' id='word_1_691' title='bbox 2664 3738 2848 3786; x_wconf 87' lang='lat' dir='ltr'><strong>movet</strong></span> <span class='ocrx_word' id='word_1_692' title='bbox 2876 3730 3167 3799; x_wconf 81' lang='lat' dir='ltr'><strong>placidum.</strong></span> 
     </span>
    </p>
   </div>
   <div class='ocr_carea' id='block_1_106' title="bbox 1843 3821 3283 3895">
    <p class='ocr_par' dir='ltr' id='par_1_106' title="bbox 1843 3821 3283 3895">
     <span class='ocr_line' id='line_1_106' title="bbox 1843 3821 3283 3895; baseline -0.006 -14"><span class='ocrx_word' id='word_1_693' title='bbox 1843 3825 2239 3895; x_wconf 83' lang='lat' dir='ltr'><strong>Omnipotentis</strong></span> <span class='ocrx_word' id='word_1_694' title='bbox 2264 3824 2407 3878; x_wconf 90' lang='lat' dir='ltr'><strong>enim</strong></span> <span class='ocrx_word' id='word_1_695' title='bbox 2436 3831 2583 3877; x_wconf 88' lang='lat' dir='ltr'><strong>recta</strong></span> <span class='ocrx_word' id='word_1_696' title='bbox 2609 3831 2664 3877; x_wconf 91' lang='lat' dir='ltr'><strong>et</strong></span> <span class='ocrx_word' id='word_1_697' title='bbox 2692 3821 2981 3891; x_wconf 88' lang='lat' dir='ltr'><strong>tranquilla</strong></span> <span class='ocrx_word' id='word_1_698' title='bbox 3008 3821 3283 3885; x_wconf 82' lang='lat' dir='ltr'><strong>voluntas,</strong></span> 
     </span>
    </p>
   </div>
   <div class='ocr_carea' id='block_1_107' title="bbox 1914 3910 3107 3984">
    <p class='ocr_par' dir='ltr' id='par_1_107' title="bbox 1914 3910 3107 3984">
     <span class='ocr_line' id='line_1_107' title="bbox 1914 3910 3107 3984; baseline -0.004 -14"><span class='ocrx_word' id='word_1_699' title='bbox 1914 3914 2185 3984; x_wconf 84' lang='lat' dir='ltr'><strong>Quidquid</strong></span> <span class='ocrx_word' id='word_1_700' title='bbox 2212 3913 2433 3970; x_wconf 86' lang='lat' dir='ltr'><strong>decerni</strong></span> <span class='ocrx_word' id='word_1_701' title='bbox 2462 3912 2741 3978; x_wconf 89' lang='lat' dir='ltr'><strong>convenit,</strong></span> <span class='ocrx_word' id='word_1_702' title='bbox 2769 3910 2873 3967; x_wconf 92' lang='lat' dir='ltr'><strong>hoc</strong></span> <span class='ocrx_word' id='word_1_703' title='bbox 2898 3911 3107 3967; x_wconf 87' lang='lat' dir='ltr'><strong>statuit.</strong></span> 
     </span>
    </p>
   </div>
   <div class='ocr_carea' id='block_1_108' title="bbox 1847 4002 3042 4076">
    <p class='ocr_par' dir='ltr' id='par_1_108' title="bbox 1847 4002 3042 4076">
     <span class='ocr_line' id='line_1_108' title="bbox 1847 4002 3042 4076; baseline -0.007 -11"><span class='ocrx_word' id='word_1_704' title='bbox 1847 4009 1915 4065; x_wconf 89' lang='lat' dir='ltr'><strong>Ut</strong></span> <span class='ocrx_word' id='word_1_705' title='bbox 1945 4006 2104 4062; x_wconf 88' lang='lat' dir='ltr'><strong>nullis</strong></span> <span class='ocrx_word' id='word_1_706' title='bbox 2130 4012 2313 4076; x_wconf 88' lang='lat' dir='ltr'><strong>pateat</strong></span> <span class='ocrx_word' id='word_1_707' title='bbox 2339 4004 2502 4074; x_wconf 82' lang='lat' dir='ltr'><strong>Regis</strong></span> <span class='ocrx_word' id='word_1_708' title='bbox 2529 4017 2757 4060; x_wconf 88' lang='lat' dir='ltr'><strong>censura</strong></span> <span class='ocrx_word' id='word_1_709' title='bbox 2783 4002 3042 4073; x_wconf 87' lang='lat' dir='ltr'><strong>querelis,</strong></span> 
     </span>
    </p>
   </div>
   <div class='ocr_carea' id='block_1_109' title="bbox 1914 4092 3150 4167">
    <p class='ocr_par' dir='ltr' id='par_1_109' title="bbox 1914 4092 3150 4167">
     <span class='ocr_line' id='line_1_109' title="bbox 1914 4092 3150 4167; baseline -0.007 -12"><span class='ocrx_word' id='word_1_710' title='bbox 1914 4098 2048 4155; x_wconf 88' lang='lat' dir='ltr'><strong>Cum</strong></span> <span class='ocrx_word' id='word_1_711' title='bbox 2071 4098 2216 4167; x_wconf 88' lang='lat' dir='ltr'><strong>juste</strong></span> <span class='ocrx_word' id='word_1_712' title='bbox 2244 4097 2472 4166; x_wconf 83' lang='lat' dir='ltr'><strong>accipiet</strong></span> <span class='ocrx_word' id='word_1_713' title='bbox 2499 4096 2713 4152; x_wconf 89' lang='lat' dir='ltr'><strong>debitus</strong></span> <span class='ocrx_word' id='word_1_714' title='bbox 2736 4094 2871 4150; x_wconf 88' lang='lat' dir='ltr'><strong>ordo</strong></span> <span class='ocrx_word' id='word_1_715' title='bbox 2900 4095 2920 4132; x_wconf 65' lang='grc' dir='ltr'>ί</span> <span class='ocrx_word' id='word_1_716' title='bbox 2955 4092 3150 4150; x_wconf 85' lang='lat' dir='ltr'><strong>malos.</strong></span> 
     </span>
    </p>
   </div>
   <div class='ocr_carea' id='block_1_110' title="bbox 2287 4207 2992 4265">
    <p class='ocr_par' dir='ltr' id='par_1_110' title="bbox 2287 4207 2992 4265">
     <span class='ocr_line' id='line_1_110' title="bbox 2287 4207 2992 4265; baseline -0.004 -1"><span class='ocrx_word' id='word_1_717' title='bbox 2287 4208 2430 4265; x_wconf 76' lang='lat' dir='ltr'><strong>Xlll.</strong></span> <span class='ocrx_word' id='word_1_718' title='bbox 2462 4207 2537 4262; x_wconf 90' lang='lat' dir='ltr'><strong>De</strong></span> <span class='ocrx_word' id='word_1_719' title='bbox 2557 4208 2687 4262; x_wconf 89' lang='lat' dir='ltr'><strong>bona</strong></span> <span class='ocrx_word' id='word_1_720' title='bbox 2706 4207 2992 4263; x_wconf 85' lang='lat' dir='ltr'><strong>intellectu.</strong></span> 
     </span>
    </p>
   </div>
   <div class='ocr_carea' id='block_1_111' title="bbox 1914 4320 3429 4391">
    <p class='ocr_par' dir='ltr' id='par_1_111' title="bbox 1914 4320 3429 4391">
     <span class='ocr_line' id='line_1_111' title="bbox 1914 4320 3429 4391; baseline -0.004 -11"><span class='ocrx_word' id='word_1_721' title='bbox 1914 4327 2117 4380; x_wconf 81' lang='lat' dir='ltr'><strong>Bonum</strong></span> <span class='ocrx_word' id='word_1_722' title='bbox 2163 4323 2493 4379; x_wconf 90' lang='lat' dir='ltr'><strong>intellectum</strong></span> <span class='ocrx_word' id='word_1_723' title='bbox 2530 4322 2691 4377; x_wconf 88' lang='lat' dir='ltr'><strong>habet</strong></span> <span class='ocrx_word' id='word_1_724' title='bbox 2728 4321 2819 4391; x_wconf 90' lang='lat' dir='ltr'><strong>qui</strong></span> <span class='ocrx_word' id='word_1_725' title='bbox 2865 4330 2894 4357; x_wconf 76' lang='grc' dir='ltr'><strong>ιι</strong></span> <span class='ocrx_word' id='word_1_726' title='bbox 2938 4320 3079 4390; x_wconf 88' lang='lat' dir='ltr'><strong>quod</strong></span> <span class='ocrx_word' id='word_1_727' title='bbox 3127 4320 3429 4376; x_wconf 81' lang='lat' dir='ltr'><strong>faciendum</strong></span> 
     </span>
    </p>
   </div>
   <div class='ocr_carea' id='block_1_112' title="bbox 1843 4391 3431 4467">
    <p class='ocr_par' dir='ltr' id='par_1_112' title="bbox 1843 4391 3431 4467">
     <span class='ocr_line' id='line_1_112' title="bbox 1843 4391 3431 4467; baseline -0.003 -16"><span class='ocrx_word' id='word_1_728' title='bbox 1843 4408 1988 4452; x_wconf 90' lang='lat' dir='ltr'><strong>recte</strong></span> <span class='ocrx_word' id='word_1_729' title='bbox 2036 4396 2291 4466; x_wconf 89' lang='lat' dir='ltr'><strong>intelligit</strong></span> <span class='ocrx_word' id='word_1_730' title='bbox 2331 4393 2763 4467; x_wconf 80' lang='lat' dir='ltr'><strong>facit.Alioquin</strong></span> <span class='ocrx_word' id='word_1_731' title='bbox 2807 4391 2936 4446; x_wconf 89' lang='lat' dir='ltr'><strong>talis</strong></span> <span class='ocrx_word' id='word_1_732' title='bbox 2974 4401 3059 4447; x_wconf 88' lang='lat' dir='ltr'><strong>est</strong></span> <span class='ocrx_word' id='word_1_733' title='bbox 3104 4408 3223 4446; x_wconf 80' lang='lat' dir='ltr'><strong>sme</strong></span> <span class='ocrx_word' id='word_1_734' title='bbox 3266 4407 3431 4462; x_wconf 80' lang='lat' dir='ltr'><strong>opere</strong></span> 
     </span>
    </p>
   </div>
   <div class='ocr_carea' id='block_1_113' title="bbox 1764 4529 3283 4601">
    <p class='ocr_par' dir='ltr' id='par_1_113' title="bbox 1764 4529 3283 4601">
     <span class='ocr_line' id='line_1_113' title="bbox 1764 4529 3283 4601; baseline -0.003 -13"><span class='ocrx_word' id='word_1_735' title='bbox 1764 4539 1819 4601; x_wconf 79' lang='grc' dir='ltr'><strong>ι)</strong></span> <span class='ocrx_word' id='word_1_736' title='bbox 1912 4543 1952 4570; x_wconf 74' lang='grc' dir='ltr'><strong>η·</strong></span> <span class='ocrx_word' id='word_1_737' title='bbox 1986 4533 2039 4587; x_wconf 82' lang='grc' dir='ltr'><strong>1η</strong></span> <span class='ocrx_word' id='word_1_738' title='bbox 2075 4532 2211 4586; x_wconf 90' lang='lat' dir='ltr'><strong>libro</strong></span> <span class='ocrx_word' id='word_1_739' title='bbox 2234 4529 2636 4586; x_wconf 90' lang='lat' dir='ltr'><strong>Sententiarum</strong></span> <span class='ocrx_word' id='word_1_740' title='bbox 2668 4529 2917 4601; x_wconf 85' lang='lat' dir='ltr'><strong>legimus,</strong></span> <span class='ocrx_word' id='word_1_741' title='bbox 2946 4544 3047 4599; x_wconf 87' lang='lat' dir='ltr'><strong>qua</strong></span> <span class='ocrx_word' id='word_1_742' title='bbox 3068 4529 3283 4600; x_wconf 80' lang='lat' dir='ltr'><strong>ferveat.</strong></span> 
     </span>
    </p>
   </div>
   <div class='ocr_carea' id='block_1_114' title="bbox 1914 4600 2879 4666">
    <p class='ocr_par' dir='ltr' id='par_1_114' title="bbox 1914 4600 2879 4666">
     <span class='ocr_line' id='line_1_114' title="bbox 1914 4600 2879 4666; baseline -0.004 -10"><span class='ocrx_word' id='word_1_743' title='bbox 1914 4611 1941 4639; x_wconf 82' lang='grc' dir='ltr'><strong>υ</strong></span> <span class='ocrx_word' id='word_1_744' title='bbox 1970 4604 2065 4658; x_wconf 90' lang='lat' dir='ltr'><strong>Ms.</strong></span> <span class='ocrx_word' id='word_1_745' title='bbox 2097 4602 2248 4657; x_wconf 90' lang='lat' dir='ltr'><strong>Colb.</strong></span> <span class='ocrx_word' id='word_1_746' title='bbox 2280 4616 2438 4666; x_wconf 91' lang='lat' dir='ltr'><strong>unus,</strong></span> <span class='ocrx_word' id='word_1_747' title='bbox 2465 4617 2639 4653; x_wconf 88' lang='lat' dir='ltr'><strong>amare</strong></span> <span class='ocrx_word' id='word_1_748' title='bbox 2668 4600 2879 4653; x_wconf 83' lang='lat' dir='ltr'><strong>bonum.</strong></span> 
     </span>
    </p>
   </div>
   <div class='ocr_carea' id='block_1_115' title="bbox 1916 4670 3429 4734">
    <p class='ocr_par' dir='ltr' id='par_1_115' title="bbox 1916 4670 3429 4734">
     <span class='ocr_line' id='line_1_115' title="bbox 1916 4670 3429 4734; baseline -0.002 -6"><span class='ocrx_word' id='word_1_749' title='bbox 1916 4682 1941 4709; x_wconf 85' lang='grc' dir='ltr'><strong>ο</strong></span> <span class='ocrx_word' id='word_1_750' title='bbox 1971 4674 2107 4728; x_wconf 88' lang='lat' dir='ltr'><strong>Editi</strong></span> <span class='ocrx_word' id='word_1_751' title='bbox 2137 4687 2328 4727; x_wconf 89' lang='lat' dir='ltr'><strong>omnes</strong></span> <span class='ocrx_word' id='word_1_752' title='bbox 2352 4674 2402 4725; x_wconf 90' lang='lat' dir='ltr'><strong>in</strong></span> <span class='ocrx_word' id='word_1_753' title='bbox 2423 4686 2587 4726; x_wconf 90' lang='lat' dir='ltr'><strong>versu</strong></span> <span class='ocrx_word' id='word_1_754' title='bbox 2611 4670 2833 4734; x_wconf 91' lang='lat' dir='ltr'><strong>habent,</strong></span> <span class='ocrx_word' id='word_1_755' title='bbox 2863 4670 2958 4723; x_wconf 80' lang='lat' dir='ltr'><strong>hoc</strong></span> <span class='ocrx_word' id='word_1_756' title='bbox 2985 4686 3037 4724; x_wconf 92' lang='lat' dir='ltr'><strong>se</strong></span> <span class='ocrx_word' id='word_1_757' title='bbox 3059 4680 3265 4724; x_wconf 85' lang='lat' dir='ltr'><strong>cuncta.</strong></span> <span class='ocrx_word' id='word_1_758' title='bbox 3295 4670 3429 4725; x_wconf 84' lang='lat' dir='ltr'><strong>Lov.</strong></span> 
     </span>
    </p>
   </div>
   <div class='ocr_carea' id='block_1_116' title="bbox 1844 4740 3429 4812">
    <p class='ocr_par' dir='ltr' id='par_1_116' title="bbox 1844 4740 3429 4812">
     <span class='ocr_line' id='line_1_116' title="bbox 1844 4740 3429 4812; baseline -0.002 -13"><span class='ocrx_word' id='word_1_759' title='bbox 1844 4745 2012 4800; x_wconf 88' lang='lat' dir='ltr'><strong>Duae.</strong></span> <span class='ocrx_word' id='word_1_760' title='bbox 2045 4755 2100 4799; x_wconf 90' lang='lat' dir='ltr'><strong>et</strong></span> <span class='ocrx_word' id='word_1_761' title='bbox 2141 4741 2333 4798; x_wconf 90' lang='lat' dir='ltr'><strong>Colon.</strong></span> <span class='ocrx_word' id='word_1_762' title='bbox 2367 4743 2420 4795; x_wconf 92' lang='lat' dir='ltr'><strong>in</strong></span> <span class='ocrx_word' id='word_1_763' title='bbox 2470 4740 2711 4810; x_wconf 88' lang='lat' dir='ltr'><strong>margine</strong></span> <span class='ocrx_word' id='word_1_764' title='bbox 2755 4740 2991 4796; x_wconf 78' lang='lat' dir='ltr'><strong>indicant</strong></span> <span class='ocrx_word' id='word_1_765' title='bbox 3040 4751 3226 4806; x_wconf 85' lang='lat' dir='ltr'><strong>comta,</strong></span> <span class='ocrx_word' id='word_1_766' title='bbox 3271 4756 3429 4812; x_wconf 84' lang='lat' dir='ltr'><strong>quam</strong></span> 
     </span>
    </p>
   </div>
   <div class='ocr_carea' id='block_1_117' title="bbox 1838 4812 3430 4880">
    <p class='ocr_par' dir='ltr' id='par_1_117' title="bbox 1838 4812 3430 4880">
     <span class='ocr_line' id='line_1_117' title="bbox 1838 4812 3430 4880; baseline -0.002 -11"><span class='ocrx_word' id='word_1_767' title='bbox 1838 4831 2026 4870; x_wconf 88' lang='lat' dir='ltr'><strong>vocem</strong></span> <span class='ocrx_word' id='word_1_768' title='bbox 2062 4829 2191 4868; x_wconf 87' lang='lat' dir='ltr'><strong>mss.</strong></span> <span class='ocrx_word' id='word_1_769' title='bbox 2234 4822 2442 4880; x_wconf 89' lang='lat' dir='ltr'><strong>septem</strong></span> <span class='ocrx_word' id='word_1_770' title='bbox 2490 4813 2808 4866; x_wconf 85' lang='lat' dir='ltr'><strong>auctoritate</strong></span> <span class='ocrx_word' id='word_1_771' title='bbox 2846 4812 3225 4866; x_wconf 87' lang='lat' dir='ltr'><strong>substituimus</strong></span> <span class='ocrx_word' id='word_1_772' title='bbox 3260 4831 3272 4864; x_wconf 93' lang='lat'><strong>:</strong></span> <span class='ocrx_word' id='word_1_773' title='bbox 3326 4829 3430 4880; x_wconf 87' lang='lat' dir='ltr'><strong>qua</strong></span> 
     </span>
    </p>
   </div>
   <div class='ocr_carea' id='block_1_118' title="bbox 1842 4881 3431 4955">
    <p class='ocr_par' dir='ltr' id='par_1_118' title="bbox 1842 4881 3431 4955">
     <span class='ocr_line' id='line_1_118' title="bbox 1842 4881 3431 4955; baseline -0.003 -15"><span class='ocrx_word' id='word_1_774' title='bbox 1842 4887 2128 4955; x_wconf 79' lang='lat' dir='ltr'><strong>significari</strong></span> <span class='ocrx_word' id='word_1_775' title='bbox 2158 4883 2432 4940; x_wconf 89' lang='lat' dir='ltr'><strong>credimus</strong></span> <span class='ocrx_word' id='word_1_776' title='bbox 2460 4896 2525 4955; x_wconf 81' lang='lat' dir='ltr'><strong>ea</strong></span> <span class='ocrx_word' id='word_1_777' title='bbox 2571 4881 2868 4955; x_wconf 86' lang='lat' dir='ltr'><strong>penetralia</strong></span> <span class='ocrx_word' id='word_1_778' title='bbox 2910 4897 3005 4937; x_wconf 90' lang='lat' dir='ltr'><strong>seu</strong></span> <span class='ocrx_word' id='word_1_779' title='bbox 3047 4883 3207 4935; x_wconf 81' lang='lat' dir='ltr'><strong>corda</strong></span> <span class='ocrx_word' id='word_1_780' title='bbox 3249 4898 3292 4955; x_wconf 81' lang='lat' dir='ltr'><strong>a</strong></span> <span class='ocrx_word' id='word_1_781' title='bbox 3321 4883 3431 4938; x_wconf 91' lang='lat' dir='ltr'><strong>Deo</strong></span> 
     </span>
    </p>
   </div>
   <div class='ocr_carea' id='block_1_119' title="bbox 1842 4953 3428 5024">
    <p class='ocr_par' dir='ltr' id='par_1_119' title="bbox 1842 4953 3428 5024">
     <span class='ocr_line' id='line_1_119' title="bbox 1842 4953 3428 5024; baseline -0.003 -14"><span class='ocrx_word' id='word_1_782' title='bbox 1842 4953 2154 5021; x_wconf 84' lang='lat' dir='ltr'><strong>inhabitari,</strong></span> <span class='ocrx_word' id='word_1_783' title='bbox 2185 4970 2305 5024; x_wconf 67' lang='lat' dir='ltr'><strong>quae</strong></span> <span class='ocrx_word' id='word_1_784' title='bbox 2334 4953 2573 5024; x_wconf 90' lang='lat' dir='ltr'><strong>gaudent</strong></span> <span class='ocrx_word' id='word_1_785' title='bbox 2598 4968 2657 5024; x_wconf 85' lang='lat' dir='ltr'><strong>se</strong></span> <span class='ocrx_word' id='word_1_786' title='bbox 2698 4954 2803 5008; x_wconf 89' lang='lat' dir='ltr'><strong>hoc</strong></span> <span class='ocrx_word' id='word_1_787' title='bbox 2832 4954 2975 5007; x_wconf 84' lang='lat' dir='ltr'><strong>dono</strong></span> <span class='ocrx_word' id='word_1_788' title='bbox 3015 4962 3213 5024; x_wconf 85' lang='lat' dir='ltr'><strong>comta,</strong></span> <span class='ocrx_word' id='word_1_789' title='bbox 3247 4953 3295 5005; x_wconf 94' lang='lat' dir='ltr'><strong>id</strong></span> <span class='ocrx_word' id='word_1_790' title='bbox 3325 4966 3428 5013; x_wconf 79' lang='lat' dir='ltr'><strong>est,</strong></span> 
     </span>
    </p>
   </div>
   <div class='ocr_carea' id='block_1_120' title="bbox 1844 4972 3427 5096">
    <p class='ocr_par' dir='ltr' id='par_1_120' title="bbox 1844 4972 3427 5096">
     <span class='ocr_line' id='line_1_120' title="bbox 1844 4972 3427 5024; baseline -0.003 -14"><span class='ocrx_word' id='word_1_791' title='bbox 1844 4972 2154 5021; x_wconf 75' lang='lat' dir='ltr'><strong>Intrabttart,</strong></span> <span class='ocrx_word' id='word_1_792' title='bbox 2224 4972 2305 5009; x_wconf 69' lang='grc' dir='ltr'><strong>ιιιε</strong></span> <span class='ocrx_word' id='word_1_793' title='bbox 2334 4972 2573 5024; x_wconf 78' lang='lat' dir='ltr'><strong>gaudent.</strong></span> <span class='ocrx_word' id='word_1_794' title='bbox 2598 4972 2657 5007; x_wconf 74' lang='lat' dir='ltr'><strong>SB</strong></span> <span class='ocrx_word' id='word_1_795' title='bbox 2698 4972 2803 5008; x_wconf 82' lang='lat' dir='ltr'><strong>HOC</strong></span> <span class='ocrx_word' id='word_1_796' title='bbox 2832 4972 2975 5007; x_wconf 76' lang='lat' dir='ltr'><strong>UOHO</strong></span> <span class='ocrx_word' id='word_1_797' title='bbox 3015 4972 3213 5016; x_wconf 84' lang='lat' dir='ltr'><strong>comta,</strong></span> <span class='ocrx_word' id='word_1_798' title='bbox 3247 4972 3295 5005; x_wconf 90' lang='grc'><strong>1(1</strong></span> <span class='ocrx_word' id='word_1_799' title='bbox 3325 4972 3427 5013; x_wconf 62' lang='grc' dir='ltr'><strong>ϐςῐ,</strong></span> 
     </span>
     <span class='ocr_line' id='line_1_121' title="bbox 1844 4972 3427 5096; baseline -0.001 -15"><span class='ocrx_word' id='word_1_800' title='bbox 1844 5036 2058 5091; x_wconf 84' lang='lat' dir='ltr'><strong>ornata,</strong></span> <span class='ocrx_word' id='word_1_801' title='bbox 2089 4972 2229 5096; x_wconf 37' lang='lat' dir='ltr'><strong>quoii</strong></span> <span class='ocrx_word' id='word_1_802' title='bbox 2267 5025 2407 5080; x_wconf 88' lang='lat' dir='ltr'><strong>Deus</strong></span> <span class='ocrx_word' id='word_1_803' title='bbox 2440 5024 2555 5091; x_wconf 90' lang='lat' dir='ltr'><strong>ipse</strong></span> <span class='ocrx_word' id='word_1_804' title='bbox 2588 5023 2817 5087; x_wconf 86' lang='lat' dir='ltr'><strong>dederit,</strong></span> <span class='ocrx_word' id='word_1_805' title='bbox 2856 5040 2959 5077; x_wconf 91' lang='lat' dir='ltr'><strong>non</strong></span> <span class='ocrx_word' id='word_1_806' title='bbox 2988 5022 3127 5092; x_wconf 87' lang='lat' dir='ltr'><strong>quod</strong></span> <span class='ocrx_word' id='word_1_807' title='bbox 3156 5038 3185 5076; x_wconf 90' lang='lat' dir='ltr'><strong>a</strong></span> <span class='ocrx_word' id='word_1_808' title='bbox 3209 5037 3268 5077; x_wconf 88' lang='lat' dir='ltr'><strong>se</strong></span> <span class='ocrx_word' id='word_1_809' title='bbox 3300 5024 3427 5091; x_wconf 81' lang='lat' dir='ltr'><strong>ipsis</strong></span> 
     </span>
    </p>
   </div>
   <div class='ocr_carea' id='block_1_121' title="bbox 1842 5096 2482 5164">
    <p class='ocr_par' dir='ltr' id='par_1_121' title="bbox 1842 5096 2482 5164">
     <span class='ocr_line' id='line_1_122' title="bbox 1842 5096 2482 5164; baseline -0.005 -12"><span class='ocrx_word' id='word_1_810' title='bbox 1842 5099 2043 5152; x_wconf 80' lang='lat' dir='ltr'><strong>habere</strong></span> <span class='ocrx_word' id='word_1_811' title='bbox 2073 5112 2132 5151; x_wconf 90' lang='lat' dir='ltr'><strong>se</strong></span> <span class='ocrx_word' id='word_1_812' title='bbox 2161 5096 2482 5164; x_wconf 87' lang='lat' dir='ltr'><strong>putaverint.</strong></span> 
     </span>
    </p>
   </div>
   <div class='ocr_carea' id='block_1_122' title="bbox 1917 5163 3429 5230">
    <p class='ocr_par' dir='ltr' id='par_1_122' title="bbox 1917 5163 3429 5230">
     <span class='ocr_line' id='line_1_123' title="bbox 1917 5163 3429 5230; baseline -0.002 -11"><span class='ocrx_word' id='word_1_813' title='bbox 1917 5180 1944 5219; x_wconf 78' lang='grc' dir='ltr'><strong>ν</strong></span> <span class='ocrx_word' id='word_1_814' title='bbox 1977 5169 2051 5224; x_wconf 80' lang='lat' dir='ltr'><strong>Ita</strong></span> <span class='ocrx_word' id='word_1_815' title='bbox 2078 5182 2207 5220; x_wconf 91' lang='lat' dir='ltr'><strong>mss.</strong></span> <span class='ocrx_word' id='word_1_816' title='bbox 2230 5167 2389 5220; x_wconf 82' lang='lat' dir='ltr'><strong>Colb.</strong></span> <span class='ocrx_word' id='word_1_817' title='bbox 2420 5180 2557 5219; x_wconf 83' lang='lat' dir='ltr'><strong>unus</strong></span> <span class='ocrx_word' id='word_1_818' title='bbox 2584 5174 2639 5220; x_wconf 86' lang='lat' dir='ltr'><strong>et</strong></span> <span class='ocrx_word' id='word_1_819' title='bbox 2666 5165 2772 5220; x_wconf 86' lang='lat' dir='ltr'><strong>Jol.</strong></span> <span class='ocrx_word' id='word_1_820' title='bbox 2797 5166 2897 5220; x_wconf 81' lang='lat' dir='ltr'><strong>Ms.</strong></span> <span class='ocrx_word' id='word_1_821' title='bbox 2930 5164 3158 5230; x_wconf 82' lang='lat' dir='ltr'><strong>Remig.,</strong></span> <span class='ocrx_word' id='word_1_822' title='bbox 3193 5163 3266 5217; x_wconf 85' lang='lat' dir='ltr'><strong>De</strong></span> <span class='ocrx_word' id='word_1_823' title='bbox 3284 5164 3429 5216; x_wconf 85' lang='lat' dir='ltr'><strong>bonis</strong></span> 
     </span>
    </p>
   </div>
   <div class='ocr_carea' id='block_1_123' title="bbox 1844 5234 3425 5304">
    <p class='ocr_par' dir='ltr' id='par_1_123' title="bbox 1844 5234 3425 5304">
     <span class='ocr_line' id='line_1_124' title="bbox 1844 5234 3425 5304; baseline -0.005 -10"><span class='ocrx_word' id='word_1_824' title='bbox 1844 5253 1889 5294; x_wconf 90' lang='lat' dir='ltr'><strong>et</strong></span> <span class='ocrx_word' id='word_1_825' title='bbox 1934 5241 2083 5294; x_wconf 86' lang='lat' dir='ltr'><strong>malis</strong></span> <span class='ocrx_word' id='word_1_826' title='bbox 2118 5237 2431 5292; x_wconf 84' lang='lat' dir='ltr'><strong>hominibus.</strong></span> <span class='ocrx_word' id='word_1_827' title='bbox 2473 5236 2599 5302; x_wconf 82' lang='lat' dir='ltr'><strong>Alii,</strong></span> <span class='ocrx_word' id='word_1_828' title='bbox 2632 5235 2710 5290; x_wconf 77' lang='lat' dir='ltr'><strong>De</strong></span> <span class='ocrx_word' id='word_1_829' title='bbox 2740 5237 2924 5304; x_wconf 82' lang='lat' dir='ltr'><strong>ﬁnibus</strong></span> <span class='ocrx_word' id='word_1_830' title='bbox 2954 5237 3212 5289; x_wconf 85' lang='lat' dir='ltr'><strong>malorum</strong></span> <span class='ocrx_word' id='word_1_831' title='bbox 3262 5245 3310 5287; x_wconf 78' lang='lat' dir='ltr'><strong>et</strong></span> <span class='ocrx_word' id='word_1_832' title='bbox 3342 5234 3425 5287; x_wconf 87' lang='lat' dir='ltr'><strong>bo-</strong></span> 
     </span>
    </p>
   </div>
   <div class='ocr_carea' id='block_1_124' title="bbox 1843 5327 2051 5364">
    <p class='ocr_par' dir='ltr' id='par_1_124' title="bbox 1843 5327 2051 5364">
     <span class='ocr_line' id='line_1_125' title="bbox 1843 5327 2051 5364; baseline 0.01 -2"><span class='ocrx_word' id='word_1_833' title='bbox 1843 5327 2051 5364; x_wconf 85' lang='lat' dir='ltr'><strong>norum.</strong></span> 
     </span>
    </p>
   </div>
   <div class='ocr_carea' id='block_1_125' title="bbox 1910 5378 2824 5448">
    <p class='ocr_par' dir='ltr' id='par_1_125' title="bbox 1910 5378 2824 5448">
     <span class='ocr_line' id='line_1_126' title="bbox 1910 5378 2824 5448; baseline -0.002 -17"><span class='ocrx_word' id='word_1_834' title='bbox 1910 5392 1938 5431; x_wconf 75' lang='grc' dir='ltr'><strong>ιι</strong></span> <span class='ocrx_word' id='word_1_835' title='bbox 1969 5380 2068 5436; x_wconf 89' lang='lat' dir='ltr'><strong>Ms.</strong></span> <span class='ocrx_word' id='word_1_836' title='bbox 2094 5378 2317 5448; x_wconf 79' lang='lat' dir='ltr'><strong>Regius,</strong></span> <span class='ocrx_word' id='word_1_837' title='bbox 2348 5379 2438 5447; x_wconf 86' lang='lat' dir='ltr'><strong>qui</strong></span> <span class='ocrx_word' id='word_1_838' title='bbox 2468 5394 2571 5431; x_wconf 88' lang='lat' dir='ltr'><strong>non</strong></span> <span class='ocrx_word' id='word_1_839' title='bbox 2601 5378 2670 5431; x_wconf 86' lang='lat' dir='ltr'><strong>ad</strong></span> <span class='ocrx_word' id='word_1_840' title='bbox 2700 5393 2824 5430; x_wconf 86' lang='lat' dir='ltr'><strong>esse.</strong></span> 
     </span>
    </p>
   </div>
   <div class='ocr_carea' id='block_1_126' title="bbox 1912 5445 3427 5519">
    <p class='ocr_par' dir='ltr' id='par_1_126' title="bbox 1912 5445 3427 5519">
     <span class='ocr_line' id='line_1_127' title="bbox 1912 5445 3427 5519; baseline -0.004 -14"><span class='ocrx_word' id='word_1_841' title='bbox 1912 5462 1933 5489; x_wconf 73' lang='grc' dir='ltr'><em>τ</em></span> <span class='ocrx_word' id='word_1_842' title='bbox 1963 5451 2089 5505; x_wconf 83' lang='lat' dir='ltr'><strong>Mss.</strong></span> <span class='ocrx_word' id='word_1_843' title='bbox 2118 5445 2372 5519; x_wconf 74' lang='lat' dir='ltr'><strong>quinque,</strong></span> <span class='ocrx_word' id='word_1_844' title='bbox 2400 5466 2488 5502; x_wconf 87' lang='lat' dir='ltr'><strong>nec</strong></span> <span class='ocrx_word' id='word_1_845' title='bbox 2518 5448 2649 5519; x_wconf 70' lang='lat' dir='ltr'><strong>nihil</strong></span> <span class='ocrx_word' id='word_1_846' title='bbox 2680 5463 2787 5501; x_wconf 84' lang='lat' dir='ltr'><strong>esse</strong></span> <span class='ocrx_word' id='word_1_847' title='bbox 2815 5456 3026 5516; x_wconf 82' lang='lat' dir='ltr'><strong>queunt.</strong></span> <span class='ocrx_word' id='word_1_848' title='bbox 3050 5445 3175 5513; x_wconf 80' lang='lat' dir='ltr'><strong>Alii,</strong></span> <span class='ocrx_word' id='word_1_849' title='bbox 3204 5454 3251 5499; x_wconf 83' lang='lat' dir='ltr'><strong>et</strong></span> <span class='ocrx_word' id='word_1_850' title='bbox 3275 5445 3427 5499; x_wconf 80' lang='lat' dir='ltr'><strong>nihil.</strong></span> 
     </span>
    </p>
   </div>
   <div class='ocr_carea' id='block_1_127' title="bbox 1912 5517 2678 5586">
    <p class='ocr_par' dir='ltr' id='par_1_127' title="bbox 1912 5517 2678 5586">
     <span class='ocr_line' id='line_1_128' title="bbox 1912 5517 2678 5586; baseline -0.005 -10"><span class='ocrx_word' id='word_1_851' title='bbox 1912 5532 1934 5558; x_wconf 83' lang='grc'><strong>⁸</strong></span> <span class='ocrx_word' id='word_1_852' title='bbox 1965 5523 2087 5576; x_wconf 84' lang='lat' dir='ltr'><strong>Mss.</strong></span> <span class='ocrx_word' id='word_1_853' title='bbox 2120 5517 2538 5586; x_wconf 20' lang='lat' dir='ltr'><strong>tres,‘ultionum</strong></span> <span class='ocrx_word' id='word_1_854' title='bbox 2560 5517 2678 5586; x_wconf 74' lang='lat' dir='ltr'><strong>Dei.</strong></span> 
     </span>
    </p>
   </div>
   <div class='ocr_carea' id='block_1_128' title="bbox 1914 5584 3428 5659">
    <p class='ocr_par' dir='ltr' id='par_1_128' title="bbox 1914 5584 3428 5659">
     <span class='ocr_line' id='line_1_129' title="bbox 1914 5584 3428 5659; baseline -0.005 -13"><span class='ocrx_word' id='word_1_855' title='bbox 1914 5594 1930 5628; x_wconf 71' lang='grc' dir='ltr'>ί</span> <span class='ocrx_word' id='word_1_856' title='bbox 1970 5594 2099 5649; x_wconf 89' lang='lat' dir='ltr'><strong>Mss.</strong></span> <span class='ocrx_word' id='word_1_857' title='bbox 2132 5584 2365 5659; x_wconf 83' lang='lat' dir='ltr'><strong>septem,</strong></span> <span class='ocrx_word' id='word_1_858' title='bbox 2395 5602 2516 5642; x_wconf 90' lang='lat' dir='ltr'><strong>cum</strong></span> <span class='ocrx_word' id='word_1_859' title='bbox 2546 5584 2676 5659; x_wconf 79' lang='lat' dir='ltr'><strong>edit.</strong></span> <span class='ocrx_word' id='word_1_860' title='bbox 2709 5586 2871 5659; x_wconf 76' lang='lat' dir='ltr'><strong>Yen.,</strong></span> <span class='ocrx_word' id='word_1_861' title='bbox 2913 5588 3100 5642; x_wconf 85' lang='lat' dir='ltr'><strong>malos.</strong></span> <span class='ocrx_word' id='word_1_862' title='bbox 3134 5587 3263 5659; x_wconf 77' lang='lat' dir='ltr'><strong>Alii,</strong></span> <span class='ocrx_word' id='word_1_863' title='bbox 3293 5604 3428 5659; x_wconf 80' lang='lat' dir='ltr'><strong>reos.</strong></span> 
     </span>
    </p>
   </div>
   <div class='ocr_carea' id='block_1_129' title="bbox 1911 5657 3434 5730">
    <p class='ocr_par' dir='ltr' id='par_1_129' title="bbox 1911 5657 3434 5730">
     <span class='ocr_line' id='line_1_130' title="bbox 1911 5657 3434 5730; baseline -0.005 -13"><span class='ocrx_word' id='word_1_864' title='bbox 1911 5674 1938 5700; x_wconf 78' lang='grc' dir='ltr'><strong>ιι</strong></span> <span class='ocrx_word' id='word_1_865' title='bbox 1973 5665 2070 5719; x_wconf 87' lang='lat' dir='ltr'><strong>Ms.</strong></span> <span class='ocrx_word' id='word_1_866' title='bbox 2108 5657 2323 5730; x_wconf 81' lang='lat' dir='ltr'><strong>Regius,</strong></span> <span class='ocrx_word' id='word_1_867' title='bbox 2352 5668 2491 5730; x_wconf 75' lang='lat' dir='ltr'><strong>quod</strong></span> <span class='ocrx_word' id='word_1_868' title='bbox 2523 5667 2595 5711; x_wconf 86' lang='lat' dir='ltr'><strong>est</strong></span> <span class='ocrx_word' id='word_1_869' title='bbox 2625 5657 2918 5730; x_wconf 77' lang='lat' dir='ltr'><strong>faciendum</strong></span> <span class='ocrx_word' id='word_1_870' title='bbox 2946 5669 3080 5712; x_wconf 88' lang='lat' dir='ltr'><strong>recte</strong></span> <span class='ocrx_word' id='word_1_871' title='bbox 3109 5657 3355 5728; x_wconf 82' lang='lat' dir='ltr'><strong>intelligit</strong></span> <span class='ocrx_word' id='word_1_872' title='bbox 3387 5668 3434 5710; x_wconf 81' lang='lat' dir='ltr'><strong>et</strong></span> 
     </span>
    </p>
   </div>
   <div class='ocr_carea' id='block_1_130' title="bbox 1837 5727 3423 5801">
    <p class='ocr_par' dir='ltr' id='par_1_130' title="bbox 1837 5727 3423 5801">
     <span class='ocr_line' id='line_1_131' title="bbox 1837 5727 3423 5801; baseline -0.003 -14"><span class='ocrx_word' id='word_1_873' title='bbox 1837 5734 1987 5801; x_wconf 80' lang='lat' dir='ltr'><strong>facit.</strong></span> <span class='ocrx_word' id='word_1_874' title='bbox 2013 5735 2145 5793; x_wconf 84' lang='lat' dir='ltr'><strong>Ven.</strong></span> <span class='ocrx_word' id='word_1_875' title='bbox 2176 5727 2335 5799; x_wconf 70' lang='lat' dir='ltr'><strong>edit.,</strong></span> <span class='ocrx_word' id='word_1_876' title='bbox 2356 5727 2491 5798; x_wconf 72' lang='lat' dir='ltr'><strong>quod</strong></span> <span class='ocrx_word' id='word_1_877' title='bbox 2514 5739 2645 5785; x_wconf 84' lang='lat' dir='ltr'><strong>recte</strong></span> <span class='ocrx_word' id='word_1_878' title='bbox 2669 5729 2957 5796; x_wconf 73' lang='lat' dir='ltr'><strong>faciendum</strong></span> <span class='ocrx_word' id='word_1_879' title='bbox 2988 5730 3246 5799; x_wconf 83' lang='lat' dir='ltr'><strong>intelligit,</strong></span> <span class='ocrx_word' id='word_1_880' title='bbox 3277 5727 3423 5798; x_wconf 73' lang='lat' dir='ltr'><strong>facit.</strong></span> 
     </span>
    </p>
   </div>
  </div>
