3978 6178
483 282 589 340 503

1699 281 1754 336 S.
1793 280 2135 337 PROSPERI
2172 281 2497 348 AQUITANI

3666 289 3772 345 5οὀ

484 399 853 472 inteliigentia,
887 397 1060 472 qualis
1087 411 1173 452 est
1202 395 1320 472 sine
1348 397 1544 472 timore
1571 396 1855 472 sapientia,
1888 404 1914 433 ει
1947 409 2068 451 cum
2095 398 2152 459 Α
2178 403 2362 472 tuntur
2392 395 2528 472 mala
2549 439 2563 460 ,
2589 404 2646 451 et
2666 397 3045 472 _retribuuntur
3076 398 3238 472 bona.
3277 398 3455 468 Atque
3475 400 3560 472 ita
3598 406 3773 455 mani-

482 475 553 529 sit
581 466 867 542 scriptum,
900 466 1115 523 Initium
1138 467 1405 537 sapientia
1436 469 1587 521 timor
1618 466 1849 520 Domini.

484 565 823 633 Scriptorum
855 559 1069 627 Domini
1094 558 1251 629 plene
1276 558 1424 614 videt
1449 573 1610 612 omne
1632 557 1975 626 profundum,

553 656 581 696 δ
614 655 804 724 Implet
829 653 919 723 qui
943 652 1098 707 factis
1123 652 1342 721 cognita
1371 650 1536 704 verba
1565 646 1689 718 piis.

481 747 614 804 Nam
641 746 801 801 nimis
832 756 855 784 ο
886 760 917 799 a
945 758 1107 799 sensu
1135 742 1394 797 doctrinae
1418 741 1610 796 devius
1639 747 1806 808 errat,

551 842 611 896 Si
638 855 760 910 qua:
781 838 989 894 curavit
1013 835 1174 903 scire,
1205 835 1339 906 fugit
1366 834 1567 889 facere.

662 930 803 985 XIV.
833 930 910 983 De
935 929 1109 1000 requie
1137 928 1307 981 adhuc
1334 928 1384 980 in
1417 942 1571 979 carne
1598 922 1625 962 ἀ
1655 925 1885 979 viventis.

550 1024 726 1079 Habet
756 1033 778 1061 ο
801 1022 911 1091 jam
943 1022 994 1075 in
1023 1022 1125 1075 hac
1152 1021 1256 1074 vita
1275 1019 1517 1087 requiem
1548 1032 1703 1072 suam
1745 1017 1923 1091 anima
1948 1030 2069 1091 quae

479 1094 549 1150 de
571 1104 745 1150 morte
769 1087 1095 1147 infidelitatis
1117 1097 1366 1158 exempta
1387 1098 1490 1151 est,
1517 1096 1572 1143 et
1596 1104 1699 1141 non
1727 1087 1794 1141 ab
1811 1087 2067 1156 operibus

480 1167 723 1236 iustitiae,
771 1164 865 1219 sed
910 1164 979 1216 ab
1022 1160 1321 1236 iniquitatis
1366 1174 1428 1236 se
1470 1159 1705 1236 abstinet
1743 1158 1976 1236 actione,
2010 1163 2073 1211 ut

480 1228 675 1289 'vivens
702 1228 828 1295 Deo.
852 1242 909 1288 et
933 1228 1135 1287 mundo
1157 1241 1387 1295 mortua,
1413 1229 1465 1283 in
1495 1228 1817 1283 humilitatis
1840 1236 1895 1283 et
1914 1242 2069 1282 man-

480 1303 785 1361 suetudinis
819 1304 836 1342 ῖ
871 1303 1083 1373 placida
1116 1301 1502 1371 tranquillitate
1531 1298 1854 1369 requiescat.

482 1395 579 1451 Est
611 1405 667 1450 et
688 1394 741 1449 in
774 1394 875 1448 hac
897 1392 1007 1447 vita
1039 1392 1219 1446 multis
1246 1390 1462 1461 requies
1488 1389 1612 1444 data
1642 1390 1864 1456 sanctis,

552 1485 794 1553 Quorum
826 1483 1033 1537 animas
1064 1481 1295 1537 mundus
1321 1495 1425 1535 non
1450 1488 1602 1535 tenet
1627 1480 1926 1536 occiduus:

481 1578 627 1645 Quos
658 1577 943 1632 desideriis
973 1575 1135 1631 nullis
1157 1575 1397 1645 peritura
1429 1574 1681 1645 fatigant,

552 1671 621 1725 Et
658 1668 855 1739 quibus
903 1682 1065 1724 omne
1110 1667 1310 1723 bonum
1354 1675 1440 1721 est
1479 1664 1749 1733 Christus,
1791 1675 1846 1722 et
1892 1665 2070 1722 omnis

708 1764 901 1816 honor.

480 1855 716 1912 Utuntur
741 1862 883 1908 terra
915 1858 976 1906 ut
1003 1849 1163 1915 cmlo,
1196 1848 1452 1919 fugientia
1489 1857 1758 1915 temnunt,

553 1943 711 2013 Quod
747 1942 1002 2009 credunt,
1031 1940 1175 2013 quod
1213 1948 1428 2008 amant,
1459 1940 1603 2010 quod
1630 1939 1885 2009 cupiunt,
1929 1937 2072 1995 Deus

698 2044 802 2091 es"
950 2123 1069 2179 XV.
1085 2132 1110 2171 κ
1141 2122 1218 2177 De
1232 2122 1455 2177 vovendo
1478 2121 1606 2177 Deo.

557 2217 968 2288 Quisquisbene
990 2216 1194 2285 cogitat
1212 2214 1339 2283 quid
1364 2214 1472 2267 Deo
1495 2220 1718 2288 v_o_veat_,_
1734 2220 1788 2267 et
1807 2227 1928 2288 qum
1943 2218 2075 2288 _vota

485 2282 777 2353 persolvat,
804 2286 832 2324 ιι
856 2282 1090 2356 seipsum
1122 2282 1335 2356 voveat,
1366 2292 1421 2337 et
1442 2284 1656 2356 reddat.
1681 2284 1791 2338 lloc
1812 2282 2073 2356 exigitur,

486 2361 593 2416 hoc
630 2360 856 2414 debetur
894 2352 1142 2425 {imago
1185 2353 1202 2393 ί
1254 2354 1485 2409 Cmsaris
1532 2354 1786 2407 reddatur
1831 2352 2071 2417 (lassari,

484 2431 661 2500 imago
703 2430 794 2483 Dei
846 2426 1102 2500 reddatur
1134 2426 1265 2500 Deo.
1316 2426 1421 2500 Sed
1463 2426 1617 2500 _sicut
1649 2426 1949 2500 videndum
1993 2431 2077 2477 est

491 2501 509 2553 i
554 2494 679 2565 quid
711 2511 765 2554 et
793 2501 875 2553 cui
917 2498 1135 2563 offeras,
1169 2499 1239 2550 ita
1270 2498 1430 2549 etiam
1462 2494 1490 2533 ¹ι
1515 2494 2078 2565 ροηεὶόργθηάυιηῖθει

490 2564 588 2626 ubi
613 2570 829 2626 olTeras.
860 2571 993 2635 Quia
1023 2570 1136 2623 veri
1164 2566 1412 2622 sacrificii
1440 2576 1591 2621 extra
1615 2566 1931 2620 catholicam
1962 2564 2070 2619 Ec-

484 2642 707 2698 clesium
740 2643 889 2695 locus
920 2651 1026 2693 non
1050 2649 1153 2695 est.

484 2734 649 2807 625
678 2732 815 2799 Quid
845 2713 1039 2786 voveat
1078 2729 1305 2785 Domino
1336 2728 1578 2799 quisquis
1624 2726 1763 2782 bene
1785 2726 1950 2781 corde
1978 2740 2077 2781 vo-

710 2827 879 2891 lutut,

560 2919 741 2989 Ipsum
772 2932 835 2972 se
868 2925 1046 2970 totum
1076 2919 1349 2985 przeparet
1377 2922 1431 2967 et
1462 2920 1685 2976 voveat,

486 3013 653 3082 Major
683 3010 827 3065 enim
866 3006 1090 3063 1offerri
1121 3006 1309 3076 nequit
1339 3006 1513 3059 hostia
1546 3002 1742 3059 mentis
1770 3001 1823 3058 in
1851 3017 1965 3069 ara,

559 3104 670 3158 Nec
693 3100 894 3157 Christi
925 3114 995 3155 ex
1026 3097 1229 3167 temple
1255 3096 1475 3152 suavior
1498 3094 1609 3150 exit
1638 3093 1794 3157 odor,

487 3198 658 3267 Quam
703 3211 827 3251 eum
856 3203 896 3231 ιη
918 3194 1079 3249 homo
1108 3199 1381 3247 castorum
1428 3187 1633 3260 profert
1660 3186 1915 3244 libamina
1956 3199 2078 3248 mo-

700 3302 823 3342 rum
844 3327 860 3352 ,

561 3379 631 3434 Et
655 3378 724 3433 de
750 3379 1012 3433 virtutum
1043 3390 1268 3431 munere
1305 3388 1461 3429 sacra
1492 3373 1632 3427 litat.

488 3474 581 3531 Sic
606 3482 784 3527 tamen
803 3511 818 3536 ,
848 3478 909 3525 ut
938 3470 1084 3524 norit
1110 3469 1202 3539 qui
1230 3467 1411 3524 reddit
1441 3476 1565 3521 vota
1586 3464 1819 3520 Tonanti

562 3568 739 3625 Unum
767 3565 967 3621 divinis
993 3561 1231 3619 cultibus
1257 3576 1382 3617 esse
1409 3560 1617 3626 locum,

490 3662 546 3717 In
580 3669 694 3715 toto
719 3657 920 3713 mundo
948 3671 1107 3727 quem
1129 3669 1256 3710 vera
1289 3652 1531 3708 Ecclesia
1568 3649 1809 3721 praebet,

564 3754 632 3809 Et
661 3753 783 3808 sine
806 3765 914 3823 quo
944 3749 1151 3804 nullum
1178 3746 1407 3818 iustitia:
1432 3754 1515 3801 est
1542 3745 1812 3799 meritum.

892 3841 1034 3897 XVI.
1067 3840 1143 3895 De
1170 3840 1383 3913 justitia
1406 3848 1452 3892 et
1480 3837 1670 3909 gratia.

563 3937 693 3990 Duae
737 3944 860 3989 sunt
906 3932 1288 3986 retributiones
1324 3930 1577 3999 iustitiae,
1626 3943 1747 3999 cum
1792 3935 1885 3999 aut
1938 3928 2077 3983 bona

497 4022 595 4074 pro
627 4008 802 4069 bonis,
827 4013 917 4057 attt
950 4002 1089 4057 mala
1121 3998 1421 4056 redduntur
1451 4014 1547 4067 pro
1578 3998 1751 4074 malis.
1784 3998 1969 4054 Tertia
1996 4009 2082 4074 est

493 4070 782 4132 retributio
818 4075 1041 4145 gratim,
1073 4086 1194 4127 cum
1237 4086 1334 4140 per
1376 4071 1842 4138 regenerationem
1894 4070 2082 4124 remit-

565 4279 590 4307 τι
616 4268 692 4323 Ita
722 4280 856 4320 mss.
898 4274 1125 4335 quatuor
1153 4262 1381 4335 et_edit.
1403 4260 1561 4335 _Ven.
1591 4258 1806 4326 Caeteri,
1837 4277 1953 4315 cum
1978 4262 2078 4315 ini-

494 4343 618 4395 tium
643 4341 705 4392 sit
734 4331 998 4410 sapieniim
1024 4336 1177 4410 timor
1203 4331 1433 4410 Domini.

565 4411 593 4450 δ
625 4410 752 4465 Mss.
785 4402 1038 4473 quatuor,
1072 4405 1175 4472 Qui
1202 4404 1354 4471 factis
1375 4402 1570 4471 implet.

566 4494 589 4522 ο
624 4482 770 4535 Alias
789 4471 942 4545 editi,
970 4471 1185 4532 ascensu
1202 4473 1466 4528 doctrinae.
1497 4471 1826 4529 Emendatur
1852 4488 1917 4529 ex
1941 4488 2074 4530 mss.

494 4566 750 4623 qumque.

566 4623 591 4659 α
623 4622 748 4674 Mss.
777 4628 1025 4688 quatuor,
1051 4616 1344 4688 viventium.

568 4700 591 4729 ε
622 4691 747 4745 Mss.
780 4684 1019 4758 quatuor
1054 4698 1107 4741 et
1152 4686 1282 4741 edit.
1313 4684 1480 4751 Ven.,
1511 4684 1682 4758 etiam.
1719 4685 1923 4758 Exghis
1972 4702 2075 4742 ms.

492 4763 682 4817 Camb.
716 4755 835 4828 post
864 4759 1065 4828 aliquot
1094 4758 1279 4817 verba.
1302 4769 1418 4828 qua:
1447 4770 1548 4828 non
1561 4755 1637 4828 ab
1660 4756 1917 4825 operibus.

569 4831 587 4870 ί
623 4824 728 4885 Ms.
755 4824 1205 4883 Theodoricensis
1236 4826 1401 4891 solus,
1435 4824 1647 4896 placita.

565 4913 589 4950 ε
627 4904 721 4955 Ms.
751 4901 1023 4960 Joliensis.
1067 4900 1145 4952 De
1172 4894 1556 4951 vovendo.'Ms.
1586 4895 1799 4967 Camh.,
1846 4896 1926 4952 De
1952 4898 2077 4953 bene

493 4974 680 5028 vut'end
686 4989 734 5025 0.

566 5047 587 5080 ιι
621 5044 715 5095 Ms.
749 5041 967 5109 Regius.
999 5045 1245 5109 voveatje
1269 5035 1434 5109 ipsum
1453 5043 1634 5109 totum.

570 5114 583 5150 ί
626 5114 756 5167 Mss.
800 5107 1018 5180 Regius,
1061 5121 1114 5164 et
1161 5107 1393 5180 Theo_d._,
1438 5112 1494 5159 et
1535 5108 1664 5161 edit.
1710 5109 1868 5175 Ven.,
1918 5118 1975 5163 ut
2029 5120 2077 5164 et

492 5188 659 5253 inr'go
682 5174 1070 5237 Cwsaris....'et
1099 5174 1406 5253 imago_Dei.

566 5247 748 5309 i'Mss.
780 5262 1034 5322 quatuor,
1066 5247 1425 5322 quiete/feras,
1449 5258 1495 5300 et
1526 5248 1611 5301 cui
1640 5248 1849 5322 _o/Teras.

566 5326 585 5361 ίί
622 5326 719 5380 Ms.
750 5318 902 5379 cum.
937 5318 1095 5387 unus,
1124 5318 1395 5373 uidendum
1426 5327 1517 5381 est,
1549 5327 1609 5371 ut
1639 5320 1689 5370 in
1715 5319 2015 5376 sententiis.

573 5394 584 5430 l
614 5397 736 5449 Mss.
764 5404 1012 5460 quatuor,
1036 5405 1089 5445 et
1118 5391 1249 5445 edit.
1276 5388 1386 5442 Ven
1419 5427 1434 5447 .
1463 5388 1634 5460 nequit
1659 5389 1858 5456 o/ferri.

563 5475 601 5502 ιιι
621 5465 729 5520 Vox
762 5457 898 5533 hzee,
924 5464 1096 5526 homo,
1125 5462 1277 5533 abest
1298 5475 1341 5533 _a_
1364 5474 1464 5513 ms.
1495 5457 1740 5533 Joliensi.

564 5543 592 5570 ³
611 5536 704 5589 Ms.
732 5530 892 5590 Colb.
912 5550 1047 5587 unus
1069 5543 1123 5587 et
1146 5532 1271 5587 edit
1297 5530 1458 5588 Ven..
1483 5536 1597 5583 sunt
1625 5532 1997 5586 misericordia.
2061 5562 2064 5566 λ

565 5606 729 5659 0315s.
754 5605 882 5672 duo,
915 5606 1268 5660 restituuntur.
1298 5601 1397 5657 Ms.
1440 5599 1596 5671 Reg.,
1640 5616 1739 5670 qua
1766 5602 1910 5658 bonis
1937 5603 2073 5657 mala

493 5677 847 5731 restituuntur.

567 5746 732 5801 ’Mss.
767 5753 895 5812 tres,
927 5746 1061 5813 Quia
1088 5746 1206 5802 nisi.
1245 5743 1382 5799 Edit.
1411 5743 1571 5809 Ven.,
1608 5742 1741 5809 Quia
1774 5746 1869 5800 nisi
1905 5744 2061 5801 Deus.

2175 464 2401 523 festatur
2431 468 2555 534 quia
2586 468 2854 521 universa:
2879 468 2979 520 via”:
3011 468 3221 521 Domini
3245 477 3272 504 υ
3303 464 3687 523 misericordia
3719 484 3771 525 et

2171 538 2394 609 veritas.
2414 536 2587 609 Illam
2611 548 2790 591 autem
2834 537 3127 609 impiorum
3178 537 3597 593 retributimtetn
3620 584 3636 606 ,
3668 556 3769 609 qua

2170 621 2271 676 pro
2301 606 2457 661 bonis
2487 608 2625 661 mala
2654 616 2678 642 ο
2719 606 3042 671 restituunt,
3072 608 3215 661 Deus
3247 613 3501 675 nescit;P
3538 612 3634 676 qui
3667 606 3771 663 nisi

2170 677 2491 750 retribueret
2528 678 2668 732 bona
2712 694 2806 750 pro
2841 678 3013 744 malis,
3045 688 3196 732 ιιηοιι
3227 690 3407 734 essent
3446 680 3651 750 quibus
3694 699 3771 734 re-

2171 746 2432 801 tribueret
2462 749 2602 801 bona
2642 763 2739 814 pro
2771 748 2946 801 bonis.

2168 835 2401 893 Iustitiae
2434 852 2642 893 merces
2667 839 2885 908 gemina
2915 850 3028 907 est,
3057 841 3145 895 vel
3174 856 3293 895 cum
3325 841 3471 896 bona
3502 842 3699 907 rectis,

2242 929 2341 983 Vel
2372 929 2551 999 pravis
2581 929 2744 1000 digne
2773 946 2894 984 cum
2927 933 3065 985 mala
3097 932 3359 987 restituit.

2168 1017 2441 1075 Salvatrix
2469 1029 2651 1077 autem
2680 1031 3002 1076 cunctorum
3044 1021 3216 1091 gratia
3243 1023 3475 1089 Christi,

2240 1111 2360 1168 Non
2388 1126 2627 1183 pensans
2654 1114 2904 1168 meritum
2926 1154 2939 1178 ,
2964 1114 3119 1168 diluit
3147 1129 3309 1169 omne
3337 1115 3543 1169 malum
3570 1155 3585 1168 .

2169 1206 2572 1279 Credentesque
2597 1221 2786 1262 omnes
2816 1221 3085 1261 renovans
3112 1208 3432 1275 baptismate
3463 1222 3655 1273 sacro,

2243 1299 2348 1356 Dat
2379 1298 2544 1363 bona,
2572 1314 2693 1369 quae
2728 1308 2949 1368 propter
2970 1298 3063 1353 det
3094 1298 3320 1352 meliora
3350 1299 3537 1354 bonis.

2454 1390 2621 1445 XVII.
2653 1389 2732 1444 De
2758 1405 2996 1461 superna
3027 1390 3208 1460 patria:
3236 1391 3449 1444 ciuibus.

2241 1485 2428 1541 Omnis
2452 1484 2544 1556 qui
2577 1484 2644 1539 ad
2675 1498 2961 1556 supernam
3003 1483 3235 1551 pertinet
3269 1484 3587 1556 civitatem,
3620 1498 3766 1553 pere-

2170 1556 2357 1624 grinus
2385 1554 2511 1611 est?
2544 1554 2729 1609 muttdi
2757 1570 2773 1609 :
2801 1561 2857 1609 et
2897 1554 3025 1608 dum
3077 1555 3359 1622 temporali
3404 1555 3582 1609 utitur
3631 1557 3761 1617 vita,

2170 1627 2225 1681 in
2258 1626 2428 1696 patria
2453 1627 2585 1680 vivit
2613 1627 2819 1691 aliena,
2848 1625 2938 1679 ubi
2976 1625 3119 1679 inter
3157 1625 3324 1678 multa
3361 1624 3690 1679 illecebrosa
3715 1635 3762 1679 et

2174 1698 2341 1751 multa
2384 1696 2593 1751 fallacia
2626 1696 2792 1750 Deum
2825 1709 2986 1749 nosse
3013 1705 3066 1749 et
3097 1709 3280 1749 amare
3313 1709 3617 1762 paucorum
3644 1704 3755 1760 est,

2096 1767 2145 1826 B
2176 1777 2197 1804 ⁵
2232 1767 2429 1836 quibus
2483 1768 2541 1821 fit
2593 1774 2906 1837 praeceptum
2936 1764 3150 1837 Domini
3187 1765 3418 1837 lucidum
3444 1766 3759 1837 ittuminans

2177 1837 2385 1963 gentos,
2420 1836 2441 1873 ί
2474 1845 2531 1891 ut
2574 1836 2674 1893 nec
2723 1839 2777 1892 iu
2819 1836 2945 1903 Dei,
2984 1850 3086 1891 nec
3127 1836 3180 1889 in
3228 1836 3456 1905 proximi
3506 1836 3759 1891 charitate

2199 1925 2224 1960 a
2275 1915 2455 1963 antur.

2199 1915 2455 1963 allantur.

2174 1998 2461 2058 Ctelestem
2489 1999 2555 2055 ad
2585 1998 2811 2070 patriam
2841 1997 3056 2054 Christo
3079 1998 3379 2053 redimente
3401 2008 3640 2065 vocatus,

2246 2091 2468 2149 Vitamu
2496 2092 2727 2147 labentis
2753 2089 3017 2159 temporis
3044 2089 3241 2159 hospes
3274 2090 3404 2159 agit.

2178 2184 2421 2255 Dumque
2439 2183 2509 2239 ad
2538 2184 2855 2253 promissam
2884 2181 3126 2252 requiem
3144 2189 3171 2220 ν
3199 2197 3305 2235 non
3333 2198 3429 2250 per
3448 2196 3549 2236 sua
3572 2180 3749 2248 tendit,

2248 2276 2528 2331 Mundana:
2559 2276 2760 2343 patitur
2783 2274 2951 2329 multa
2980 2274 3184 2343 pericla
3211 2273 3333 2339 viae,

2176 2367 2308 2433 Quae
2337 2381 2481 2421 nunc
2500 2366 2722 2421 obsessa
2749 2365 3013 2431 adversis,
3047 2373 3234 2419 *nunc
3265 2366 3420 2433 plena
3449 2363 3703 2419 secundis

2248 2457 2355 2512 Aut
2390 2457 2587 2527 frangit
2615 2466 2645 2506 γ
2664 2456 2924 2525 trepidos,
2952 2455 3156 2525 obligat
3186 2465 3280 2510 aut
3310 2454 3527 2509 dubios.

2179 2548 2325 2603 Inter
2352 2562 2488 2618 quos
2516 2547 2739 2617 laqueos
2763 2553 3072 2601 currentem
3094 2554 3118 2582 ι
3150 2544 3217 2600 ad
3247 2545 3442 2616 gaudia
3473 2559 3623 2616 vera,

2248 2640 2369 2697 Non
2397 2639 2571 2710 capiet
2598 2639 2859 2707 mundus,
2881 2641 2969 2696 cui
2996 2639 3082 2694 via
3106 2637 3357 2694 Christus
3386 2639 3513 2694 erit.

2427 2752 2614 2809 XVIII.
2645 2751 2726 2807 De
2752 2753 2923 2807 carnis
2947 2751 3229 2822 cupiditate
3251 2751 3520 2806 vincenda.

2252 2866 2424 2921 Nemo
2444 2876 2527 2922 est
2566 2867 2718 2932 cujus
2740 2875 2795 2903 αα
2826 2866 3060 2920 animam
3086 2864 3437 2933 corruptibile
3477 2878 3678 2933 corpus
3713 2873 3763 2921 et

2182 2937 2501 2991 inhabitatio
2553 2948 2762 2992 terrena
2795 2952 2900 2991 non
2930 2944 3203 3006 aggravet.
3252 2936 3359 2990 Sed
3408 2936 3759 2990 annitendum

2183 3018 2267 3062 est
2293 3016 2352 3060 ut
2384 3008 2703 3076 cupiditates
2732 3008 2910 3061 carnis
2940 3006 3159 3075 spiritus
3190 3007 3378 3075 vigore
3404 3014 3759 3074 superentur;

2184 3087 2240 3133 et
2285 3079 2508 3133 interior
2556 3079 2738 3139 homo,
2783 3079 2872 3145 qui
2916 3092 3133 3146 semper
3176 3076 3280 3131 sibi
3330 3078 3501 3131 sentit
3556 3077 3763 3141 resisti,

2105 3159 2150 3222 ρ
2183 3164 2399 3218 semper
2427 3164 2487 3204 se
2515 3149 2695 3203 divino
2726 3146 2785 3187 bb
2807 3155 3090 3217 exspectet
3123 3147 3325 3202 auxilio
3354 3146 3623 3217 adjuvari.

2182 3239 2339 3295 Nulla
2366 3240 2543 3294 anima
2574 3248 2677 3306 est,
2699 3254 2819 3310 quae
2851 3253 2958 3292 non
2991 3237 3205 3292 mortali
3226 3251 3390 3293 carne
3420 3246 3694 3309 gravetur,

2259 3342 2313 3370 οε
2336 3331 2450 3387 Nec
2476 3331 2545 3387 de
2567 3345 2829 3401 corporea
2849 3330 3161 3386 conditione
3181 3336 3382 3399 gemat.

2182 3424 2343 3496 627
2375 3422 2481 3480 Sed
2501 3422 2825 3479 conﬁrmare
2847 3422 3227 3488 invalidam,et
3248 3421 3465 3479 frenare
3490 3422 3762 3489 rebellem,

2254 3521 2576 3605 Legitimum
2606 3529 2661 3576 et
2692 3520 2969 3591 proprium
3010 3529 3093 3575 est
3124 3520 3321 3575 mentis
3345 3533 3485 3589 opus
3513 3518 3763 3575 domina.

2186 3615 2319 3684 Quae
2346 3613 2405 3652 ἀει
2431 3615 2518 3685 jus
2538 3622 2765 3682 naturae,
2796 3623 2857 3668 ut
2888 3613 3256 3668 moderamine
3284 3620 3551 3683 temperet
3574 3626 3725 3683 atquo
3747 3650 3763 3675 ,

2261 3707 2325 3761 Et
2364 3705 2559 3761 subdat
2584 3704 2817 3774 sceptris
2847 3704 3007 3759 noxia
3034 3716 3262 3773 quaeque
3288 3702 3423 3769 suis,

2187 3798 2233 3853 A
2256 3796 2481 3852 Domino
2510 3795 2793 3859 auxilium,
2831 3804 2885 3850 et
2908 3794 3054 3849 vires
3084 3802 3336 3872 petathut
3364 3792 3544 3848 valeat
3571 3806 3631 3849 se

2258 3888 2517 3954 Vincere,
2549 3896 2604 3925 νε
2626 3900 2724 3942 nec
2755 3900 2948 3941 sensus
2975 3886 3162 3940 incitet
3194 3886 3306 3955 ipsa
3336 3899 3487 3940 suos.

2185 3980 2316 4035 Nam
2341 3977 2393 4017 Η
2427 3978 2602 4034 nullos
2628 3977 2841 4032 famulae
2869 3978 3066 4046 poterit
3094 3990 3443 4044 compescere
3473 3982 3672 4041 motus,

2255 4069 2321 4126 Ni
2357 4069 2516 4126 fuerit
2540 4070 2742 4126 Christi
2767 4084 2982 4138 semper
3003 4083 3186 4123 amore
3217 4078 3426 4138 potens.

2257 4265 2394 4319 aMs.
2423 4266 2582 4336 Reg,
2614 4281 2717 4321 non
2746 4275 2874 4321 esset
2897 4266 2980 4320 cui
3008 4266 3425 4320 retribuerent‘ur.

2259 4345 2280 4373 ν
2298 4336 2422 4392 Mss.
2450 4346 2558 4391 tres
2587 4346 2644 4393 et
2670 4338 2798 4391 edit.
2823 4337 2980 4397 Ven.,
3014 4338 3226 4390 mundo.

2258 4413 2279 4441 ³
2300 4407 2373 4460 Ita
2402 4421 2533 4479 mss.
2556 4422 2673 4472 sex,
2699 4417 2752 4461 et
2774 4407 2904 4463 edit.
2928 4407 3064 4463 Ven.
3089 4408 3224 4475 Alii,
3248 4405 3427 4479 quibus
3456 4416 3755 4478 prteceptum

2187 4474 2395 4530 Domini
2423 4478 2488 4531 sit
2515 4478 2764 4532 lucidum.

2258 4548 2275 4582 ί
2296 4548 2395 4601 Ms.
2426 4548 2642 4617 Regius,
2670 4556 2726 4601 ut
2755 4547 3371 4620 neejnrDeidilectione,
3396 4564 3491 4601 nee
3519 4549 3572 4603 in
3598 4549 3755 4620 proxi-

2183 4618 2251 4689 mi
2283 4620 2532 4673 citaritate
2563 4620 2828 4689 fallantur.
2854 4617 3031 4672 Editio
3058 4618 3216 4681 ναι..
3248 4628 3301 4671 ut
3330 4636 3420 4672 nec
3444 4620 3501 4672 in
3526 4617 3620 4674 Dei
3642 4622 3754 4673 elut-

2106 4672 2159 4732 D
2183 4688 2354 4750 ritate,
2384 4705 2474 4742 nec
2502 4672 3123 4759 in'proximidilet‘tione
3138 4672 3410 4758 failanlur.

2260 4759 2439 4812 uEdit.
2471 4759 2675 4814 Lovan.
2716 4768 2771 4815 et
2810 4760 3141 4815 recentiores
3170 4760 3224 4814 in
3253 4759 3498 4830 margine
3549 4770 3748 4827 notant,

2186 4831 2471 4900 prementis.

2261 4900 2425 4954 'Mss.
2458 4909 2587 4968 tres,
2620 4917 2708 4965 per
2732 4917 2834 4954 non
2860 4916 3026 4954 suam.

2258 4981 2283 5009 ι
2302 4971 2426 5023 Mss.
2460 4982 2567 5026 tres
2591 4970 2747 5026 Colb.
2775 4979 2830 5026 et
2855 4971 3042 5025 Colon.
3066 4969 3223 5035 edit.,
3250 4986 3353 5025 non
3380 4971 3557 5040 plena.

2257 5042 2397 5094 yMs.
2427 5040 2697 5097 .loliensis.
2729 5041 2945 5111 tepidos.

2258 5122 2281 5148 ι
2298 5112 2387 5165 Sic
2414 5127 2546 5165 mss.
2569 5112 2822 5181 quinque.
2852 5111 2991 5165 Editi
3014 5124 3223 5181 omnes,
3248 5111 3316 5165 ad
3339 5113 3533 5181 gaudia
3558 5114 3686 5167 vita.

2255 5191 2311 5218 λα
2327 5182 2453 5235 Mss.
2483 5180 2740 5252 quinque,
2770 5190 2824 5238 et
2851 5182 2987 5237 Ven.
3016 5180 3173 5250 cdit.,
3202 5180 3445 5249 animam,
3479 5184 3615 5253 Alii,
3643 5182 3745 5237 ani-

2181 5269 2341 5305 mum.

2252 5322 2309 5361 Μ’
2326 5322 2449 5378 Mss.
2482 5322 2587 5379 Jol.
2617 5331 2671 5377 et
2701 5322 2916 5389 Camb.,
2939 5331 3161 5392 expetat.

2253 5393 2409 5466 ffSie
2441 5409 2572 5450 mss.
2602 5403 2833 5463 septem,
2858 5404 2907 5447 et
2932 5394 3059 5447 edit.
3088 5393 3221 5466 V‘en.
3247 5392 3384 5466 Alii,
3415 5411 3509 5448 nec
3537 5411 3664 5466 qua.

2249 5462 2307 5499 σά
2322 5464 2448 5536 Mss.
2471 5462 2728 5534 quinque,
2744 5467 2836 5535 jus
2860 5471 3079 5517 natum.
3108 5462 3225 5529 Quo
3248 5463 3388 5518 forte
3412 5462 3746 5536 designantur

2181 5535 2454 5589 naturales
2481 5536 2877 5598 inclinationes,
2908 5544 2961 5589 et
2981 5550 3048 5587 ex
3078 5543 3347 5602 corruptae
3378 5546 3583 5591 natura:
3608 5535 3747 5590 infir-

2178 5603 2361 5658 mitate
2393 5606 2738 5674 prodeuntes.
2764 5605 2868 5659 Alii
2895 5604 3133 5666 codices,
3158 5605 3234 5657 vis
3264 5613 3487 5661 natura.

2250 5674 2418 5729 “Ms.
2447 5675 2601 5730 Colb.
2634 5691 2793 5738 unus,
2822 5692 2884 5729 ne
2910 5691 3107 5729 sensus.

2253 5743 2406 5801 “Sic
2435 5761 2563 5802 mss.
2592 5756 2840 5816 quatuor.
2869 5746 3003 5813 Alii,
3037 5744 3231 5799 nullus.
