4028 6176
278 282 379 332 505

659 389 781 445 XIX
813 400 834 427 α
855 391 930 445 De
963 400 1188 462 angusta
1216 392 1332 447 vitae
1357 393 1461 448 uia.

340 482 579 549 Angusta
614 493 696 535 est
729 482 815 535 via
860 496 978 551 quae
1010 482 1159 536 ducit
1188 483 1255 535 ad
1301 485 1465 537 vitam
1497 481 1547 536 δ.
1574 484 1638 538 Et
1677 492 1855 539 tamen

274 566 369 618 ροιι·
413 552 616 617 ipsam,
650 551 750 605 nisi
799 551 1023 605 dilatato
1071 554 1256 615 corde.
1291 570 1397 607 non
1445 558 1700 621 curritur,
1732 556 1857 622 quia

266 622 369 675 iter
396 624 679 686 virtutum,
709 638 818 689 quo
850 623 1170 691 gradiuntur
1199 638 1462 693 pauperes
1485 623 1686 679 Christi
1705 641 1857 689 ,atn-

266 697 409 758 plnm
436 702 517 745 est
541 692 779 747 ﬁdeliuut
805 694 950 762 spei,
976 695 1137 748 etiam
1165 696 1211 748 si
1236 702 1440 749 arctutn
1464 694 1535 750 sit
1564 695 1854 750 inﬁdelium

263 765 511 815 vanitati.

255 853 421 905 Arcta
446 853 527 904 via
552 860 634 905 est
662 867 803 907 verae
830 869 950 923 quae
979 854 1127 909 ducit
1157 854 1224 910 ad
1255 857 1390 910 atria
1416 857 1562 923 vitae,

330 944 445 997 Nec
476 944 671 1012 recipit
699 944 879 999 carnis
916 946 1112 1015 gaudia
1139 948 1336 1003 mentis
1371 948 1496 1003 iter.

249 1037 470 1105 Amplts
509 1035 712 1091 incedit
741 1038 971 1106 Spatiisc
1004 1049 1218 1093 terrena
1251 1041 1521 1111 voluptas,

328 1131 577 1197 Angusto
609 1130 780 1183 virtus
811 1130 982 1185 limite
1008 1132 1147 1185 celsa
1194 1133 1350 1201 petit.

251 1216 323 1270 Et
356 1227 541 1273 tamen
575 1219 627 1273 hi
658 1220 843 1285 calles,
870 1236 1007 1291 quos
1039 1223 1225 1278 mundi
1258 1240 1395 1278 vana
1427 1238 1739 1295 pavescunt,

322 1308 584 1377 Quzedam
616 1312 915 1381 magniﬁcis
942 1328 1158 1383 aequora
1188 1326 1314 1370 sunt
1342 1318 1558 1373 animis.

248 1400 614 1472 Dilﬁcilisque
644 1404 807 1458 nimis
847 1418 940 1473 per
966 1404 1133 1473 dura,
1164 1405 1191 1443 (ι
1213 1423 1308 1477 per
1336 1408 1504 1463 ardua
1532 1424 1773 1481 gressus,

320 1497 684 1551 Commendat
714 1497 837 1552 ﬁdei
869 1498 1011 1567 quod
1043 1500 1283 1556 tolerare
1307 1500 1479 1571 juvat.

479 1590 599 1645 XX.
630 1590 707 1645 De
741 1591 955 1662 praemio
986 1589 1292 1648 Christiana
1321 1596 1604 1666 religionis.

321 1683 441 1738 lloc
478 1682 763 1755 afl‘ecturet
794 1684 896 1737 hoc
942 1683 1218 1740 desiderio
1255 1686 1514 1743 colendus
1552 1698 1636 1744 est
1668 1689 1841 1755 Deus,

1373 276 1928 335 EPIGRAMMATUM
1967 278 2170 336 LIBER
2211 282 2412 341 UNUS.

3445 285 3549 343 506

1881 400 1932 459 Α
2033 395 2319 450 Exoritur:
2353 393 2535 451 nullus
2565 397 2619 450 ﬁt
2652 396 2823 452 bonus
2849 395 3055 463 abeque
3086 391 3105 432 ι
3140 393 3311 450 Βοηο.

2252 482 2440 538 XXIII.
2486 484 2560 538 De
2603 485 2925 549 passionibus
2952 495 3266 540 sanctorum.

2032 574 2185 629 Justo
2229 575 2436 642 judicio
2480 575 2576 632 Dei
2625 577 2783 631 datur
2809 578 3127 649 plerumque
3174 580 3549 649 peccatoribus

1958 653 1998 683 ω
2028 655 2209 717 Optata
2231 656 2469 714 potestas
2490 663 2591 715 qua
2616 659 2832 702 sanctos
2860 648 3027 714 ipsius
3050 661 3465 717 persequantur,
3491 662 3549 704 ut

1956 718 2045 785 qui
2077 716 2291 789 Spiritu
2316 717 2407 771 Dei
2442 725 2469 753 ιι
2495 718 2752 789 juvantur
2773 726 2828 773 et
2846 716 3094 789 aguntur,
3127 716 3257 775 lian’t
3278 737 3372 789 per
3402 722 3550 776 labo-

1966 803 2085 841 rum
2117 788 2373 841 exercitia
2410 788 2690 842 clariores.

1957 876 2111 944 Quod
2134 878 2451 948 plerumque
2478 880 2602 931 mali
2632 880 2683 932 in
2714 889 2930 935 sanctos
2956 882 3149 936 saevire
3171 879 3450 947 sinuntur,

2029 973 2291 1042 Quodque
2323 974 2478 1028 bonis
2515 973 2662 1042 pravi
2688 989 2833 1044 saepe
2862 990 3059 1030 nocere
3085 984 3286 1044 queunt
3313 990 3329 1041 ;

1956 1066 2176 1135 Absque
2204 1066 2295 1119 Dei
2328 1076 2457 1119 nutu
2488 1082 2592 1119 non
2618 1066 2695 1133 lit,
2717 1068 2806 1136 qui
2828 1066 2990 1121 corda
3018 1082 3262 1133 suorum,

2026 1157 2118 1212 llis
2148 1158 2307 1212 etiam
2340 1158 2496 1212 bellis
2525 1159 2875 1228 glorilicanda
2904 1160 3114 1228 probat.

1950 1250 2219 1306 Crescunt
2246 1254 2503 1305 virtutum
2533 1252 2745 1321 palmze,
2774 1264 3130 1321 crescuntque
3152 1266 3399 1317 coronas,

2025 1350 2051 1378 °
2084 1342 2361 1397 Mutantur
2391 1344 2573 1397 mundi
2617 1343 2801 1411 praelia
2832 1358 2965 1413 pace
2996 1344 3111 1400 Dei.

2370 1432 2559 1488 XXIV.
2590 1444 2618 1483 ι’
2643 1431 2721 1488 De
2756 1435 2970 1487 scientia
2990 1436 3125 1489 boni.

2021 1526 2136 1581 Non
2168 1537 2249 1581 est
2277 1542 2405 1581 vera
2435 1526 2657 1580 scientia
2710 1527 2836 1581 boni
2858 1568 2872 1589 ,
2917 1528 3019 1580 nisl
3048 1526 3113 1580 ad
3162 1525 3268 1579 hoc
3294 1539 3539 1593 compre-

1955 1596 2257 1664 hendatur,
2289 1610 2347 1651 ut
2374 1609 2579 1665 agatur.
2616 1608 2643 1647 ς
2674 1596 2786 1652 Non
2835 1598 2977 1652 enim
3005 1597 3208 1651 utiliter
3252 1596 3541 1650 meditatur

1949 1667 2121 1748 legem
2172 1668 2450 1748 Dei,.qui_
2499 1668 2710 1722 laborat
2758 1678 2812 1721 ut
2853 1668 3116 1723 memoria
3175 1674 3355 1722 teneat
3398 1667 3539 1737 quod

244 1755 428 1833 ut__sui
460 1756 637 1833 cultus
662 1754 797 1833 _ipse
834 1757 913 1833 sit
942 1738 1175 1833 merces;
1194 1738 1701 1827 'Nsiit'ﬁiii'oéﬁin'
1718 1738 1842 1815 3686

1984 1740 2163 1792 etione
2185 1753 2290 1792 non
2322 1738 2538 1807 implet.

245 1826 413 1898 colit,
446 1836 503 1877 ut
527 1824 674 1898 aliud
706 1826 876 1898 magis
903 1841 1062 1893 quam
1090 1825 1267 1896 ipsum
1317 1824 1707 1898 promereatur,
1735 1848 1842 1885 non

252 1895 429 1950 Deum
457 1896 604 1959 colit,
637 1895 730 1948 sed
762 1894 813 1948 id
841 1898 980 1964 quod
1011 1894 1223 1967 assequi
1250 1894 1599 1968 concupiscit.

245 1988 361 2042 llac
390 1986 651 2042 desiderii
684 1987 823 2041 Deus
849 1997 933 2043 est
964 1989 1162 2057 pietate
1190 1989 1475 2056 colendus,

319 2079 561 2135 Justitia:
588 2087 647 2134 ut
679 2093 886 2135 merces
917 2089 1026 2134 tota
1052 2081 1123 2135 sit
1152 2081 1268 2152 ipse
1297 2082 1463 2138 Deus.

247 2174 387 2230 Nam
427 2188 653 2243 sperans
679 2172 784 2228 alio
809 2189 868 2228 se
900 2189 1123 2229 munere
1154 2189 1312 2241 posse
1340 2174 1522 2240 beari,

314 2268 443 2323 Non
478 2276 502 2304 ε
522 2267 664 2337 quod
694 2267 864 2335 poscit
892 2275 1055 2334 amat,
1081 2266 1174 2320 sed
1204 2266 1346 2337 quod
1376 2268 1576 2321 habere
1604 2267 1771 2338 cupit.

562 2358 704 2414 XXI.
740 2358 816 2411 De
845 2356 1059 2413 occultis
1091 2376 1189 2413 non
1210 2361 1534 2431 judicandis.

313 2453 394 2508 De
433 2452 659 2506 occultls
689 2452 866 2505 cordis
899 2450 1058 2505 alieni
1109 2459 1314 2506 temere
1352 2452 1596 2520 judicare
1647 2467 1841 2520 pecca-

247 2534 354 2577 tum
386 2533 502 2583 est;
528 2532 581 2577 et
602 2537 724 2576 eum
756 2522 909 2590 cujus
946 2538 1050 2574 non
1086 2523 1337 2576 videntur
1358 2537 1518 2590 opera
1545 2523 1646 2575 nisi
1678 2525 1840 2589 bona,

246 2610 310 2648 ex
343 2594 662 2662 suspicione
693 2591 1091 2660 reprehendere
1116 2592 1354 2661 iniquum
1386 2603 1487 2647 est.
1521 2593 1653 2646 Cum
1684 2592 1701 2630 τ
1735 2610 1845 2647 eo—

246 2680 362 2718 rum
404 2679 526 2733 qua:
560 2664 759 2716 homini
810 2670 936 2717 sunt
981 2662 1250 2732 incognita
1293 2664 1437 2717 solus
1491 2663 1631 2717 Deus
1677 2664 1840 2734 judex

248 2737 317 2789 sit
342 2735 553 2803 justus,
584 2734 675 2803 qui
703 2742 760 2788 et
786 2734 1061 2801 inspector
1088 2742 1171 2788 est
1198 2748 1380 2788 verus.

245 2828 337 2883 Cul
346 2842 485 2897 pare
502 2828 554 2881 in
573 2841 843 2897 quoquam
862 2840 980 2896 qua:
998 2840 1104 2881 non
1118 2835 1244 2881 sunt
1264 2834 1410 2892 nota,
1426 2827 1719 2897 malignum
1738 2840 1840 2892 est,

313 2920 636 2975 Praesertim
668 2920 750 2974 lsi
778 2934 900 2989 quae
930 2920 1143 2989 cognita
1175 2931 1300 2974 sunt
1326 2920 1465 2974 bona
1493 2930 1636 2974 sunt.

249 3011 359 3066 Non
398 3019 620 3081 pateant
650 3010 833 3064 faciles
860 3010 1017 3065 savis
1042 3012 1351 3067 rumoribus
1378 3026 1556 3067 aures.

312 3106 456 3172 Quae
483 3104 694 3158 nescire
715 3104 887 3173 juvat,
915 3102 1138 3158 credere
1164 3117 1269 3157 non
1300 3103 1489 3158 libeat.

245 3195 595 3267 Linquantur
621 3202 829 3249 secreta
859 3193 991 3259 Deo,
1020 3196 1109 3263 qui
1142 3194 1185 3248 si
1213 3194 1341 3263 quid
1372 3201 1620 3263 opertum
1649 3206 1737 3253 est

308 3286 561 3359 Inspicit,
586 3296 642 3342 et
669 3286 834 3340 nullis
863 3284 1106 3355 indigeth
1140 3285 1375 3340 indiciis.

679 3376 847 3431 XXII.
886 3376 960 3430 De
982 3377 1243 3444 adiutorio
1273 3376 1386 3429 Dei.

313 3469 505 3525 Divini
548 3476 630 3522 est
659 3468 929 3533 muneris,
969 3467 1124 3522 ieum
1150 3476 1205 3523 et
1243 3476 1388 3523 recta
1427 3467 1757 3537 cogitamus,
1789 3476 1845 3523 et

245 3543 417 3610 pedes
470 3549 685 3594 nostros
724 3553 754 3591 a
797 3539 1027 3594 falsitate
1068 3547 1122 3594 et
1174 3539 1431 3610 iniustitia
1480 3540 1838 3593 continemus.

243 3609 474 3681 Quoties
521 3613 665 3664 enim
716 3610 855 3664 bona
902 3612 1138 3679 agimus,
1174 3610 1189 3659 l
1220 3609 1363 3665 Deus
1394 3610 1447 3663 in
1480 3610 1635 3665 nobis
1682 3618 1842 3679 atque

247 3685 539 3737 nobiscum
571 3688 635 3735 ut
663 3695 951 3749 operemur
977 3689 1252 3749 operatur.

245 3775 414 3847 629
448 3774 564 3827 Non
594 3772 757 3827 dubie
782 3772 950 3826 nosui
974 3771 1113 3827 Deus
1135 3780 1217 3827 est
1248 3780 1303 3827 et
1334 3780 1535 3839 rector,
1560 3781 1616 3827 et
1639 3780 1847 3841 auctor,

316 3868 462 3923 Cum
490 3876 605 3921 toto
630 3864 827 3920 affectu
852 3878 971 3934 quae
1003 3864 1140 3919 bona
1169 3872 1295 3920 sunt
1313 3866 1577 3935 gerimus.

249 3960 327 4015 Ex
356 3974 593 4031 operum
625 3957 805 4026 specie
833 3956 1120 4012 clarebunt
1142 3958 1327 4012 intima
1359 3957 1561 4023 cordis,

326 4048 355 4087 ι
381 4050 590 4118 Quisve
613 4046 846 4101 hominis
872 4056 1107 4103 mentem
1138 4048 1357 4118 spiritus
1379 4048 1520 4103 intus
1551 4035 1667 4103 a'lit.

246 4142 491 4199 Sanctus
520 4140 666 4196 enim
693 4150 911 4196 sanctos
938 4138 1087 4208 facit,
1111 4150 1166 4197 et
1186 4141 1254 4196 de
1279 4142 1485 4196 lumine
1515 4141 1697 4196 lumen

315 4276 461 4358 ‘Ms.
488 4274 619 4358 10].,
646 4274 723 4329 De
748 4284 967 4348 angusta
996 4274 1096 4330 uia.
1120 4276 1222 4332 Ms.
1255 4275 1489 4343 Theod.,
1525 4276 1601 4331 De
1626 4285 1845 4349 angusta

246 4359 292 4402 ιι
324 4356 477 4400 arcta
504 4356 606 4399 via.

318 4416 467 4470 sz.
499 4416 686 4469 Camb.
719 4416 868 4470 addit
895 4416 978 4470 hic
1007 4431 1191 4470 vorem
1224 4427 1485 4472 wternam.

322 4497 347 4525 ε
371 4488 477 4542 Ms.
511 4486 732 4550 Regius,
765 4496 965 4541 terrena
992 4486 1249 4540 uoluntas.

316 4556 521 4612 dEdit.
587 4556 758 4627 Lugd.
807 4565 863 4612 et
912 4560 1242 4627 posteriores
1288 4558 1346 4612 in
1393 4572 1485 4612 ora
1542 4557 1702 4624 libri,
1757 4574 1846 4627 per

251 4643 467 4694 aspera.

326 4706 349 4767 ς
374 4698 477 4750 Ms.
511 4695 723 4767 Camb.,
753 4695 875 4750 Non
903 4714 1049 4767 quem
1079 4698 1241 4767 poscit
1270 4710 1429 4754 amat.

328 4764 347 4803 ί
370 4768 555 4820 Editio
579 4766 739 4831 Ven.,
769 4764 946 4820 eorum
977 4764 1206 4837 operum.
1438 4786 1441 4789 ί

288 4846 348 4959 rt}
374 4837 453 4891 Ita
484 4837 791 4906 disponitur
813 4853 1003 4893 versus
1031 4839 1084 4893 in
1113 4853 1245 4894 mss.
1270 4855 1368 4896 sex
1399 4848 1455 4895 et
1479 4840 1609 4897 edit.
1629 4840 1764 4897 Ven.
1789 4841 1843 4895 lu

249 4920 278 4958 a
309 4922 400 4960 ns.

381 5006 668 5056 Praesertim
692 5020 803 5069 quae
826 5015 939 5058 sunt
959 5010 1176 5071 cognita,
1202 5010 1244 5059 sl
1266 5010 1393 5059 bona
1416 5019 1547 5061 sunt.

322 5105 501 5165 hMSS.
538 5118 671 5179 tres,
701 5112 979 5166 indicibus.

334 5181 475 5252 tMs.
492 5180 739 5252 Theod.)
764 5199 877 5235 cum
905 5192 1039 5237 recte
1062 5184 1362 5252 cogitamus.

333 5249 348 5299 i
376 5251 477 5305 Ms.
512 5252 670 5320 Reg,
699 5250 831 5306 Deus
856 5249 1244 5307 nobiscum—est.
1274 5254 1411 5309 Edit.
1441 5254 1601 5321 Ven.,
1624 5256 1679 5311 in
1701 5259 1844 5313 nobis

253 5331 359 5383 est;
387 5330 499 5375 tum
543 5334 791 5444 ult’erque,
815 5333 967 5395 atque
992 5326 1254 5379 nobiscum
1296 5337 1560 5396 operatur,
1586 5337 1642 5382 ut
1666 5345 1842 5400 apere-

260 5406 377 5442 mur
403 5408 517 5443 cum
544 5410 559 5444 ι
608 5409 656 5444 ο.

260 5406 377 5442 mur
403 5408 517 5443 cum
544 5406 656 5446 ιιιο.

329 5457 357 5534 ‘f
390 5461 487 5514 Ms.
514 5462 730 5527 Camh.,
748 5470 885 5534 agat.
916 5464 1054 5519 Editi
1073 5465 1226 5531 alias,
1257 5465 1444 5533 Quive.
1464 5508 1480 5523 .
1500 5509 1517 5525 .
1537 5509 1551 5524 .
1575 5468 1687 5523 alit.
1712 5470 1841 5528 Mss.

259 5532 521 5598 quinque,
561 5534 754 5598 Quidve
838 5574 851 5587 .
873 5572 887 5588 .
907 5538 1033 5589 alat.

338 5597 354 5635 ι
388 5597 532 5677 Editi
556 5597 933 5677 communiter,
966 5607 1152 5677 absque
1182 5606 1309 5662 Dea.
1343 5609 1471 5665 Mss.
1507 5612 1675 5665 nostri
1719 5626 1838 5666 om-

267 5683 381 5748 nes,
414 5677 471 5748 et
494 5671 627 5726 Ven.
660 5674 848 5748 editio,
879 5671 1234 5748 absque'bouo,
1262 5680 1465 5735 scilicet
1493 5680 1708 5747 Spiritu.

338 5747 379 5776 ⁸-³
407 5737 573 5799 Abest
614 5759 715 5800 vox
747 5737 881 5813 haec,
934 5737 1128 5817 optata,
1159 5765 1186 5806 a
1217 5737 1344 5806 mss.
1391 5737 1565 5809 tribus
1601 5762 1655 5808 et
1701 5752 1831 5808 Ven.
1856 5764 1868 5776 '

1372 5930 1417 5988 3

1950 1829 2065 1884 Scit
2100 1830 2293 1899 legem,
2333 1829 2598 1899 docteque
2628 1836 2773 1883 tenet
2798 1828 2946 1897 jnssa
2973 1829 3392 1899 Omnipotentis,

2028 1923 2127 1989 Qui
2154 1923 2296 1993 quod
2325 1926 2480 1978 novit
2507 1940 2693 1993 agens,
2728 1924 2900 1993 diligit
2928 1923 2982 1977 id
3004 1924 3145 1993 quod
3174 1922 3302 1992 agit.

1951 2015 2069 2071 Non
2100 2020 2231 2069 satis
2253 2025 2337 2071 est
2364 2016 2573 2070 Domini
2603 2026 2931 2085 praeceptum
2962 2016 3180 2070 volvere
3214 2015 3430 2085 lingua:

2018 2108 2069 2162 Is
2100 2108 2344 2164 meminit
2371 2108 2522 2179 legis,
2548 2111 2637 2179 qui
2670 2124 2877 2162 memor
2903 2116 2988 2163 est
3017 2108 3222 2178 operis.

2410 2220 2552 2275 XXV
2565 2260 2579 2274 .
2626 2220 2705 2275 De
2732 2238 2903 2275 amore
2927 2221 3072 2292 legis.

2018 2309 2315 2383 Qnilegem
2350 2311 2444 2365 Dei
2472 2311 2667 2383 diligit,
2704 2314 2895 2380 probat
2924 2328 2983 2366 se
3014 2322 3035 2349 ι·
3072 2312 3123 2365 in
3150 2309 3404 2383 omnibus
3432 2309 3535 2364 ini-

1945 2382 2065 2450 quis
2092 2382 2140 2435 id
2171 2383 2313 2451 quod
2342 2392 2532 2437 contra
2558 2381 2728 2452 legem
2760 2394 2841 2438 est
2864 2384 3064 2448 odisse,
3110 2398 3213 2436 non
3265 2381 3531 2436 homines.

1946 2472 2145 2543 Legem
2176 2485 2500 2543 spernentes
2536 2476 2651 2530 odit
2674 2492 2793 2531 cum
2826 2476 2959 2544 legis
2988 2488 3216 2540 amator,

2019 2565 2133 2621 Non
2168 2567 2413 2623 homines
2442 2568 2579 2633 odlt,
2610 2576 2631 2603 ⁸
2664 2569 2758 2623 sed
2791 2568 3047 2637 reprobat
3075 2568 3212 2637 quod
3240 2575 3425 2637 agunt.

2180 2680 2371 2735 XXVI.
2417 2682 2436 2718 ί
2469 2681 2549 2736 De
2570 2682 2864 2736 scrutandis
2891 2682 3147 2734 mandatis
3174 2678 3290 2735 Dei.

2017 2780 2047 2809 ιι
2078 2773 2325 2827 Mandata
2360 2774 2453 2828 Dei
2485 2778 2714 2829 serutari
2759 2775 2859 2829 nisi
2890 2775 3069 2843 quieta
3109 2788 3261 2827 mens
3306 2788 3411 2826 non
3441 2787 3536 2831 oo-

1949 2852 2075 2898 test.
2118 2843 2188 2900 Ut
2217 2860 2346 2913 ergo
2378 2846 2687 2914 religiosum
2731 2855 3049 2899 exerceatur
3076 2844 3332 2911 studium,
3365 2854 3392 2881 ν
3422 2843 3535 2897 abi-

1951 2914 2131 2984 genda
2160 2915 2474 2986 suntjnrgia
2506 2918 2880 2985 malignorum.

1950 3006 2194 3061 Scrutari
2224 3006 2395 3074 legem
2428 3017 2651 3075 possunt
2678 3018 2973 3076 utcumque
3004 3006 3207 3076 quieti,

2020 3097 2076 3152 Si
2110 3098 2293 3151 mundi
2327 3113 2357 3151 a
2391 3099 2620 3167 strepitu
2651 3098 2818 3153 libera
2845 3097 3013 3153 corda
3042 3106 3255 3151 vocent.

1868 3147 1912 3208 C
1947 3186 2018 3245 Ut
2038 3204 2192 3243 mens
2214 3204 2341 3257 ergo
2370 3188 2469 3258 piis
2491 3147 2682 3243 srtudiis
2710 3191 2909 3243 intenta
2935 3188 3174 3257 juvetur,

2018 3290 2048 3318 ι
2072 3281 2261 3335 Ρτωιίθ
2295 3281 2515 3335 divinus
2543 3296 2740 3336 carnea
2768 3283 2943 3335 vincat
2969 3296 3143 3334 amor.

1950 3372 2082 3428 Nam
2116 3373 2372 3442 templum
2408 3372 2621 3427 Domini
2651 3388 2749 3442 per
2772 3388 2923 3428 sacra
2948 3373 3162 3427 silentia
3190 3370 3406 3436 crescit,

2018 3466 2084 3520 Et
2116 3464 2273 3519 tacite
2297 3474 2327 3513 Y
2356 3464 2588 3520 struitur
2624 3481 2730 3520 non
2762 3466 2965 3519 ruitura
3000 3465 3215 3519 domus.

2375 3578 2589 3634 XXVII.
2639 3580 2713 3634 De
2754 3581 3088 3649 proﬁciendo.

2027 3683 2052 3712 ³
2084 3673 2251 3729 Nemo
2274 3683 2382 3727 tam
2405 3674 2669 3735 eruditus,
2712 3688 2871 3727 nemo
2908 3682 3015 3727 tam
3066 3672 3258 3725 doetus
3310 3678 3413 3737 est,
3444 3671 3535 3737 qni

1953 3761 2183 3811 superna
2202 3744 2564 3799 illustratione
2590 3760 2694 3797 non
2709 3755 2882 3810 egeat.
2908 3743 3021 3797 Non
3043 3742 3184 3796 enim
3213 3750 3268 3777 ιο
3287 3740 3533 3811 ita631

1956 3816 2062 3868 ulla
2093 3815 2393 3868 divinorum
2416 3814 2684 3867 bonorum
2706 3824 2989 3881 augmenta
3018 3812 3318 3875 sufﬁciunt,
3344 3823 3401 3863 ut
3428 3827 3532 3863 non

1952 3900 2167 3952 semper
2220 3884 2457 3951 supersit
2498 3882 2883 3953 aliquidﬂqtmd
2941 3897 3095 3953 mens
3153 3881 3435 3935 rationalis
3482 3891 3538 3936 et

1953 3954 2359 4025 intelligendum
2388 3952 2663 4008 desideret
2690 3952 2750 3991 Μ)
2774 3962 2828 4007 et
2853 3952 3166 4023 gerendum.

1951 4046 2221 4101 Doctrina:
2255 4045 2466 4100 Domini
2496 4045 2820 4116 penetralia,
2855 4054 3098 4114 tempore
3128 4044 3181 4100 in
3209 4044 3314 4100 isto
3336 4088 3352 4111 ,

2023 4136 2103 4193 Ad
2133 4138 2351 4208 plenum
2379 4137 2511 4193 nulli
2536 4137 2721 4210 pervia
2759 4145 2885 4193 sunt
2913 4136 3139 4191 homini.

1952 4271 2083 4328 edit.
2119 4288 2181 4328 ac
2212 4272 2610 4328 Sententiarum
2644 4274 2803 4331 libro.

2022 4354 2050 4381 ιι
2080 4344 2177 4397 Ms.
2210 4343 2421 4409 Camb.,
2450 4347 2643 4399 vivunt.

2023 4423 2048 4450 ο
2091 4414 2216 4469 Mss.
2264 4425 2407 4479 tres,
2455 4414 2794 4470 Tenmuntur.
2842 4416 2942 4471 Ms.
2988 4429 3156 4479 unus,
3224 4412 3530 4469 Vincuntur.

1951 4484 2253 4553 Utrumque
2282 4487 2508 4555 margini
2538 4488 2924 4554 inscripserant
2953 4484 3218 4541 editiones
3254 4484 3457 4540 Lovan.
3484 4495 3537 4541 et

1950 4555 2043 4609 illa
2069 4556 2416 4621 posteriores.

2022 4634 2051 4675 ιι
2076 4625 2171 4679 Ms.
2199 4625 2432 4690 Theod.,
2469 4625 2543 4681 De
2574 4627 2783 4680 scientia
2814 4625 2929 4681 Dei.

2020 4703 2049 4745 ει
2072 4695 2199 4749 Mss.
2233 4698 2469 4765 quinque
2503 4704 2559 4751 et
2579 4696 2715 4751 Ven.
2755 4697 2911 4761 edit.,
2943 4694 3210 4751 Inutiliter
3234 4698 3392 4752 enim.

2025 4774 2048 4802 ι·
2082 4766 2210 4821 Mss.
2241 4769 2495 4837 quinque,
2522 4770 2573 4820 in
2594 4769 2902 4833 hominibus,
2925 4777 2985 4823 ut
3006 4769 3057 4822 in
3081 4768 3218 4823 libro
3234 4769 3538 4826 Sententia-

1950 4851 2093 4891 rum.

2022 4913 2044 4981 ξ
2080 4908 2240 4981 [ζόηζ
2256 4908 2414 4981 Ven.,
2449 4910 2651 4981 omisso
2675 4908 2788 4971 sed,
2822 4909 3059 4981 reprobat
3097 4909 3152 4963 id
3181 4909 3320 4979 quod
3348 4916 3531 4976 agunt.

2026 4977 2044 5012 ί
2078 4977 2178 5031 Ms.
2203 4978 2421 5047 Camb.,
2453 4979 2529 5032 De
2558 4977 2904 5033 observandis.

2018 5055 2045 5083 α
2075 5048 2174 5101 Ms.
2202 5048 2401 5119 Regius
2423 5090 2436 5113 ,
2470 5049 2724 5103 Mandata
2765 5050 2861 5104 Dei
2887 5091 2901 5116 ,
2946 5050 3043 5103 nisi
3070 5050 3134 5103 sit
3163 5050 3362 5119 quieta,
3394 5066 3533 5102 mens

1947 5119 2191 5185 scrutari,
2224 5129 2330 5173 etc.

2028 5198 2055 5226 ν
2087 5189 2215 5261 Mss.
2251 5199 2377 5252 tres,
2406 5199 2460 5245 et
2493 5192 2624 5245 Ven.
2656 5190 2810 5257 edit.,
2857 5190 3147 5261 abjicienda
3187 5197 3329 5242 sunt.
3376 5186 3533 5245 Colb.

1955 5275 2127 5333 unus_,_
2140 5260 2393 5329 abigenda
2410 5270 2495 5333 _est
2521 5264 2737 5333 injuria.

2025 5338 2051 5366 ⁸
2082 5329 2208 5402 Mss.
2233 5342 2362 5395 tres,
2392 5329 2600 5402 Iurgia.

2022 5409 2052 5449 γ
2083 5400 2209 5455 Mss.
2246 5410 2375 5466 tres,
2399 5400 2695 5460 instruitur.

2026 5479 2049 5506 ι
2078 5472 2172 5525 Ms.
2207 5471 2337 5541 Reg.
2368 5484 2421 5527 et
2449 5474 2579 5528 edit.
2609 5473 2767 5538 Ven.,
2812 5470 2981 5523 Nemo
3010 5478 3083 5524 est
3113 5481 3215 5523 tam
3242 5472 3442 5534 doetus,
3490 5480 3539 5525 et

1952 5556 2097 5595 nemo
2122 5552 2218 5595 εει.

2020 5620 2077 5649 αλ
2108 5612 2204 5667 Ms.
2239 5611 2371 5680 101.,
2405 5613 2475 5665 ita
2504 5610 2623 5666 ulli.

2014 5680 2076 5720 δι’
2103 5681 2198 5736 Ms.
2231 5682 2449 5753 Regius,
2491 5692 2539 5737 et
2568 5682 2845 5755 agendum.
