4028 6176
455 280 558 332 507

1664 287 1719 340 s.
1762 285 2098 344 rnosrsm
2137 265 2532 355 scurram"

3621 293 3731 348 6‘38

455 397 684 462 semper
710 398 853 451 enim
875 396 1074 452 sanctis
1096 410 1342 466 superest
1370 416 1477 471 quo
1500 415 1749 458 crescere
1779 404 1988 473 possint
2015 419 2031 459 :
2062 406 2112 467 Α
2140 402 2304 474 633
2335 402 2496 472 Stcpe
2519 404 2735 473 quldem
2770 400 3035 457 Dominus
3069 401 3148 457 sic
3172 411 3367 458 cuncta
3394 403 3619 459 advorsa
3646 420 3733 459 rc-

526 488 592 542 Et
620 488 981 556 perfectorum
1019 489 1191 558 gloria
1219 490 1538 561 principium
1564 503 1667 549 est.

454 579 721 635 Virtutem
756 580 925 635 virtus
950 583 1142 652 pariat,
1174 584 1241 638 de
1265 584 1466 639 lumine
1496 585 1677 641 lumen

524 670 775 738 Prodeat,
805 683 965 737 atque
991 682 1017 711 ι
1046 676 1225 730 omnis
1253 677 1427 747 palma
1458 678 1678 747 gradum
1702 679 1890 733 faciat.

450 763 584 819 Nam
630 776 727 818 cur
752 780 855 818 non
886 766 1081 834 cupide
1110 781 1264 822 mens
1302 777 1510 837 quierat
1541 785 1660 839 qua:
1688 772 1825 825 Deus
1852 768 2033 836 oﬂ'ert,

520 854 619 911 Cui
643 856 816 911 danda
845 869 904 912 ut
934 869 1082 914 recte
1112 869 1355 927 posceret
1382 860 1495 930 ipse
1525 861 1716 915 dedit?

772 950 1009 1007 XXVIII.
1052 951 1131 1007 De
1168 953 1366 1019 duplici
1410 970 1563 1024 opere
1597 954 1712 1007 Dei.

520 1042 576 1098 Si
610 1058 798 1098 omnes
846 1048 1090 1100 homines
1139 1046 1298 1100 simul
1329 1047 1755 1110 consideremus,
1804 1061 2032 1116 quorum

451 1114 541 1167 alii
576 1116 943 1169 misericordia
968 1117 1101 1169 salvi
1125 1116 1279 1181 (inut,
1307 1118 1400 1171 alii
1433 1120 1657 1172 veritate
1680 1114 2025 1179 damnantur,

454 1187 717 1239 universa:
746 1187 847 1239 viae
875 1186 1086 1240 Domini
1113 1228 1127 1250 ,
1159 1188 1211 1240 id
1244 1197 1357 1248 est.
1388 1189 1754 1242 misericordia
1804 1198 1857 1242 et
1894 1189 2035 1241 veri-

454 1266 558 1320 tas,
589 1272 688 1309 suo
730 1256 835 1310 ﬁne
863 1258 1128 1311 tlistinctm
1158 1267 1304 1312 sunt.
1347 1258 1401 1313 Si
1425 1268 1604 1312 autem
1637 1260 1782 1311 solos
1811 1274 2030 1312 saueius

452 1326 775 1390 intueamur,
811 1343 915 1381 non
951 1328 1334 1382 discernuntur
1368 1330 1449 1381 h:e
1484 1330 1583 1383 vi.c
1608 1328 1633 1366 ι)
1668 1330 1900 1393 Dtunini.
1942 1330 2029 1382 In-

458 1397 673 1448 divitlna
718 1398 858 1450 enim
903 1398 974 1451 ibi
1004 1410 1087 1451 est
1114 1407 1170 1452 et
1198 1416 1225 1450 a
1258 1399 1625 1454 misericordia
1670 1401 1890 1465 veritas,
1930 1414 2033 1453 eia

2206 585 2273 643 Ut
2306 497 2665 657 nti’l‘ilolltitiingi
2697 588 2929 644 vulnere
2951 588 3122 657 possit
3143 587 3330 646 homo.

2135 677 2241 736 Sed
2272 680 2574 734 mirabilior
2603 689 2728 735 tunc
2753 688 2838 735 est
2869 696 3062 735 manus
3080 680 3498 752 Omnipotentis,

2206 773 2352 827 Illata
2381 772 2640 828 amictum
2671 790 2794 828 cum
2820 776 2958 829 mala
2992 790 3100 829 non
3126 785 3415 845 superant.

2135 863 2446 918 Laudeturt
2485 874 2694 932 custos,
2728 866 2981 920 virtutem
3013 867 3150 922 dans
3181 867 3457 939 toleranti,

2208 956 2397 1009 Intima
2420 966 2734 1026 corrumpat
2762 972 2829 1012 ne
2859 958 3011 1013 furor
3038 961 3299 1014 exterior.

2133 1045 2265 1100 Nam
2300 1062 2408 1100 non
2431 1050 2659 1104 certanti
2693 1051 2836 1104 nulla
2863 1061 2948 1105 est
2976 1050 3245 1120 speranda
3272 1067 3504 1118 corona,

2208 1139 2473 1206 Palmam,
2497 1154 2599 1208 qua
2623 1141 2836 1208 capitur
2854 1141 3049 1211 gloria,
3076 1144 3200 1197 linis
3232 1142 3420 1200 habet.

2551 1226 2750 1286 XXXI.
2784 1230 2861 1285 De
2891 1233 3160 1306 adjutorio
3186 1234 3307 1290 Dei.

2207 1322 2286 1376 Atl
2314 1321 2557 1377 cteIestis
2586 1323 2886 1393 Jerusalem
2911 1326 3247 1380 consortium
3274 1340 3377 1381 non
3408 1328 3734 1393 ascendunt,

2137 1394 2238 1446 nisi
2271 1394 2370 1470 qui
2413 1402 2526 1470 toto
2564 1395 2739 1470 corde
2776 1392 2802 1431 ¹ι
2852 1394 3171 1470 profitentur
3214 1414 3319 1450 non
3364 1413 3485 1453 esse
3526 1392 3737 1470 proprii

453 1467 684 1521 veritate
730 1469 1116 1534 miserictirdia,
1149 1469 1271 1538 qttia
1305 1470 1576 1523 beatitudo
1619 1463 1927 1524 sanctorum
1979 1481 2037 1525 ct
2133 1464 2316 1533 operis
2343 1463 2435 1518 sed
2469 1464 2633 1517 divini
2666 1464 2909 1519 muneris
2936 1466 3081 1536 quod
3111 1470 3433 1523 ascendunt.

454 1538 521 1590 de
548 1553 768 1592 munere
796 1541 981 1607 gratia:
1006 1550 1110 1606 est,
1133 1553 1185 1594 et
1213 1540 1283 1593 tle
1313 1540 1665 1594 retributione
1687 1540 1935 1610 iustitiae.

457 1629 717 1684 Omnibus
746 1629 797 1683 in
827 1630 990 1686 rebus
1017 1633 1290 1701 geminum
1317 1642 1398 1687 est
1418 1647 1555 1701 opus
1580 1632 1998 1702 Omnipoteutis.

527 1721 721 1775 Totum
750 1730 840 1775 aut
864 1723 1069 1790 justitia
1100 1734 1183 1777 est
1211 1724 1352 1792 quod
1378 1727 1536 1794 gerit,
1564 1736 1653 1779 aut
1682 1726 1878 1793 pietas.

461 1811 594 1879 Quae
617 1813 773 1867 simul
800 1813 852 1867 in
888 1821 1056 1867 terras
1087 1813 1423 1868 descendunt
1450 1816 1584 1868 lucis
1605 1815 1673 1869 ab
1696 1829 1840 1880 arce,

529 1903 605 1957 Ne
631 1905 879 1974 cuiquam
912 1905 1049 1973 parti
1081 1904 1222 1959 desit
1245 1915 1528 1975 utrumque
1570 1906 1791 1961 bouum.

458 1992 526 2047 Et
550 1994 806 2063 quoniam
839 1996 1016 2049 cuncti
1058 1996 1263 2049 auxilio
1291 1997 1600 2052 miserantis
1629 2012 1870 2068 egemus,

531 2084 797 2140 Prtecedit
822 2100 1035 2155 semper
1060 2087 1230 2155 gratia
1267 2088 1553 2156 justitiam,

460 2173 810 2229 Damnantem
844 2176 1039 2241 elatos,
1064 2178 1359 2231 salvautem
1387 2179 1734 2248 justilicatos,

529 2266 679 2334 Quos
712 2269 852 2323 Deus
881 2278 937 2322 et
966 2269 1122 2323 donis
1154 2274 1373 2325 auxerit
1397 2281 1452 2327 et
1479 2274 1709 2330 meritis.

822 2360 1020 2416 XXIX.
1062 2362 1140 2416 De
1169 2364 1487 2417 observantia
1517 2365 1684 2433 pacis.

529 2450 850 2505 Christianae
879 2454 1224 2521 perfectionis
1264 2463 1348 2510 est
1380 2456 1662 2523 paciﬁcum
1700 2472 1851 2522 esse,
1878 2459 2039 2513 etiam

460 2536 585 2576 cum
613 2525 756 2591 pacis
785 2525 1040 2587 inimicis,
1086 2540 1180 2593 spe
1209 2530 1581 2591 correctionis,
1636 2544 1740 2582 non
1771 2543 2039 2583 consensu

465 2595 809 2665 malignitatis
829 2612 843 2660 ;
863 2597 981 2648 utsi
1008 2610 1107 2650 nec
1130 2598 1461 2665 exemplum,
1489 2613 1588 2653 nec
1611 2600 2039 2653 coliortationetn

460 2664 769 2718 dilectionis
813 2675 1143 2735 sequantur,
1194 2683 1385 2724 causas
1435 2678 1613 2725 tamen
1657 2685 1763 2725 non
1808 2670 2044 2725 habeant

464 2745 487 2771 ε
512 2737 707 2804 quibus
737 2736 915 2790 odisse
948 2752 1044 2790 nos
1075 2737 1328 2792 debeant.

461 2827 700 2884 litui-ibus
732 2828 784 2883 in
810 2828 1011 2885 sanctis
1053 2829 1272 2900 pulchra
1297 2840 1379 2886 est
1405 2830 1696 2888 concordia
1728 2831 1897 2903 pacis,

531 2922 664 2976 Cum
701 2924 881 2976 multis
912 2940 1075 2977 unum
1104 2925 1376 2989 convenit,
1408 2934 1569 2994 atque
1599 2926 1794 2993 placet.

461 3010 489 3049 ιι
520 3014 629 3068 Nec
654 3025 831 3069 tamen
847 3014 949 3068 hoc
960 3014 1261 3069 cohibenda
1280 3016 1440 3069 modo
1461 3016 1803 3073 suntfmdcra
1816 3017 2040 3083 amoris,

538 3106 601 3160 Ut
631 3106 759 3161 solis
785 3121 885 3175 pax
927 3106 1044 3161 haec
1070 3108 1142 3162 sit
1172 3108 1454 3162 tribuenda
1478 3109 1655 3164 bonis.

459 3197 681 3266 lnjustis
707 3200 866 3255 etiam
894 3211 1179 3270 praestetur
1209 3202 1353 3272 justa
1386 3203 1656 3272 voluntas,

534 3290 643 3345 Nec
665 3307 987 3362 quemquam
1019 3303 1278 3363 Spernant
1318 3305 1437 3350 vota
1481 3295 1711 3367 benigna
1745 3296 2042 3353 hominem.

463 3381 581 3436 Non
615 3383 937 3438 utamicitiae
969 3387 1114 3441 vitiis
1144 3387 1421 3443 socientur
1444 3389 1663 3458 iniquis,

536 3473 694 3532 Adsit
722 3475 814 3529 sed
841 3477 1018 3543 pravis
1045 3487 1104 3531 ut
1132 3478 1399 3532 medicina
1431 3479 1648 3532 animis.

464 3564 595 3640 Quae
625 3567 668 3619 si
700 3582 828 3635 pace
857 3582 955 3622 sua
986 3584 1092 3623 non
1125 3569 1275 3624 sedat
1299 3568 1507 3624 turbida
1539 3570 1724 3636 corda,

538 3656 702 3712 Nobis
732 3674 839 3714 non
868 3661 1037 3730 possit
1058 3672 1244 3716 nostra
1273 3662 1451 3732 perire
1479 3663 1655 3733 quies.

862 3769 1031 3826 XXX.
1077 3780 1101 3810 ο
1135 3772 1210 3827 De
1244 3773 1479 3828 custodia
1528 3773 1649 3829 Dei.

533 3856 783 3915 Custodit
820 3877 916 3916 nos
947 3861 1207 3918 Dominus
1231 3865 1299 3917 ab
1321 3865 1463 3919 omni
1489 3866 1655 3931 malo,
1691 3864 1712 3905 ι
1740 3883 1846 3922 non
1871 3877 1929 3923 ut
1958 3871 2043 3925 ni-

463 3926 547 4005 liil
588 3934 853 3999 patiamur
898 3934 1112 3988 adversi
1133 3975 1159 4005 ,ί
1199 3936 1293 3989 sed
1326 3944 1385 3989 ut
1415 3937 1543 4005 ipsis
1572 3947 1598 3984 Β
1630 3926 2046 3995 adversantibus

463 4002 638 4075 anima
686 4018 792 4075 non
836 4004 1080 4075 laedatur.
1133 4004 1266 4059 Cum
1316 4002 1461 4060 enim
1517 4010 1740 4064 tentatio
1782 4010 1954 4075 adest,
1987 4014 2046 4068 Iit

461 4073 675 4144 quidam
702 4074 752 4125 in
796 4074 845 4126 id
876 4075 1016 4142 quod
1046 4089 1143 4129 nos
1180 4076 1456 4144 impugnat
1482 4077 1765 4144 introitus;
1814 4091 1870 4135 et
1918 4073 2040 4137 cunt

463 4141 606 4194 bono
638 4143 761 4208 line,
789 4144 837 4214 id
868 4141 971 4208 est,
996 4147 1113 4198 sine
1133 4141 1353 4201 vulnere
1382 4151 1596 4214 animae,
1620 4141 1843 4204 tentatio
1863 4150 1891 4188 ιι
1913 4168 2042 4207 con-

460 4224 781 4290 Suuttttalttr,
818 4211 934 4290 i_ad
962 4226 1219 4290 aeternam
1241 4220 1481 4287 requiem
1511 4211 1866 4290 de’profundo
1899 4233 2038 4279 tetu-

462 4282 663 4352 poralis
690 4283 889 4339 laboris
916 4286 1113 4340 exitur.

532 4479 557 4545 ξι
717 4468 1057 4545 βοιῢηυηιιε,
1095 4472 1316 4527 hominis
1338 4474 1534 4545 palma.

529 4539 556 4577 ι’
587 4541 699 4595 Vox
730 4543 843 4596 haec
875 4541 1085 4596 Domini
1124 4560 1227 4597 non
1280 4539 1476 4610 legitur
1514 4548 1565 4601 in
1594 4563 1725 4604 mss.
1759 4547 1915 4605 Colb.
1942 4553 2038 4605 tri-

462 4612 581 4687 l_._ns,
614 4613 721 4665 .lol.
754 4623 810 4687 et
838 4614 1073 4687 editione
1104 4615 1238 4669 Ven.
1266 4615 1394 4670 Post
1422 4617 1628 4687 aliquot
1658 4621 1842 4685 verba,
1872 4621 2039 4677 editio

460 4682 598 4762 Yon.
628 4697 748 4762 cum
771 4683 927 4762 Colb.
972 4700 1102 4751 uno,
1129 4703 1325 4756 semper
1350 4696 1424 4742 est
1453 4682 1527 4741 de
1550 4706 1759 4744 munere
1786 4682 1969 4762 gratia:
1992 4704 2038 4749 et

459 4755 524 4805 de
548 4754 897 4805 retributione.

535 4836 555 4894 ς
590 4823 685 4876 Ms.
713 4824 846 4889 .IoI.,
874 4822 1091 4893 PrOptcr
1115 4841 1263 4894 quas.

530 4891 555 4931 δ
582 4895 655 4948 Ita
680 4910 785 4967 gms.
811 4891 1231 4949 Cambrnnensis
1252 4937 1266 4961 ,
1304 4898 1393 4967 qui
1420 4900 1568 4955 solus
1605 4901 1762 4956 nobis
1787 4901 1935 4958 viisns
1958 4914 2043 4959 est

459 4966 738 5041 sententia:
767 4968 995 5041 pristinis
1042 4966 1437 5041 epigrammati,
1472 4980 1527 5024 et
1565 4974 1845 5027 contextui
1879 4976 2045 5041 ipsius

459 5038 769 5089 convenire.
826 5037 922 5091 Ms.
963 5036 1179 5107 Regius,
1227 5038 1332 5091 Sed
1390 5051 1559 5094 tamen
1596 5041 1694 5095 hoc
1762 5036 2045 5099 cohibenda

460 5108 614 5177 modo
639 5117 755 5177 sunt
789 5109 978 5166 {aedera
1008 5109 1216 5161 amoris.
1245 5108 1371 5162 Mss.
1401 5112 1556 5165 Colb.
1589 5112 1717 5177 duo,
1745 5113 1851 5168 Sed
1877 5126 2044 5169 tamen

462 5175 572 5229 hac
616 5176 883 5230 toleranda
926 5179 1096 5231 modo.
1144 5178 1242 5232 Ms.
1276 5180 1410 5243 Jol.,
1453 5181 1559 5237 Sed
1606 5175 1795 5249 tamen,
1850 5186 2043 5240 deinde

464 5250 635 5327 pergit
663 5264 781 5327 cum
814 5249 1150 5327 edit..Lttgd_.
1198 5259 1250 5303 et
1285 5255 1704 5327 posterioribus,
1750 5256 1806 5310 in
1846 5258 2045 5327 quibus

494 5327 562 5379 st,
594 5318 699 5370 Sed
728 5327 924 5372 tantum
945 5319 1042 5372 hoc
1072 5321 1341 5373 toleranda
1364 5324 1538 5388 modo,
1567 5334 1675 5381 etc.

534 5397 556 5423 °
589 5388 684 5441 Ms.
718 5389 956 5453 Thcod.,
986 5390 1064 5443 De
1091 5392 1323 5443 custodia
1356 5395 1535 5447 animi.

533 5455 553 5493 ί
587 5459 663 5509 Ms
693 5458 936 5524 Cambr.,
968 5477 1067 5513 non
1096 5462 1169 5512 ita
1197 5470 1274 5514 ut.

529 5536 556 5607 ξ
584 5530 723 5607 Edit.
745 5530 907 5607 Duae.
930 5532 1222 5607 et_(1olon.,
1241 5533 1652 5590 adversantibus.
1672 5535 1772 5592 Ms.
1803 5536 2038 5607 Tltcud.,

535 5598 659 5663 ipsis
696 5598 1103 5653 adversilatibus.

528 5663 556 5704 ⁸
586 5667 689 5721 Ms.
718 5678 847 5723 Joh.
886 5673 1203 5723 consumitur

674 5706 689 5721 ο
718 5706 847 5730 CVII,
886 5706 1191 5723 vvuounossus
1210 5712 1222 5724 ο

539 5736 552 5775 ‘-
596 5736 660 5790 Et
692 5737 895 5793 'I‘beod.
926 5749 977 5795 ct
1007 5742 1141 5796 edit.
1176 5743 1332 5811 Ven.,
1367 5745 1459 5800 sic.
1492 5745 1589 5804 Ms.
1617 5746 1773 5819 Reg,
1811 5752 1963 5805 etsic.

2069 1777 2119 1839 B

2069 4492 2122 4552 D

2214 1553 2233 1594 1
2264 1556 2556 1612 Ctelestem
2595 1557 2663 1611 ad
2696 1558 2927 1629 patriam
2958 1563 3211 1630 tendens,
3245 1577 3515 1633 cognosce
3538 1578 3738 1621 vocan-

2353 1659 2459 1702 tem
2479 1690 2495 1715 ,

2214 1734 2383 1805 Cujus
2414 1740 2749 1809 proveheris,
2772 1744 2819 1798 si
2854 1745 2995 1801 bene
3020 1747 3217 1811 curris,
3250 1762 3374 1815 Ope.

2144 1827 2275 1881 Nam
2299 1829 2343 1881 si
2373 1838 2426 1883 te
2452 1831 2651 1887 virtute
2678 1843 2766 1888 tua
2795 1835 2863 1889 ad
2884 1836 3125 1891 coelestia
3148 1847 3188 1874 ιη
3217 1838 3398 1892 credis

2215 1920 2513 1983 Scandere.
2543 1924 2612 1979 de
2643 1926 2857 1994 superis
2881 1928 3071 1997 pulsus
3098 1930 3163 1981 ad
3194 1930 3296 1983 ima
3330 1929 3516 1984 cades.

2376 2011 2594 2069 XXXII.
2622 2014 2698 2069 De
2721 2018 2853 2071 odiis
2880 2020 3058 2071 mundi
3082 2020 3135 2072 in
3163 2017 3510 2074 Christianos.

2213 2099 2414 2177 Omnes
2436 2106 2617 2177 quiin
2647 2105 2869 2161 Christo
2901 2112 3092 2163 volunt
3141 2112 3226 2177 pie
3260 2112 3464 2175 vivere,
3514 2126 3727 2165 necch-e

2143 2181 2227 2226 est
2246 2182 2311 2249 _ut
2337 2174 2611 2249 abiinpiis
2639 2186 2693 2230 et
2723 2179 3078 2232 dissimilibus
3108 2174 3379 2249 patiantur
3409 2184 3726 2249 Opprohria,

2144 2251 2199 2295 ct
2228 2242 2599 2321 despiciantur
2632 2256 2904 2321 tamquam
2947 2242 3185 2304 stulti-ct
3227 2242 3552 2321 insani,'q'ni
3595 2242 3733 2312 μηυέ

2143 2313 2318 2366 sentia
2361 2316 2545 2368 bonan
2578 2313 2833 2385 perdant,
2879 2331 2931 2373 ct
2975 2321 3264 2377 invisibilia
3305 2313 3510 2376 sibi'ac
3558 2322 3732 2376 futura

2144 2386 2481 2462 promittant.
2511 2387 2614 2441 Sed
2646 2389 2761 2442 haec
2778 2390 3058 2457 despectio
3079 2402 3132 2445 ct
3164 2393 3277 2445 hinc
3307 2392 3483 2447 irrisio
3505 2394 3556 2446 in
3588 2395 3732 2462 ipsos

2144 2456 2567 2533 retorquebitur,
2591 2465 2619 2533 ξ’
2642 2474 2763 2511 cum
2792 2472 2843 2533 et
2873 2456 3198 2533 abundantia
3228 2478 3413 2517 eorum
3440 2466 3492 2517 in
3518 2456 3731 2533 egesta.

2146 2534 2275 2590 tem,
2310 2535 2363 2580 et
2387 2527 2637 2595 superbia
2669 2531 2944 2584 transierit
2971 2535 3021 2585 in
3053 2532 3454 2587 confusionem.

2149 2615 2313 2687 Impia
2341 2633 2465 2688 pars
2495 2620 2679 2675 mundi
2712 2623 2849 2691 parti
2881 2634 2964 2677 est
2988 2623 3182 2678 infesta
3216 2627 3465 2692 piorum,

2216 2709 2325 2764 Nec
2352 2711 2584 2766 tolerare
2615 2722 2792 2781 potest
2814 2714 3108 2769 dissimiles
3137 2715 3389 2770 animos:

2144 2800 2348 2860 Ridens
2375 2804 2624 2861 nolentes
2645 2804 2837 2875 apibus
2870 2808 3238 2875 prmsentibus
3266 2811 3343 2864 uti
3361 2852 3378 2877 ,

2214 2895 2613 2966 Sperantesque
2641 2898 2743 2952 sibi
2766 2899 2972 2954 credita
3004 2916 3168 2971 posse
3196 2901 3339 2956 dari.

2144 2995 2170 3034 ιι
2193 2985 2299 3040 Sed
2328 2988 2630 3055 spernenda
2659 2990 2775 3043 haec
2804 2998 2930 3043 sunt
2962 2991 3172 3059 populis
3200 2992 3493 3059 opprobria
3510 2994 3738 3060 sanctis,

2216 3078 2348 3144 Qua:
2386 3078 2549 3133 stulte
2575 3079 2782 3148 jaciunt
2812 3083 2977 3136 Corda
3008 3083 3187 3137 aliena
3222 3084 3355 3138 Deo.

2072 3155 2118 3217 (ἶ
2151 3169 2280 3225 Nam
2310 3185 2433 3239 spes
2460 3182 2642 3226 nostra
2670 3188 2733 3227 ex
2762 3174 2865 3228 hoc
2887 3175 3005 3228 visu
3034 3174 3096 3229 ﬂt
3121 3175 3325 3231 certior
3345 3178 3521 3242 omni,

2224 3262 2379 3328 Quod
2423 3263 2695 3331 spondens
2730 3273 2760 3314 ει
2795 3265 3053 3336 quidquid
3091 3268 3398 3335 credimus,
3447 3269 3553 3324 ltoc
3600 3272 3741 3329 Deus

2364 3362 2468 3409 est.

2468 3444 2711 3503 XXXIII.
2732 3455 2757 3485 '
2790 3446 2867 3503 De
2896 3450 3148 3519 patientia
3165 3452 3418 3522 ﬁdelium.

2223 3536 2357 3590 Tota
2384 3538 2874 3614 _ﬁ_deliumrsalus,'
2914 3552 3026 3598 tota
3067 3547 3339 3614 patientia
3374 3546 3637 3602 fortitudo
3674 3550 3738 3603 :ttl

2155 3622 2277 3685 eum
2308 3610 2476 3685 quiin
2505 3613 2857 3685 sanctis_suis
2884 3623 2967 3669 est
3001 3610 3271 3671 mirabilis
3297 3619 3581 3673 referenda
3618 3631 3737 3685 e-t;

2154 3679 2280 3759 quia
2309 3680 2408 3759 nisi
2440 3683 2489 3741 in
2523 3680 2631 3735 illis
2659 3692 2681 3719 ι
2714 3682 2854 3759 Dens
2884 3696 3062 3755 esset,
3095 3689 3261 3742 furori
3303 3688 3591 3759 impiorum
3628 3679 3740 3746 ira;

2151 3750 2331 3817 gilttas
2351 3749 2581 3805 humana
2613 3755 3010 3811 succumberet.

2156 3839 2289 3895 Cum
2313 3854 2572 3897 consuans
2597 3846 2776 3900 anima
2805 3846 3047 3903 adversis
3069 3863 3174 3905 non
3204 3849 3470 3921 frangitur
3496 3852 3649 3919 ullis,

2221 3931 2284 3985 Et
2319 3932 2441 3986 tidei
2463 3934 2637 3990 virtus
2671 3935 2991 3995 intemerata
3023 3952 3240 3996 manet:

2147 4021 2299 4076 Norit
2321 4021 2503 4078 ineSSe
2530 4024 2634 4079 sibi
2667 4027 2952 4083 Dominum
2987 4032 3243 4098 patientia
3278 4032 3455 4099 fortis,

2215 4115 2382 4185 Inque
2412 4115 2531 4186 ejus
2557 4117 2759 4173 donum
2793 4122 2939 4190 quod
2960 4123 3173 4177 steterit
3196 4122 3421 4180 referat.

2142 4205 2276 4261 Nam
2307 4208 2451 4277 quod
2484 4225 2589 4264 non
2616 4212 2817 4267 cecidit
2848 4213 3083 4283 propriis
3109 4216 3151 4268 si
3186 4217 3394 4273 viribus
3422 4227 3591 4290 aptat,

2219 4298 2239 4335 ι
2270 4297 2381 4354 lloc
2409 4301 2527 4370 ipso
2553 4315 2661 4372 quo
2695 4318 2755 4357 se
2781 4315 2926 4359 stare
2955 4315 3105 4375 putat
3133 4307 3347 4362 cecidit.

2222 4494 2237 4560 ξ
2403 4488 2535 4558 Reg.
2565 4501 2740 4545 custos
2770 4494 3039 4560 uirtutum,
3071 4496 3199 4550 dans
3228 4499 3489 4559 toleranti.
3520 4511 3628 4556 etc.

2220 4554 2247 4631 ξε
2411 4554 2652 4624 ('Jttittbr.,
2680 4564 3007 4631 conﬁtentur.

2225 4624 2239 4664 ¹
2276 4629 2367 4680 Ms.
2400 4632 2553 4685 Colb.
2583 4648 2741 4699 unus,
2770 4624 3063 4689 Etet-nam.

2219 4705 2258 4732 ω
2287 4698 2385 4752 Ms.
2439 4702 2591 4755 Colb.
2633 4698 2801 4767 unus,
2842 4708 3040 4760 credas.
3075 4710 3143 4762 Et
3184 4709 3235 4763 in
3288 4708 3393 4766 line
3420 4726 3611 4767 versus
3637 4727 3727 4767 se-

2148 4770 2357 4840 qurntis
2382 4786 2481 4822 ms.
2514 4771 2726 4840 Calui»,
2752 4777 2883 4840 ruis,
2916 4781 3196 4833 anteactis.

2222 4844 2248 4925 ἐι
2404 4840 2639 4925 T_heod.,
2676 4839 2929 4914 perdunt,
2958 4853 3047 4903 sed
3072 4851 3349 4906 invisibilia
3375 4853 3473 4906 sibi
3498 4854 3736 4925 offuturas

2151 4920 2473 4976 promittunt.

2155 5048 2164 5058 .
2220 4986 2244 5012 °
2272 4980 2372 5033 Ms.
2407 4982 2538 5052 Reg.
2576 4992 2630 5039 et
2651 4983 2781 5040 edit.
2812 4985 2978 5051 Ἴδη..
3002 5004 3119 5042 cum
3147 5001 3194 5046 et
3218 4992 3539 5049 abundantia
3559 5011 3733 5049 eorum

2147 5063 2199 5099 in
2240 5060 2509 5129 egestatem
2542 5058 2768 5129 uenerit,
2802 5068 2849 5110 et
2889 5061 3132 5129 superbia
3164 5078 3338 5118 eorum
3380 5067 3646 5120 transierit
3681 5070 3733 5119 in

2146 5122 2522 5208 confusionem.
2554 5124 2700 5208 Mss.
2723 5142 2937 5198 quoque
2955 5122 3059 5184 'alii
3097 5144 3329 5201 quatuor
3355 5136 3591 5205 habent,
3617 5155 3730 5208 per-

2147 5188 2365 5245 dunt....
2399 5196 2719 5260 promittunt.

2217 5268 2262 5349 :1:
2277 5260 2378 5349 Ms.
2411 5262 2546 5349 .Itil.,
2572 5264 2681 5319 Sed
2710 5276 2830 5322 sunt
2860 5268 2969 5323 lucc
3004 5271 3210 5344 populis
3235 5276 3523 5345 spernenda
3545 5294 3722 5349 oppro-

2148 5328 2262 5381 bria
2289 5335 2502 5387 sanctis.

2216 5401 2395 5477 $_Mss.
2428 5413 2557 5467 tres,
2590 5407 2838 5477 quidquid
2876 5411 3132 5465 credimus
3161 5423 3265 5477 est,
3311 5412 3450 5469 Deus
3484 5428 3580 5471 est.
3630 5420 3726 5473 Ms.

2145 5468 2490 5547 C0lh_._unus,
2519 5468 2771 5547 quidquid
2794 5480 3046 5535 credimus
3071 5494 3143 5535 est
3172 5468 3441 5539 Doininus.

2148 5543 2751 5679 p("'5bis.w'l‘lietidor‘ic.,
2791 5548 2871 5604 De
2900 5567 3058 5605 causa
3086 5554 3318 5621 ﬁdelium
3351 5564 3397 5609 et
3430 5557 3729 5626 fortitudine

2260 5630 2317 5666 en
2345 5632 2358 5666 ι
2412 5654 2426 5668 .

2221 5691 2243 5718 ι
2276 5684 2402 5758 Mss.
2422 5695 2551 5751 tres,
2573 5685 2825 5745 Dominus
2840 5700 2989 5758 esset,
3013 5695 3133 5748 utin
3149 5695 3287 5751 libro
3303 5695 3725 5756 Sententiarum.

2226 5758 2240 5789 ¹
2281 5756 2375 5811 Ms.
2402 5758 2697 5827 Theodon,
2735 5761 2847 5815 Hoc
2871 5756 3161 5835 ipsoquod,
3186 5776 3294 5824 etc.

2632 5920 2667 5973 ἒ
