3978 6178
423 299 520 357 bii

489 413 588 470 Cui
618 421 811 467 cuncta
836 410 1093 464 assistunt
1125 413 1267 473 acta,
1290 414 1345 461 et
1372 402 1577 475 agenda
1602 401 1788 458 simul.

595 504 761 575 639
800 501 959 556 XLII.
994 510 1021 537 ⁸
1056 499 1133 553 De
1160 498 1462 569 impunitate
1488 494 1830 565 peccantium.

496 595 636 649 Nihil
670 604 753 648 es’t
778 592 1043 647 infelicius
1077 590 1334 645 felicitate
1364 585 1734 657 peccantium,
1764 597 1869 653 qua
1893 596 2009 657 pas-

427 668 563 721 nalis
612 668 845 718 nutritur
888 663 1211 731 impunitas,
1255 671 1310 716 et
1346 655 1485 714 mala
1528 658 1817 723 voluntas,
1865 655 2015 709 velut

429 738 598 790 hostis
626 737 884 799 interior,
919 737 1245 787 roboratur.

427 830 525 898 Qui
554 846 613 884 se
643 828 879 897 peccatis
905 825 1100 896 gaudet
1124 823 1348 879 feliciter
1380 821 1488 886 uti,

498 922 689 979 Infelix
718 920 879 976 nimis
905 928 990 975 est
1026 919 1387 989 prosperitate
1411 928 1529 970 sua.

428 1015 673 1085 Dumque
699 1015 844 1085 capit
873 1013 1103 1067 miseros
1134 1009 1358 1065 effectus
1389 1020 1553 1077 prava
1584 1002 1869 1065 voluntas,

502 1111 544 1162 A
575 1122 707 1163 vera
737 1120 952 1173 semper
979 1104 1097 1159 luce
1128 1102 1185 1155 ﬁt
1214 1102 1474 1157 exterior.

430 1199 662 1255 Sumens
692 1195 946 1266 pestifera
978 1194 1048 1250 de
1074 1190 1467 1248 consuetudine
1507 1188 1696 1252 robur,

506 1291 576 1345 Et
604 1304 699 1343 sua
732 1287 1101 1355 complectens
1130 1283 1341 1338 vincula
1372 1281 1562 1335 mortis
1590 1294 1764 1333 amor.

434 1379 695 1435 Deficiant
724 1378 903 1448 potius
931 1391 1065 1429 vana
1094 1373 1453 1428 oblectamina
1481 1371 1689 1440 mundi,

505 1471 923 1539 Subdanturque
950 1466 1038 1537 pio
1062 1467 1200 1521 colla
1240 1462 1510 1519 domanda
1535 1462 1687 1531 jugo,

434 1562 598 1630 luque
629 1570 817 1628 putres
848 1558 1011 1612 fibras
1040 1555 1334 1612 descendat
1363 1569 1489 1609 cura
1527 1548 1793 1607 medentis
1822 1565 1839 1604 :

508 1656 577 1712 Ut
606 1654 633 1693 ι)
660 1655 916 1710 blandum
948 1652 1193 1706 morbum
1222 1650 1389 1719 pellat
1418 1646 1591 1702 amica
1613 1646 1778 1701 salus.

892 1743 1077 1799 XLIII.
1113 1740 1190 1796 De
1211 1743 1336 1813 legis
1365 1742 1553 1794 littera.

504 1840 664 1907 Legis
686 1839 862 1893 littera
892 1849 914 1877 ε
944 1851 1068 1905 qua:
1095 1836 1227 1890 dicit
1265 1850 1370 1889 non
1404 1848 1524 1888 esse
1560 1828 1905 1907 peccandum
1926 1870 1941 1895 ,
1972 1826 2020 1881 si

436 1902 671 1979 Stiiriins
693 1906 721 1946 ἀ
753 1902 1029 1962 vivificaris
1057 1906 1224 1971 desit,
1252 1907 1468 1979 occidit.
1504 1914 1528 1941 ο
1553 1903 1693 1979 Seiri
1723 1902 1867 1979 enim
1895 1913 2021 1979 pec-

434 1969 615 2038 catum
657 1980 782 2036 facit
831 1984 1008 2048 potius
1044 1969 1218 2047 quam
1246 1976 1429 2031 caveri
1463 1992 1476 2027 :
1520 1974 1727 2048 et‘ideo
1765 1969 1797 2048 ’ί
1851 1970 2021 2048 magis

433 2055 616 2123 augeri
642 2066 800 2120 quam
829 2042 1021 2123 minui,
1053 2042 1356 2123 Quia‘malae
1374 2042 1829 2115 concupiscentia
1853 2042 2018 2097 etiam

436 2118 805 2193 prmvaricntio
836 2120 967 2189 legis
1006 2118 1239 2173 accedit.

434 2215 602 2270 Index
636 2214 843 2284 peccati
876 2212 963 2267 lex
990 2220 1074 2265 est
1100 2207 1383 2279 plectentia
1413 2206 1665 2271 vetando,

504 2307 656 2375 Quae,
687 2304 790 2359 nisi
812 2317 909 2359 cor
935 2301 1157 2357 mundet
1176 2300 1433 2370 Spiritus,
1462 2296 1746 2353 interimit.

433 2397 621 2453 Nullus
647 2395 791 2451 enim
812 2402 895 2450 est
924 2394 1111 2447 insons
1140 2393 1252 2446 sola
1285 2389 1574 2445 formidine
1602 2401 1805 2458 paenae,

360 2482 363 2485 ’
504 2488 605 2555 Qui
627 2495 870 2542 sanctum
898 2495 953 2540 et
968 2485 1173 2555 justum
1198 2498 1304 2539 non
1334 2491 1480 2536 amat
1509 2480 1819 2550 imperium,

435 2583 591 2639 llunc
618 2591 794 2636 tamen
823 2588 849 2627 8
872 2578 1123 2634 affectum
1152 2593 1260 2632 non
1290 2576 1407 2641 lex,
1439 2573 1536 2629 sed
1561 2572 1733 2644 gratia
1770 2569 1981 2630 confert
2006 2588 2021 2624 :

504 2676 765 2746 Quodque
789 2674 944 2745 jubet
972 2670 1108 2742 legis
1137 2671 1346 2736 littera,
1380 2668 1525 2724 velle
1556 2667 1706 2722 facit.

867 2765 1051 2820 XLIV.
1080 2763 1160 2818 De
1188 2763 1297 2834 lege
1326 2771 1375 2817 et
1410 2762 1598 2833 gratia.

505 2859 617 2915 Lex
642 2859 765 2914 data
789 2865 873 2913 est
895 2866 955 2912 ut
976 2858 1147 2926 gratia
1176 2854 1206 2893 ιι
1233 2863 1594 2925 quaereretur,
1619 2858 1675 2907 et
1699 2850 1874 2920 gratia
1900 2848 2023 2926 data

436 2942 524 2987 est
548 2941 606 2985 ut
632 2931 717 2985 lex
749 2921 1084 2997 impleretur.
1116 2921 1299 2996 Neque
1326 2927 1469 2979 enim
1501 2938 1599 2997 suo
1614 2926 1755 2997 _vitio
1788 2936 1895 2997 non
1915 2921 2028 2997 _itn-

438 3002 705 3071 plebatur,
736 2991 841 3055 sed
865 3001 995 3053 vitio
1028 2991 1325 3071 prudentiae
1370 2993 1627 3071 carnis,_‘
1661 2992 1802 3061 quod
1835 2991 2025 3071 vitium

562 3072 735 3143 legem
774 3064 1264 3127 demonstrandum
1289 3106 1305 3134 ,
1335 3081 1434 3137 per
1461 3065 1688 3136 gratiam
1728 3064 2025 3118 sanandum

463 3161 511 3197 III
545 3183 560 3197 ο

437 3234 553 3290 Νοη
577 3235 745 3289 servit
764 3233 934 3303 jussis
958 3231 1096 3303 legis
1122 3230 1404 3301 prudentia
1434 3228 1645 3296 carnis,

509 3329 721 3383 Peccati
751 3327 999 3382 stimulos
1024 3341 1126 3381 nec
1153 3338 1411 3394 superare
1443 3329 1638 3392 potest.

438 3419 546 3476 Sed
572 3420 695 3488 quia
726 3433 881 3473 mens
906 3432 1105 3486 anceps
1128 3415 1326 3486 patitur
1349 3414 1489 3468 mala
1519 3411 1768 3482 corporis
1797 3412 1950 3483 aegri,

508 3512 765 3581 Quaerere
789 3511 1031 3566 divinum
1056 3511 1300 3579 cogimur
1318 3507 1601 3562 auxilium.

437 3605 549 3661 Lex
569 3604 731 3675 igitur
758 3603 885 3658 facit
910 3613 970 3657 ut
998 3609 1249 3671 poscatur
1276 3600 1451 3670 gratia
1479 3598 1709 3665 Christi,

510 3697 691 3752 Ardua
721 3711 825 3766 qua
854 3695 987 3766 legis
1003 3694 1156 3763 jussa
1184 3701 1382 3762 queant
1410 3690 1559 3754 fieri;

440 3790 457 3841 t
490 3787 600 3844 Nec
616 3788 728 3858 jam
752 3801 859 3842 non
893 3787 1107 3842 valeant
1137 3783 1383 3839 carnales
1409 3781 1630 3837 vincere
1653 3792 1877 3848 sensus,

506 3881 653 3949 Quos
679 3881 839 3950 justas
876 3879 1009 3950 legis
1038 3877 1287 3936 conditor
1315 3877 1430 3945 ipse
1455 3874 1628 3944 juvat.

830 3970 991 4026 XLV.
1034 3969 1114 4023 De
1140 3968 1473 4040 promissione
1501 3965 1618 4022 Dei.

508 4060 535 4101 ιι
566 4063 680 4118 Hoc
714 4061 980 4132 promittit
1002 4062 1163 4132 Deus,
1203 4058 1346 4129 quod
1376 4061 1503 4132 ipse
1529 4059 1671 4132 facit.
1694 4056 1836 4132 _Non
1876 4057 2020 4112 enim

439 4134 558 4203 Ipse
590 4127 874 4201 promittit,
895 4144 951 4186 et
974 4133 1110 4185 alius
1128 4127 1298 4203 facit,
1326 4130 1467 4203 quod
1486 4130 1595 4197 jam
1624 4127 1786 4199 641
1811 4143 1916 4203 non
1940 4138 2025 4183 est

440 4200 791 4276 promittere,
839 4203 937 4258 sed
974 4202 1288 4271 prtedicere.
1330 4200 1457 4255 Ideo
1493 4216 1596 4253 non
1644 4216 1705 4254 ex
1747 4200 2019 4268 operibus,

512 4416 538 4445 ι
570 4407 696 4462 Mss.
728 4402 962 4466 Theod.,
990 4401 1070 4457 De
1090 4401 1334 4474 felicitate
1356 4400 1735 4474 peccantium.“
1798 4438 1803 4443 .

510 4478 539 4517 δ
580 4478 708 4533 Mss.
741 4486 849 4531 tves
875 4516 888 4539 ,
937 4475 1005 4531 Ut
1045 4466 1230 4527 causas
1259 4471 1440 4525 morbi.
1494 4471 1577 4525 Ex
1627 4466 1824 4539 quibus
1869 4466 2027 4525 Colb.

446 4564 584 4605 unus
608 4550 659 4601 in
692 4548 934 4617 margine
963 4547 1219 4617 scriptum
1253 4542 1413 4598 habet
1436 4543 1577 4613 quod
1606 4541 1657 4596 iu
1683 4539 1849 4597 edito.

520 4630 541 4658 ο
569 4619 695 4673 Mss.
736 4616 985 4683 quatuor,
1018 4632 1130 4684 qua:
1158 4616 1323 4669 docet.

517 4686 542 4725 ἀ
569 4689 668 4742 Μ’ς.
702 4688 934 4752 Tbeod.,
966 4687 1242 4756 vivi/icore.

518 4769 542 4796 °
574 4759 716 4813 Edit.
770 4750 929 4823 ’θείη
981 4750 1227 4810 Scirem.
1268 4772 1422 4827 quam
1461 4769 1656 4808 cavere.
1705 4751 1838 4807 Mss:
1884 4750 2030 4827 duo,

448 4828 652 4886 Sciri...
685 4844 840 4900 quam
868 4827 1054 4900 caveri.
1088 4823 1508 4900 lilii...'Scir_e...
1545 4840 1700 4900 quam
1729 4823 1916 4900 caveri.

520 4900 540 4939 τ
571 4901 670 4955 Ms.
698 4895 836 4968 Reg.
860 4908 915 4954 et
939 4897 1067 4953 edit.
1104 4896 1263 4961 Ven.,
1293 4898 1453 4965 magis
1475 4898 1598 5021 6am
1619 4895 1819 4963 augeri.

520 4982 543 5020 s
580 4974 651 5021 I'ta
680 4985 812 5021 mss.
834 4973 1067 5021 uuiuuue
1079 4982 1201 5021 cum
1220 4967 1457 5020 editione
1519 4982 1606 5020 en.
1626 4965 1751 5021 Alii.
1772 4966 1819 5021 ef

519 4982 543 5020 s
580 4974 651 5025 Ita
680 4963 812 5024 mss“.
834 4973 1067 5040 quinque
1079 4982 1201 5040 cum
1220 4963 1457 5040 editione
1475 4963 1606 5021 Ven.
1617 4965 1751 5040 _A_lii_,
1772 4963 2030 5040 effectum.

520 5040 545 5077 ιι
578 5042 717 5095 Edit.
753 5036 887 5093 Veii.
922 5040 1067 5092 addit
1092 5038 1177 5090 hic
1197 5053 1387 5091 vocem
1416 5037 1574 5103 hanc,
1602 5036 1812 5091 Christi.

527 5110 541 5148 ί
574 5113 671 5166 Ms.
697 5110 970 5176 .Iolieusis,
990 5110 1111 5178 quia
1129 5108 1324 5161 vitium.
1350 5109 1450 5162 Ms.
1480 5106 1697 5177 Regius,
1722 5121 1881 5175 neque
1896 5103 2029 5178 enim

448 5192 557 5237 erat
586 5199 679 5237 suo
708 5183 829 5235 vitio
872 5180 1010 5251 quod
1040 5197 1142 5234 non
1170 5178 1566 5251 implebatur....
1597 5187 1644 5251 et
1671 5193 1760 5247 per
1787 5177 2026 5246 gratiam.

448 5256 523 5309 Ms
571 5253 801 5320 Tlteod.,
832 5248 920 5307 sed
946 5268 1010 5306 ex
1033 5252 1153 5304 vitio
1179 5248 1460 5320 prudentia:
1484 5248 1671 5320 carnis.

522 5336 536 5376 ι
578 5326 675 5378 Ms.
726 5316 879 5378 Colb.
904 5338 1063 5384 unus,
1095 5320 1177 5374 Ne
1192 5322 1344 5386 jam;
1372 5319 1459 5373 alii
1486 5317 1723 5381 codices,
1752 5316 1864 5370 Nec
1890 5318 2027 5386 jam.

450 5397 576 5451 Mss.
619 5394 890 5464 quinque,
924 5391 1182 5446 carnalem
1208 5391 1408 5464 vincere
1452 5405 1685 5455 sensum,
1735 5387 1849 5443 sola
1891 5387 2029 5441 Ven.

448 5463 651 5528 editin,’
671 5464 792 5518 Non
833 5465 996 5519 valeat
1026 5466 1257 5517 carnales
1285 5463 1482 5515 vincere
1509 5475 1710 5513 sensus.

518 5534 544 5574 ιι
574 5526 701 5589 Mss.
730 5550 824 5587 sex
851 5543 904 5589 et
929 5533 1065 5589 Ven.
1093 5532 1253 5596 edit.,
1294 5530 1412 5601 Hoc
1432 5528 1567 5601 quod
1590 5528 1839 5596 promittit
1866 5526 2027 5601 Deus,

447 5609 557 5675 ipse
586 5607 728 5674 facit.
753 5604 950 5675 Eadem
971 5603 1107 5659 Ven.
1131 5604 1314 5675 editio,
1338 5598 1458 5675 Non
1487 5601 1621 5675 enim
1644 5602 1753 5675 ipse
1781 5598 2032 5675 promittit

449 5668 496 5730 et
526 5668 670 5727 aliud
685 5676 872 5743 facit...
893 5673 1021 5727 Ideo
1045 5674 1272 5727 homines
1293 5689 1393 5725 non
1419 5672 1548 5740 ﬁunt
1570 5669 1687 5743 boni
1712 5668 2031 5743 exicperibus

453 5748 582 5804 suis.
614 5739 701 5799 sed
742 5759 804 5797 ex
833 5744 938 5799 Deo
965 5753 1193 5810 vocante,
1223 5759 1285 5797 ne
1309 5739 1536 5806 ipsorum
1568 5742 1632 5795 sit
1665 5741 1890 5808 bonitas,
1942 5739 2032 5792 sed

1634 285 1697 341 S.
1738 278 2075 339 PROSPEIII
2116 275 2441 343 AQUITANI

2027 399 2076 459 Α
2106 395 2193 447 sed
2224 410 2285 447 ea:
2305 398 2547 456 vocante;
2601 404 2669 445 nc
2700 388 2945 459 ipsorum
2976 388 3063 455 sit,
3095 402 3200 441 non
3232 384 3359 459 Dei,
3406 393 3459 439 et
3492 398 3705 459 merces

3556 222 3559 227 ’
3601 263 3700 320 ste

2117 481 2222 518 non
2267 464 2563 531 imputetur
2593 455 2886 515 secundum
2912 460 3166 531 gratiam
3187 498 3218 531 ,4
3264 457 3361 511 sed
3396 455 3697 531 secundum

2113 527 2375 598 debitum,
2402 543 2561 602 atque
2590 532 2663 587 ita
2709 530 2879 600 gratia
2902 527 3013 598 jam
3039 544 3145 583 non
3176 529 3248 583 sit
3274 527 3468 595 gratia.

2114 630 2249 697 Quae
2284 630 2422 680 Deus
2451 627 2793 694 omnipotens
2826 620 3091 691 promittit
3110 661 3124 683 ,
3152 618 3365 691 perficit
3394 619 3515 689 ipse
3536 658 3551 681 ,

2188 720 2296 773 Nec
2325 717 2598 788 proprium
2630 714 2869 770 externis
2898 710 3104 767 viribus
3134 710 3326 779 implet
3354 723 3520 778 opus.

2114 812 2250 867 Hinc
2278 824 2470 865 secura
2504 808 2638 861 fides
2669 814 2850 877 sperat
2877 803 3019 874 quod
3048 802 3267 866 credit,
3300 810 3563 869 amatque

2191 908 2477 957 Auctorem
2502 945 2515 968 ,
2547 899 2640 969 qui
2667 897 2809 967 quod
2840 895 3073 963 Spondet
3105 890 3152 959 ι,
3183 902 3239 947 et
3265 891 3491 946 efficiet.

2114 995 2246 1051 Nam
2277 995 2320 1048 si
2351 976 2471 1063 quae
2504 991 2761 1045 Dominus
2792 986 3097 1058 promittit,
3143 999 3252 1039 non
3282 991 3567 1052 operatur,

2187 1086 2292 1141 Sed
2320 1085 2499 1138 solum
2531 1084 2825 1138 humanum
2858 1077 3127 1150 praevidet
3158 1075 3443 1130 arbitrium
3474 1090 3490 1128 :

2116 1178 2235 1233 Non
2269 1175 2386 1229 haec
2417 1176 2555 1229 dona
2586 1172 2703 1243 ejus
2727 1212 2741 1237 ,
2774 1170 2868 1225 sed
2900 1180 3025 1224 sunt
3054 1166 3318 1237 praedicta
3347 1163 3613 1221 vocanda.

2189 1270 2300 1323 Ceu
2331 1268 2613 1336 quisquam
2647 1280 2712 1320 ex
2745 1262 2964 1334 proprio
2995 1261 3063 1316 sit
3092 1260 3270 1314 bonus
3292 1301 3306 1325 ,
3339 1258 3547 1327 absque
3573 1256 3710 1312 Deo.

2118 1360 2272 1427 Quod
2300 1360 2421 1429 quia
2455 1372 2563 1411 non
2598 1356 2791 1423 recipit
2822 1355 3028 1425 pietas,
3061 1364 3300 1421 veroque
3332 1359 3633 1420 repugnat,

2191 1451 2371 1507 Gratia
2403 1466 2509 1505 non
2542 1458 2794 1517 reparet,
2826 1446 3001 1516 gratia
3030 1441 3312 1513 juStificet.

2120 1540 2251 1610 Quae
2280 1544 2356 1595 sic
2389 1543 2440 1595 in
2472 1541 2684 1595 cunctis
2712 1540 2899 1607 implet
2928 1551 3024 1590 sua
3056 1536 3198 1589 dona
3225 1533 3431 1588 vocatis
3452 1574 3468 1598 ,

2194 1633 2261 1690 Ut
2289 1648 2520 1700 quorum
2551 1632 2657 1686 dux
2688 1642 2771 1685 est
2795 1671 2809 1695 ,
2845 1629 2938 1682 fiat
2968 1636 3021 1681 et
3053 1627 3167 1696 ipsa
3201 1640 3411 1679 comes.

2248 1724 2432 1779 XLVI.
2470 1724 2543 1778 De
2572 1721 2807 1788 ﬁdelium
2838 1720 3003 1789 culpis
3033 1728 3079 1772 et
3105 1712 3396 1787 inﬁdefium
3425 1716 3591 1770 bonis.

2195 1816 2347 1871 Sicut
2376 1830 2483 1869 non
2514 1814 2818 1883 impediunt
2847 1812 2914 1883 ab
2945 1817 3149 1883 aeterna
3176 1810 3282 1883 vita
3323 1809 3529 1883 justum
3571 1823 3713 1883 qua:-

2123 1889 2246 1942 dam
2280 1897 2497 1955 peccata
2525 1878 2757 1938 vehialia
2777 1927 2792 1952 ,
2821 1882 2944 1937 sine
2975 1881 3171 1955 quibus
3198 1879 3316 1955 base
3343 1878 3454 1932 vita
3483 1894 3588 1955 non
3621 1878 3713 1955 du-

2123 1949 2293 2023 citur,
2318 1959 2396 2010 sic
2425 1956 2490 2010 ad
2521 1956 2754 2008 salutem
2779 1949 3058 2007 aeternam
3100 1949 3235 2023 nihil
3261 1957 3523 2023 prosunt
3552 1949 3708 2017 impio

2122 2020 2295 2097 aliqua
2324 2027 2463 2080 bona
2493 2040 2696 2095 Opera,
2726 2025 2845 2097 sine
2872 2024 3072 2097 quibus
3107 2020 3428 2075 difficillime
3471 2020 3580 2074 vita
3617 2034 3701 2074 cu-

2116 2092 2342 2168 juslibet
2374 2092 2593 2166 pessimi
2628 2095 2863 2149 hominis
2895 2092 3190 2147 invenitur.
3290 2148 3293 2151 Α

2124 2190 2194 2247 Ut
2218 2189 2465 2259 quaedam
2492 2196 2685 2244 tenues
2717 2185 2945 2240 macula:
2974 2184 3027 2238 in
3057 2181 3351 2253 splendore
3379 2182 3593 2252 piorum
3617 2225 3632 2249 ,

2196 2280 2365 2351 Major
2390 2281 2645 2335 virtututn
2679 2292 2814 2348 quas
2841 2284 3035 2330 vacuat
3063 2288 3325 2329 numerus
3345 2313 3362 2338 ,

2125 2370 2371 2429 Eterna:
2396 2371 2553 2426 donis
2581 2376 2859 2439 nequeunt
2885 2367 3152 2422 obsistere
3178 2364 3303 2420 vitae
3326 2404 3342 2429 ,

2197 2463 2310 2519 Nec
2339 2464 2534 2519 merita
2565 2463 2819 2517 obscurat
2848 2459 3070 2529 grandia
3099 2457 3256 2524 culpa
3289 2456 3425 2511 levis
3458 2473 3473 2508 :

2128 2554 2217 2611 Sic
2244 2555 2451 2627 aliquid
2485 2554 2804 2624 plerumque
2830 2551 2958 2605 boni
2988 2563 3115 2620 pars
3142 2548 3305 2618 impia
3337 2556 3556 2619 gestat,

2198 2650 2376 2720 Magni
2406 2648 2549 2705 mole
2577 2647 2706 2702 mali
2735 2644 2879 2716 quod
2907 2644 3067 2699 facile
3094 2642 3365 2697 obruitur.

2127 2742 2236 2798 Nec
2265 2742 2491 2812 prodest
2516 2740 2774 2812 quiddam
2804 2738 2939 2794 recti
2967 2737 3216 2807 sapuisse
3246 2735 3497 2806 malignis
3518 2778 3533 2802 ,

2199 2834 2257 2890 Si
2284 2849 2471 2890 verum
2502 2842 2541 2869 ω
2571 2840 2627 2887 et
2652 2845 2924 2886 summum
2957 2843 3063 2883 non
3090 2828 3310 2882 coluere
3341 2827 3532 2880 Deum.

2130 2928 2247 2986 Una
2280 2927 2411 2982 fides
2440 2926 2629 2996 igitur,
2660 2939 2789 2994 spes
2819 2938 2922 2976 una
2951 2930 3038 2977 est
3057 2962 3072 2987 ,
3100 2929 3263 2986 atque
3291 2933 3446 2974 amor
3476 2931 3617 2973 unus
3637 2958 3653 2983 ,

2200 3020 2318 3087 Quo
2346 3018 2439 3072 fiat
2464 3018 2647 3089 justus
2667 3057 2683 3080 ,
2716 3016 2893 3082 sitque
2920 3014 3117 3067 beatus
3145 3011 3328 3065 homo.

2130 3110 2265 3166 Nam
2300 3111 2437 3164 bona
2458 3148 2473 3173 ,
2500 3122 2621 3177 quae
2653 3106 2831 3175 pravis
2864 3111 3071 3157 natura:
3100 3116 3169 3156 ex
3198 3100 3325 3154 dote
3353 3106 3682 3167 supersunt,

2202 3206 2413 3273 Augent
2445 3199 2651 3269 peccati
2680 3197 2954 3267 pondera,
2985 3210 3091 3249 non
3125 3194 3394 3248 minuunt.

2413 3294 2619 3350 XLVII.
2652 3292 2727 3347 De
2759 3290 2909 3346 mala:
2939 3289 3216 3345 voluntatis
3247 3286 3452 3353 effectu.

2200 3388 2333 3441 Cum
2377 3387 2518 3440 mala
2548 3384 2800 3437 voluntas
2847 3388 3168 3449 potestatem
3214 3379 3405 3445 accipit
3451 3374 3717 3431 efficiendi

2130 3459 2271 3529 quod
2300 3459 2475 3526 cupit,
2504 3465 2532 3492 ιι
2553 3470 2626 3529 ex
2653 3450 2858 3529 judicio
2891 3452 2985 3529 Dei
3024 3450 3206 3529 venit,
3241 3449 3384 3529 apud
3418 3464 3587 3529 quem
3610 3462 3719 3529 non

2131 3517 2213 3585 est
2244 3517 2519 3595 iniquitas.
2548 3517 2707 3579 l’un'it
2728 3524 2872 3578 enim
2899 3524 3065 3595 etiam
3089 3522 3191 3595 isto
3218 3517 3723 3595 modo,_°_nec_ideo

2133 3587 2473 3668 injuste'quia
2499 3595 3022 3668 occulte_._Ca:terum
3050 3591 3274 3668 iniquus
3299 3587 3478 3668 puniri
3502 3590 3722 3668 se_igno-

2132 3659 2249 3735 ra't,
2288 3659 2388 3722 nisi
2420 3683 2543 3723 cum
2577 3664 2865 3720 manifesto
2910 3659 3455 3735 supplicioseuserit
3496 3660 3722 3722 nolens.

2133 3731 2397 3810 quantum
2430 3739 2555 3793 mali
2583 3739 2687 3799 sit,
2721 3735 2864 3804 quod
2898 3733 3232 3801 perpetravit
3262 3731 3473 3784 volens.

2130 3835 2264 3889 Cum
2294 3832 2454 3887 datur
2485 3829 2688 3900 injuste
2720 3826 2979 3898 peccandi
3014 3835 3195 3894 optata
3226 3832 3469 3894 potestas
3492 3864 3508 3889 ,

2206 3925 2269 3981 Ut
2297 3924 2436 3978 mala
2466 3937 2621 3977 mens
2649 3935 2810 3991 prave
2840 3916 2981 3987 quod
3012 3918 3163 3986 cupit
3188 3915 3409 3980 efficiat,

2132 4026 2160 4066 Ρ
2187 4017 2267 4071 Ira
2298 4015 2391 4071 Dei
2423 4028 2614 4084 magna
2644 4022 2761 4078 est,
2793 4026 2895 4080 qua
2930 4009 3128 4063 multos
3157 4007 3234 4062 sic
3260 4022 3479 4078 quoque
3505 4007 3688 4079 punit.

2199 4107 2266 4164 Ut
2292 4106 2489 4177 quibus
2517 4104 2789 4159 exsultant
2816 4100 3133 4157 criminibus
3160 4109 3401 4168 pereant.

2126 4200 2334 4257 Crescit
2362 4200 2507 4255 enim
2538 4197 2750 4252 occulte
2779 4209 2899 4251 cum
2933 4194 3095 4263 longo
3126 4205 3287 4263 paena
3314 4200 3505 4258 reatu,

2130 4397 2247 4451 Dei.
2280 4396 2376 4451 Ms.
2407 4397 2624 4467 Regius,
2655 4394 2793 4465 quod
2812 4395 2925 4465 jam
2947 4409 3051 4467 non
3079 4400 3211 4467 esset
3240 4390 3558 4467 promittere.
3592 4387 3720 4443 Ideo

2133 4469 2361 4522 homines
2384 4462 2635 4537 non'ﬁunt
2665 4462 2782 4521 boni
2810 4462 2875 4519 ea:
2900 4466 3006 4518 suis
3036 4462 3409 4537 operibus.‘sed
3428 4472 3726 4537 expocante

2135 4537 2265 4601 Deo,
2316 4549 2372 4592 ut
2403 4530 2719 4591 nec'bonitas
2749 4530 3105 4607 ipsoruntsit,
3138 4532 3233 4607 Dei
3271 4532 3333 4603 (Γ.
3364 4534 3457 4586 sed
3482 4530 3640 4607 pet),-
3679 4539 3724 4585 et

2055 4604 2108 4663 D
2135 4626 2329 4663 merces
2359 4626 2463 4663 non
2493 4604 2779 4679 imputetur
2799 4605 3083 4679 secundum
3112 4604 3366 4679 debitum,
3400 4604 3493 4679 sed
3540 4619 3723 4657 secun-

2137 4679 2260 4751 dum
2312 4674 2576 4751 gratiam.‘
2612 4678 2848 4751 Reliqua
2879 4676 3075 4731 desunt
3111 4677 3171 4751 in
3209 4675 3317 4751 ‘hoc
3363 4674 3571 4751 codice.
3626 4675 3720 4751 Ms.

2134 4745 2479 4804 Colbfunns
2526 4765 2736 4817 quoque
2768 4748 2961 4809 habet,
3012 4762 3075 4799 ne
3104 4746 3304 4817 bonitas
3357 4746 3590 4817 ipsorum
3636 4745 3720 4817 sit.

2136 4820 2234 4874 Ms.
2266 4818 2520 4876 Joliensis
2546 4815 2615 4872 et
2652 4815 2869 4881 Camb.,
2907 4833 2971 4869 ex
3010 4827 3219 4870 vocante
3244 4816 3322 4883 ﬁt.
3358 4816 3457 4871 Ms.
3488 4815 3720 4877 'l‘heod..

2135 4907 2237 4945 non
2263 4907 2327 4945 ea:
2348 4892 2583 4957 aperibus
2600 4887 3220 4959 justiﬁcanturiltomines,
3253 4886 3501 4959 sedem...
3533 4900 3599 4938 ne
3644 4886 3723 4951 ip-

2135 4978 2309 5015 sorum
2332 4963 2397 5014 sit
2419 4956 2737 5031 justiﬁcatio
2754 4969 2801 5013 et
2822 4974 2921 5011 non
2952 4958 3065 5031 Dei.
3092 4958 3195 5010 Alii
3225 4956 3353 5011 editi
3381 4966 3437 5031 u_t
3466 4958 3518 5031 in
3550 4964 3724 5031 textu,

2137 5041 2193 5085 et
2231 5035 2281 5085 in
2315 5025 2456 5086 libro
2485 5025 2729 5084 Sentent.
2761 5044 2943 5094 supra,
2990 5025 3157 5080 immo
3200 5038 3252 5080 et
3282 5025 3419 5095 apud
3468 5026 3723 5096 Augusti-

2141 5119 2289 5155 num.
2327 5103 2420 5155 lib.
2447 5103 2513 5155 de
2535 5100 2719 5168 Spirit.
2752 5112 2804 5155 et
2830 5099 3020 5153 Litter.
3051 5114 3171 5161 cap.
3199 5097 3285 5153 19.

2139 5243 2177 5312 ﬁ
2258 5172 2364 5295 (Sic
2404 5186 2535 5226 mss.
2570 5166 2755 5225 omnes
2776 5211 2790 5234 ,
2822 5180 2876 5224 et
2904 5167 3254 5234 Ven.,editio.
3288 5167 3532 5237 Reliqui,
3563 5166 3623 5222 id
3651 5167 3727 5235 ef.

2180 5260 2254 5296 cie
2282 5283 2295 5297 .

2180 5252 2295 5297 εᾱρῑ.

2209 5324 2247 5350 ω
2281 5314 2379 5367 Ms.
2400 5311 2506 5367 Jol.
2534 5320 2588 5365 et
2612 5308 2741 5365 edit.
2769 5308 2932 5374 Ven.,
2956 5319 3002 5363 et
3027 5319 3279 5363 sanctum.
3310 5308 3439 5365 Mss.
3459 5308 3720 5378 quinque,

2138 5395 2335 5438 εαηειε.

2210 5463 2240 5491 ιι
2272 5454 2370 5509 Ms.
2402 5453 2557 5522 Reg,
2590 5466 2654 5506 ea:
2669 5452 2819 5519 justo
2849 5449 3043 5516 iudicio
3074 5448 3167 5503 De:
3197 5449 3350 5522 venit.

2206 5534 2231 5562 ο
2258 5525 2384 5580 Mss.
2417 5516 2580 5587 duo,
2606 5516 2697 5577 nec
2726 5522 2843 5576 ideo
2871 5522 2997 5592 facit
3022 5522 3235 5592 injuste.
3265 5518 3401 5573 Ven.
3432 5516 3601 5585 edit.,
3632 5530 3723 5571 nec

2130 5595 2248 5651 ideo
2276 5598 2465 5668 injuste
2494 5602 2586 5648 est.

2206 5677 2234 5717 Ρ
2263 5660 2390 5722 Mss.
2423 5674 2563 5729 tres,
2596 5660 2686 5716 Ira
2714 5669 2785 5716 est
2815 5677 3003 5735 magna
3041 5661 3162 5726 Dei,
3194 5676 3328 5733 qua,
3362 5668 3467 5715 etc.
