3978 6178
240 252 334 309 515

303 364 516 423 Ausibus
542 363 740 419 illicitis
764 363 811 418 si
842 362 977 420 nihil
1009 363 1301 420 obstiterit.

242 461 299 515 Et
350 458 506 529 magis
542 457 737 512 erranti
771 474 836 512 ne
891 466 1113 525 parcant
1139 457 1306 528 ﬂagra
1345 458 1641 516 timendum
1671 471 1781 529 est,

299 551 453 615 Quam
482 566 548 604 ne
575 566 674 603 non
706 547 797 601 ﬂat
832 549 972 614 quod
1004 549 1238 606 voluisse
1270 562 1447 607 nocet.

692 640 920 695 XLVIII.
958 641 1032 695 De
1054 643 1312 711 superbia.

293 731 469 788 Omnia
514 731 636 783 vilia
683 733 732 784 in
781 733 920 786 male
962 732 1118 786 faelis
1162 734 1532 789 tantummodo
1564 735 1779 801 valent,

232 806 335 857 sola
364 801 603 870 superbia
643 801 804 855 etiam
842 802 892 855 in
924 810 948 838 λ
980 813 1128 857 recte
1159 804 1313 858 laetis
1343 805 1577 859 cavenda
1610 817 1691 859 est

230 893 379 967 64.3
407 891 571 947 Omne
598 907 766 962 genus
796 892 905 946 vitii
942 894 1159 963 proprio
1191 902 1398 949 tantum
1430 895 1567 951 valet
1594 904 1747 964 actu,

295 992 351 1042 Et
378 998 587 1057 peccata
613 1002 765 1041 suam
797 1002 1024 1057 quasque
1051 998 1247 1058 gerunt
1272 991 1526 1058 speciem.

228 1078 339 1134 Sola
365 1088 443 1133 est
471 1078 767 1133 innumeris
794 1087 999 1133 armata
1033 1079 1283 1147 superbia
1313 1082 1462 1147 telis,

289 1170 378 1227 Cui
408 1178 626 1241 possunt
652 1170 827 1235 vires,
860 1178 915 1224 et
945 1172 1082 1225 bene
1108 1180 1259 1239 gesta
1287 1171 1437 1227 dare.

462 1306 468 1311 .
517 1259 705 1314 XLIX.
732 1258 761 1298 δ
791 1259 869 1314 De
896 1260 1085 1332 impari
1110 1278 1205 1315 usu
1237 1264 1477 1331 fortunw.

290 1352 513 1407 Interest
564 1352 848 1420 plurimum
903 1353 1078 1422 qualis
1129 1353 1202 1406 sit
1251 1368 1420 1419 usus,
1468 1355 1552 1408 vel
1598 1369 1784 1410 earum

230 1440 390 1477 rerum
434 1438 547 1489 qure
593 1438 864 1493 prosperat
914 1434 935 1460 ι
982 1423 1257 1493 dicuntur,
1309 1425 1390 1478 vel
1436 1440 1620 1479 earum
1666 1442 1785 1493 quae

230 1493 458 1546 dicuntur
488 1494 752 1547 adversm.
803 1492 933 1545 Nam
979 1493 1152 1547 bonus
1183 1491 1209 1529 ά
1258 1497 1645 1563 temporalibus
1685 1491 1787 1551 nec

231 1565 367 1617 bouis
394 1564 688 1625 extollitur,
724 1577 821 1619 nec
852 1563 1007 1617 malis
1047 1563 1349 1632 frangitur;
1396 1568 1567 1618 malus
1606 1577 1784 1620 autem

231 1635 336 1687 ideo
364 1633 659 1701 hujusniodi
710 1632 1025 1689 infelicitate
1071 1636 1313 1703 punitur,
1356 1636 1479 1703 quia
1530 1637 1786 1691 felicitate

231 1716 589 1771 corrumpitur.

232 1797 276 1850 lu
307 1799 458 1850 rebus
489 1796 675 1850 mundi
706 1813 810 1852 non
839 1797 981 1853 idem
1012 1806 1096 1854 est
1123 1799 1375 1855 omnibus
1403 1816 1533 1855 usus
1556 1842 1571 1869 ,

291 1886 388 1941 Nec
416 1888 589 1942 cuncti
623 1888 840 1954 paribus
865 1899 1060 1944 cuncta
1095 1901 1119 1929 ο
1150 1891 1325 1945 ferunt
1354 1893 1571 1947 animis.

235 1980 501 2051 INamque
548 1981 722 2036 bonos
769 1996 875 2037 non
920 1982 1118 2039 blanda
1167 1984 1389 2053 inﬂant,
1441 2002 1549 2040 non
1595 2001 1786 2056 aspera

420 2072 696 2141 frangunt.

290 2164 384 2219 Sed
415 2165 531 2218 tidei
562 2165 780 2219 invicta:
805 2164 999 2235 gaudia
1032 2181 1157 2221 vera
1183 2167 1397 2236 juvant.

235 2256 395 2311 Terrae
420 2267 629 2320 autem,
659 2265 713 2309 et
742 2256 845 2310 teni
876 2256 1113 2312 breviter
1140 2258 1385 2314 ﬂorentis
1414 2271 1622 2314 amator

290 2348 383 2401 Seu
410 2355 556 2401 caret
580 2350 812 2413 optatis,
858 2363 955 2401 seu
985 2346 1201 2415 fruitur,
1237 2352 1399 2404 miser
1427 2362 1528 2405 est.

608 2436 678 2493 L.
707 2446 733 2485 Β
767 2438 840 2492 De
870 2450 1029 2493 morte
1055 2451 1366 2496 sanctorum.

293 2528 410 2607 Mala
440 2546 584 2607 mors
616 2532 852 2607 putanda
880 2549 985 2587 non
1013 2547 1133 2607 est,
1165 2551 1323 2605 quam
1355 2538 1488 2591 bona
1517 2540 1623 2592 vita
1656 2556 1791 2607 prm-

235 2603 449 2653 cesserit.
478 2602 590 2654 Non
633 2614 784 2679 enim
813 2606 935 2679 facit
966 2606 1159 2679 malam
1182 2602 1418 2661 inertem
1442 2652 1456 2675 ,
1502 2610 1600 2663 nisi
1644 2602 1787 2679 quod

236 2684 446 2737 sequitur
482 2683 737 2727 mortem.
773 2670 800 2710 ¹ι
838 2674 952 2728 Νοη
996 2677 1177 2744 itaque
1220 2670 1454 2731 multum
1490 2670 1787 2737 curandum

235 2753 312 2822 est_
326 2757 615 2822 necessario
646 2746 923 2822 morituris
944 2790 958 2813 ,
988 2747 1113 2814 quid
1144 2747 1352 2802 accidat
1383 2762 1438 2803 ut
1468 2752 1786 2822 moriantur,

235 2811 313 2863 sed
341 2814 608 2867 moriendo
641 2828 751 2883 quo
782 2818 858 2870 ire
886 2811 1168 2884 cogantur:

233 2903 407 2959 Cuncta
436 2906 589 2962 bonis
620 2916 890 2975 prosunt,
920 2926 1054 2977 quos
1082 2920 1134 2965 et
1167 2924 1313 2967 mors
1340 2912 1455 2982 ipsa
1487 2914 1674 2972 beatos

292 2998 484 3062 Efﬁcit,
517 3013 571 3053 ιιι
601 3011 821 3055 sumant
851 3004 1073 3070 praemia
1104 3004 1446 3074 principium.

232 3086 309 3143 Ille
337 3091 488 3159 igitur
518 3094 643 3149 ﬁnis
677 3096 849 3149 malus
878 3106 992 3159 est,
1022 3113 1182 3166 quem
1216 3114 1370 3167 pmna
1402 3115 1680 3172 sequetur,

294 3183 350 3235 Et
376 3188 457 3253 qui
489 3186 738 3255 perpetui
770 3199 914 3254 porta
948 3188 1150 3243 doloris
1179 3192 1302 3245 erit.

233 3272 329 3328 Non
354 3293 450 3341 quo
482 3280 498 3315 ι
530 3279 888 3333 absuntentur
914 3280 1195 3352 lacrymm,
1225 3285 1508 3355 cunctique
1537 3286 1785 3343 labores:

291 3366 348 3421 Ut
373 3370 565 3423 veteris
600 3380 828 3438 pereant
857 3373 1035 3424 omnia
1066 3373 1215 3440 signa
1248 3375 1396 3429 mali.

370 3457 447 3512 LI.
485 3460 561 3514 De
588 3462 817 3531 puritate
842 3477 997 3529 quam
1026 3461 1040 3511 ἱ
1081 3480 1184 3517 ηοη
1212 3465 1381 3534 perdit
1414 3467 1621 3522 invitus.

287 3546 353 3601 Ila
381 3565 478 3602 non
509 3552 782 3622 amittitur
806 3555 1050 3621 corporis
1078 3557 1365 3622 sanctitas,
1398 3571 1649 3615 manente
1671 3563 1787 3615 ani-

231 3616 289 3695 mi
312 3627 612 3696 sanctitate,
641 3621 670 3659 κ
694 3622 853 3696 etiam
882 3616 1109 3696 corpore
1134 3616 1393 3696 oppresso
1423 3648 1434 3681 :
1465 3632 1604 3684 sicut
1630 3634 1786 3687 amit-

230 3686 338 3741 titur
356 3686 608 3770 sanctitas
628 3694 896 3763 corporis,
926 3686 1121 3750 violata
1147 3686 1309 3753 animi
1339 3702 1589 3770 puritate,
1616 3686 1781 3759 etiam

228 3771 427 3827 corpore
455 3765 681 3819 intacto.

226 3851 351 3908 Mens
380 3857 540 3912 illam
572 3855 591 3897 ι
631 3858 765 3913 nihil
797 3859 995 3915 violato
1022 3875 1252 3931 corpore
1280 3864 1459 3933 perdit
1486 3884 1501 3921 :

286 3946 488 4002 invitam
517 3951 701 4005 carnis
732 3951 953 4005 vulnera
988 3968 1097 4007 non
1131 3956 1423 4011 maculant.

223 4034 317 4092 Nec
343 4041 538 4097 crimen
568 4044 694 4099 iacti
728 4045 917 4114 recipit
947 4061 1054 4100 non
1082 4046 1249 4101 mixta
1274 4052 1517 4107 voluntas
1552 4069 1566 4105 :

283 4228 306 4255 ι
337 4220 450 4297 Mss.
494 4223 645 4297 duo,
676 4224 730 4297 in
774 4226 922 4279 rectis
961 4226 1128 4294 factis.
1177 4228 1269 4282 M's.
1313 4230 1465 4283 Colb.
1518 4250 1684 4297 unus,
1729 4238 1780 4291 in

225 4294 395 4366 timetis
423 4294 604 4366 factis;
627 4296 884 4366 idemque
918 4298 968 4349 in
1001 4302 1272 4366 margine,
1308 4304 1360 4354 in
1392 4306 1541 4357 rectis
1574 4294 1741 4366 fartis.

285 4358 429 4447 “Ms,
454 4358 591 4428 10L,
613 4363 693 4418 De
716 4358 813 4418 usti
836 4370 1061 4437 prosperi
1093 4358 1147 4421 εἷ
1176 4358 1394 4426 aduersi.
1424 4374 1521 4427 Ms.
1548 4358 1779 4447 ἸἿιροάς

224 4434 583 4487 contrariorum.

289 4512 307 4535 ε
339 4503 628 4583 Mss._Colh.
652 4504 759 4558 duo
779 4516 831 4559 et
857 4507 1063 4583 Tbeod.
1090 4511 1343 4566 omittunt
1363 4512 1450 4568 bi‘c
1468 4554 1483 4580 ,
1507 4516 1785 4583 dicuntur;

225 4583 340 4623 unus
368 4575 510 4629 addit
533 4593 705 4629 rerum
734 4578 991 4630 secundo.

285 4640 306 4676 ⁸³
335 4644 425 4732 Ms.
454 4644 642 4732 Camb.
680 4648 859 4708 addit,
892 4650 1177 4732 horno-set
1206 4651 1372 4719 infra,
1407 4656 1574 4732 malus
1604 4665 1773 4732 autem
1801 4674 1852 4732 ι)

215 4710 316 4794 iam
342 4715 636 4794 hujusmodi
651 4757 666 4771 .
685 4758 701 4772 .
719 4757 733 4771 .
753 4756 765 4769 .
787 4734 946 4794 quam
966 4710 1207 4794 felicitate
1230 4710 1593 4794 corrumpitur.
1630 4710 1772 4785 Edil.

229 4779 475 4859 \'en.__sola
494 4830 511 4859 ,ν
544 4788 699 4859 hujus
728 4779 902 4859 mundi
928 4779 1249 4859 infelicitate.

286 4861 305 4926 ξ
337 4852 454 4926 Mss.
486 4852 803 4924 don'Colb.,
836 4852 1015 4926 gerunt
1040 4863 1250 4916 animis.

287 4918 303 5007 ξ
332 4923 426 5007 Ms.
455 4918 805 5007 Culb._untts,
836 4918 979 5007 lyant
1007 4947 1107 4983 non
1138 4930 1326 5007 blanda
1352 4932 1510 5007 bonos
1536 4936 1738 5007 inﬂant.

282 5000 303 5037 8
334 4992 394 5074 In.
416 5013 515 5077 ms:
545 4992 798 5063 Jolieusi,
832 4999 979 5064 Quod
1010 5018 1110 5053 non
1137 5005 1296 5072 possit
1326 5006 1459 5058 male
1489 4992 1646 5073 mori,
1691 5011 1779 5079 qui

221 5059 327 5112 bme
350 5065 545 5121 vixerit.

281 5129 302 5167 δ
326 5132 443 5215 Mss.
469 5147 716 5205 quatuor,
739 5137 857 5191 Non
876 5139 1050 5209 igitur,
1069 5149 1200 5206 etc.;
1220 5141 1415 5197 deinde
1435 5160 1535 5200 ms.
1558 5146 1776 5215 Camb.,

221 5198 498 5259 hominibus
518 5224 798 5262 necessario
826 5198 1108 5265 mit-muris.

288 5272 302 5307 ⁸
345 5276 484 5330 Alias
521 5278 650 5332 editi
689 5294 810 5334 cum
854 5295 983 5334 mss.
1028 5283 1240 5348 paucis,
1284 5295 1634 5346 assumuntur.
1685 5304 1779 5346 aut

222 5354 538 5420 assumentur.
572 5349 922 5420 Meliusimss.
952 5351 1105 5406 Colb.
1136 5364 1275 5419 tres,
1306 5356 1659 5420 absumeretur,
1692 5372 1785 5416 aut

221 5406 706 5495 Jtil:.,_absumuntur.
741 5419 840 5474 Ms.
864 5420 1049 5475 Camb.
1083 5406 1637 5495 tirnimqueeihiuél.

287 5478 302 5561 ξ
336 5484 458 5540 Msa.
487 5495 1061 5571 tres,.guam.animus.
1101 5494 1201 5549 Ms.
1232 5478 1784 5571 Golb.'unu‘s‘,lquam

223 5560 376 5621 animo
404 5573 502 5610 non
534 5560 692 5621 perdit
720 5564 890 5614 invita.

284 5617 308 5657 ι
338 5624 468 5703 Edit.
506 5617 658 5703 Ven”
682 5631 735 5703 in
760 5648 976 5703 corpore
998 5650 1239 5703 oppresso
1262 5652 1281 5702 ,'
1306 5645 1360 5692 et
1382 5637 1518 5693 inl'ra
1540 5682 1553 5699 ,
1583 5642 1637 5694 in
1669 5659 1786 5696 cor-

226 5704 332 5754 pore
354 5696 557 5752 intacto.
583 5700 675 5756 Ms.
699 5702 803 5757 Jol.
830 5696 959 5758 vero
982 5696 1142 5761 habet
1158 5750 1173 5776 ,
1203 5696 1389 5763 animo:
1418 5696 1780 5768 sanctitate....

1318 251 1872 310 EPIGIIAMMATUM
1917 253 2118 309 LIBER
2162 256 2366 313 UNUS.

1817 374 1862 429 Α
1970 367 2115 423 Velle
2141 372 2311 440 magis
2340 369 2582 439 facinus,
2620 387 2779 441 quam
2814 373 3042 427 tolerare
3076 380 3252 429 nocet.

3367 263 3472 320 5M

1896 457 1988 513 Sic
2012 469 2190 514 autem
2223 461 2290 516 ad
2318 463 2498 517 cordis
2530 463 2828 532 penetralia
2856 472 3049 519 cuncta
3082 475 3401 533 recurrunt,

1962 550 2029 606 Ut
2065 553 2384 623 plerumque
2416 556 2629 611 animus
2658 558 2727 611 sit
2749 558 2868 612 sine
2895 572 3059 614 carne
3086 576 3229 613 rcus.

1891 650 1929 675 ω
1960 641 2116 708 Dum,
2142 645 2286 713 quod
2315 647 2382 701 ab
2410 647 2614 702 intacto
2645 659 2915 704 semetum
2945 658 3030 704 est
3055 665 3304 722 corpore,
3328 656 3477 712 solus

1959 732 2237 805 Concipit,
2270 748 2323 793 et
2352 742 2508 794 tectis
2539 742 2773 796 motibus
2801 741 2951 796 intus
2982 745 3112 813 agit.

2222 846 2334 901 LII.
2369 848 2445 903 De
2463 857 2491 887 η
2511 852 2818 918 fortitudine
2846 852 3151 908 tolerantior.

1959 932 2130 1003 Major
2180 938 2647 1013 animusmerito
2688 942 2953 997 dicendus
3003 954 3118 1008 est,
3171 947 3262 1013 qui
3311 948 3473 1003 vitam

1888 1018 2249 1089 rerumnosam
2280 1010 2502 1089 magis.ﬂ
2527 1011 2677 1080 eligit
2706 1013 2849 1089 ferre
2876 1028 3036 1082 quam
3065 1010 3283 1089 fugere;
3311 1018 3421 1089 64

1886 1084 1941 1158 et
1973 1074 2263 1130 humanum
2298 1074 2563 1158 judicium
2584 1074 2625 1143 ,⁷
2646 1074 2986 1158 maximeque
3031 1074 3282 1155 vulgare,
3314 1074 3437 1158 ᾞῖἶὸ

1887 1143 2207 1227 plenumque
2234 1143 2465 1227 caligine
2490 1152 2694 1205 erroris
2727 1143 3035 1223 involvitur,
3064 1143 3175 1227 prae
3197 1143 3480 1214 conscien-

1887 1215 1975 1269 tiae
2007 1214 2137 1270 luce
2156 1232 2220 1273 ac
2249 1227 2278 1267 Ρ
2306 1214 2541 1288 puritate
2559 1262 2574 1286 ,
2602 1232 2973 1279 contemnere.

1887 1304 1987 1373 Qui
2009 1308 2151 1362 valet
2176 1308 2418 1364 adversis
2445 1324 2722 1366 oneratam
2752 1313 2949 1370 ducere
2977 1316 3168 1384 vitam,

1968 1398 2036 1453 Et
2061 1400 2294 1457 tolerare
2325 1404 2496 1473 magis
2526 1405 2640 1459 vult
2666 1408 2827 1473 mala,
2858 1424 3016 1477 quam
3047 1410 3253 1481 fugere,

1888 1489 2104 1558 Majoris
2136 1492 2305 1546 multo
2331 1504 2414 1548 est
2444 1495 2633 1560 animi,
2657 1512 2817 1566 quam
2846 1497 2991 1554 ferre
3023 1517 3319 1571 pavescens

1960 1595 1988 1634 ει
2021 1585 2225 1640 Inducti
2252 1586 2511 1655 injustum
2538 1591 2795 1659 judicium
2828 1596 3033 1663 populi.

1895 1676 2045 1732 Meus
2073 1680 2271 1733 etenim
2297 1691 2464 1748 recta,
2498 1694 2551 1737 et
2577 1686 2693 1753 puri
2725 1685 2825 1739 sibi
2857 1691 3071 1742 conscia
3097 1692 3299 1761 cordis,

1962 1771 2075 1826 Hoc
2100 1773 2218 1841 plus
2244 1774 2595 1845 splendescit,
2621 1793 2727 1847 quo
2757 1782 2927 1848 magis
2955 1784 3228 1839 atteritur.

2229 1862 2361 1917 LIII.
2389 1864 2468 1920 De
2492 1866 2781 1921 humilitate
2810 1878 2831 1906 τ
2861 1872 3143 1939 justorum.

1962 1950 2133 2006 Justis
2160 1954 2421 2023 quidquid
2461 1958 2723 2012 malorum
2755 1960 2822 2013 ab
2849 1961 3044 2029 iniquis
3074 1964 3306 2020 dominis
3346 1969 3481 2022 irro-

1888 2032 2067 2095 g‘atur.
2108 2039 2214 2077 non
2262 2040 2414 2091 plena
2458 2036 2541 2082 est
2569 2031 2831 2091 criminis,
2865 2034 2959 2086 sed
2990 2034 3197 2087 virtutis
3227 2054 3475 2095 examen.

1889 2091 2021 2172 Nam
2048 2094 2241 2172 bonus,
2268 2102 2291 2131 ³
2318 2097 2478 2150 etiam
2504 2100 2779 2165 siserviat,
2802 2102 2937 2155 liber
2957 2116 3059 2157 est.
3090 2105 3255 2161 Malus
3277 2091 3477 2172 autem,

1890 2164 2051 2244 etiam
2078 2165 2120 2218 si
2148 2177 2355 2244 regnet,
2381 2182 2570 2244 servus
2601 2179 2713 2244 est;
2759 2164 2859 2227 nec
2887 2174 3045 2230 unius
3082 2179 3100 2212 ⁸
3135 2178 3359 2244 domini,
3383 2164 3479 2236 sed

1890 2236 2030 2302 quod
2056 2246 2138 2289 εει
2166 2240 2406 2307 gravius,
2435 2247 2515 2293 tot
2538 2239 2879 2297 dominorum
2910 2256 3041 2313 quot
3067 2248 3340 2304 vitiorum.

1890 2324 2177 2396 Oppressis
2202 2331 2414 2400 quoties
2438 2332 2600 2403 justis
2620 2335 2970 2393 dominantur
3001 2340 3191 2413 iniqui,

1962 2419 2077 2475 Non
2106 2430 2189 2477 est
2216 2425 2384 2493 puniti
2412 2428 2734 2495 supplicium
2768 2433 2982 2498 meriti;

1893 2512 2000 2568 Sed
2031 2516 2200 2572 virtus
2228 2517 2350 2573 ﬁdei
2380 2521 2483 2575 sub
2507 2523 2594 2576 tali
2626 2526 2875 2580 examine
2901 2531 3118 2598 crescit,

1965 2603 2075 2660 Nec
2098 2609 2295 2663 servile
2325 2622 2505 2679 gravat
2538 2612 2704 2667 libera
2736 2617 2896 2671 corda
2920 2618 3131 2688 jugum.

1896 2696 2055 2754 Solus
2086 2711 2338 2767 peccator
2362 2704 2530 2757 servit
2560 2706 2731 2772 male;
2763 2709 2852 2777 qui
2889 2708 3017 2765 lieet
3044 2715 3224 2782 amplo

1966 2788 2159 2844 Utatur
2186 2806 2374 2862 regno,
2405 2805 2489 2848 sat
2516 2802 2680 2851 miser
2706 2807 2790 2852 est
2817 2799 3082 2867 famulus;

1892 2876 2025 2933 Cum
2058 2894 2210 2935 mens
2238 2890 2269 2918 ιι
2300 2885 2555 2955 carnalis,
2589 2888 2814 2943 nimium
2838 2890 3145 2949 dominante
3175 2904 3421 2970 tyranno,

1965 2965 2069 3023 Tot
2095 2972 2262 3026 servit
2286 2976 2512 3042 sceptris
2539 2977 2719 3032 dedita
2749 2990 2879 3049 quot
2905 2983 3071 3040 vitiis.

2275 3086 2408 3141 LIV.
2440 3088 2519 3143 De
2547 3090 2807 3147 oblatione
2844 3108 3097 3151 votorum.

1969 3174 2146 3257 Nemo_
2179 3178 2474 3259 quidquam
2495 3189 2525 3221 τ
2556 3183 2783 3239 Domino
2810 3196 2958 3244 recte
3000 3200 3240 3259 voveret,
3272 3196 3369 3251 nisi
3414 3199 3482 3254 ab

1896 3242 2013 3313 ipso
2036 3242 2303 3316 acciperet
2328 3242 2475 3320 quod
2507 3264 2747 3309 voveret.

1894 3335 2105 3404 Optima
2136 3347 2263 3393 vota
2290 3340 2425 3407 Deo,
2450 3358 2676 3413 quorum
2709 3355 2791 3403 est
2814 3348 2971 3405 dator
2995 3351 3128 3420 ipse,
3150 3370 3432 3416 voventur.

1872 3492 1883 3497 Α
1965 3429 2080 3484 Hoc
2105 3446 2319 3488 sursum
2352 3434 2566 3506 dignum
2592 3448 2676 3494 est
2706 3440 2806 3508 ire,
2834 3445 2977 3512 quod
3007 3445 3133 3502 inde
3158 3450 3324 3505 venit.

2307 3547 2417 3603 LV.
2454 3549 2529 3604 De
2552 3559 2579 3587 ι
2609 3555 2826 3608 essentia
2848 3555 3087 3612 Deitatis.

1962 3660 2148 3718 Omnis
2178 3666 2473 3721 substantia
2504 3685 2624 3735 quae
2657 3672 2795 3747 Deus
2827 3689 2930 3726 non
2960 3685 3063 3747 est,
3090 3688 3332 3736 creatura
3363 3691 3476 3747 est;

1886 3736 1917 3817 ξ
1944 3742 2136 3817 etquae
2157 3747 2402 3817 creatura
2417 3755 2536 3817 .non
2566 3749 2668 3817 e_st_,
2701 3742 2840 3817 tiens
2871 3754 2972 3797 est.
3002 3736 3154 3799 Nulla
3186 3749 3346 3817 igitur
3368 3736 3474 3805 dif;

1888 3801 2116 3884 ferentia
2148 3807 2315 3889 estnin
2345 3807 2543 3863 deitate
2571 3801 2878 3865 Trinitatis:
2908 3818 3158 3881 quoniam
3192 3801 3336 3889 quod
3363 3801 3473 3878 Ileo

1889 3874 2065 3927 minus
2099 3884 2202 3939 est,
2239 3876 2377 3931 Deus
2405 3893 2511 3931 non
2542 3889 2642 3932 est.

1887 3963 2090 4019 Natura
2122 3968 2467 4036 omnipotens
2489 3985 2591 4023 una
2618 3980 2722 4031 est,
2746 3987 2864 4041 quae
2891 3983 3077 4028 cuncta
3105 3978 3327 4046 creavit,

1963 4064 2027 4118 Et
2058 4065 2278 4135 proprie
2308 4066 2450 4137 quod
2479 4077 2625 4140 sunt,
2654 4070 2903 4125 omnibus
2934 4088 3052 4127 esse
3082 4074 3252 4129 dedit.

1889 4246 2075 4293 animo?
2090 4245 2332 4312 puritate.

1970 4312 1979 4348 ¹
2018 4316 2137 4365 .tlss.
2173 4325 2420 4382 quatuor,
2449 4316 2634 4372 violato
2661 4320 2713 4372 in
2745 4336 2976 4382 corpore.

1963 4392 1999 4459 Ψ
2042 4385 2169 4439 Mss.
2216 4397 2419 4460 septem
2466 4385 2595 4441 Cum
2628 4394 2785 4460 quod.
2826 4385 2884 4445 In
2926 4392 3116 4448 eodem
3150 4410 3305 4450 versu
3338 4415 3472 4456 mss.

1890 4458 2147 4522 quinque,
2178 4458 2464 4509 subntotum
2495 4469 2586 4511 est.

1964 4532 1991 4559 ιι
2023 4525 2119 4578 Ms.
2151 4525 2365 4591 Cantb.,
2399 4525 2477 4581 De
2504 4529 2797 4583 altitudine.

1968 4601 1991 4628 °
2026 4593 2101 4675 Ita
2134 4605 2558 4675 msszltrescum
2589 4600 2735 4675 gli_t._
2757 4600 2888 4675 V_en.
2926 4612 2979 4657 et
3018 4614 3161 4658 sent.
3190 4619 3350 4675 supra
3381 4608 3471 4665 52.

1882 4663 2184 4745 Mssilth
2213 4666 2563 4745 diligit_[erre.
2595 4669 2743 4745 Edili
2764 4672 2885 4745 alii,
2913 4683 3077 4743 potest
3104 4664 3261 4745 ferre.

1959 4744 1986 4783 tt
2150 4736 2280 4806 Reg.
2310 4735 2367 4791 et
2391 4735 2549 4809 Ve_n.,
2573 4741 2815 4795 acanimi
2846 4735 3088 4809 puritate.

1961 4814 1987 4852 ιι
2016 4804 2140 4893 Mss.
2166 4804 2423 4893 quinque,
2450 4806 2716 4880 Injustum
2742 4804 2958 4893 indocti.

1963 4883 1984 4910 τ
2021 4878 2118 4951 Ms.
2164 4877 2321 4931 Colb.
2361 4877 2870 4951 p_nus_,‘sanctorum.
2901 4884 2999 4941 Ms.
3024 4885 3236 4951 Camb.,
3268 4886 3346 4940 De
3374 4892 3475 4942 uti-

1886 4942 2029 5023 litate
2046 4948 2328 5023 justorum.
2361 4947 2457 5002 Ms.
2486 4948 2717 5023 Theodg
2751 4951 2827 5023 {te
2850 4957 3167 5023 malignitate
3189 4942 3471 5015 servorum.

1886 5013 1987 5089 Ms.
2004 5013 2151 5089 vero
2174 5017 2281 5089 Jol.
2304 5026 2429 5074 ante
2458 5029 2597 5075 sent.
2631 5021 2718 5089 55,
2751 5020 2831 5077 De
2859 5013 3015 5079 libera
3041 5029 3277 5082 servitute
3303 5042 3349 5081 et
3374 5013 3472 5083 do;

1888 5085 2047 5138 minio
2078 5088 2271 5140 servili.

1960 5163 1981 5191 ³
2014 5157 2109 5209 Ms.
2138 5156 2295 5225 Reg.,
2323 5158 2484 5214 bonus
2517 5165 2687 5216 homo.

1961 5225 1978 5261 ί
2014 5226 2143 5303 Mss.
2164 5238 2305 5303 tres,
2330 5230 2569 5286 hominis.
2602 5235 2699 5289 Ms.
2728 5234 2886 5303 Reg.,
2915 5251 3005 5288 nec
3027 5250 3101 5290 est
3126 5254 3300 5292 servus
3324 5242 3475 5293 unius

1885 5294 2115 5363 domini;
2146 5298 2360 5365 deinde,
2386 5314 2457 5356 est
2487 5320 2657 5358 servus
2681 5316 2751 5359 tot
2782 5294 3129 5363 dominorum.

1958 5374 1983 5402 υ
2020 5367 2120 5421 Με.
2156 5368 2393 5437 Theod.,
2425 5377 2644 5427 carnali.

1958 5445 1987 5475 ν
2021 5438 2162 5520 Edit.
2196 5440 2354 5508 Ven.,
2392 5441 2518 5497 Deo.
2549 5445 2676 5498 Mss.
2710 5455 2817 5499 tres
2844 5455 2898 5499 et
2927 5444 3297 5518 editi,pr:eter
3316 5449 3475 5518 Ven.,

1889 5520 2164 5575 acceperit.

1965 5585 1990 5614 ⁸
2021 5579 2116 5632 Με,
2150 5580 2382 5647 Theod.,
2413 5583 2721 5637 substantia.

1962 5658 1991 5697 7
2020 5651 2118 5705 Ms.
2147 5652 2364 5723 Regius,
2392 5662 2439 5707 et
2469 5670 2581 5723 qtae
2606 5666 2676 5709 est
2706 5665 2963 5724 creatura,
2996 5675 3099 5713 non
3128 5671 3201 5714 est
3230 5661 3387 5727 Deus.
