3978 6178
437 273 542 330 515

1666 262 1720 318 S.
1765 252 2104 315 PROSPERI
2141 249 2470 321 AQUI'I‘ANI

3604 240 3706 297 516

436 402 465 429 ι·
488 388 750 459 Quodque
791 385 906 441 Deo
945 384 1121 440 minus
1163 391 1268 447 est,
1315 399 1419 436 non
1461 387 1545 434 est
1586 379 1749 433 Deus.
1796 379 1832 429 Δ
1870 373 2024 426 Patre
2057 371 2099 428 Α
2128 366 2260 422 Nam
2283 364 2461 421 cuncti
2490 363 2593 419 hoc
2614 361 2831 432 gemino
2860 367 3154 416 nascuntur
3179 357 3368 412 fomite
3393 363 3594 420 motus,

655 488 836 534 natum

511 570 765 636 Verbum,
794 578 848 624 et
867 567 957 638 qui
981 567 1261 622 amborum
1287 563 1518 635 Spiritus
1545 573 1647 626 est,
1681 563 1819 615 Deus
1843 569 1942 613 est.

441 663 554 717 Ilua
584 660 882 729 eademque
913 658 1073 713 trium
1104 657 1354 727 quoniam
1385 665 1472 711 est
1500 652 1758 716 essentia,
1782 666 1901 720 quae
1927 665 1985 702 se

505 753 805 822 Numquam
835 751 919 806 vel
949 750 1142 820 major,
1171 749 1254 805 vel
1285 750 1462 804 minor
1487 761 1608 802 esse
1634 752 1828 813 potest.

772 842 904 898 LVI.
939 840 1132 910 Quales
1159 857 1252 894 nos
1272 838 1300 878 δ
1323 839 1508 909 diligat
1539 835 1701 890 Deus.

503 938 662 993 Tales
690 952 790 992 nos
812 945 956 990 amat
987 937 1148 1002 Deus,
1172 934 1358 1005 quales
1389 943 1411 972 ο
1447 932 1608 986 futuri
1641 944 1826 984 sumus
1857 929 2024 997 ipsius

444 1010 626 1072 dono;
660 1024 763 1063 non
786 1009 973 1077 quales
999 1023 1185 1063 sumus
1211 1015 1397 1060 nostro
1421 1005 1637 1058 merito.

438 1102 596 1158 Tales
625 1117 654 1156 a
676 1100 928 1167 Domino,
959 1099 1145 1169 quales
1168 1097 1485 1163 formamur,
1516 1107 1790 1158 amamur;

507 1193 623 1248 Non
653 1194 837 1262 quales
862 1191 1061 1246 nostris
1089 1189 1396 1246 exstitimus
1425 1187 1656 1242 meritis.

439 1284 773 1353 Sanctificet,
798 1284 1010 1350 doceat,
1045 1283 1270 1352 plantet,
1302 1283 1462 1350 riget,
1490 1277 1727 1341 excolat,
1755 1283 1940 1330 ornet:

505 1377 668 1449 647
698 1377 764 1430 Et
788 1376 889 1431 sibi
922 1386 1184 1445 perpetuo
1213 1372 1354 1442 quod
1381 1373 1612 1437 placeat,
1644 1369 1824 1424 faciat.

439 1469 570 1524 Nam
614 1467 746 1523 nihil
773 1476 858 1522 est
888 1466 1140 1533 hominis,
1168 1463 1309 1534 quod
1342 1462 1501 1532 digne
1527 1461 1694 1530 possit
1724 1460 1925 1524 amari,

515 1562 767 1618 Perficiat
801 1559 1073 1631 proprium
1102 1557 1156 1612 ni
1185 1558 1358 1612 bonus
1387 1565 1577 1609 auctor
1603 1569 1760 1622 opus.

759 1650 916 1706 LVII.
951 1649 1029 1703 De
1051 1647 1382 1718 intemperati
1411 1661 1562 1716 apere
1591 1644 1708 1697 Dei.

2197 457 2655 529 Respondentque
2677 455 2789 509 suis
2809 453 3054 524 germina
3082 448 3386 523 principiis.

2124 551 2150 590 δ
2184 555 2246 606 Et
2275 550 2418 621 quod
2447 549 2677 619 quisque
2705 546 2903 603 bonum
2931 543 3032 599 sibi
3065 554 3308 611 tempore
3326 540 3475 595 duxit
3507 540 3562 595 in
3587 537 3714 605 Isto,

2196 642 2308 697 Iloc
2329 639 2532 696 summi
2559 636 2724 708 Regis
2750 636 2954 706 judicio
2981 634 3178 703 capiet.

2530 749 2645 806 LX.
2676 749 2755 803 De
2784 748 2977 819 gaudio
3009 744 3309 801 Christiani.

2197 867 2507 923 Christiano
2539 874 2686 920 recta
2726 859 3183 933 gandendicausa
3216 872 3321 911 non
3353 868 3594 933 praesens
3623 869 3719 907 sa:-

2127 941 2332 1005 cnlum,
2367 937 2460 992 sed
2510 928 2752 990 futurum
2774 942 2876 987 est.
2913 933 2978 986 Et
3005 928 3481 1005 ita_est_utendum
3513 936 3722 1005 temp-of

2131 996 2354 1074 ralibus,
2388 1024 2454 1062 ne
2491 1007 2670 1061 obsint
2707 1005 2966 1074 aeternis:
2997 1010 3053 1074 ut
3093 1001 3146 1074 in
3177 1001 3285 1074 via,
3315 1013 3416 1074 qua
3452 996 3720 1064 peregrini

2130 1069 2426 1146 ambulant,
2459 1081 2560 1133 hoc
2583 1078 2795 1146 placeat
2816 1073 2956 1142 quod
2986 1072 3132 1126 ducit
3163 1069 3230 1123 ad
3263 1070 3513 1138 patriam.

2137 1171 2422 1240 Angelicos
2449 1170 2614 1232 cives,
2649 1165 2665 1203 ί
2697 1174 2752 1220 et
2776 1162 2975 1220 Christi
3008 1163 3062 1216 in
3093 1160 3335 1215 membra
3361 1167 3598 1219 renatos,

2200 1265 2318 1319 Non
2351 1262 2530 1316 trahat
2550 1261 2614 1314 ad
2643 1266 2882 1314 veterem
2914 1257 3090 1311 carnis
3120 1255 3272 1324 origo
3305 1253 3597 1305 hominem.

2129 1355 2294 1428 649
2332 1355 2500 1409 Multa
2537 1351 2750 1422 quidem
2796 1350 2849 1404 in
2890 1357 3108 1404 nostros
3148 1344 3379 1401 mundus
3410 1345 3547 1398 bona
3592 1355 3720 1410 pro-

2345 1453 2493 1501 creat
2522 1458 2650 1498 usus
2667 1485 2682 1510 ,

2213 1538 2281 1592 Et
2310 1537 2471 1607 pleno
2496 1535 2655 1590 tellus
2685 1531 2851 1587 servit
2871 1529 3050 1600 opima
3080 1529 3224 1584 sinu.

2133 1631 2240 1689 Sed
2268 1639 2431 1685 terrae
2465 1626 2792 1693 hospitibus,
2822 1623 2944 1678 coeli
2973 1636 3141 1692 super
3169 1626 3312 1673 astra
3341 1617 3566 1679 vocatis,

511 1745 659 1801 Ordo
687 1753 987 1814 temporum
1018 1742 1071 1796 in
1091 1751 1291 1796 aeterna
1314 1739 1408 1814 Dei
1429 1738 1720 1814 sapientia,
1747 1735 1872 1814 sine
1895 1745 2028 1786 tmn—
2061 1750 2104 1807 Β
2204 1721 2432 1777 Virtutis
2466 1721 2640 1788 palma
2668 1726 2752 1772 est
2778 1730 3041 1784 spernere
3072 1711 3086 1763 i
3128 1711 3324 1765 blanda
3355 1709 3489 1771 soli;

441 1833 575 1886 pore
603 1828 705 1880 est,
733 1813 761 1852 ά
789 1808 889 1869 nec
909 1813 1088 1883 aliqua
1117 1821 1244 1867 sunt
1264 1812 1404 1881 apud
1427 1809 1578 1864 illum
1605 1822 1764 1874 nova,
1785 1808 1874 1876 qui
1905 1808 2028 1860 u-cit

446 1899 469 1925 ο
498 1904 617 1958 quae
645 1888 820 1941 futura
849 1893 995 1939 sunt.

442 1979 663 2035 Artiﬁce
685 1979 737 2032 in
764 1991 975 2032 summo
1001 1975 1118 2030 sine
1143 1983 1386 2043 tempore
1408 1970 1665 2040 temporis
1694 1967 1828 2024 ordo
1852 1976 1955 2031 est,

513 2071 678 2140 Inque
711 2070 821 2124 Deo
841 2081 1021 2122 rerum
1047 2080 1156 2120 non
1183 2063 1354 2118 variat
1374 2061 1564 2117 series.

444 2165 671 2221 [Eterno
700 2162 904 2218 auctori
943 2161 1104 2216 simul
1129 2159 1326 2214 adsunt
1349 2158 1526 2213 omnia
1555 2171 1790 2226 semper,

515 2257 646 2312 Cum
670 2271 776 2324 quo
800 2256 856 2310 in
881 2256 1138 2310 factorum
1163 2262 1246 2309 est
1272 2252 1482 2316 ordine,
1515 2249 1774 2320 quidquid
1798 2249 1923 2304 erit.

609 2345 790 2401 LVIII.
824 2344 902 2399 De
925 2344 1201 2414 principali
1226 2359 1398 2397 rerum
1428 2341 1656 2396 omnium
1682 2355 1860 2392 causa.

516 2437 781 2493 Voluntas
815 2436 910 2492 Dei
946 2445 1027 2490 est
1057 2437 1226 2505 prima
1265 2443 1318 2488 et
1359 2449 1564 2488 summa
1605 2429 2034 2505 causaomuium

446 2509 832 2576 corporalium,
882 2501 1310 2576 spiritaliumque
1357 2501 1847 2576 motionum._Nihil
1880 2501 2035 2576 enim

450 2581 512 2634 fit
540 2571 827 2633 visibiliter
858 2571 929 2632 ac‘
964 2571 1308 2640 sensibiliter,
1342 2575 1484 2645 quod
1526 2590 1629 2626 non
1669 2572 1736 2626 de
1787 2571 2038 2645 invisibili

448 2661 610 2719 atque
638 2648 958 2716 intelligibili
988 2649 1182 2702 summi
1214 2641 1554 2719 imperatoris
1579 2647 1695 2719 aula
1725 2653 1813 2719 aut
1844 2641 2035 2719 jubea-

450 2713 560 2789 tur,
594 2730 686 2774 aut
713 2713 1075 2789 permittatur,
1097 2713 1390 2772 secundum
1423 2715 1746 2770 inell‘ahilem
1770 2713 2036 2789 justitiam

451 2783 797 2862 praémiorum
844 2797 1005 2859 atque
1041 2804 1343 2857 poenarum,
1375 2789 1759 2862 gratiarum_et
1802 2783 2039 2862 retribu-

452 2853 680 2924 iionum,
725 2862 781 2914 in
815 2853 932 2914 ista'
954 2853 1117 2913 totius
1145 2853 1407 2914 creaturae
1445 2855 1778 2926 amplissima
1810 2853 2038 2922 quadam

452 2933 824 3000 immensaque
853 2929 1153 2999 republica.

453 3023 781 3093 Principium
809 3020 996 3076 mundi
1026 3021 1164 3075 Deus
1187 3027 1290 3082 est,
1320 3032 1426 3088 quo
1455 3025 1642 3072 cuncta
1679 3024 1983 3084 moventur,

525 3119 592 3172 Et
621 3133 740 3188 quas
770 3113 1054 3185 permittit,
1087 3112 1342 3182 veljubet
1368 3121 1574 3174 auctor,
1607 3107 1626 3146 ί
1659 3117 1821 3177 agunt

455 3212 590 3266 IIinc
619 3209 955 3264 mutabilium
980 3222 1159 3261 rerum
1191 3203 1538 3263 immutabilis
1567 3203 1725 3267 ordo,

525 3301 740 3357 )Eterni
768 3300 938 3354 servit
967 3299 1174 3368 legibus
1202 3296 1447 3350 artiﬁcis.

458 3393 624 3465 Inque
649 3407 776 3446 suos
803 3391 936 3446 ﬁnes
962 3389 1205 3460 procedit
1228 3403 1456 3456 qumque
1485 3387 1752 3451 voluntas,

527 3485 635 3539 Nec
665 3481 826 3537 variis
856 3483 1062 3537 meritis
1085 3481 1288 3534 arbiter
1317 3493 1502 3547 (Equus
1531 3477 1682 3532 abest
1709 3495 1720 3527 :

459 3589 484 3626 ις
515 3575 691 3632 Corda
721 3588 937 3643 regens,
961 3573 1105 3627 vires
1128 3571 1386 3636 tribuens,
1421 3579 1638 3638 peccata
1668 3570 1969 3634 remittens,

529 3671 670 3725 Mitis
697 3667 975 3737 subjectis,
1008 3665 1325 3734 implacidus
1358 3662 1596 3717 tumidis.

461 3761 535 3818 Ut
562 3775 662 3815 nec
691 3773 847 3829 paena
869 3759 1068 3811 malum
1092 3770 1436 3826 quemquam,
1468 3769 1566 3807 nec
1587 3753 1972 3824 gloriajnstum

530 3852 822 3923 Suscipiat.
855 3849 957 3904 nisi
986 3863 1108 3904 cum
1142 3847 1302 3901 laude
1331 3855 1382 3902 et
1409 3846 1611 3900 honore
1645 3847 1760 3900 Dei.

711 3943 848 4000 LIX.
877 3942 953 3996 De
976 3942 1165 4012 ﬁnibus
1189 3941 1435 3994 bonorum
1466 3949 1514 3994 et
1536 3939 1808 3993 malorum.

537 4037 668 4091 Eam
716 4037 858 4088 Deus
900 4033 1259 4086 innocentiam
1312 4029 1521 4098 probat.
1569 4045 1674 4097 qua
1727 4029 1888 4081 homo
1941 4044 2047 4080 non

463 4119 613 4163 metu
659 4119 831 4174 poena:
854 4103 914 4154 tit
958 4103 1241 4158 innocens,
1295 4101 1397 4174 sed
1422 4115 1603 4150 amore
1631 4099 1873 4167 jusmir.
1918 4098 2046 4151 Nam

463 4179 556 4247 qui
588 4169 921 4247 timorenon
952 4181 1159 4247 peccat,
1181 4172 1430 4247 quamvis
1459 4183 1564 4220 non
1601 4170 1898 4247 noceatcui
1938 4169 2052 4221 vult

469 4238 686 4308 nocere,
711 4243 814 4297 sibi
847 4249 1023 4294 tamen
1054 4239 1343 4307 plurimum
1386 4249 1565 4299 nocet,
1600 4250 1653 4290 et
1677 4238 1957 4293 abstinens
1985 4238 2053 4292 ab

467 4317 654 4386 iniquo
677 4307 877 4383 ’opere,
912 4311 1026 4366 sola
1067 4318 1246 4363 tamen
1277 4323 1400 4361 reus
1427 4319 1511 4361 est
1544 4307 1839 4360 voluntate.

466 4408 619 4463 Scire
645 4407 852 4471 volens,
879 4403 932 4456 in
963 4416 1065 4472 qua
1097 4415 1278 4455 rerum
1307 4400 1381 4453 sis
1410 4409 1564 4468 parte
1594 4400 1875 4464 locandus,

538 4499 759 4554 Discute
783 4496 910 4567 quid
937 4496 1148 4558 timeas,
1178 4491 1374 4562 quidve
1402 4492 1472 4547 sit
1498 4491 1548 4544 id
1579 4491 1720 4560 quod
1751 4506 1920 4547 amas.

2138 1819 2204 1874 Et
2229 1817 2307 1872 sic
2339 1815 2622 1885 praesentis
2648 1810 2880 1880 spatium
2910 1820 3230 1877 percurrere
3259 1806 3405 1869 vitm,

2202 1909 2319 1977 Ipsa
2351 1905 2648 1978 peregrinis
2672 1917 2738 1957 ne
2767 1902 2850 1955 via
2880 1901 2951 1955 sit
2979 1899 3224 1965 laqueus.

2131 1998 2266 2057 Nam
2297 1997 2638 2052 declinantes
2666 2007 2763 2063 pro
2792 1990 3020 2045 summis
3047 1989 3189 2042 ferre
3218 1985 3488 2050 laborem,

2204 2091 2568 2146 Terrenorum
2602 2085 2794 2140 avidos
2821 2082 3000 2137 infima
3031 2079 3353 2148 suscipient.

2170 2181 2284 2238 LXI
2313 2179 2491 2254 [Alias
2517 2175 2664 2249 LX].
2695 2175 2773 2230 De
2793 2173 3045 2242 ineffabili
3069 2169 3377 2226 excellentia
3400 2165 3428 2206 ¹ι
3456 2167 3694 2221 Deitatis.

2211 2274 2434 2328 Excedit
2469 2267 2928 2339 supereminentia
2962 2263 3184 2339 Deitatis
3213 2277 3321 2339 non
3349 2260 3538 2339 solum
3567 2257 3585 2295 ι
3623 2257 3728 2309 usi-

2140 2348 2236 2401 tati
2262 2345 2458 2412 eloquii
2485 2328 2676 2406 nostri,
2697 2338 2791 2393 sed
2815 2339 2975 2412 etiam
3002 2330 3375 2412 intelligent-ia:
3398 2328 3726 2406 facultatem.

2138 2399 2334 2475 Verius
2369 2399 2516 2467 enim
2548 2399 2986 2480 cogitatur_l_)eus
3017 2399 3426 2474 quam'dicitur,
3462 2411 3533 2480 et.
3556 2399 3731 2451 verius

2142 2470 2226 2542 est
2255 2501 2414 2554 quam
2447 2470 2732 2551 cogita'tnr.
2756 2487 2800 2554 ξω
2827 2477 2942 2531 Non
2978 2470 3137 2554 parva
3167 2470 3586 2554 autem_ngtitim
3615 2483 3731 2537 pars

2141 2568 2243 2621 est,
2274 2542 2320 2610 si
2349 2563 2476 2608 ante
2502 2542 2662 2621 quam
2693 2548 2833 2603 scire
2861 2542 3135 2615 possimus
3163 2544 3292 2615 quid
3320 2542 3392 2597 sit
3418 2542 3581 2605 Deus,
3609 2553 3726 2607 pos—

2142 2642 2329 2684 sumus
2358 2625 2497 2680 scire
2528 2621 2655 2693 quid
2679 2635 2785 2674 non
2809 2621 2901 2673 sit.

2143 2718 2300 2774 Nulla
2332 2715 2549 2785 quidem
2584 2728 2738 2767 mens
2766 2719 2850 2766 est
2880 2707 3096 2764 mortali
3127 2707 3178 2760 in
3211 2719 3440 2774 corpore
3468 2704 3677 2766 vivens,

2215 2809 2347 2875 Qua:
2379 2806 2539 2875 plena
2567 2803 2747 2857 videat
2773 2801 3083 2871 cognitione
3115 2800 3301 2852 Deum.

2146 2898 2254 2955 Sed
2283 2896 2430 2951 miris
2461 2908 2685 2964 operum
2717 2892 2886 2963 signis
2916 2890 3216 2945 ostenditur
3242 2897 3452 2948 auctor,

2217 2990 2609 3056 Rectoremque
2635 3001 2791 3040 suum
2822 2983 3037 3038 condita
3061 2990 3088 3018 τι
3117 2994 3344 3051 qumque
3370 2986 3595 3033 canunt.

2149 3082 2305 3139 Unde
2336 3081 2462 3136 licet
2489 3080 2634 3134 fandi
2664 3079 2829 3142 vires,
2861 3076 3135 3144 animique
3162 3075 3401 3144 vigorem

2216 3175 2430 3242 Vincat,
2460 3185 2514 3229 et
2541 3172 2767 3227 excedat
2791 3172 2962 3240 gloria
2989 3171 3212 3238 lausque
3243 3168 3364 3232 Dei,

2147 3267 2258 3322 Nos
2286 3276 2466 3320 tamen
2497 3263 2678 3318 ofﬁcio
2707 3262 2888 3316 cordis
2913 3259 3208 3329 gaudemus
3239 3268 3293 3312 et
3325 3258 3460 3322 oris,

2219 3359 2285 3413 Et
2316 3369 2462 3412 tanto
2487 3357 2728 3412 oblectat
2756 3355 3106 3410 succubuisse
3140 3353 3304 3405 bono.

2149 3454 2286 3508 IIinc
2317 3451 2441 3505 fidei
2472 3452 2671 3512 virtus,
2707 3449 2828 3503 hinc
2859 3447 3071 3501 ﬂanima
3105 3447 3311 3499 oriatur
3338 3444 3563 3504 amoris,

2219 3543 2370 3612 Quod
2403 3544 2549 3608 latet,
2580 3552 2834 3604 exercet;
2860 3538 3004 3608 quod
3034 3546 3276 3606 superat,
3304 3543 3327 3571 ο
3356 3545 3599 3603 reparat.

2221 3660 2354 3715 LXII
2386 3659 2556 3733 [Alias
2587 3654 2749 3728 LXI].
2783 3656 2858 3733 De
2890 3655 3129 3733 superbia
3155 3653 3374 3721 diaboli,
3407 3662 3451 3706 et
3481 3652 3676 3707 Christi

2797 3727 3107 3779 humilitate.

2224 3844 2480 3899 Diabolus
2516 3841 2780 3912 superbus
2817 3839 3088 3912 hominem
3134 3838 3538 3912 superbientem
3583 3847 3610 3886 ι)
3661 3852 3746 3890 se-

2153 3917 2303 3971 duxit
2343 3915 2408 3969 ad
2447 3909 2707 3976 mortem;
2751 3912 3001 3965 Christus
3043 3910 3259 3962 humilis
3303 3909 3576 3960 hominem
3620 3909 3746 3960 ohe-

2155 3989 2389 4040 dientem
2419 3984 2638 4038 reduxit
2668 3982 2733 4035 ad
2765 3983 2950 4034 vitam.
2982 3981 3114 4046 Quia
3149 3981 3290 4032 sicut
3329 3978 3412 4031 ille
3448 3979 3625 4031 elatus
3659 3991 3747 4029 ce-

2156 4057 2308 4116 cidit,
2347 4064 2403 4108 et
2441 4054 2637 4122 dejecit
2680 4051 3142 4114 consentientem;
3183 4051 3262 4103 sic
3297 4049 3399 4103 iste
3437 4048 3747 4102 humiliatus

2157 4126 2412 4189 surrexit,
2446 4134 2502 4178 et
2525 4125 2701 4178 erexit
2736 4122 3072 4177 credentem.

2157 4214 2376 4273 Lsctifer
2400 4224 2429 4264 ιι
2457 4212 2749 4267 immodico
2777 4223 2982 4266 natura:
3009 4210 3180 4264 elatus
3203 4209 3414 4263 honore

2231 4307 2494 4376 Angelus,
2525 4304 2650 4359 inde
2677 4303 2950 4357 hominem
2974 4302 3205 4362 subruit,
3233 4300 3375 4353 unde
3401 4299 3529 4352 ruit.

2163 4403 2268 4460 Sed
2297 4401 2545 4455 Christus
2573 4400 2838 4454 miserans
2867 4397 3151 4463 deceptum
3181 4393 3370 4448 fraude
3399 4392 3648 4463 maligni,

2238 4495 2296 4550 In
2327 4509 2387 4550 se
2414 4494 2491 4549 illi
2519 4492 2586 4546 ad
2610 4492 2775 4546 vitam
2801 4504 2964 4559 posse
2995 4487 3174 4544 redire
3198 4485 3347 4542 dedit
3377 4502 3389 4536 :

538 4687 570 4716 τι
592 4675 772 4732 Editio
798 4675 929 4727 Ven.
960 4689 1080 4727 cum
1106 4687 1237 4726 mss.
1265 4670 1473 4725 Theod.
1507 4677 1562 4723 et
1589 4669 1972 4740 duobusColb.
2001 4680 2052 4722 et
2089 4674 2134 4733 ι)
2162 4669 2329 4740 gitur.

467 4746 852 4825 RegiotNam.
868 4743 1116 4814 quidquid
1146 4745 1314 4796 minus
1346 4751 1440 4796 est.
1470 4741 1569 4797 Ms.
1601 4740 1730 4806 J0|.,
1767 4739 1884 4794 Hac
1909 4741 2059 4810 quid-

467 4822 595 4893 quid
610 4819 784 4893 minus
810 4819 894 4893 sit.

545 4890 574 4930 ι)
605 4889 702 4944 Ms.
730 4885 1044 4944 Cambron.,
1075 4881 1216 4936 Deus
1235 4891 1398 4936 amet.

550 4973 572 5000 ε
609 4959 783 5014 Editio
822 4955 981 5020 Ven.,
1023 4955 1144 5020 facti
1183 4970 1358 5005 sumus
1402 4952 1537 5005 dono
1582 4954 1712 5022 ejus,
1749 4968 1850 5006 non
1883 4950 2058 5021 quales

470 5033 600 5102 [acti
621 5025 1097 5102 sumus.__Concitiit
1124 5039 1225 5076 ms.
1255 5023 1476 5102 [tegius

546 5102 574 5140 ά
604 5100 782 5155 Editio
814 5098 973 5164 Ven.,
1020 5093 1132 5150 Nec
1176 5093 1315 5165 apud
1361 5109 1477 5145 eum
1519 5092 1695 5160 aliqua
1733 5108 1889 5163 Opera
1927 5091 2060 5161 ﬁunt

476 5189 704 5297 ﬂm'mMs.
727 5236 959 5304 Theod.,
988 5251 1100 5305 qua:
1126 5241 1344 5305 ventura
1356 5240 1503 5305 sunt.

552 5311 574 5353 ί
604 5313 683 5367 Ita
705 5325 837 5364 mss.
860 5301 1048 5362 omnes
1063 5305 1250 5359 nostri.
1274 5302 1436 5365 Editi,
1460 5303 1585 5371 agit.
1614 5301 1876 5356 Ms.CoIb.
1899 5314 2060 5365 unus,

481 5384 707 5453 Qquue
720 5381 866 5452 jubet
885 5393 1132 5453 summus,
1155 5375 1230 5453 pel
1257 5376 1376 5453 siuit
1403 5381 1585 5426 auctor
1609 5383 1788 5443 agunt.

551 5463 576 5500 κ
623 5440 751 5507 Mss.
783 5465 922 5506 unus
946 5449 1124 5512 Colb.,
1154 5446 1273 5501 loco
1299 5445 1526 5499 duorum
1558 5440 1811 5497 versuum
1852 5440 1945 5510 qui
1980 5454 2067 5496 se-

480 5533 743 5593 quuntur.

542 5602 708 5655 Atque
730 5599 928 5649 humilis
948 5595 1163 5646 humiles
1185 5607 1378 5653 curans,
1402 5591 1694 5655 pellensque
1718 5591 1981 5652 superbos,

654 5674 812 5724 ugens
832 5661 1099 5720 subjectos,
1124 5654 1410 5719 despiciens
1431 5654 1661 5705 tumidos.

489 5734 551 5790 In
572 5720 744 5790 altero
770 5730 924 5787 Colb.
954 5728 1220 5799 pcaterior
1251 5742 1317 5782 ex
1347 5726 1430 5782 his
1452 5725 1748 5800 -dunttaxat
1777 5737 1963 5779 versus
1995 5720 2075 5774 le-

2235 4739 2263 4778 ιι
2294 4741 2388 4794 Ms.
2417 4737 2696 4800 Joliensis,
2729 4734 2866 4788 Nam
2887 4734 3043 4804 quod.
3065 4733 3264 4788 Eodem
3290 4744 3449 4784 versu
3475 4744 3578 4782 ms.
3597 4729 3754 4797 llvg.,

2161 4811 2260 4866 sibi
2295 4811 2444 4864 duxit
2475 4821 2700 4874 tempore
2729 4809 2780 4859 in
2811 4808 2931 4859 ista.

2240 4879 2257 4918 ί
2293 4880 2391 4935 Ms.
2418 4880 2632 4939 Camh.,
2656 4877 2723 4928 ad
2753 4876 2942 4929 Christi
2970 4875 3192 4927 membra
3221 4880 3447 4925 renatos.

2238 4953 2252 5002 Ι
2297 4953 2396 5006 Ms.
2431 4937 2648 5017 Regius,
2683 4947 2872 5000 blanda
2901 4946 3046 5000 solis.
3073 4944 3128 4997 In
3159 4943 3402 5017 sequenti
3431 4954 3560 4994 vero
3589 4937 3759 5017 dysti-

2163 5021 2290 5076 chio
2316 5038 2418 5103 ms.
2442 5008 2676 5082 Thveodq
2705 5017 2771 5070 Et
2804 5033 2939 5069 nunc
2961 5008 3295 5087 prasentis...
3320 5009 3445 5079 Ipsa
3473 5008 3760 5081 peregrinis

2163 5108 2254 5146 nec
2278 5108 2381 5144 vta.

2235 5160 2262 5199 I‘
2294 5163 2390 5215 Ms.
2425 5157 2774 5218 Camberon.,
2806 5154 2925 5207 Dei.

2242 5231 2262 5270 ι
2299 5232 2398 5287 Ms.
2428 5229 2614 5283 Camb.
2641 5236 2696 5281 et
2727 5228 2856 5281 Ven.
2888 5225 3044 5286 edit.,
3077 5223 3343 5276 usitatam.

2238 5311 2279 5338 ω
2305 5301 2447 5356 Alias
2465 5299 2637 5362 editi.,
2663 5296 2780 5366 Non
2799 5311 2988 5366 parum.
3012 5294 3138 5348 Mss.
3162 5301 3412 5362 quatuor,
3431 5289 3554 5343 Non
3576 5303 3761 5361 parte,

2169 5380 2229 5426 ut
2256 5373 2306 5427 in
2341 5381 2478 5424 sent.
2512 5383 2670 5436 supra
2697 5365 2785 5419 61.

2242 5451 2269 5478 η
2303 5441 2402 5496 Ms.
2433 5437 2644 5500 Camb.,
2677 5444 2861 5489 cuncta
2891 5443 3099 5486 canunt.

2247 5521 2271 5547 °
2305 5511 2404 5566 Ms.
2431 5509 2584 5564 Colb.
2617 5522 2778 5570 unus,
2812 5505 2946 5558 edit.
2981 5504 3116 5557 Ven.
3144 5513 3199 5557 et
3228 5500 3504 5570 Lugdnn.,
3539 5509 3763 5566 reparet.

2185 5651 2219 5703 ά
2256 5582 2440 5703 νεὼς.
2476 5579 2580 5634 Jol.
2617 5587 2671 5632 et
2707 5576 2928 5643 Cam-b.,
2960 5575 3193 5629 deduxit.
3233 5573 3289 5627 In
3329 5583 3473 5626 sent.
3517 5571 3613 5638 59,
3651 5586 3766 5640 per.

2224 5669 2308 5703 ΠΜ
2340 5688 2354 5702 ο

2224 5652 2354 5704 uxit.

2255 5730 2284 5770 (ι
2316 5719 2442 5774 Mss.
2476 5725 2607 5782 tres,
2635 5714 2926 5768 immodice.
