3978 6178
261 230 352 288 ΜΤ

257 344 307 397 Si
333 348 505 396 caveat
527 322 700 409 pactis
728 337 900 394 hostis
928 338 1135 393 servire
1175 339 1433 407 superbi,

318 427 513 487 Sectari
536 436 591 483 et
610 428 831 485 studeat
858 429 1085 483 formam
1117 430 1333 484 Ιιυιιιίιίη
1362 421 1593 486 Domini.

256 522 345 591 Qui
375 521 539 575 Patris
567 520 621 577 in
652 520 863 576 Deitate
891 536 1117 577 manens
1148 522 1288 577 Deus
1314 523 1702 587 omnicreator,

316 613 476 673 Verus
497 611 563 668 de
592 626 747 668 sacra
777 613 994 685 Virgine
1025 624 1181 670 natus
1211 615 1374 670 homo
1399 626 1502 671 est.

253 702 335 759 Sic
360 711 593 757 nostrum
625 718 908 759 assumens
937 705 1122 760 Matris
1149 705 1217 761 de
1242 721 1473 776 corpore
1499 721 1717 776 corpus,

312 794 459 849 Esset
483 802 539 847 ut
560 804 853 863 assumpta:
878 796 1060 851 carnis
1087 799 1240 866 origo
1272 799 1411 853 Deus
1436 815 1450 851 :

251 886 299 941 In
324 901 425 957 quo
450 901 541 955 per
567 887 863 954 lavacrum,
894 897 922 926 ι
953 888 1083 945 fidei
1110 891 1311 946 virtute
1340 901 1549 958 renata,

308 977 532 1032 Caelesti:
559 974 588 1015 δ
616 978 847 1047 accipiet
874 993 1007 1048 gens
1033 995 1170 1034 nova
1201 981 1543 1050 principium.

246 1065 320 1122 Nil
347 1068 571 1123 hominis
600 1067 763 1137 primi
790 1069 1053 1135 retinens,
1083 1071 1178 1125 sed
1208 1071 1364 1140 plena
1392 1073 1638 1141 secundi,

305 1159 592 1229 Splendore
622 1169 645 1197 ο
679 1160 732 1213 in
756 1161 948 1230 capitis
973 1161 1316 1230 gloriﬁcanda
1345 1164 1451 1218 sui.

430 1249 590 1305 LXIII
618 1249 784 1320 [Alias
810 1248 995 1320 LXII].
1025 1249 1103 1304 De
1128 1269 1245 1305 vera
1272 1252 1600 1309 beatitudine.

304 1340 330 1380 ά
356 1343 548 1415 Omnes
582 1343 733 1415 beati
770 1343 971 1415 habent
1004 1346 1147 1413 quod
1188 1347 1390 1411 volunt,
1428 1348 1670 1415 quamvis
1703 1365 1810 1404 non

243 1429 417 1468 omnes
451 1413 540 1483 qui
581 1414 779 1467 habent
808 1414 949 1483 quod
980 1418 1161 1468 volunt
1201 1413 1458 1471 continuo
1498 1422 1605 1471 sint
1645 1419 1807 1473 beati.

244 1486 387 1557 651
421 1486 690 1557 Continuo
725 1496 904 1539 autem
936 1495 1061 1557 sunt
1092 1488 1297 1551 miseri,
1336 1489 1426 1554 qui
1456 1489 1539 1541 vel
1578 1504 1683 1543 non
1716 1489 1810 1543 ha-

246 1556 361 1608 bent
390 1556 527 1624 quod
557 1556 763 1620 volunt,
796 1558 879 1609 νει
910 1556 961 1609 id
997 1557 1189 1608 habent
1225 1560 1366 1627 quod
1398 1574 1505 1612 non
1534 1570 1685 1614 recte
1717 1576 1811 1613 Vn-

246 1627 368 1679 lunt.
417 1627 808 1697 Propiorrergo
858 1638 938 1680 est
980 1627 1296 1683 beatitudini
1342 1631 1587 1683 voluntas
1633 1642 1804 1697 recta,

247 1697 436 1769 fetiam
460 1713 563 1750 nun
597 1696 796 1765 adepta
823 1714 940 1769 qua:
969 1697 1136 1764 cupit,
1167 1714 1323 1768 quam
1357 1715 1539 1769 prava,
1571 1702 1733 1755 etiam
1764 1704 1808 1756 si
1839 1707 1887 1768 B

247 1765 265 1803 ί
293 1769 426 1836 quod
450 1769 759 1836 concupivit
783 1767 1039 1822 obtinuit.

244 1855 346 1912 Non
374 1873 590 1928 semper
614 1873 742 1914 vere
763 1868 847 1913 est
874 1858 1000 1914 felix
1033 1860 1254 1930 impleta
1283 1862 1533 1919 voluntas
1560 1880 1575 1918 :

302 1947 427 2003 Cum
456 1964 607 2019 saepe
636 1958 663 1997 Β
694 1950 907 2020 injustis
930 1951 1041 2007 sint
1066 1954 1203 2007 mala
1236 1962 1356 2010 vota
1383 1956 1595 2010 animis.

246 2042 393 2099 Recta
425 2044 590 2113 igitur
617 2045 863 2113 cupiens,
892 2046 1055 2100 etiam
1086 2046 1133 2101 si
1158 2062 1265 2101 non
1286 2050 1357 2102 sit
1385 2048 1633 2118 adeptus,

306 2135 646 2191 Persistendo
679 2144 857 2191 tamen
885 2137 1032 2192 velle
1061 2137 1287 2204 bonum,
1320 2139 1493 2195 bonus
1517 2152 1621 2195 εει.

245 2225 305 2278 At
331 2240 537 2293 pravus,
572 2226 722 2295 quod
754 2226 857 2281 fert
886 2228 1091 2296 animo,
1122 2230 1165 2283 si
1197 2247 1302 2284 non
1336 2230 1497 2286 habet
1524 2244 1669 2299 actu,

305 2317 427 2371 Tam
460 2319 633 2371 miser
656 2327 739 2373 est
762 2334 923 2387 quam
954 2321 998 2374 si
1028 2320 1173 2390 quod
1204 2322 1351 2392 cupit
1382 2324 1649 2378 obtineat.

335 2408 489 2464 LXIV
522 2409 700 2483 [Alias
730 2410 939 2483 LXIII].
971 2410 1001 2449 δ
1035 2414 1172 2481 Quid
1201 2416 1265 2469 sit
1295 2432 1401 2470 esse
1430 2432 1545 2471 cum
1577 2416 1705 2473 Deo.

305 2504 477 2574 Magna
509 2506 752 2561 hominis
775 2507 993 2562 miseria
1021 2517 1105 2562 est
1130 2524 1249 2563 cum
1279 2510 1376 2564 illo
1400 2525 1502 2565 non
1532 2526 1676 2576 esse,
1700 2513 1815 2568 sine

248 2590 339 2643 quo
374 2592 472 2630 non
511 2586 698 2646 potest
735 2592 873 2648 esse.
924 2577 983 2632 In
1028 2594 1135 2648 quo
1176 2580 1318 2634 enim
1360 2591 1464 2646 est,
1496 2580 1615 2637 sine
1651 2583 1816 2637 dubio

248 2661 348 2701 stne
376 2648 463 2700 illo
499 2664 617 2702 non
648 2658 729 2722 est
765 2646 838 2722 _:__l
860 2656 932 2722 _et
960 2646 1140 2704 tamen
1174 2651 1217 2722 si
1263 2651 1381 2722 ejus
1412 2667 1516 2705 non
1549 2654 1813 2722 meminit,

249 2733 453 2840 rutmque
492 2734 609 2773 non
648 2718 923 2790 intelligit,
964 2734 1137 2789 neque
1183 2720 1376 2791 diligit,
1420 2736 1541 2777 cum
1581 2722 1673 2778 illo
1710 2718 1815 2779 non

249 2802 297 2839 rs
325 2826 338 2840 .

248 2802 338 2840 νει.

251 2879 501 2948 Ilajrstate
527 2881 635 2936 Dei
664 2881 1008 2937 concluditur
1032 2896 1194 2938 omne
1221 2884 1362 2952 quod
1395 2900 1618 2956 usquam
1648 2898 1731 2941 est
1766 2905 1780 2943 :

307 2972 410 3038 Qua
440 2975 556 3029 sine
591 2974 669 3028 nil
697 2989 874 3029 rerum
906 2985 1072 3042 stare,
1099 2976 1185 3030 vel
1217 2991 1337 3031 esse
1367 2987 1564 3045 potest.

250 3064 366 3119 lluic
391 3065 553 3120 homo
590 3067 637 3119 si
671 3074 816 3121 recte
844 3065 1153 3130 famulatur,
1187 3068 1460 3134 proximus
1490 3070 1683 3131 lueret;

309 3155 360 3210 Si
390 3156 587 3221 resilit,
620 3157 820 3211 misero
846 3156 989 3224 degit
1021 3158 1073 3211 in
1104 3158 1319 3212 exsilio.

249 3247 417 3302 Omnia
448 3249 527 3304 sic
556 3247 829 3304 Dominus
858 3249 1196 3303 discriminat
1222 3250 1413 3303 ordine
1440 3248 1607 3320 justo.

312 3342 421 3411 Quo
451 3345 561 3398 sint
600 3358 807 3397 summa
846 3342 1023 3409 bonis,
1058 3342 1161 3396 ima
1194 3352 1374 3410 parata
1407 3346 1583 3398 malis.

328 3434 457 3490 LXV
489 3434 667 3507 [Alias
695 3431 900 3505 LXIV].
937 3433 1015 3487 De
1044 3431 1402 3488 Incurnatione
1443 3436 1588 3489 Verbi
1618 3436 1732 3489 Dei.

315 3525 567 3583 Divinitas
618 3527 775 3582 Verbi
818 3528 1042 3596 aequalis
1074 3526 1219 3581 Patri
1262 3528 1400 3581 facta
1437 3538 1519 3581 est
1560 3532 1826 3596 particeps

251 3598 576 3653 mortalitatis
611 3606 832 3663 nostrae,
870 3609 885 3648 ι
929 3613 1030 3650 non
1065 3598 1133 3653 de
1156 3612 1277 3662 suo,
1308 3599 1402 3652 sed
1434 3599 1501 3652 de
1533 3612 1738 3663 nosne,
1771 3612 1828 3653 ut

251 3674 298 3719 et
323 3682 411 3722 nos
435 3669 787 3724 efficerentur
817 3668 1103 3739 participes
1130 3668 1425 3723 divinitatis
1456 3668 1593 3739 ejus,
1624 3686 1728 3725 noo
1759 3673 1827 3725 de

250 3748 439 3803 nostro,
467 3740 560 3794 sed
585 3739 662 3794 de
684 3740 873 3809 ipsius.

250 3828 590 3902 Omnipotens
618 3832 865 3899 Genitor,
888 3830 1189 3901 Natusquc.
1217 3840 1269 3885 et
1297 3830 1531 3900 Spiritus
1559 3832 1752 3899 almus,

314 3923 420 3979 Una
450 3929 503 3980 in
534 3925 791 3996 personis
824 3939 920 3993 par
945 3924 1117 3979 tribus
1149 3918 1233 3979 est
1260 3924 1468 3988 deitas;

249 4013 366 4078 Quae
388 4031 554 4084 genus
583 4017 907 4079 humanum,
933 4024 1263 4083 prostratum
1293 4015 1483 4071 fraude
1510 4014 1757 4086 maligni,

314 4105 390 4159 Ad
414 4109 580 4161 vitam
617 4108 718 4161 hac
744 4104 871 4161 fecit
896 4118 1059 4175 posse
1087 4107 1265 4162 redire
1286 4107 1369 4161 via
1400 4124 1415 4163 :

316 4342 338 4366 ⁸
368 4331 464 4385 Με.
493 4329 651 4385 Colb.
686 4344 844 4395 unus,
873 4346 1061 4398 supera
1089 4329 1277 4384 virtute
1300 4339 1502 4384 renata.

316 4400 341 4438 ι’
370 4402 500 4455 Mss.
529 4402 663 4469 duo,
689 4402 901 4472 accepit.

319 4480 341 4542 ς
372 4472 499 4525 Μεε.
525 4473 784 4542 quinque,
807 4471 861 4525 et
888 4471 1100 4542 capitis;
1126 4471 1211 4526 alii
1237 4471 1476 4539 codices,
1501 4471 1554 4524 in
1580 4471 1787 4542 capitis.

314 4537 340 4577 ἀ
367 4543 493 4597 MSS.
535 4537 733 4597 Camb.
772 4537 834 4596 iet.
875 4537 979 4596 Joi.
1024 4537 1084 4595 et
1118 4542 1269 4595 Colb.
1312 4542 1421 4596 duo
1460 4537 1475 4598 ἐ
1519 4537 1706 4595 Omnes
1743 4541 1831 4609 qui

257 4611 428 4667 habent
461 4614 602 4681 quod
634 4614 811 4665 volunt
837 4629 941 4665 non
969 4615 1215 4665 continuo
1245 4626 1359 4665 sunt
1393 4614 1541 4666 beati.
1578 4612 1831 4664 Continuo

256 4693 415 4736 autem
435 4691 557 4737 sunt
579 4684 753 4737 miseri
778 4684 867 4751 qui
890 4684 965 4736 vel
996 4700 1096 4735 non
1124 4682 1309 4735 habent
1339 4684 1478 4752 quod
1503 4684 1700 4747 volunt,
1723 4694 1829 4737 etc.

324 4764 345 4824 ﬁ
377 4754 476 4808 Ms.
509 4754 672 4822 Reg.,
702 4754 859 4807 etiam
886 4755 929 4806 si
958 4769 1059 4806 non
1086 4764 1160 4807 est
1192 4754 1403 4824 adepta.

325 4821 343 4861 ί
375 4824 501 4879 Mss.
530 4821 782 4894 quatuor,
814 4824 951 4891 quod
972 4824 1111 4893 cupit
1141 4821 1385 4876 obtineat.

320 4901 345 4965 ξ
375 4897 502 4965 Mss.
535 4892 789 4965 quatuor,
811 4893 993 4965 injust}
1013 4896 1125 4965 sint,
1145 4894 1282 4965 male
1310 4903 1427 4947 vota
1448 4892 1631 4947 animi.

319 4961 346 4999 δ
375 4964 504 5017 Mss.
551 4960 906 5031 Camberutti,
945 4963 1179 5033 Theod.,
1219 4963 1374 5018 Colb.
1425 4965 1565 5029 duo,
1608 4970 1664 5018 et
1699 4960 1836 5029 Job,

260 5036 485 5101 Quorum
512 5036 602 5089 sit.

328 5102 340 5175 ξ
380 5104 563 5158 Editio
596 5104 756 5169 Ven.,
783 5102 934 5175 Nam]
953 5104 998 5157 si
1023 5106 1160 5175 ejus.

323 5173 339 5225 i
378 5175 480 5228 Ms.
514 5175 738 5244 Regius,
770 5190 870 5244 non
900 5173 964 5228 de
991 5171 1086 5226 suo
1109 5173 1249 5236 vitio,
1276 5171 1366 5227 sed
1396 5173 1460 5226 de
1480 5183 1722 5227 nostra...
1750 5176 1839 5227 sed

256 5244 325 5323 de.
350 5245 517 5323 ipsius
552 5243 714 5323 dono.
751 5243 851 5299 Ms.
897 5244 1241 5323 Cpib.__unu_§_.
1272 5245 1337 5323 de
1376 5244 1510 5323 άοζιρ
1550 5254 1755 5323 nostra;
1786 5254 1841 5298 et

259 5313 703 5381 initio,Diuinitas
733 5330 872 5376 vera,
901 5314 990 5368 ubi
1017 5315 1131 5379 alii,
1166 5314 1418 5367 Divinitas
1450 5313 1622 5376 Verbi,
1650 5330 1839 5383 quam-

259 5398 411 5452 quam
433 5385 537 5439 aiia
563 5401 723 5439 manu
743 5386 1001 5454 scriptum
1028 5384 1242 5449 haheat,
1268 5383 1444 5439 Verbi.
1475 5384 1600 5439 Mss.
1631 5383 1838 5439 Theod.

260 5462 310 5506 et
335 5454 465 5506 .Iol..
494 5455 587 5506 sed
619 5457 678 5506 de
699 5471 813 5506 suo.
848 5471 966 5506 oro.
993 5456 1055 5506 de
1082 5456 1268 5506 iusius.

260 5462 310 5507 et
335 5454 465 5521 Jol.,
494 5455 587 5509 sed
619 5457 678 5509 de
699 5471 813 5516 suo.
848 5471 966 5521 pro,
993 5456 1055 5507 de
1082 5456 1268 5525 ipsius.

262 5523 586 5648 ὁωξηξιῆὲη
628 5528 757 5581 edit.
802 5526 1063 5580 librorum
1109 5540 1140 5579 a
1181 5524 1428 5594 Lugdun.
1468 5533 1524 5579 et
1561 5524 1840 5595 deinceps,

262 5608 530 5649 immerito.

334 5661 350 5703 ι
384 5665 471 5720 Sic
504 5680 636 5720 mss.
669 5677 916 5737 quatuor.
942 5681 1166 5735 quorum
1195 5664 1302 5721 duo
1325 5664 1602 5730 absorbuit,
1634 5679 1732 5735 pro
1754 5664 1844 5719 ab-

1339 220 1891 281 EPIGIIAMMATUM
1933 220 2135 277 LIBER
2174 219 2374 279 UNUS.

3392 220 3495 278 5w

1836 349 1883 402 Α
1914 335 2130 392 Naturae
2160 343 2219 391 ut
2243 345 2443 390 nostra}
2466 334 2712 389 Christus
2738 349 3024 407 causaeque
3053 336 3406 408 Redemptor,

1981 426 2221 483 Mortalis
2249 428 2421 494 fieret,
2446 443 2549 481 non
2579 428 2827 483 minuens
2852 429 2993 498 quod
3022 440 3173 497 erat;

1910 518 2121 589 Perque
2148 518 2392 574 habitum
2418 520 2559 574 servi
2592 530 2842 576 vacuaret
2863 521 2984 591 jura
3017 525 3258 594 tyranni,

1983 612 2044 666 Et
2074 611 2276 667 lethum
2309 612 2457 667 letho
2478 612 2722 667 vinceret
2750 612 2779 650 ι
2811 616 3066 672 innocuo.

1911 702 2046 757 llinc
2077 702 2312 758 Verbum
2341 704 2491 757 carni
2520 704 2805 767 insertum,
2833 719 3158 775 carnemque
3186 718 3493 778 receptans,

1978 793 2091 849 Nec
2119 810 2178 849 se
2204 794 2483 850 confundit
2511 810 2759 865 corpore,
2789 813 2887 851 nec
2915 798 3151 867 geminat
3181 816 3198 854 :

1908 885 2000 941 Sic
2029 895 2272 940 naturam
2300 886 2534 942 hominis
2561 888 2760 943 virtute
2789 901 3019 959 augente
3046 905 3299 959 superna,

1983 978 2144 1033 Esset
2174 987 2230 1033 ut
2260 978 2314 1031 in
2346 993 2479 1032 vero
2506 979 2708 1034 lumine
2736 980 2913 1035 lumen
2946 984 3124 1035 homo.

1910 1068 2011 1137 Qui
2036 1070 2180 1125 vires
2208 1071 2397 1124 mortis
2428 1067 2449 1107 ι
2479 1084 2600 1125 cum
2630 1073 2752 1125 vita:
2780 1072 3058 1127 absorbuit
3088 1074 3313 1137 haustu;

1986 1161 2207 1215 Factum
2235 1170 2318 1216 est
2343 1170 2606 1217 aeternum
2634 1162 2779 1232 quod
2813 1164 2911 1216 fuit
2940 1164 3240 1219 occiduum.

2421 1254 2607 1309 LXVI.
2640 1253 2718 1309 De
2741 1256 2915 1310 eodem
2938 1265 2996 1310 ω.

1984 1344 2259 1400 Catholica
2281 1344 2413 1400 fides
2435 1346 2722 1401 Dominum
2746 1347 2928 1403 Jesum
2950 1347 3223 1402 Christum
3246 1359 3299 1403 et
3314 1366 3495 1404 verum

1912 1414 2104 1481 Deum,
2132 1424 2186 1471 et
2208 1431 2395 1470 verum
2421 1418 2690 1470 hominem
2712 1418 2883 1471 credit
2905 1427 2958 1472 et
2982 1420 3257 1484 pradicat.
3287 1420 3498 1475 Utrtttn-

1912 1502 2017 1558 que
2045 1488 2187 1542 enim
2213 1488 2473 1558 scriptum
2506 1497 2610 1552 est,
2644 1496 2701 1541 et
2735 1496 3025 1555 utrumque
3051 1504 3235 1544 verum
3264 1503 3367 1545 est.
3399 1494 3497 1558 Qui

1913 1556 2085 1612 Deum
2117 1557 2488 1611 tantummodo
2513 1559 2709 1611 asserit
2733 1558 3029 1627 Christum,
3062 1560 3380 1615 medicinam
3406 1556 3498 1617 ne-

1950 1635 2007 1680 at
2046 1642 2148 1695 qua
2191 1637 2409 1682 sanatus
2451 1638 2552 1681 est.
2592 1628 2691 1694 Qui
2742 1627 3015 1683 hominem
3061 1640 3267 1685 tantum
3304 1634 3501 1687 asserit

1961 1698 2211 1760 hristum,
2240 1701 2535 1767 petentiam
2574 1708 2731 1768 negat
2765 1714 2868 1767 qua
2900 1711 3114 1754 creatus
3147 1710 3253 1767 est,
3290 1714 3502 1757 utrum-

1910 1782 2205 1892 gueergo,
2239 1770 2421 1823 anima
2461 1768 2635 1823 fidelis
2671 1783 2735 1850 ac
2778 1780 2947 1849 recta,
2979 1772 3213 1839 suscipe.
3252 1772 3320 1826 Et
3365 1775 3502 1855 Dens

1958 1837 2160 1892 hrtstus
2207 1847 2311 1892 est.
2363 1851 2418 1892 et
2466 1840 2625 1892 homo
2671 1838 2921 1892 (.ltrtstus
2966 1852 3069 1892 est.
3112 1841 3274 1892 R52
3316 1843 3502 1892 ()naln

1958 1837 2160 1913 hristtts
2207 1847 2311 1913 est,
2359 1851 2418 1913 et
2445 1840 2635 1913 _l_tomo_
2671 1837 2921 1913 Christus
2966 1852 3069 1894 est.
3112 1837 3274 1913 653
3316 1843 3502 1907 Quali.-

1913 1908 2057 1962 Detts
2098 1906 2379 1963 Christus?
2421 1907 2668 1977 Equalis
2709 1909 2885 1969 Patri,
2937 1927 3101 1965 unum
3124 1906 3268 1966 ’(ςῖλῶ
3319 1906 3497 1967 Patre.

1912 1978 2097 2045 Qualis
2126 1979 2287 2033 homo
2316 1980 2599 2033 Christus?
2629 1979 2860 2046 Virginis
2889 1979 3052 2047 ﬁlius,
3085 1981 3287 2037 habens
3312 1984 3379 2039 de
3407 1985 3505 2037 ho-

1913 2052 2059 2103 mine
2086 2050 2491 2111 mortalitatem,
2521 2064 2624 2104 non
2653 2051 2859 2105 habens
2890 2051 3229 2120 iniquitatem

1915 2140 2164 2210 Quisquis
2190 2141 2418 2195 consilio
2443 2150 2646 2195 :eterno
2673 2144 2939 2195 contraria
2971 2146 3162 2208 sentis,

1988 2235 2051 2288 Et
2097 2234 2330 2289 Verbum
2353 2234 2406 2289 itt
2438 2246 2621 2289 nostra
2650 2250 2812 2289 carne
2839 2251 3062 2291 manere
3093 2253 3278 2306 nugis,

1914 2324 2115 2379 Divina:
2144 2325 2359 2394 pietatis
2387 2340 2524 2395 opus
2546 2325 2850 2381 dissolvere
2870 2327 3092 2394 quaeris,

1985 2415 2198 2485 Speque
2226 2431 2322 2471 sua
2351 2415 2608 2471 mundum
2643 2414 2934 2485 dispoliare
2976 2420 3149 2486 cupis.

1914 2507 2048 2563 Nant
2076 2507 2195 2577 quis
2218 2517 2446 2562 ventura
2473 2523 2795 2577 quemquam
2823 2509 3055 2563 salvahit
3076 2511 3143 2565 ab
3167 2512 3242 2565 ira
3267 2512 3289 2561 7

1987 2598 2189 2665 Quisve
2213 2597 2447 2652 hominis
2470 2598 2628 2666 primi
2658 2598 2887 2653 crimine
2909 2600 3049 2654 liber
3072 2601 3177 2655 erit
3203 2602 3226 2653 Ἰ

1918 2688 1977 2746 Si
2007 2689 2180 2744 deitas
2202 2688 2363 2743 Verbi
2391 2702 2496 2742 non
2521 2700 2721 2742 nostra:
2750 2698 2834 2745 est
2866 2690 3021 2743 insita
3049 2692 3220 2757 carni,

1987 2788 2015 2815 ιι
2045 2778 2153 2834 Aut
2176 2778 2424 2834 Christus
2454 2779 2572 2834 falsi
2595 2782 2840 2850 corporis
2867 2781 3059 2835 umbra
3090 2781 3234 2836 fuit?

1920 2880 1945 2909 ο
1975 2871 2106 2940 Quis
2123 2873 2337 2942 genitus
2360 2888 2494 2940 puer
2522 2883 2605 2927 est
2627 2873 2843 2929 intactre
2874 2874 3108 2944 Virginis
3135 2876 3257 2930 alvo
3288 2878 3310 2928 ’ξ

1990 2966 2120 3033 Qua:
2138 2974 2329 3021 natura
2361 2968 2514 3020 annis
2539 2967 2730 3035 crevit,
2762 2977 2815 3022 et
2841 2979 3000 3023 aucta
3040 2969 3175 3023 cibis
3204 2969 3226 3022 ?

1847 3083 1892 3146 Ο
1923 3059 1977 3114 In
2010 3076 2111 3129 qua
2141 3060 2292 3129 prole
2316 3070 2523 3129 patrem
2555 3061 2736 3115 mundi
2783 3076 2842 3115 se
2864 3060 3094 3116 credidit
3117 3060 3311 3116 Abram
3344 3064 3364 3115 ?

1997 3154 2196 3222 Quaeve
2218 3153 2338 3223 ejus
2367 3156 2531 3222 stirps
2562 3163 2643 3207 est
2673 3152 2854 3208 omnia
2885 3154 3229 3209 sanctiﬁcans
3254 3156 3276 3207 ?

2003 3256 2028 3296 ι)
2058 3245 2211 3313 Quod
2251 3248 2432 3315 regale
2469 3260 2637 3313 genus
2667 3244 2824 3299 simul
2851 3253 3009 3300 estet
3033 3245 3380 3313 pontificale?

1998 3350 2024 3390 ιι
2061 3340 2260 3407 Quisve
2298 3339 2437 3394 idem
2470 3338 2637 3391 David
2670 3336 2812 3393 filius
2835 3346 2890 3392 et
2915 3338 3198 3401 Dominus,

1930 3429 2139 3485 Peccati
2168 3428 2358 3491 servis,
2392 3437 2447 3483 et
2475 3429 2665 3482 mortis
2692 3428 2954 3497 compede
2980 3427 3200 3492 vinctis,

2005 3521 2173 3576 Unam
2199 3530 2282 3576 est
2298 3520 2547 3590 dignatus
2574 3519 2718 3574 ferr‘e
2740 3518 3069 3590 Redemptor
3091 3535 3249 3588 opem
3274 3520 3296 3573 ?

1929 3610 2029 3676 Qui
2064 3610 2233 3665 nostri
2287 3610 2501 3680 generis
2540 3624 2759 3663 carnem
2811 3625 2931 3663 cum
2972 3619 3144 3663 morte
3185 3618 3465 3678 receptans
3497 3652 3514 3677 ,

2000 3701 2189 3756 Nostra
2213 3700 2377 3763 hosti,
2408 3709 2465 3754 ut
2485 3700 2640 3753 nobis
2664 3703 2927 3765 vinceret,
2957 3698 3226 3767 opposuit,

1934 3790 1997 3844 Et
2025 3806 2189 3844 carne
2214 3799 2368 3844 exuta
2404 3830 2417 3853 ,
2448 3790 2816 3844 dominantem
2864 3791 3089 3858 perculit
3122 3790 3367 3845 hostem:

2002 3881 2306 3950 Utcaperet
2329 3882 2557 3949 palmam
2584 3879 2759 3949 prada
2789 3891 2997 3935 vestuta
3020 3895 3235 3935 novam.

1968 3993 2154 4049 LXVII
2185 3992 2204 4066 [
2234 3994 2377 4047 Alias
2406 3989 2544 4047 LXV
2641 4002 2663 4030 τ
2692 3992 2804 4059 Quo
2842 3993 2963 4046 odio
2985 3993 3193 4045 odiendi
3221 4004 3339 4046 sunt
3368 3994 3513 4046 mali.

2005 4108 2309 4163 Perfecmm
2357 4106 2543 4161 odium
2566 4105 2832 4175 esu-quod
2863 4106 3181 4175 necjustitia
3213 4123 3308 4161 nec
3333 4108 3517 4163 scien-

1856 4330 1905 4388 D
1932 4327 2156 4395 sorbuit,
2197 4328 2454 4394 scriptum
2488 4326 2711 4381 habent.
2753 4326 2853 4381 Ms.
2893 4322 3107 4387 Camb.,
3137 4328 3256 4388 quin
3285 4327 3401 4379 vita!
3429 4329 3521 4380 nb-

1933 4401 2127 4453 sorbuit
2156 4400 2366 4452 haustu.
2397 4398 2539 4453 Editi
2567 4412 2776 4461 omnes,
2808 4413 2899 4465 per
2925 4399 3040 4449 vita:
3068 4396 3327 4449 absorbuit
3358 4399 3515 4452 huus-

1933 4480 2059 4521 tum.

2006 4551 2043 4575 ιιι
2080 4539 2173 4591 llic
2196 4537 2248 4591 in
2280 4537 2531 4592 omnibus
2556 4536 2834 4591 codicibus
2866 4536 2955 4605 qui
2985 4535 3137 4589 nobis
3170 4550 3517 4593 occurrerunt

1934 4611 2085 4665 deest
2122 4609 2307 4663 titulus
2336 4623 2531 4671 novus,
2564 4619 2653 4660 aut
2684 4606 2971 4661 sententia.
3004 4605 3060 4659 in
3089 4607 3355 4675 aliquibus
3384 4609 3522 4663 indi-

1932 4678 2435 4751 gitaturdistiuctio
2462 4679 2640 4751 aliqua
2668 4693 2694 4728 a
2722 4678 3173 4751 prmcetiehtihus.
3205 4677 3263 4731 ltt
3294 4679 3523 4751 Canthe-

1936 4748 2152 4805 ξοπιεηεί
2184 4764 2286 4802 ms.
2322 4750 2509 4802 titulus
2536 4766 2549 4800 :
2580 4748 2657 4801 De
2684 4748 2881 4802 eodem.
2912 4748 3144 4802 Titttlutn
3174 4749 3523 4803 sententiam-

1936 4837 2040 4890 que
2068 4820 2340 4888 posuimus
2363 4834 2481 4888 quze
2509 4818 2561 4890 in
2594 4819 2734 4873 libro
2755 4821 3153 4890 Sententiarum
3180 4820 3235 4871 S.
3272 4820 3522 4887 Prosperi

1940 4888 2108 4958 magis
2135 4904 2436 4958 congruere
2468 4888 2580 4941 visa
2614 4901 2694 4943 est
2722 4888 2896 4944 nobis.
2936 4888 3189 4957 Idemque
3220 4891 3520 4957 praestitum

1939 4963 2009 5017 de
2033 4961 2295 5029 epigram.
2329 4959 2398 5029 5‘.)
2429 4959 2597 5029 etib‘O.

2010 5040 2038 5067 υ
2066 5028 2163 5085 Ms.
2187 5029 2317 5096 10L,
2350 5028 2418 5081 Et
2463 5028 2714 5083 Christus.

2012 5110 2038 5138 °
2070 5102 2146 5155 Ita
2178 5117 2306 5153 mss.
2341 5112 2569 5167 quatuor
2597 5116 2716 5154 cum
2750 5097 3038 5154 edit.Ven.
3066 5096 3173 5151 Alii
3196 5111 3317 5151 cum
3364 5098 3524 5153 editis

1940 5171 2185 5239 reliquis.
2220 5171 2321 5236 Qui
2351 5171 2549 5239 genitus

2017 5252 2045 5291 P
2074 5242 2199 5295 Mss.
2226 5252 2478 5311 quatuor,
2514 5242 2637 5304 Quis
2660 5240 2833 5311 regale
2855 5254 3009 5311 genus
3030 5242 3052 5293 ?

2013 5321 2041 5361 ς
2071 5312 2166 5366 Με.
2192 5306 2406 5374 Gamb.,
2444 5310 2668 5377 Quisque
2718 5306 2881 5363 idem.
2928 5309 3024 5360 Ms.
3066 5306 3315 5373 saliens,
3367 5307 3522 5373 Quis-

1942 5399 2039 5453 que
2068 5383 2209 5453 idem,
2224 5379 2392 5434 David
2420 5381 2666 5453 est_ﬁlt'us
2686 5389 2740 5453 et
2780 5377 3303 5453 Dominus._I’rintam
3330 5378 3491 5453 ittléa

1942 5446 2028 5506 bid
2083 5452 2450 5521 produxerant
2488 5446 2813 5505 Prudentius
2862 5459 2917 5503 et
2964 5446 3235 5513 Sedulius,
3265 5450 3523 5515 corripuit

1947 5524 2291 5577 Fortunatus.

2020 5602 2043 5631 τ
2071 5593 2199 5646 Mss.
2252 5591 2524 5646 Theudor.
2573 5601 2625 5645 el
2676 5589 2783 5644 Jol.
2831 5598 2886 5644 et
2911 5587 3065 5643 Colb.
3098 5585 3226 5653 duo,
3270 5585 3381 5654 Quo
3407 5586 3527 5642 odio

1949 5664 2074 5717 mali
2102 5661 2330 5715 homines
2356 5662 2456 5715 sint
2481 5660 2724 5715 habendi.
