3978 6178
344 213 444 269 521

416 333 476 387 1η
508 329 724 389 Christo
759 336 1048 406 meditans,
1079 341 1218 412 quod
1251 343 1400 412 cupit
1426 345 1712 402 acceleret.

341 422 554 478 Cedant
574 425 757 481 virtuti
783 444 1036 485 vanarum
1064 433 1337 488 obstacula
1369 449 1567 502 rerum,

416 513 495 569 Ne
526 515 713 583 perdat
743 519 849 572 voti
882 528 1122 589 tempora
1152 523 1295 577 lenta
1323 523 1471 578 ﬁdes.
1683 602 1690 606 ι

338 607 479 672 Quid
503 607 656 676 juvat
679 611 730 664 in
757 611 969 680 longum
1003 629 1189 668 causas
1212 617 1509 684 producere
1539 619 1747 673 morbi?

412 697 526 752 Cur
544 699 766 753 dubium
794 714 1071 770 exspectat
1098 720 1219 760 cras
1243 707 1497 762 hodierna
1526 711 1715 765 salus?

338 785 554 842 Scimus
580 791 844 846 correctis
873 796 1081 848 veniam
1115 811 1220 849 non
1251 811 1371 852 esse
1405 800 1723 870 nogandam,

410 880 519 936 Sed
547 882 681 936 nulli
712 896 954 939 nostrum
979 899 1060 940 est
1087 890 1270 942 ultima
1297 899 1420 944 nota
1447 891 1584 946 dies.

616 973 805 1028 Lxxv
835 975 1000 1047 [Alias
1030 977 1262 1050 Lxxn].
1295 980 1372 1034 De
1395 983 1575 1036 timore
1598 993 1644 1035 ι.

412 1063 602 1118 Omnia
641 1080 762 1134 quae
801 1067 1058 1121 timentur
1102 1072 1491 1125 rationabiliter
1538 1072 1919 1127 declinantur:

338 1131 366 1256 ἴ
398 1134 538 1216 Deus
563 1136 640 1189 sic
659 1131 940 1190 timendus
969 1149 1070 1204 est,
1103 1152 1158 1192 ut
1195 1139 1262 1194 ab
1305 1140 1423 1208 ipso
1453 1141 1519 1195 ad
1569 1144 1742 1210 ipsum
1795 1160 1925 1199 cou-

363 1214 596 1273 ugiatur.

340 1294 481 1350 Utile
507 1297 755 1366 prudenti
778 1308 861 1353 est
886 1301 1156 1356 mundana
1187 1302 1412 1358 adversa
1441 1319 1656 1371 cavere,

410 1386 477 1439 Et
507 1388 646 1455 quod
681 1399 703 1427 ο
731 1389 1006 1445 vitandum
1037 1394 1350 1461 prospiciat,
1385 1394 1590 1464 fugere.

336 1473 443 1529 Sed
471 1490 593 1529 cum
625 1479 831 1547 peccati
861 1483 1050 1535 merito
1083 1498 1271 1537 manus
1301 1483 1719 1554 Omnipotentis,

406 1565 597 1621 Omnia
626 1568 962 1625 concludens
989 1581 1157 1626 arctat
1180 1574 1375 1643 ubique
1401 1590 1550 1630 reum
1577 1593 1590 1630 :

335 1655 514 1711 Unum
540 1655 568 1694 ει
599 1658 903 1728 profugiunt
932 1670 1103 1716 tutum
1127 1672 1209 1718 est
1239 1663 1380 1719 Deus
1420 1665 1533 1733 ipse
1573 1666 1808 1733 timenti,

403 1749 570 1820 659
597 1752 638 1804 A
663 1766 768 1820 quo
796 1751 1098 1820 discedens,
1130 1770 1196 1809 ne
1222 1766 1425 1824 pereat,
1456 1758 1661 1814 redeat.

331 1838 589 1895 Couverti
620 1856 849 1912 namque
871 1844 937 1898 ad
962 1845 1244 1902 Dominum
1274 1849 1576 1904 certissima
1606 1851 1712 1906 vita
1740 1861 1842 1916 est,

406 1928 472 1983 Et
500 1945 684 1998 pacem
711 1931 900 1988 offensi
928 1950 1194 2003 quaerere,
1237 1938 1351 1992 sola
1383 1939 1553 2005 salus,

330 2020 435 2085 Qui
469 2029 653 2086 terret,
689 2023 891 2092 parcit;
923 2026 1012 2095 qui
1043 2028 1294 2095 percutit,
1326 2029 1442 2096 ipse
1467 2030 1730 2087 medetur.

404 2110 605 2166 Vivere
632 2114 735 2178 vis,
768 2115 843 2169 illi
871 2115 1120 2182 subdere,
1149 2135 1309 2188 quem
1342 2124 1555 2177 metuis.

521 2202 734 2258 LXXVI
770 2205 936 2279 [Alias
958 2207 1217 2282 LXXIII].
1251 2209 1330 2265 De
1360 2213 1651 2283 virginitate
1677 2227 1722 2270 ο.

406 2294 699 2379 Virginitas
728 2300 947 2378 .carnis,
985 2299 1004 2337 ί
1042 2316 1240 2370 corpus
1284 2302 1584 2372 intactum;
1637 2307 1919 2379 virginitas

329 2366 548 2435 animae,
576 2367 705 2421 fides
728 2369 1055 2437 incorrupta.

328 2457 525 2512 Carnis
549 2457 829 2528 virginitas
857 2462 1061 2518 intacto
1089 2479 1320 2532 corpore
1345 2466 1610 2528 habetur:

403 2550 694 2619 Virginitas
722 2553 915 2609 animat
945 2567 1028 2610 est
1057 2558 1378 2614 intemerata
1407 2561 1561 2628 fides,

327 2642 446 2709 Qua
471 2642 588 2697 sine
611 2646 860 2713 corporei
889 2645 964 2700 nil
997 2649 1216 2716 prodest
1239 2665 1366 2705 cura
1400 2653 1648 2722 pudoris;

401 2735 511 2790 Sed
539 2737 734 2790 mentis
766 2738 938 2806 pietas
963 2753 1120 2809 auget
1147 2752 1435 2814 utrumque
1463 2745 1682 2802 bonum.

494 2827 732 2883 LXXVII
758 2829 925 2902 [Alias
952 2831 1209 2903 LXXIV].
1239 2834 1317 2888 De
1337 2839 1491 2892 modo
1517 2840 1756 2897 habendi.

403 2918 576 3004 Multa.
603 2935 703 3001 nos
726 2922 777 2974 in
813 2919 1391 3004 facultatibusnostris
1425 2930 1624 3004 habere
1649 2937 1918 3004 superﬂua

331 2998 356 3035 ι
391 2989 761 3062 probabimur,
821 2991 866 3044 si
906 2996 1207 3048 necessaria
1241 2997 1352 3050 sola
1397 2989 1916 3062 retineamusiNiaiii

327 3074 464 3144 vana
489 3061 1269 3144 qumrentibusnihilsulficit;
1290 3077 1344 3122 et
1363 3070 1658 3126 alienorum
1678 3061 1914 3144 quodam
1940 3084 1984 3143 C

328 3129 494 3252 itmdt;
524 3140 764 3254 rgtentor
792 3142 897 3196 est,
948 3133 1038 3203 qui
1079 3129 1357 3205 profutura
1389 3129 1710 3212 pauperibus
1751 3129 1910 3204 inuti:

352 3209 453 3253 iter
496 3215 542 3252 ia
584 3210 659 3254 et.

352 3209 453 3253 IlCl‘
478 3209 659 3255 habet.

327 3288 576 3359 Magnum
620 3302 896 3361 peccatum
929 3305 1011 3350 est
1036 3311 1189 3353 amor
1236 3301 1622 3362 immoderatus
1652 3306 1909 3382 habendi,

401 3382 466 3435 Et
496 3382 616 3451 plus
637 3400 798 3453 quam
830 3387 950 3440 vita:
975 3387 1232 3455 sufficiat,
1261 3393 1504 3462 cupiens.

325 3470 459 3526 Nam
489 3473 634 3542 quod
660 3489 759 3530 nos
785 3477 969 3542 vestit,
1001 3481 1141 3548 quod
1174 3483 1365 3550 pascit,
1397 3501 1527 3542 cura
1556 3491 1766 3560 salutis,

399 3562 457 3618 Si
483 3564 638 3618 vanis
663 3565 733 3619 sit
763 3580 916 3620 mens
948 3567 1139 3634 libera,
1171 3585 1277 3626 non
1307 3586 1514 3630 onerat.

324 3652 384 3708 Si
410 3668 512 3723 qua
541 3655 703 3723 igitur
725 3669 1006 3723 superant,
1037 3675 1266 3728 quorum
1300 3679 1405 3719 non
1434 3667 1635 3738 indiget
1663 3690 1809 3737 usus.

395 3745 672 3801 Debilibus
697 3748 925 3816 prosint,
950 3759 1110 3817 atque
1136 3751 1324 3820 juvent
1345 3757 1553 3827 inopes.

398 3909 428 3978 ξ
452 3899 550 3952 Ms.
573 3900 761 3955 Camb.
786 3900 954 3968 addit,
975 3901 1108 3969 Dei;
1137 3921 1269 3962 mss.
1294 3908 1448 3966 Colb.
1478 3913 1586 3968 duo
1631 3930 1684 3972 et
1708 3919 1914 3978 Theod.

322 3971 551 4032 addunt,
581 3981 738 4023 recto.

398 4039 424 4078 δ
455 4040 553 4093 Ms.
586 4041 802 4105 Camb.,
835 4042 926 4098 Sic
955 4056 1125 4098 autem
1160 4047 1313 4102 Deus.

401 4121 424 4148 ε
457 4111 621 4173 Editi,
649 4112 910 4166 vitandum
937 4126 1034 4169 est.
1067 4117 1255 4174 Melius
1283 4136 1412 4176 mss.
1437 4125 1616 4192 plures
1639 4131 1911 4199 omittunt,

324 4192 424 4235 ιιι.
1278 4205 1284 4212 ’

399 4248 428 4287 ἀ
454 4249 748 4330 Mss._tres_,
781 4259 1095 4330 perfugium.

399 4331 423 4407 ς
452 4321 550 4407 bis.
583 4321 1096 4407 Crantbe'ronéddit,
1125 4331 1313 4386 anima:
1333 4344 1380 4386 et
1412 4340 1660 4407 corporis.

402 4389 424 4474 ξ
453 4392 579 4474 Mss.
607 4393 795 4474 Bamb.
823 4407 877 4452 et
906 4389 1140 4474 Regius,
1155 4410 1226 4453 est
1253 4389 1635 4473 corpus...r.iestv
1649 4389 1802 4474 ﬁdes.

400 4471 425 4508 ε
462 4462 801 4542 EditlAVenq
850 4462 1012 4542 mss:
1029 4462 1182 4542 Colb.
1235 4462 1373 4528 unus
1415 4489 1468 4529 et
1495 4462 1722 4542 Theod.,
1756 4462 1813 4532 ut
1853 4478 1906 4532 in

319 4540 560 4617 sentent.
587 4533 854 4617 80'supra,
881 4539 1226 4617 probabimur.
1254 4543 1393 4617 Edit.
1413 4546 1585 4617 Lugd.
1603 4559 1655 4603 et
1677 4533 1906 4612 L'ovan.,

324 4604 620 4681 probamur.
656 4604 822 4681 Duae.
866 4618 922 4662 et
958 4610 1172 4675 Colon.,
1218 4604 1524 4681 probamus‘.’
1558 4621 1686 4674 Mss.
1719 4619 1822 4674 λοι.
1855 4604 1910 4674 et

322 4675 539 4736 Camb.,
562 4675 907 4741 probabimus.

393 4743 423 4780 ιι
450 4744 526 4797 Ita
558 4759 689 4818 mss.
713 4756 970 4814 quatuor;
1005 4751 1202 4818 quibus
1232 4756 1490 4811 accedere
1516 4758 1727 4813 videtur
1767 4758 1901 4812 edit.

321 4813 487 4899 Ven},
521 4813 608 4866 ubi
634 4813 1124 4899 efpandenda,_pro
1162 4825 1494 4899 expendenda
1527 4829 1773 4899 legimus.
1803 4829 1906 4882 Alii

318 4884 843 4960 edi.ti_,_e;t:pediennda.
871 4889 970 4944 Ms.
1005 4884 1158 4958 Reg,
1184 4884 1485 4960 appetenda.

399 4952 415 4991 ί
445 4952 579 5007 Mss.
601 4955 708 5010 duo
728 4956 904 5019 Colb..
943 4962 1068 5024 Quae
1084 4952 1258 5015 itaut;
1274 4965 1468 5020 tribuit.

393 5035 408 5073 ι
451 5024 879 5100 Ά15.“Τιιςοά([ι·.,
932 5028 1006 5100 De
1040 5043 1259 5100 egestate
1303 5035 1536 5088 divitum.
1578 5038 1704 5093 Mss.
1746 5039 1903 5093 Colb.

315 5093 428 5170 duo
456 5093 752 5170 et_Camb.,
781 5097 859 5149 De
883 5093 1174 5167 iii/ferentia
1195 5104 1524 5170 divitiarum;
1547 5109 1672 5161 item
1698 5109 1904 5165 Jolieu-

314 5164 423 5248 slis,
447 5166 534 5233 qui
563 5176 740 5221 tamen
765 5183 832 5222 ex
865 5164 1013 5238 lapsu
1040 5172 1254 5239 scribae,
1279 5191 1377 5243 pro
1404 5164 1717 5248 divitiarum,
1746 5179 1908 5235 habet

314 5237 628 5289 divinorum.

385 5303 414 5342 ιι
445 5304 502 5359 ln
533 5306 632 5361 hac
661 5310 950 5372 sententia.
978 5313 1064 5367 ubi
1085 5314 1216 5368 mira
1255 5317 1395 5371 inter
1426 5319 1643 5374 codices
1667 5323 1903 5376 occurrit

313 5376 570 5455 varietas,
600 5378 767 5456 editio
797 5381 1036 5450 Lugdun.
1071 5395 1128 5456 et
1161 5389 1505 5455 posteriores,
1557 5402 1613 5445 ut
1640 5394 1691 5444 in
1727 5402 1899 5456 textu,

308 5445 460 5515 juxta
495 5454 816 5518 sententiam
859 5445 1018 5518 supra
1061 5445 1312 5510 85.'Mss.
1344 5445 1616 5514 Tlieodor.
1653 5471 1707 5516 et
1743 5445 1896 5516 (Ξυιυῖ

314 5531 472 5597 unus,
508 5515 573 5598 In
605 5534 788 5602 inagna
817 5515 1030 5602 egestate
1059 5535 1175 5602 sunt
1222 5528 1402 5602 diuites
1438 5532 1657 5599 justitite
1685 5549 1807 5602 apes
1848 5515 1899 5587 et

310 5588 578 5666 sapientia:
603 5588 864 5666 thesauros
890 5608 989 5644 non
1010 5593 1268 5666 habentes.
1296 5598 1421 5651 Mss.
1438 5588 1605 5655 'Colb.
1632 5588 1790 5666 alter,
1815 5603 1898 5656 Jo-

311 5657 520 5725 Iiensis,
549 5667 604 5713 et
632 5657 974 5725 Cambcron.,
1021 5664 1199 5720 divites
1221 5670 1440 5739 justitite
1490 5673 1686 5740 inopes,
1733 5657 1893 5727 etea-

597 5751 867 5814 Ρλτηοι.
918 5754 1014 5813 LI.

1472 233 2016 292 EPIGRAMMATUM
2060 234 2272 289 LIBER-
2305 234 2503 292 UNUS.
3521 237 3623 294 522

1958 351 2005 407 Α
2034 345 2288 416 Quisquis
2317 347 2459 401 enim
2486 345 2678 416 cupide
2699 345 2726 384 ιι
2749 363 2855 405 non
2884 351 3234 420 expendenda
3268 356 3541 424 recondit;

2111 437 2124 475 ἱ
2156 439 2286 506 Quae
2314 440 2447 492 nulli
2481 440 2686 505 tribuit,
2712 444 3035 510 pauperibus
3060 448 3255 514 rapuit.

2263 529 2528 584 LXXVIII
2559 529 2724 600 [Alias
2756 532 2986 604 LXXV].
3016 533 3029 585 ἱ
3070 536 3146 588 De
3172 537 3382 594 divitiis.

2104 619 2134 698 ιι-
2162 619 2218 673 In
2252 634 2454 698 magna
2479 630 2715 690 egestate
2754 626 3013 698 suntqui
3054 627 3123 698 de
3167 628 3452 698 iniquitate
3488 643 3617 688 sunt

2030 691 2223 744 divites
2249 708 2260 742 :
2282 690 2507 758 iustitia:
2540 705 2674 760 opes
2702 703 2752 746 et
2789 693 3064 760 sapientiae
3089 690 3368 754 thesauros
3389 717 3495 758 non
3521 704 3617 757 ha-

2031 760 2176 813 bent.
2207 759 2307 827 Qui
2337 771 2516 841 autem
2544 759 2562 799 1
2599 762 2824 816 Domino
2852 759 3116 844 serviunt,
3147 785 3206 822 ea
3243 771 3382 825 bona
3431 773 3615 844 acqui-

2030 839 2174 893 runt,
2203 845 2323 898 qua:
2349 831 2524 898 perire
2546 846 2649 884 non
2684 843 2930 899 possunt.

2027 918 2279 973 Terrenis
2309 919 2500 987 opibus
2527 935 2649 974 cum
2677 921 2828 976 dives
2852 924 3046 992 gaudet
3076 925 3313 997 iniquus,

2101 1008 2252 1063 Veris
2279 1024 2337 1063 se
2364 1012 2620 1064 miserum
2653 1013 2824 1067 nescit
2849 1028 3008 1083 cgere
3040 1018 3217 1073 bonis.

2029 1096 2161 1151 Nam
2186 1099 2311 1168 quid
2341 1100 2460 1165 erit,
2492 1099 2634 1169 quod
2662 1114 2767 1156 non
2800 1115 3076 1162 momento
3113 1111 3372 1179 temporis
3397 1128 3504 1168 uno

2099 1191 2332 1246 Perdere
2361 1194 2628 1247 mundana
2655 1195 2966 1251 conditione
2992 1202 3189 1268 queat?

2024 1292 2064 1319 ω
2087 1282 2179 1338 Cui
2212 1285 2360 1350 licet,
2393 1286 2633 1340 adversis
2654 1289 3012 1355 cessantibus,
3044 1293 3223 1347 omnia
3259 1308 3473 1364 parcant
3503 1315 3517 1363 ;

2094 1373 2238 1443 Lege
2261 1383 2438 1429 tamen
2466 1377 2658 1432 mortis
2682 1379 2751 1433 sit
2773 1378 3050 1436 faciendus
3075 1384 3250 1454 inops.

2026 1465 2095 1519 At
2120 1465 2260 1519 bona
2288 1466 2555 1535 justorum
2584 1469 2742 1524 nullis
2769 1471 2999 1526 obnoxia
3019 1473 3253 1543 damnis,

2095 1557 2312 1622 Hostes,
2341 1557 2502 1622 furta,
2546 1562 2722 1630 ignes,
2754 1572 2808 1615 et
2837 1578 2985 1618 mare
3012 1581 3114 1620 non
3147 1578 3412 1626 metuunt.

2032 1648 2304 1704 lndemnis
2333 1660 2511 1706 servat
2542 1654 2816 1722 pr0prium
2849 1658 3107 1723 sapientia
3139 1676 3384 1732 censum,

1954 1715 1998 1773 Β
2095 1749 2124 1778 η
2146 1741 2255 1797 Nec
2284 1743 2517 1812 perdunt
2544 1715 2797 1799 meritum
2829 1715 3034 1818 pax-que
3065 1715 3507 1823 fidesque—stium.

2026 1833 2215 1887 Omnis
2241 1835 2496 1889 virtutum
2529 1851 2743 1905 semper
2765 1838 3062 1896 substantia
3090 1844 3234 1900 salva
3260 1856 3363 1914 est,

2095 1925 2279 1981 Invitis
2307 1925 2505 1982 Christi
2531 1943 2752 1983 munera
2783 1944 2942 1985 nemo
2974 1934 3133 2002 rapit.

2099 2039 2260 2110 661
2289 2039 2507 2094 LXXIX
2539 2039 2705 2111 [Alias
2739 2042 2993 2114 LXXVI].
3032 2046 3108 2100 De
3135 2063 3253 2104 uera
3273 2051 3519 2109 bonitate.

2095 2152 2210 2206 Non
2235 2153 2432 2240 sufficit
2461 2155 2733 2240 abstinere
2757 2171 2784 2208 a
2817 2159 2990 2240 malo,
3026 2162 3126 2217 nisi
3159 2172 3186 2200 ο
3211 2165 3301 2240 fiat
3332 2173 3476 2240 quod
3509 2174 3604 2229 δη.

2025 2232 2284 2313 ηυφοεεῑ.
2331 2224 2401 2313 ξι
2438 2240 2621 2291 parum
2653 2236 2737 2282 est
2763 2229 2961 2284 nemini
2987 2246 3208 2301 nocere,
3235 2224 3598 2313 nisi'studeas,

2023 2294 2206 2348 multis
2235 2294 2511 2363 prodesse.

2024 2383 2226 2454 Dignus
2274 2385 2433 2442 laude
2459 2386 2675 2457 quidem
2705 2398 2828 2458 est,
2863 2391 3026 2450 vitam
3069 2396 3188 2454 sine
3235 2401 3462 2461 crimine
3501 2408 3599 2462 du-

2243 2491 2397 2542 cens,

2097 2568 2164 2621 Et
2193 2582 2543 2639 quazcumque
2571 2572 2672 2625 sibi
2703 2579 2729 2622 Ρ
2759 2585 2883 2630 sunt
2913 2578 3176 2647 nocitura,
3205 2598 3426 2642 cavens.

2024 2653 2130 2710 Sed
2158 2671 2263 2710 non
2290 2656 2392 2712 hoc
2419 2660 2588 2727 pietas
2613 2669 2864 2716 contenta
2897 2673 2978 2719 est
3008 2666 3177 2724 limite
3199 2673 3400 2739 claudi,

2095 2745 2205 2802 Nec
2229 2759 2256 2799 (ι
2281 2748 2449 2818 justo,
2483 2749 2661 2805 vetitis
2687 2752 3032 2823 abstinuisse,
3062 2768 3146 2814 sat
3175 2770 3280 2817 est.

2026 2839 2194 2908 Major
2222 2855 2352 2894 cura
2378 2841 2501 2895 boni
2533 2852 2635 2908 est,
2669 2842 2890 2899 fratrum
2923 2849 3165 2906 relevare
3187 2852 3422 2926 labores,

2100 2940 2122 2968 τ
2153 2932 2217 2985 Et
2238 2931 2381 2987 ferre
2410 2943 2649 3002 optatum
2677 2935 2916 2993 tristibus
2943 2943 3197 2999 auxilium
3231 2962 3246 2999 :

2029 3021 2258 3078 Pascere
2283 3023 2518 3093 jejunos,
2551 3025 2725 3081 nudos
2749 3029 2971 3095 vestire,
3006 3031 3196 3102 ligatos

2090 3112 2334 3180 Solvere,
2367 3115 2644 3171 discordes
2666 3119 2956 3176 conciliare
2981 3123 3103 3189 sibi,

2020 3202 2087 3256 Et
2111 3218 2462 3274 quaecumque
2492 3206 2740 3262 homines
2769 3209 2954 3266 miseri
2981 3213 3172 3270 solatia
3201 3231 3468 3291 quaerunt,

2095 3304 2116 3329 ι
2151 3292 2300 3361 Haec,
2339 3303 2396 3349 ut
2421 3296 2676 3363 possibile
2705 3307 2810 3364 est,
2842 3314 3091 3368 promere
3115 3306 3280 3362 corde
3302 3309 3412 3379 pio.

2026 3386 2044 3421 ί
2078 3384 2145 3439 Ut
2189 3387 2318 3441 recti
2352 3403 2481 3443 vere
2509 3387 2758 3457 cupidus,
2793 3406 3030 3462 vereque
3058 3394 3350 3468 benignus,

2093 3479 2222 3546 Quze
2253 3481 2392 3535 mala
2417 3491 2542 3535 sunt
2565 3481 2752 3552 fugiat,
2782 3498 2900 3554 qua:
2930 3485 3069 3541 bona
3095 3499 3219 3543 sunt
3247 3491 3424 3549 faciat.

2127 3592 2319 3648 LXXX
2346 3593 2514 3665 [Aliae
2541 3594 2828 3666 LXXVII].
2857 3605 2886 3633 ιι
2916 3596 2995 3651 De
3017 3601 3142 3654 mali
3171 3603 3492 3672 impunitate.

2091 3705 2351 3760 Peccator
2398 3721 2518 3760 cum
2554 3718 2737 3774 peccat
2763 3749 2776 3770 ,
2804 3717 2831 3746 ν
2878 3724 2983 3762 non
3016 3711 3136 3765 ideo
3165 3728 3192 3764 a
3227 3715 3451 3770 Domino
3496 3735 3600 3776 non

2018 3776 2275 3842 videtur,
2325 3777 2446 3845 quia
2495 3777 2636 3831 male
2685 3779 2892 3846 agentis
2931 3795 3085 3847 pinna
3129 3782 3372 3838 differtur
3419 3805 3433 3840 :
3485 3803 3604 3859 gra-

2025 3926 2523 3998 pientiietliesauros
2549 3944 2650 3981 non
2693 3928 2950 3984 habentes.
2981 3931 3207 3986 Easdem
3236 3950 3399 3991 voces
3442 3937 3604 3998 habet

2024 3996 2192 4069 editio
2207 3996 2364 4060 Ven.,
2392 3999 2484 4051 sed
2516 3999 2727 4050 diverso
2751 4002 2908 4051 modo
2930 4002 3238 4069 dispositas.

2102 4065 2246 4120 1M5.
2303 4069 2460 4120 Coll).
2509 4083 2646 4121 unus
2695 4080 2746 4123 et
2796 4065 3030 4132 Theod.,
3071 4071 3179 4127 Deo
3223 4077 3464 4130 serviunt.
3502 4081 3601 4136 Ms.

2021 4133 2231 4216 Camb.
2262 4154 2322 4190 ea
2361 4141 2489 4192 bona
2535 4141 2814 4208 requirunt.
2852 4141 2946 4196 Ms.
2987 4142 3140 4199 Colb.
3173 4161 3328 4212 unus,
3363 4133 3604 4218 qua:

2020 4222 2188 4274 perire
2212 4224 2312 4262 non
2340 4221 2568 4266 possunt.

2017 4346 2053 4397 Γ
2089 4277 2280 4398 l:Mss.
2316 4279 2512 4347 Regius
2552 4288 2606 4333 et
2634 4279 2961 4338 Tbeodoric.
2993 4284 3250 4340 eteditio.
3281 4285 3441 4356 Ven.,
3473 4289 3602 4346 Cum

2036 4362 2111 4398 tce
2140 4389 2152 4398 .

2036 4362 2152 4401 tcet.

1937 4405 1991 4466 D
2084 4425 2112 4452 ιι
2145 4417 2342 4495 Versus
2374 4417 2601 4495 hietqui
2637 4420 2689 4475 in
2727 4423 2937 4495 cieteris
2965 4424 3214 4495 omnibus
3242 4432 3604 4495 antepenulti-

2015 4501 2135 4539 mus
2167 4488 2380 4557 legitur,
2413 4491 2633 4548 ultimus
2664 4504 2741 4547 est
2772 4492 2824 4544 in
2849 4508 2949 4545 ms.
2980 4488 3420 4553 Camberonensi.

2089 4564 2133 4640 ο,
2171 4557 2540 4640 ὺςε.“(].εξιξιῐ).έ.
2563 4563 2741 4631 faciat.
2784 4562 2926 4640 Idem
2968 4578 3049 4640 ae
3071 4580 3170 4640 ms.
3213 4566 3341 4635 Reg.
3389 4581 3596 4640 postea,

2013 4625 2237 4679 studeat.
2281 4629 2460 4684 Editio
2500 4625 2659 4696 Véu.,
2693 4633 2978 4686 studeatur.
3013 4632 3236 4704 Reliqua
3280 4625 3596 4709 titsitpraiti

2055 4712 2123 4748 -χι
2167 4735 2183 4751 .

2015 4705 2062 4748 u
2085 4715 2253 4851 p_uMs.
2298 4781 2544 4839 quatuor,
2581 4771 2677 4825 sibi
2703 4772 2798 4825 scit
2835 4775 3109 4841 nocitura;
3139 4775 3269 4831 edit.
3299 4777 3457 4847 Ven.,
3495 4783 3597 4835 sint

2015 4849 2379 4982 "ogui‘t’aainss
2404 4910 2557 4982 Coll).
2589 4927 2728 4966 unus
2749 4921 2804 4967 et
2821 4913 3141 4968 Camberon.
3170 4916 3291 4982 Alii,
3308 4919 3485 4982 justie.

2089 4979 2277 5059 ’.Μελ
2320 4981 2472 5034 Colb.
2517 4981 2664 5046 duo,
2710 4982 2776 5037 Et
2805 4984 2937 5052 ﬁeri.
2999 4985 3097 5039 Ms.
3136 4979 3484 5053 Tbeodoric.,
3531 4990 3595 5043 Et

2012 5049 2272 5239 :szlss.
2304 5121 2558 5191 quinque,
2596 5121 2746 5178 Haec.
2788 5125 2890 5178 Alii
2913 5125 3145 5191 codices,
3186 5125 3304 5180 Hoc
3342 5137 3397 5181 ut
3424 5133 3592 5195 passi-

2045 5204 2060 5239 ι
2087 5204 2112 5239 e
2142 5200 2234 5239 €81.

2045 5200 2112 5240 tte
2142 5200 2234 5242 est.

2086 5259 2105 5292 ί
2133 5259 2230 5312 Ms.
2256 5260 2724 5322 Cainberonensis.
2753 5262 2817 5317 Et
2846 5266 2988 5319 recti.

2082 5335 2109 5362 “
2136 5329 2583 5411 'Mss..(‘.olb..duo_
2615 5335 2983 5411 etLl‘heodor._,
3029 5336 3103 5389 De
3143 5337 3449 5411 impunitate
3477 5359 3590 5411 pee-

2010 5401 2191 5477 eantis.
2237 5400 2335 5477 his.
2366 5402 2637 5477 .lolieusis,
2673 5403 2746 5457 De
2787 5405 2922 5477 mala
2955 5400 3274 5477 impunitate.
3309 5407 3404 5464 Ms.
3433 5400 3590 5465 Cinn-

2008 5470 2222 5541 beroti.,
2258 5471 2332 5541 De
2359 5473 2664 5538 impunitate
2685 5475 2944 5541 peccandi.

2075 5548 2102 5575 ν
2131 5539 2306 5614 Editio
2331 5541 2462 5614 Ven.
2491 5543 2627 5607 sola,
2667 5539 2780 5596 ideo
2804 5561 2836 5596 a
2867 5543 3085 5598 Domino
3129 5563 3230 5600 non
3258 5551 3456 5604 videtur
3480 5569 3496 5614 ,'
3535 5563 3588 5608 et

2005 5617 2124 5670 post
2166 5611 2368 5680 aliquot
2407 5612 2595 5679 lineas,
2629 5627 2757 5670 mss.
2800 5615 2957 5670 Colb.
2999 5615 3129 5682 duo,
3165 5622 3418 5691 correptio
3439 5611 3589 5676 dene-

2000 5688 2170 5746 gatur.

3080 5779 3154 5838 17
