4028 6176
458 242 562 299 59.3

1682 238 1738 293 S.
1784 238 2121 296 PROSPEIII
2165 237 2489 307 AQUITANI

3632 238 3741 294 52‘

460 360 575 411 vius
604 363 779 411 autem
809 355 862 411 in
891 369 1011 408 eum
1043 350 1371 415 decernitur,
1410 349 1496 403 cui
1527 349 1685 403 etiam
1719 349 1831 417 ipsa
1860 363 2041 405 eorre-
2071 352 2115 408 Α
2147 357 2361 401 aeternae
2387 357 2445 403 et
2470 349 2922 405 incommutabilis
2951 348 3209 419 veritatis,
3240 348 3265 387 ι
3286 352 3413 406 falsa
3438 354 3608 406 virtus
3630 362 3741 419 est,

461 429 569 482 otio
593 427 906 496 denegatur.

463 517 673 573 Gaudet
700 527 1064 583 transgressor
1090 522 1314 583 peccato
1344 513 1564 582 impune
1586 513 1785 581 petitus
1806 552 1822 575 ,

536 610 590 665 Si
613 623 717 664 non
749 609 976 662 infertur
995 606 1172 661 debita
1202 620 1358 675 pmna
1386 619 1499 661 reo.

464 698 573 756 Ceu
600 698 745 753 nulla
774 698 1048 753 oﬂ'endant
1080 698 1355 752 hominum
1402 696 1691 751 commissa
1718 695 2041 759 Tonintem,

535 792 645 844 Aut
673 789 848 858 aliqua
878 788 1088 842 Excelsi
1123 788 1365 841 notitiam
1390 787 1611 841 lateant.

464 880 571 934 Sed
602 878 889 934 vetitorum
916 879 1084 932 avidis
1107 877 1321 947 gravior
1347 885 1474 932 tunc
1503 878 1579 930 ira
1612 874 1844 930 timenda
1879 884 1981 946 est,

534 971 666 1028 Cutn
693 986 814 1026 sese
840 985 1113 1026 removent
1148 972 1368 1027 verbera
1398 970 1643 1042 justitiae.

462 1065 593 1121 Nam
622 1065 747 1136 quid
777 1066 878 1120 erit
906 1066 1098 1131 morbi,
1124 1065 1264 1133 quod
1296 1080 1399 1118 non
1431 1064 1793 1119 dominabitur
1824 1065 1918 1131 illi,

537 1167 563 1194 η
598 1158 697 1212 Cui
720 1172 911 1226 supera
942 1158 1197 1211 auxilium
1228 1158 1336 1221 jam
1370 1156 1632 1211 medicina
1666 1155 1867 1223 negat?

603 1243 823 1303 LXXXI
852 1247 1016 1319 [Alias
1047 1247 1347 1317 LXXVIII].
1379 1247 1453 1300 De
1480 1248 1669 1317 gaudio
1692 1245 1720 1283 δ
1744 1258 1901 1301 recto.

536 1340 651 1393 Non
680 1350 852 1407 potest
882 1355 1134 1406 umquam
1168 1338 1402 1392 fraudari
1444 1339 1890 1393 delectationibus
1916 1339 2047 1402 suis,

466 1410 553 1467 cui
582 1408 825 1463 Christus
856 1422 937 1462 est
965 1409 1235 1477 gaudium.
1268 1408 1491 1462 [Eterna
1526 1419 1547 1445 ε
1588 1410 1731 1462 enim
1763 1409 2051 1462 exsultatio

467 1488 553 1535 est
577 1495 695 1549 quae
725 1482 863 1533 bono
885 1480 1096 1532 laetatur
1122 1488 1346 1533 aeterno.

468 1569 674 1625 Felices
707 1568 819 1624 fere
849 1568 1068 1634 iaciunt,
1099 1583 1422 1637 semperque
1452 1570 1658 1631 beatos,

542 1661 616 1716 De
640 1676 768 1716 vero
797 1669 851 1716 et
877 1676 1089 1716 summo
1118 1660 1307 1729 gaudia
1338 1670 1459 1715 nata
1488 1661 1647 1716 bono.

472 1754 602 1810 Nam
632 1752 817 1807 mundi
843 1768 907 1807 es
938 1752 1129 1821 opibus
1155 1752 1332 1806 brevis
1361 1768 1423 1807 ac
1452 1753 1691 1822 peritura
1711 1755 1980 1824 voluptas,

539 1844 696 1899 Edita
731 1854 1001 1914 perpetua:
1025 1844 1231 1897 semina
1265 1845 1452 1898 mortis
1482 1846 1661 1902 habet.

467 1937 583 1993 Non
615 1937 821 2007 placeat
848 1938 1001 1991 vanis
1015 1938 1249 1991 animum
1279 1934 1306 1973 ἀ
1338 1940 1655 1995 submittere
1683 1939 1864 2007 rebus,

537 2029 919 2100 Pestiferisque
939 2031 1147 2085 avidam
1175 2039 1409 2085 mentem
1443 2042 1465 2068 ο
1498 2048 1726 2087 onerare
1752 2032 1903 2086 cibis.

468 2121 575 2179 Cor
603 2121 856 2176 mundum
886 2129 939 2175 et
968 2121 1183 2189 sapiens
1220 2120 1394 2175 fructu
1423 2123 1632 2175 virtutis
1658 2122 1855 2187 alatur,

538 2212 606 2268 Et
637 2210 835 2267 Christi
872 2213 925 2266 in
956 2220 1142 2267 nostro
1171 2224 1391 2282 pectore
1423 2220 1610 2280 regnet
1636 2228 1808 2276 amor,

467 2303 583 2370 Quo
613 2302 779 2358 semel
806 2303 1075 2371 impletus,
1105 2318 1393 2372 numquam
1424 2303 1742 2357 vacuabitur
1764 2304 1875 2358 illo.

537 2391 759 2448 λεῖαι-Μ
788 2392 971 2447 aeterni
1000 2392 1216 2446 numina
1245 2392 1408 2447 l'ontis
1448 2404 1627 2446 erunt.

497 2528 661 2602 663
688 2528 921 2585 LXXXII
957 2528 1123 2600 [Alias
1155 2527 1413 2598 LXXIX].
1453 2528 1592 2595 Quid
1618 2528 1877 2582 hominem
1911 2527 2017 2582 Deo

1148 2601 1364 2671 jungat.

535 2690 666 2755 Deo,
694 2690 783 2760 qui
810 2690 1007 2758 ubique
1032 2698 1136 2754 est,
1159 2703 1262 2760 non
1288 2688 1448 2753 locis,
1477 2689 1569 2743 sed
1596 2689 1927 2754 actionibus,
1963 2701 2054 2745 aut

467 2759 915 2831 longinquipaut
963 2759 1193 2831 proximi
1234 2773 1460 2831 sumus,
1492 2762 1615 2828 quia
1649 2761 1786 2813 sicut
1836 2770 2056 2831 separat

466 2828 869 2894 dissimilitudo,
894 2828 1095 2883 ita’nos
1125 2829 1197 2882 illi
1230 2828 1247 2866 ί
1278 2829 1559 2898 conjungit
1589 2831 1838 2884 imitatio.

467 2928 493 2967 Ι
521 2920 797 2978 Ambitum
827 2919 1011 2975 mundi
1042 2929 1210 2974 totum
1239 2919 1381 2973 Deus
1410 2920 1595 2989 implet
1623 2931 1678 2975 et
1707 2921 1892 2987 ambit,

535 3010 647 3067 Nec
672 3025 911 3083 praesens
937 3010 1031 3065 ulli
1058 3010 1253 3065 desinit
1280 3024 1401 3064 esse
1430 3010 1568 3065 loco.

466 3104 515 3162 Δ
540 3120 647 3174 quo
676 3104 997 3174 longinquus
1030 3101 1255 3157 multum
1284 3111 1397 3171 est,
1428 3102 1764 3173 nimiumque
1792 3113 2051 3171 remotus,

535 3195 788 3265 Quisquis
818 3195 1046 3251 sincera:
1076 3196 1193 3250 luce
1218 3203 1369 3250 caret
1396 3194 1518 3249 lidei
1545 3214 1558 3249 :

466 3282 631 3354 Cujus
658 3288 704 3340 sl
734 3287 921 3349 radiis,
951 3286 1170 3355 depulsa
1204 3294 1359 3340 nocte
1382 3287 1627 3353 nitescat,

540 3375 730 3431 Diviuo
755 3377 1011 3446 impletus
1040 3378 1239 3432 lumine
1269 3377 1451 3433 lumen
1483 3379 1606 3433 erit.

466 3465 585 3521 Non
617 3466 778 3535 igitur
804 3477 1066 3521 terrarum
1096 3467 1263 3533 orbis,
1295 3482 1401 3522 non
1426 3484 1642 3538 :equora
1675 3471 1823 3539 ponti

535 3555 681 3612 Invia
710 3556 935 3611 circuitu
963 3565 1088 3611 sunt
1116 3555 1360 3611 obeunda
1390 3572 1547 3628 vago,

466 3648 537 3704 Ut
566 3649 735 3718 possit
754 3665 930 3703 rerum
964 3648 1271 3703 dominator
1300 3658 1355 3705 et
1381 3659 1569 3707 auctor
1593 3651 1751 3719 adiri,

537 3738 566 3779 ¹ι
595 3740 766 3809 Quem
798 3741 998 3809 templo
1021 3740 1075 3795 in
1107 3740 1285 3796 cordis
1314 3755 1468 3797 mens
1497 3744 1580 3811 pia
1632 3758 1846 3814 semper
1872 3743 2049 3800 habet.

468 3835 512 3890 Δ
537 3849 643 3903 quo
672 3842 733 3889 ut
752 3833 1031 3891 dissimilis
1058 3833 1073 3871 ί
1111 3842 1248 3888 tetra
1278 3835 1331 3889 in
1359 3834 1575 3891 deserta
1602 3838 1825 3903 recedit,

532 3923 624 3977 Sic
649 3924 774 3978 vita:
802 3923 996 3979 merito
1021 3925 1294 3992 proximus
1320 3936 1403 3982 est
1430 3927 1642 3982 similis.

462 4029 724 4090 LXXXIII
762 4033 927 4105 [Alius
956 4034 1193 4106 LXXX].
1243 4037 1442 4111 Quadi
1480 4048 1589 4093 tota
1630 4042 1917 4111 inﬁdelium
1944 4047 2049 4100 vita

1073 4118 1334 4173 peccatum
1360 4110 1443 4160 sit.

529 4194 718 4251 Omnis
738 4195 1049 4269 Aiuildelium
1078 4198 1181 4269 vita
1228 4208 1504 4269 peccatum
1547 4212 1650 4269 est,
1687 4213 1740 4256 et
1787 4205 1916 4259 nihil
1962 4218 2044 4263 est

462 4264 660 4322 bonum
707 4265 825 4321 sine
851 4280 1063 4321 summo
1095 4264 1258 4321 bono.
1312 4267 1409 4322 Ubi
1456 4272 1598 4324 enim
1640 4264 1799 4328 'dewst
1838 4281 2037 4343 agnitio

530 4521 555 4547 ·
598 4511 696 4566 Ms.
737 4509 1084 4575 Theodoric.,
1130 4506 1226 4563 Cui
1254 4524 1392 4563 vera.

528 4579 555 4619 δ
594 4582 692 4655 Ms.
724 4580 978 4655 Joltensis
1015 4580 1494 4655 a_prit_na-manu,_
1540 4583 1695 4655 utili;
1734 4587 1801 4639 ab
1839 4598 2037 4655 altera,

460 4660 613 4707 recto.
639 4650 736 4704 Ms.
758 4650 947 4704 Camb.
973 4650 1138 4703 addit.
1170 4651 1223 4703 in
1251 4647 1452 4704 Christo
1472 4651 1665 4707 habito.

532 4732 555 4759 ε
586 4721 713 4774 Mss.
736 4728 867 4785 tres,
900 4730 1093 4772 autem.

525 4788 552 4827 ἀ
583 4790 711 4844 Mss.
737 4791 993 4859 quinque,
1014 4789 1327 4844 subnectere.

529 4871 553 4899 ο
586 4861 682 4914 Ms.
709 4860 928 4928 Regius,
963 4875 1173 4913 onerare
1196 4862 1353 4914 curis.

532 4930 550 4969 ί
586 4931 709 5005 Mss.
737 4940 965 5000 quatuor
994 4937 1047 5005 et
1068 4930 1199 4987 edit.
1242 4930 1395 5005 Ven..
1425 4934 1604 5005 jungit
1629 4935 1867 4992 imitatio.

526 5010 550 5048 s
585 5000 711 5055 Mss.
750 5008 976 5067 septem,
1005 4999 1217 5052 Omnem
1248 4999 1473 5054 habituin
1500 4999 1679 5057 uiuudi
1706 5015 1841 5059 totus
1875 5007 2033 5063 Deus.

523 5068 553 5108 ὶι
592 5071 689 5123 Ms.
722 5069 1009 5141 Joliensis,
1032 5070 1193 5136 Quem
1218 5073 1271 5123 in
1303 5074 1511 5141 tensplo.
1557 5074 1683 5129 Mss.
1726 5076 1882 5134 (λιιι).
1931 5091 2038 5133 tres

454 5142 706 5198 amittunt
742 5140 1175 5209 praepositionem
1201 5143 1273 5192 in.

530 5211 546 5249 ί
575 5209 671 5263 Ms.
702 5209 914 5271 Camb.,
939 5218 1087 5263 terra:
1109 5212 1163 5263 in
1190 5210 1415 5264 deserta.

525 5279 540 5331 i
579 5280 677 5334 Ms.
725 5280 1085 5347 Camberon.,
1124 5282 1307 5333 omnis.
1354 5280 1557 5337 Eodem
1607 5285 1768 5339 modo
1809 5287 2039 5343 habetur

452 5353 612 5407 etiam
643 5351 695 5404 iu
732 5350 862 5405 Ven.

520 5420 546 5461 ι
580 5421 703 5474 Mss.
737 5420 844 5491 duo
874 5429 922 5474 et
958 5419 1088 5491 edit.
1116 5418 1252 5475 Ven.
1274 5419 1458 5491 .Vfalsa
1492 5424 1645 5478 etiam
1684 5428 1842 5480 virtus
1876 5439 1947 5479 est
1983 5429 2034 5481 in

456 5494 651 5563 optimis
680 5490 926 5544 moribus.
959 5490 1056 5545 Ms.
1104 5491 1242 5545 alter
1270 5490 1450 5557 Colb.,
1478 5495 1610 5563 falsa
1642 5497 1791 5549 etiam
1823 5499 1890 5549 ibi
1931 5502 2031 5551 vir-

451 5571 531 5613 ινα
558 5570 652 5612 est.

527 5628 544 5666 ι
570 5630 666 5682 Ms.
692 5628 944 5685 Joliensis
972 5628 1119 5684 solus
1139 5631 1292 5685 aliter
1315 5630 1504 5691 habet,
1556 5636 1757 5691 sciliCet
1786 5656 1795 5687 :

2067 4529 2120 4588 D

2149 419 2309 471 etiam
2338 420 2391 473 in
2420 421 2640 486 optimis
2670 420 2930 475 moribus.

2149 512 2405 577 Quamvis
2453 512 2615 566 multa
2667 512 2868 566 homini
2913 520 3036 582 post
3082 513 3306 569 vulnera
3353 514 3521 583 prima
3552 528 3751 583 super-

2366 603 2495 666 sint.

2220 693 2350 761 Quae
2380 694 2541 747 vitam
2575 693 2714 748 hanc
2743 693 2939 748 iaciant
2971 694 3140 749 laudis
3170 694 3373 749 habere
3403 694 3569 749 decus
3599 712 3611 745 :

2158 784 2171 821 ¹
2209 785 2264 839 Si
2296 795 2473 839 tamen
2504 786 2721 854 ingenio
2752 786 2902 840 claro
2928 794 2983 840 et
3010 786 3288 853 probitatis
3317 786 3489 841 amori

2225 874 2366 931 Fons
2393 875 2533 929 desit
2562 876 2711 940 ﬁdei,
2740 875 2952 931 subdita
2980 876 3145 929 corda
3173 878 3351 942 rigans
3376 892 3393 940 ;

2152 964 2476 1021 Cunctorum
2507 966 2718 1035 frugum
2748 969 3032 1022 marcescit
3059 968 3249 1021 inutile
3270 982 3510 1037 germen,

2222 1059 2331 1113 Nec
2359 1058 2550 1113 fruitur
2578 1072 2706 1114 vero
2736 1060 2940 1114 lumine
2966 1058 3133 1112 falsus
3155 1059 3349 1113 honor.

2155 1150 2431 1220 lgnoratus
2456 1150 2599 1205 enim
2636 1152 2797 1215 De'us,
2828 1160 2884 1205 et
2914 1166 3018 1204 non
3050 1152 3253 1204 credita
3287 1152 3488 1221 virtus,

2222 1244 2351 1310 Quae
2382 1259 2503 1296 vera
2536 1243 2599 1296 ad
2629 1258 2896 1297 summum
2931 1245 3177 1314 provehit
3203 1255 3319 1299 arte
3349 1244 3571 1307 bonum,

2152 1333 2267 1387 Non
2294 1333 2419 1387 sinit
2450 1333 2577 1387 eniti
2608 1349 2769 1403 regna
2804 1334 2869 1388 ad
2901 1336 3141 1389 cmlestia
3167 1344 3424 1397 mentem.

2226 1432 2266 1460 ω
2289 1424 2630 1478 Obstructam
2659 1425 2828 1487 vanis,
2860 1425 3206 1494 occiduisque
3238 1441 3478 1495 gravem.

2154 1515 2367 1585 Perque
2392 1530 2579 1570 omnes
2604 1517 2764 1571 calles
2796 1527 2940 1571 errat
2964 1518 3224 1587 sapientia
3255 1517 3459 1582 mundi,

2227 1606 2293 1659 Et
2318 1605 2553 1660 tenebris
2582 1607 2749 1673 addit,
2781 1623 2899 1679 quae
2927 1610 3042 1663 sine
3066 1610 3187 1663 luce
3212 1608 3371 1676 gerit.

2365 1698 2630 1755 LXXXIV
2653 1696 2818 1772 [Alias
2850 1697 3113 1770 LXXXI].
3144 1709 3171 1736 τι
3200 1699 3277 1754 De
3301 1699 3530 1754 sabbato.

2230 1792 2365 1846 Msle
2414 1793 2657 1846 celebrat
2700 1793 2980 1845 sabbatum
3008 1833 3023 1857 ,
3065 1793 3153 1862 qui
3184 1792 3252 1846 ab
3295 1792 3548 1859 operibus
3591 1793 3748 1847 bouis

2157 1874 2329 1916 vacat.
2377 1862 2556 1916 Otium
2591 1872 2768 1915 autem
2796 1864 2865 1915 ab
2906 1863 3185 1931 iniquitate
3217 1863 3379 1917 debet
3406 1878 3527 1918 esse
3556 1878 3749 1932 perpe-

2158 1946 2301 1986 tuum
2328 1973 2344 1998 ,
2399 1933 2522 2001 quia
2554 1933 2694 1988 bona
2725 1936 3061 1989 conscientia
3104 1949 3212 1988 non
3258 1934 3557 2003 inquietum
3586 1976 3601 1999 .
3651 1934 3747 1987 sed

2156 2003 2503 2073 tranquillum
2531 2004 2659 2058 facit
2681 2012 2729 2058 °.

2155 2094 2270 2147 Non
2305 2107 2455 2149 recto
2473 2104 2650 2149 servat
2684 2094 2873 2164 Iegalia
2900 2094 3120 2149 sabbata
3148 2094 3318 2160 cultu,

2227 2184 2327 2251 Qui
2362 2185 2578 2254 pietatis
2604 2200 2740 2255 opus
2768 2185 2940 2239 credit
2971 2187 3023 2239 in
3056 2188 3137 2239 his
3162 2187 3407 2240 vetitum.

2160 2276 2311 2331 Nulla
2344 2278 2454 2331 dies
2478 2287 2629 2331 actus
2656 2278 2929 2330 hominum
2957 2292 3062 2331 non
3085 2278 3303 2331 damnat
3327 2277 3536 2346 iniquos
3564 2293 3579 2329 :

2229 2376 2260 2417 ιι
2285 2367 2474 2421 Omnia
2503 2368 2829 2421 conveniunt
2863 2378 3103 2437 tempora
3123 2368 3365 2435 jusdtiae.

2156 2458 2265 2513 Nec
2290 2468 2709 2528 corrumpuntur
2748 2459 3036 2513 virtutibus
3066 2460 3173 2514 otia
3203 2470 3384 2514 sancta
3420 2477 3433 2512 :

2230 2550 2459 2604 Tantum
2488 2566 2515 2605 a
2546 2552 2791 2619 peccatis
2816 2550 2980 2606 libera
3005 2553 3167 2605 corda
3196 2560 3408 2606 vacent.

2301 2639 2541 2695 LXXXV
2568 2640 2734 2713 [Alias
2766 2640 3048 2713 LXXXII].
3090 2641 3170 2695 De
3199 2658 3314 2696 vera
3343 2642 3594 2697 libertate.

2229 2730 2421 2803 Libera
2464 2746 2681 2801 semper
2704 2740 2790 2787 est
2819 2734 3051 2787 servitus
3083 2735 3222 2803 apud
3270 2734 3469 2799 Deum;
3495 2737 3598 2797 ,cni
3639 2751 3751 2794 non

2156 2802 2454 2855 necessitas
2484 2807 2668 2865 servit,
2705 2805 2797 2857 sed
2822 2805 3075 2858 charitas.

2154 2891 2318 2963 665
2357 2891 2604 2948 Libertas
2634 2894 2781 2948 nulla
2809 2904 2889 2948 est
2926 2896 3133 2962 melior,
3168 2895 3407 2965 majorve
3437 2906 3701 2966 potestas,

2231 2985 2398 3051 Quam
2428 2988 2631 3042 servire
2662 2988 2793 3051 Deo,
2824 2988 2911 3043 cui
2942 2988 3081 3042 bene
3109 2989 3276 3042 servit
3305 3002 3477 3042 autor.

2086 3085 2131 3147 (ζ
2163 3078 2377 3146 Absque
2401 3076 2533 3146 jugo
2557 3078 2726 3144 posita
2758 3088 2841 3133 est
2873 3078 3092 3132 ditionis
3119 3080 3289 3133 amica
3319 3079 3567 3133 voluntas
3600 3097 3615 3134 :

2232 3168 2361 3233 Quae
2390 3167 2533 3236 viget
2561 3166 2779 3232 aﬂ'ectu,
2813 3183 2918 3223 non
2946 3168 3115 3238 gemit
3145 3169 3393 3237 imperio.

2331 3257 2599 3313 LXXXVI
2624 3258 2790 3332 [Alias
2819 3259 3127 3332 LXXXIII].
3158 3258 3237 3313 De
3262 3260 3498 3330 superbia
3522 3270 3569 3312 (ι.

2228 3351 2347 3416 Quo
2372 3352 2601 3422 primum
2629 3353 2759 3406 vitio
2786 3364 3072 3422 superatus
3102 3363 3184 3407 est
3217 3354 3400 3417 homo,
3425 3357 3448 3386 τ
3484 3353 3587 3408 hoc
3622 3354 3750 3408 ulti.

2158 3435 2302 3473 mum
2336 3422 2519 3475 vincit.
2548 3420 2681 3475 Cum
2714 3420 2868 3476 enim
2899 3424 3076 3476 omnia
3127 3434 3339 3489 peccata
3381 3429 3745 3491 superaverit,

2158 3500 2339 3544 manet
2368 3492 2665 3559 periculum
2717 3510 2783 3547 ne
2832 3508 2985 3547 mens
3030 3494 3168 3547 bene
3197 3495 3297 3548 sibi
3339 3496 3551 3548 conscia
3594 3497 3645 3547 in
3689 3512 3754 3550 sa

2162 3562 2339 3628 potius
2364 3578 2519 3629 quam
2550 3564 2603 3616 in
2632 3563 2858 3617 Domino
2896 3564 3175 3633 glorietur.

2160 3650 2270 3717 Qua
2306 3652 2535 3720 primum
2568 3653 2621 3706 in
2650 3663 2875 3708 mortem
2908 3662 2994 3709 est
3019 3654 3179 3708 homo
3209 3653 3395 3723 pulsus
3417 3653 3605 3710 fraude
3632 3670 3753 3708 ma-

2375 3742 2535 3810 ligni,

2235 3832 2380 3886 Ilanc
2404 3833 2481 3887 illi
2511 3842 2804 3890 extremam
2828 3835 2965 3891 bella
2998 3843 3020 3872 '
3055 3845 3269 3905 peracta
3301 3847 3537 3892 movent.

2161 3921 2433 3978 Sublimes
2465 3934 2523 3979 ut
2550 3940 2671 3980 cum
2704 3926 2910 3995 palmas
2939 3928 3226 3997 clarasque
3252 3942 3478 3981 coronas

2232 4013 2551 4082 Stttttpserit,
2586 4026 2746 4085 atque
2775 4016 2983 4075 hostem
3008 4019 3307 4075 subdiderit
3342 4018 3596 4087 pedibus,

2158 4102 2349 4159 Virtuti
2378 4107 2604 4174 propria:
2635 4108 2759 4163 velit
2793 4110 3067 4179 assignare
3095 4108 3428 4178 triumphum
3448 4150 3463 4175 ,

2224 4194 2339 4249 Non
2373 4196 2624 4263 Domino,
2657 4199 2810 4268 cujus
2840 4214 3033 4254 munus
3059 4215 3301 4271 epusque
3331 4200 3448 4255 Iuit.

2145 4285 2200 4339 In
2229 4304 2333 4355 quo
2365 4303 2473 4342 uno
2504 4304 2717 4359 semper
2743 4302 2965 4362 superat
2991 4292 3084 4363 qui
3115 4308 3221 4347 non
3260 4301 3585 4363 superatur;

2268 4532 2320 4583 Si
2348 4546 2442 4599 no_n
2466 4536 2667 4599 ingenio
2690 4535 2841 4599 claro,
2865 4542 2917 4587 et
2943 4536 3198 4599 probitatis
3221 4536 3392 4597 amori,

2394 4595 2523 4644 Fons
2545 4596 2670 4646 adsit
2694 4595 2835 4656 ﬁdei,
2855 4595 2951 4648 etc.

2218 4675 2403 4748 llnMss.
2431 4682 2687 4748 quinque,
2722 4679 3031 4735 Obstrictnm
3063 4684 3229 4736 vanis.

2217 4753 2245 4781 ιλ
2270 4746 2395 4801 Mss.
2429 4746 2678 4816 quatuor,
2709 4751 2780 4804 De
2801 4752 3123 4805 observantia
3153 4751 3374 4805 sabbati.

2220 4824 2244 4851 °
2268 4816 2393 4872 Mss.
2421 4828 2527 4872 tres
2556 4832 2610 4873 et
2636 4820 2770 4875 Ven.
2801 4823 2966 4877 editio
2987 4822 3193 4877 addunt
3210 4825 3462 4876 animum.

2217 4896 2244 4934 Ρ
2285 4887 2383 4941 Ms.
2428 4887 2721 4943 Jnliensis:

2269 4977 2442 5027 Omnia
2462 4980 2668 5040 justitl'e
2692 4987 2912 5043 tempora
2936 4983 3248 5031 conveniunt.

2175 5078 2241 5189 ιιι
2272 5068 2401 5122 Mss.
2453 5079 2683 5139 quatuor
2731 5072 3067 5140 subjiciunt,
3120 5089 3272 5141 quam
3325 5073 3443 5126 boni
3494 5070 3743 5127 ultimam

2194 5149 2370 5189 ncunt.

2144 5149 2370 5193 vincunt.

2216 5218 2239 5244 τ
2275 5209 2372 5261 Ms.
2413 5208 2544 5273 λοι,
2588 5210 2681 5264 hoc
2722 5211 2791 5263 ad
2838 5212 3092 5266 uitimum.
3138 5213 3235 5267 Ms.
3278 5212 3579 5277 “inodora,
3629 5211 3735 5264 hoc

2143 5278 2378 5331 ultimum
2423 5281 2659 5333 vincitur.
2706 5281 2830 5334 Mss.
2875 5283 3030 5336 Colh.
3078 5283 3213 5350 duo,
3248 5286 3313 5335 ad
3345 5282 3581 5335 ultimum
3616 5286 3742 5333 virs-

2142 5357 2281 5399 ειιηι.

2217 5426 2239 5455 ³
2276 5419 2347 5471 Ita
2371 5419 2423 5471 in
2445 5419 2697 5473 omnibus
2727 5421 3002 5475 codicibus
3025 5422 3242 5487 nostris,
3271 5431 3467 5490 praeter
3487 5437 3588 5476 ms.
3616 5419 3737 5475 Ito-

2143 5488 2307 5556 gium,
2341 5490 2430 5557 qui
2461 5490 2617 5563 habet
2648 5501 2851 5563 parata,
2883 5508 2980 5560 pro
3015 5502 3252 5563 peracta;
3276 5488 3609 5561 suspicamur
3648 5505 3734 5544 ta-

2144 5574 2264 5612 men
2296 5574 2449 5628 pessc
2479 5561 2637 5614 aliter
2667 5561 2791 5630 legi,
2825 5561 3103 5617 nimirum.

2323 5648 2439 5698 Ilzec
2464 5648 2532 5697 illi
2558 5659 2839 5700 extremum
2864 5652 2992 5703 bella
3017 5661 3184 5715 parata
3208 5662 3385 5704 movet.

3986 5834 3989 5913 l
