3978 6178
258 251 360 307 525

324 366 441 432 Quo
473 365 723 436 dignante
755 380 969 421 manum
999 369 1251 434 subdere.
1282 388 1439 427 nemo
1462 377 1622 434 cadit.

289 452 573 510 LXXXVII
603 456 769 526 [Alias
805 456 1113 529 LXXXIV].
1144 458 1219 512 De
1253 462 1516 532 diligendo
1551 466 1713 521 Deum
1740 478 1786 522 ⁸.

318 545 430 628 Non
448 546 661 626 'poterit
704 545 938 628 hominis
970 548 1124 628 labor
1166 550 1327 619 finiri,
1358 555 1457 607 nisi
1501 557 1600 611 hoc
1642 558 1825 628 diligat

252 616 385 685 quod
412 617 460 669 ei
491 631 596 668 non
620 619 790 684 possit
818 617 1043 672 auferri.

253 705 501 773 Ancipitis
532 706 654 758 vitae
677 705 771 775 qui
800 707 884 760 vis
909 722 1169 776 superare
1198 709 1437 778 labores,

316 794 483 864 Dilige
512 795 656 864 quod
684 811 903 866 semper
932 812 1095 853 verus
1124 812 1335 858 amator
1365 804 1547 859 habet.

252 885 446 940 Instant
470 886 703 941 terrenis
733 887 927 944 infesta
957 891 1190 957 pericula
1221 893 1402 962 rebus,

315 975 548 1031 Fervent
579 991 676 1044 pro
704 977 915 1035 damnis
945 981 1127 1048 prmlia
1146 1026 1168 1057 ι
1193 998 1293 1053 pro
1313 1002 1397 1051 lue
1425 988 1607 1042 lucris.

252 1065 311 1121 Et
338 1066 470 1120 nihil
496 1075 581 1121 est
610 1067 750 1123 inter
778 1069 1015 1123 carnalia
1050 1083 1172 1127 vota
1202 1076 1465 1143 quietum,

312 1155 417 1211 Nec
448 1171 547 1225 pax
576 1158 850 1224 sollicitis,
880 1176 982 1215 nec
1004 1162 1197 1218 modus
1218 1176 1301 1219 est
1324 1168 1549 1236 cupidis.

246 1246 299 1301 In
328 1248 441 1302 solo
464 1256 548 1302 est
575 1263 729 1303 mens
752 1259 866 1303 tuta
897 1251 1028 1317 Deo,
1060 1268 1215 1323 quem
1242 1255 1486 1326 linquere
1513 1260 1721 1330 nolens,

310 1338 606 1406 Numquam
634 1340 737 1393 erit
762 1354 968 1395 artemo
994 1360 1098 1397 non
1134 1347 1391 1415 opulenta
1417 1349 1578 1404 bono.

310 1428 621 1484 LXXXVIII
652 1429 819 1502 [Alias
848 1432 1134 1506 LXXXV].
1160 1435 1238 1490 De
1266 1440 1577 1494 adulationis
1606 1443 1747 1497 vitio.

308 1519 650 1599 adulantium
686 1520 714 1559 ι)
748 1522 945 1599 lingua:
982 1524 1205 1599 alligant
1233 1529 1439 1583 animas
1479 1531 1529 1583 in
1566 1535 1818 1599 peccatis.

248 1588 474 1663 Delectat
501 1590 649 1644 enim
682 1606 745 1663 ea
778 1588 981 1660 facere,
1014 1588 1306 1663 in'quihus
1335 1614 1440 1652 non
1491 1588 1666 1655 solum
1716 1618 1821 1656 non

248 1659 491 1713 metuitur
536 1660 938 1729 reprehensor,
972 1665 1065 1719 sed
1112 1659 1270 1720 etiam
1312 1669 1559 1725 laudator
1586 1672 1819 1727 auditur.

254 1749 446 1819 Lingua
473 1751 794 1805 assentatrix
826 1752 1012 1807 vitium
1040 1759 1312 1823 peccantis
1339 1768 1581 1827 acervat,

306 1838 372 1894 Et
396 1840 720 1896 delectatum
747 1843 973 1898 crimine
1003 1846 1159 1901 laude
1186 1848 1332 1918 ligat.

241 1930 381 1984 Nulla
405 1930 554 1986 situt
578 1931 735 1999 lapso
764 1935 1079 2002 reparanda:
1105 1952 1237 1992 cura
1266 1940 1487 2006 salutis,

308 2020 579 2075 Blanditur
606 2023 749 2075 sonti
776 2021 903 2077 dum
937 2024 1270 2082 malesuasus
1297 2028 1488 2084 honor.

242 2112 417 2168 Libera
450 2111 519 2167 sit
545 2113 729 2183 potius
762 2129 864 2168 vox
895 2126 916 2153 ε
947 2120 1273 2172 correctoris
1301 2120 1492 2186 amici,

304 2206 530 2276 Serpere
552 2222 658 2262 nec
690 2205 835 2261 ﬁbris
861 2221 1002 2263 caeca
1026 2224 1232 2265 venena
1261 2213 1420 2266 sinat.

241 2294 266 2335 ⁸
294 2297 393 2353 Nec
412 2298 645 2353 credens
675 2298 869 2354 medici
900 2300 1078 2355 verbis
1104 2302 1379 2358 fallacibus
1403 2320 1566 2375 mger,

304 2388 463 2443 Noxia
495 2388 727 2443 laudatae
754 2389 978 2444 vulnera
1012 2393 1180 2459 pestis
1206 2403 1372 2450 amet.

244 2478 494 2535 LXXXIX
522 2478 695 2552 [Alias
732 2480 1047 2607 LXXXVI];
1079 2484 1155 2538 De
1184 2488 1492 2556 martyribus
1520 2504 1623 2541 non
1647 2490 1815 2557 bapti-

945 2569 1004 2606 ιιι
1032 2570 1094 2607 is.

945 2569 1094 2609 ισιιισ.

310 2650 332 2677 ο
361 2639 658 2714 quietiam
700 2653 1090 2714 nongpercepto
1116 2647 1542 2714 regenerationis
1577 2648 1810 2710 lavacro,

266 2726 334 2763 »τυ
364 2711 559 2765 Christi
589 2709 935 2766 confessione
979 2709 1307 2779 moriuntur,
1342 2725 1543 2771 tantum
1590 2720 1671 2774 eis
1713 2734 1809 2771 va-

245 2724 311 2830 iet
340 2777 358 2817 ί
387 2780 452 2830 ad
502 2781 774 2830 abolenda
820 2792 1057 2830 peccata-
1088 2793 1343 2830 mtantnm
1384 2790 1427 2830 sl
1465 2788 1809 2830 nlilammnmr

265 2791 311 2833 et
340 2777 358 2817 ί
387 2780 452 2834 ad
502 2781 774 2834 abolenda
819 2792 1058 2849 peccata,
1088 2777 1343 2852 quantum
1384 2790 1429 2840 si
1465 2788 1811 2844 abluerentur

242 2846 377 2905 fonte
403 2852 759 2920 baptismatis.

242 2939 293 2997 Si
318 2943 510 2997 mundo
541 2942 774 2997 moritur
795 2942 979 2998 divino
1009 2943 1153 3001 fonte
1180 2961 1491 3017 renascens,

300 3033 451 3105 667
482 3034 686 3104 Fitque
717 3049 886 3089 novus
914 3038 1043 3101 vita,
1073 3039 1163 3107 qui
1187 3039 1451 3108 sepelitur
1477 3056 1613 3110 aqua
1639 3061 1655 3097 :

245 3132 268 3171 ι
298 3124 536 3180 Fraudati
569 3141 682 3180 non
712 3134 840 3180 sunt
866 3140 1024 3182 sacro
1052 3128 1374 3198 baptismate
1406 3132 1635 3199 Christi,

303 3213 438 3270 Fons
467 3215 666 3284 quibus
696 3216 807 3285 ipsa
832 3217 917 3271 sui
944 3218 1224 3288 sanguinis
1251 3219 1392 3275 unda
1417 3220 1539 3277 fuit.

242 3301 299 3359 Et
326 3305 574 3376 quidquid
604 3307 745 3361 sacri
774 3307 878 3362 fert
904 3309 1131 3379 mystica
1156 3310 1326 3367 forma
1358 3311 1577 3383 lavacri,

301 3393 351 3451 Id
384 3406 548 3453 talum
576 3398 1015 3469 itnplcvitgloria
1046 3404 1311 3472 martyrii.

238 3481 321 3539 XC
344 3484 504 3557 [Alias
530 3486 878 3558 LXXXVII].
912 3489 989 3612 ge
1011 3492 1177 3610 sepia,
1213 3489 1239 3528 δ
1271 3509 1369 3561 qua
1396 3494 1549 3547 etiam
1570 3499 1707 3567 justi
1738 3501 1815 3551 in-

958 3576 1071 3612 tuen
1103 3600 1115 3612 .

958 3576 1115 3628 igem.

300 3645 503 3723 Iustitia
554 3658 762 3723 nostra,
809 3651 1055 3723 quamvis
1086 3668 1215 3723 vera
1252 3654 1342 3716 sit,
1378 3666 1597 3723 pr0pter
1629 3674 1813 3712 verum

240 3715 355 3788 boni
385 3720 542 3773 linem
582 3719 652 3772 ad
692 3715 851 3788 quem
890 3720 1143 3785 refertur,
1206 3721 1219 3759 ί
1263 3715 1438 3779 tamen
1473 3715 1616 3780 lauta
1646 3739 1729 3781 est
1761 3732 1811 3781 iu

239 3786 330 3843 hac
369 3790 471 3842 vita
493 3800 601 3860 ,7ut
633 3786 809 3860 potius
837 3790 1159 3846 remissione
1208 3803 1547 3860 peccatorum
1602 3810 1815 3853 constet

238 3870 384 3926 quam
418 3858 753 3927 perfectione
789 3860 1067 3915 virtutum.

240 3945 411 4015 Stagna
438 3949 658 4018 quidem
688 3948 741 4003 in
769 3950 951 4004 multis
974 3959 1059 4005 est
1088 3952 1402 4007 excellentia
1441 3958 1664 4020 sanctis,

300 4035 529 4104 Quorum
557 4041 572 4088 t
615 4037 823 4094 animos
845 4042 1027 4111 superi
1053 4043 1224 4112 gratia
1256 4044 1394 4098 roris
1424 4046 1538 4100 alit.

302 4201 337 4265 “_
354 4194 565 4251 Titulus
598 4196 686 4249 hic
723 4212 789 4251 ex
820 4195 1007 4253 Camb.
1053 4216 1156 4256 ms.
1192 4202 1439 4260 habetur.
1472 4206 1807 4265 Sententiam

238 4275 298 4344 ex
320 4263 459 4344 _l_il_)_ro
489 4268 890 4344 Sententiarum
914 4270 1047 4344 alias
1075 4270 1197 4337 I55,
1226 4289 1347 4341 quae
1370 4277 1545 4342 aptior
1568 4281 1678 4331 visa
1702 4263 1806 4344 est,

239 4331 547 4412 addidimus.
576 4336 636 4389 In
666 4336 825 4406 hujus
854 4341 1030 4407 capite
1050 4351 1165 4396 erat
1185 4331 1537 4410 stitnmaium,
1568 4346 1641 4400 De
1663 4331 1809 4403 la'bo:

483 4475 705 4563 litigio},
740 4477 918 4563 lingua
944 4480 1154 4563 alligat.

305 4552 327 4619 ξ
357 4544 455 4619 με.
488 4544 837 4619 Theodoric.]
871 4544 1199 4619 correp'toris.

303 4607 329 4650 ⁸
356 4614 451 4669 Ms.
481 4615 635 4670 Colb.
669 4607 850 4683 unusf,
886 4618 968 4672 Ne
986 4607 1183 4673 credas.

242 4688 349 4734 ιεηι.

308 4760 329 4787 ⁸
360 4752 483 4829 Mss.
512 4766 791 4829 quatuor,
825 4766 881 4811 et
923 4759 1053 4814 edit.
1082 4762 1240 4826 Vcn.,
1274 4762 1377 4829 Qui
1422 4742 1669 4819 nondum.
1705 4768 1803 4825 Ms.

242 4833 389 4883 unus,
422 4822 523 4889 Qui
564 4842 685 4881 non.

310 4889 329 4971 ξ
486 4896 684 4966 Regius
712 4906 768 4951 et
795 4898 923 4952 edit.
952 4899 1084 4954 Ven.
1118 4901 1321 4955 addunt
1354 4904 1457 4969 hic,
1478 4904 1661 4971 c/Iusio
1683 4924 1807 4959 san-

242 4976 421 5027 guunt.

308 5039 333 5107 ς
362 5031 542 5107 ξᾶὶιίο
571 5034 733 5101 Ven.,
763 5034 885 5089 Non
910 5051 1029 5092 sunt
1056 5042 1306 5107 fraudati.

306 5096 333 5137 ι
362 5102 485 5157 llaec
504 5107 685 5172 verba,
718 5096 820 5182 qua
849 5110 998 5161 etiam
1014 5096 1145 5181 justi
1167 5113 1412 5182 indigent.
1446 5114 1715 5170 adduntur
1737 5132 1807 5172 ex

243 5159 361 5251 gi...
402 5159 685 5251 _qu......_.'
711 5159 1805 5251 usus";“eanassaassns71t:

242 5236 581 5314 Tlteodoric.,
614 5244 691 5299 De
713 5247 919 5314 justitia
949 5260 1145 5305 nostra.

313 5307 329 5344 ί
363 5312 504 5393 ἓᾱὶι.
535 5307 689 5373 Ven..
713 5307 854 5367 tanta
876 5327 949 5371 est
980 5320 1033 5393 in
1056 5321 1149 5374 hac
1170 5321 1271 5373 rita
1296 5323 1574 5393 fragilitas,
1599 5335 1674 5391 ut,
1700 5337 1805 5381 etc.

244 5373 334 5468 Ila.
364 5380 516 5449 Reg.
536 5391 709 5465 tamen
743 5395 815 5437 est
830 5396 982 5468 tanta
1008 5390 1061 5441 in
1097 5373 1192 5442 liac
1225 5373 1327 5445 vit'a

244 5455 332 5507 tas,
361 5461 412 5501 ut
446 5454 605 5517 potius
633 5455 685 5506 in
714 5458 1035 5513 remissione.

310 5517 323 5564 ἱ
362 5519 483 5573 Mss.
518 5530 645 5581 tres.
677 5526 898 5578 animas.

309 5585 333 5659 ξ
364 5587 485 5642 Mss.
518 5595 770 5659 quinque.
805 5597 1041 5653 in'erm’s.

312 5646 446 5714 ‘Sic
475 5646 770 5731 disponitur
808 5646 1078 5724 versusvin
1116 5686 1243 5727 mss.
1278 5688 1373 5728 sex
1418 5685 1464 5730 et
1498 5677 1629 5732 edit.
1668 5676 1799 5731 Ven.

1221 4662 1234 4675 .
1271 4663 1283 4675 .
1320 4664 1331 4676 .
1383 4620 1559 4679 Noxia
1586 4629 1805 4681 laudan-

1349 258 1904 325 EPICRAMMATUM
1945 272 2148 332 LIBER
2188 272 2390 333 UNUS.

1838 4534 1892 4593 D

1915 5258 2134 5309 Nudum
2160 5259 2222 5311 de

3407 290 3514 360 818

1852 390 1900 447 Α
1930 382 2036 439 Sed
2072 386 2197 442 dum
2229 403 2385 481 mens
2410 393 2653 461 quaedam
2679 399 2879 467 patitur
2913 404 3051 458 mala
3086 412 3328 476 corporis
3355 413 3507 481 aegri,

2001 476 2069 530 Et
2094 493 2328 549 pugnam
2356 480 2383 521 ι
2413 483 2641 542 interius
2670 492 2937 547 exteriora
2970 510 3183 552 movent
3210 517 3225 565 ;

1928 564 2224 637 Numquam
2258 572 2329 627 ita
2354 576 2592 642 perfecto
2616 581 2826 649 capitur
2849 583 3072 641 victoria
3102 564 3245 646 bello
3269 632 3285 657 ,

2000 656 2138 737 Vera
2169 669 2227 715 ut
2252 675 2475 719 securus
2499 681 2630 736 pace
2652 669 2859 728 fruatur
2887 676 3069 733 homo.

1928 745 2071 802 Inter
2097 750 2374 809 discordes
2402 770 2580 813 mctus
2608 765 2852 831 contagia
2885 780 3128 839 serpunt,

2000 841 2224 911 Ipsaque
2255 847 2510 903 virtutum
2535 853 2725 920 gaudia
2756 857 2949 912 vulnus
2982 860 3205 919 habent.

1934 929 1950 967 ι
1985 931 2054 985 Ut
2080 932 2234 988 faciat
2264 940 2469 993 cunctis
2501 940 2658 1010 longa
2690 947 3019 1011 expetit-ntia
3051 963 3256 1020 notum,

2006 1024 2119 1076 Non
2152 1040 2273 1081 esse
2305 1028 2409 1083 hoc
2444 1031 2656 1098 plenam
2690 1045 2930 1105 tempore
2954 1041 3213 1109 justitiam
3245 1064 3260 1103 :

1928 1114 1986 1166 Ni
2019 1115 2277 1171 Dominus
2307 1122 2615 1178 miserando
2644 1125 2787 1181 lavet
2817 1130 3011 1186 delicta
3043 1150 3299 1202 suorum;

1998 1208 2061 1261 Et
2089 1209 2224 1263 dans
2252 1212 2510 1269 virtutum
2546 1232 2794 1286 munera,
2826 1222 2918 1277 det
2945 1228 3171 1281 veniam.

1928 1315 2042 1369 XCI
2070 1316 2232 1386 [Alias
2258 1320 2613 1397 LXXXVIll].
2645 1328 2777 1449 εἶβε
2801 1334 2969 1388 causis
2991 1335 3260 1407 incognitis
3290 1354 3501 1411 cperunt

2734 1417 2769 1451 ι.

2654 1416 2769 1452 uel.

2000 1456 2292 1538 Incognitis
2340 1464 2518 1538 causis
2560 1481 2780 1535 Operum
2827 1471 3171 1538 divinorum,
3219 1493 3325 1533 non
3373 1482 3502 1536 nihil

1926 1526 2195 1618 povimus,
2228 1545 2347 1584 cum
2381 1526 2725 1618 scimus'non
2757 1540 2875 1618 sine
2903 1526 3505 1618 rationev_l)mnipot'en-

1928 1604 2035 1649 tem
2067 1596 2278 1662 facere,
2321 1602 2463 1658 unde
2499 1606 2746 1676 infirmus
2777 1596 3495 1676 humanusaniinus-lratio—

1927 1679 2049 1719 nem
2078 1682 2185 1722 non
2212 1679 2389 1737 potest
2414 1674 2661 1730 reddere.

1856 1756 1898 1812 Β
1930 1757 2241 1813 Divinorum
2272 1776 2493 1830 operum
2524 1779 2763 1823 secretas
2794 1786 3015 1826 noscere
3043 1789 3233 1831 causas

1994 1847 2251 1903 Ilumanis
2282 1865 2389 1905 non
2419 1862 2502 1907 est
2528 1856 2779 1922 possibile
2800 1858 3048 1929 ingeniis.

1922 1938 2029 1992 Nec
2056 1941 2203 1995 nullo
2234 1952 2410 1997 tamen
2446 1946 2634 2000 intuitu
2658 1950 2966 2016 speculatur
2992 1964 3205 2024 operta,

1990 2028 2092 2095 Qui
2121 2032 2281 2087 multa
2308 2040 2367 2087 ut
2393 2034 2589 2089 lateant
2616 2038 2719 2091 scit
2745 2039 3009 2106 placuisse
3040 2044 3172 2102 Deo.

1919 2119 1975 2174 In
2000 2135 2105 2190 quo
2127 2136 2279 2177 mens
2301 2123 2503 2179 imbuta
2534 2126 2638 2182 ﬁde
2665 2130 2827 2185 simul
2856 2134 3036 2188 omnia
3066 2134 3249 2202 discit,

1990 2211 2198 2279 Perque
2226 2228 2449 2282 operum
2477 2219 2710 2284 Speciem
2735 2228 2762 2257 ιι
2791 2224 3011 2293 suspicit
3040 2227 3327 2295 artificem,

1922 2300 2237 2370 Fingentem
2270 2306 2430 2358 rebus
2463 2306 2680 2375 formas,
2705 2311 2845 2379 loca,
2880 2322 3144 2385 tempora,
3176 2327 3375 2385 motus,

1992 2392 2277 2459 Mensuris,
2306 2400 2567 2464 numeris,
2598 2403 3034 2476 ponderibusque
3062 2408 3195 2464 suis.

1918 2481 2158 2537 Scrutari
2191 2492 2215 2519 ο
2245 2502 2312 2540 ne
2349 2502 2478 2542 cura
2512 2505 2709 2559 procax
2739 2496 2991 2551 obstrusa
3030 2498 3266 2565 laboret,

1989 2572 2093 2625 Cui
2120 2586 2311 2629 cuncta
2343 2580 2393 2631 in
2420 2580 2636 2636 Christo
2666 2599 2847 2650 nosse,
2878 2597 2932 2641 et
2963 2588 3163 2644 habere
3188 2590 3365 2649 datur.

1925 2682 2060 2739 XCII
2091 2684 2259 2757 [Alias
2289 2687 2615 2814 LXXXIXJ}
2631 2692 2725 2818 Del,
2739 2713 2841 2750 non
2890 2699 3223 2770 desperandis
3249 2712 3279 2752 ι’
3322 2715 3503 2772 pecca-

2619 2780 2693 2817 ort
2730 2782 2809 2818 us.

2599 2772 2809 2820 toribus.

1989 2842 2226 2933 Nptinest‘
2246 2847 2638 2933 desperandum
2669 2855 2737 2910 de
2765 2858 2953 2933 malis,
2969 2860 3062 2914 sed
3106 2876 3203 2933 pro
3243 2862 3396 2933 ipsis,
3442 2868 3499 2921 ut

1920 2910 2061 3000 boni
2099 2913 2261 3000 fiant,
2305 2910 2599 3000 studiosius
2642 2910 3069 2994 supplicandum.
3108 2910 3494 3000 ﬁliifilii-.83

1919 2997 2014 3063 rus
2043 2997 2351 3041 sanctorum
2381 2990 2447 3044 de
2479 2990 2949 3065 numero'semper
2976 3013 3058 3053 est
3107 2990 3294 3058 auctus
3330 3013 3359 3055 ιι
3398 3006 3504 3059 im-

1923 3067 2156 3119 piorum.
2474 3104 2477 3107 .
2526 3102 2531 3106 .

1844 3105 1887 3165 Ο
1924 3140 1994 3196 Ut
2022 3144 2212 3199 morbo
2254 3155 2278 3184 ι’
2310 3153 2586 3217 oppressis
2618 3157 2915 3221 prmstauda
2948 3168 3032 3213 est
3058 3173 3184 3214 cura
3211 3162 3483 3233 medendi,

1996 3234 2177 3290 Donec
2205 3238 2256 3291 in
2282 3248 2485 3308 :rgroto
2511 3256 2740 3312 corpore
2767 3246 2872 3300 vita
2905 3260 3088 3305 manet
3113 3268 3129 3316 ;

1922 3324 2013 3379 Sic
2042 3330 2241 3395 pravis,
2274 3331 2438 3384 multa
2471 3343 2525 3386 ct
2554 3334 2808 3407 vitiorum
2840 3338 2983 3394 mole
3010 3344 3266 3411 gravatis,

1990 3417 2156 3489 669
2190 3420 2507 3476 Sanctarum
2538 3427 2708 3493 pietas
2734 3439 2817 3483 εει
2844 3429 3151 3487 adhibenda
3181 3448 3429 3503 precum.

1921 3506 1991 3563 Ut
2020 3508 2146 3564 dum
2176 3513 2437 3580 possibile
2468 3525 2551 3570 est
2580 3519 2775 3571 mutari
2807 3521 2971 3574 corda
3006 3524 3295 3589 malorum,

1996 3599 2286 3658 Horrescet
2312 3606 2487 3659 noctis
2514 3606 2669 3661 devia
2692 3609 2826 3663 lucis
2856 3625 3030 3677 amor,

1893 3691 2320 3762 -Conversisque
2351 3713 2543 3752 novam
2576 3710 2813 3754 mentem
2841 3702 2932 3757 det
2960 3704 3130 3773 gratia
3155 3705 3382 3773 Christi.

1988 3785 2101 3850 Qua
2133 3785 2269 3839 fiunt
2297 3789 2544 3844 homines
2566 3792 2899 3859 justilicante
2931 3794 3079 3848 boni.

1918 3894 2075 3951 XCIII
2115 3897 2281 3970 [Alias
2326 3901 2459 3974 XC].
2494 3912 2516 3939 ⁸
2538 3904 2615 3959 De
2650 3910 2940 3976 quwrendis
2977 3912 3233 3978 praesidiis
3269 3914 3323 3966 in
3362 3931 3507 3985 pacet

1988 3988 2044 4041 In
2068 3992 2458 4065 tranquillitate
2491 3997 2638 4061 pacis
2666 3999 3178 4065 comprehendenda
3205 4014 3288 4057 est
3310 4005 3509 4061 doctri.

1917 4072 1983 4111 na
2009 4061 2307 4129 sapientiae,
2337 4079 2456 4133 quas
2487 4066 2627 4121 inter
2655 4061 3063 4124 tribulationum
3095 4072 3337 4130 turbines
3366 4076 3509 4130 difti-
3576 4134 3579 4135 ν

1921 4219 1976 4273 In
2008 4221 2127 4277 aliis
2160 4239 2304 4289 vero,

2104 4342 2168 4393 Ut
2190 4343 2329 4394 faciat
2354 4352 2516 4395 notum
2538 4348 2681 4411 longa
2707 4352 3023 4410 experientis
3047 4356 3253 4403 cunctis.

1990 4495 2028 4560 ξω
2059 4487 2184 4541 Mss.
2218 4499 2346 4554 tres,
2395 4491 2469 4543 De
2507 4493 3008 4560 incognoscibilibus.
3042 4499 3249 4552 Titulus
3291 4508 3406 4553 erat
3452 4503 3504 4557 in

1918 4554 2034 4610 aliis
2064 4569 2155 4611 aut
2187 4560 2395 4637 nullus,
2420 4571 2508 4612 aut
2536 4554 2645 4637 hic:
2676 4562 2752 4637 De
2771 4567 3263 4637 causisincognitis,
3291 4554 3503 4625 addidi;

1918 4641 2037 4705 mus
2062 4629 2415 4705 o_p_erungei.
2443 4646 2507 4683 ex
2549 4632 2816 4705 prioribus
2847 4629 3026 4690 verbis
3068 4629 3375 4705 sententiae,
3410 4641 3499 4696 hic

1917 4709 1968 4750 et
2003 4699 2055 4749 in
2089 4699 2226 4750 Iihrn
2259 4702 2502 4753 Sentent.
2535 4712 2675 4754 seut.
2711 4701 2829 4756 171.

1991 4775 2016 4845 _"
2037 4768 2194 4845 ’Διί-δἐι
2224 4769 2388 4834 editi,
2429 4772 2939 4845 suscipitarti/icem.
2976 4777 3099 4831 Mss.
3133 4787 3384 4845 quatuor,
3416 4796 3506 4835 stt-

1920 4838 2089 4913 sp’cit,
2122 4838 2173 4891 id
2203 4850 2316 4902 est,
2342 4842 2605 4913 conspicit
2635 4851 2688 4895 ct
2726 4838 3023 4913 cognoscit.
3056 4838 3343 4903 Invisibilia
3370 4838 3505 4904 enim

1922 4906 2016 4958 Dei
2042 4918 2341 4986 mercatura
2358 4906 2555 4986 ’φυὴάὶ
2585 4928 2674 4986 per
2703 4930 2761 4966 ea
2786 4906 2902 4984 qua:
2928 4918 3065 4986 facta
3088 4927 3209 4971 sunt
3245 4918 3502 4975 intellecta

1920 4979 2325 5046 conspiciuntur.
2358 4978 2511 5033 Rom.
2543 4995 2583 5047 ι,
2616 4983 2705 5036 ﬁt).

1989 5056 2014 5080 «ν
2046 5047 2172 5105 Mss.
2206 5056 2434 5117 quatuor
2465 5050 2682 5117 habent,
2729 5070 2792 5107 ne
2821 5070 2942 5108 cura
2990 5073 3198 5122 procax.
3235 5059 3364 5125 Alii,
3412 5071 3503 5115 nec

1915 5132 2060 5170 cura.

1986 5197 2012 5235 ι’
2034 5186 2140 5270 με.
2169 5187 2465 5270 Τὴοοὰοτ..
2489 5192 2671 5270 _r_nalis.
2698 5192 2795 5248 Ms.
2822 5195 2953 5261 .Iol.,
2993 5197 3143 5261 Quod
3178 5213 3280 5251 non
3322 5201 3505 5270 ἀείρεο

2244 5263 2613 5329 peccatoribus.

1986 5335 2013 5375 tt
2041 5327 2138 5380 Ms.
2164 5327 2510 5395 Theudoria”
2542 5342 2888 5396 peccatorum.

1991 5407 2011 5434 ι’
2046 5396 2171 5469 _M_ss.
2199 5402 2454 5469 quinque,
2495 5403 2726 5458 obsessis.

1991 5476 2029 5547 ³.
2048 5466 2174 5547 Mss.
2198 5466 2428 5547 trcsL'De
2450 5473 2833 5547 tranquillitate.
2857 5473 3095 5547 Quartus
3118 5476 3265 5532 addit
3289 5494 3494 5547 vocem,

1917 5539 2076 5620 pacis.
2106 5537 2388 5620 Alter.,‘l_)e
2417 5537 2735 5620 providentia
2760 5537 2934 5620 pacis.
2962 5547 3168 5620 Itcliqui
3192 5591 3205 5615 ,
3244 5548 3319 5603 De
3347 5537 3490 5620 quas:

1914 5606 2086 5660 rendis
2112 5609 2385 5688 prwsitlris‘,
2409 5613 2494 5663 cui
2524 5606 2770 5667 additum
2789 5629 2817 5669 a
2851 5617 3003 5671 nobis
3031 5617 3081 5671 in
3100 5606 3229 5688 pace
3249 5634 3315 5676 ex
3343 5606 3497 5676 titulo

1917 5687 2053 5731 sent.
2088 5691 2249 5745 supra
2283 5680 2409 5735 “>9.
