4028 6176
397 297 497 351 527

575 451 1149 549 ﬁfaé'siaii'fij'uaéJJon
1180 462 1378 520 t'uerint
1404 459 1459 513 in
1491 469 1621 527 pace
1650 451 1898 523 quaesita.

397 598 529 656 Dum
556 609 662 650 non
702 589 1020 661 perturbant
1049 546 1620 638 animum'discrimina
1656 562 1865 628 mundi,

467 660 711 753 Dumque
737 681 881 736 diem
910 676 1059 747 pacis
1086 670 1271 743 praelia
1314 664 1461 721 nulla
1494 672 1533 753 ι.
1553 660 1838 729 premunt;

398 780 664 834 Exercere
695 771 855 825 fidem
881 764 1081 822 divinis
1115 757 1368 816 convenit
1402 750 1587 816 armis,

466 863 817 932 Consilioqne
846 872 1033 914 omnes
1065 852 1362 921 anticipare
1387 844 1582 900 minas.

394 954 764 1026 Tranquillam
790 961 845 1006 et
873 948 1019 1005 curis
1058 956 1281 999 vacuam
1314 933 1577 1008 sapientia
1608 934 1843 985 mentem

466 1047 494 1088 δ
521 1014 751 1109 Imbuet,
776 1052 829 1097 et
860 1037 1056 1109 placidi
1087 1032 1322 1105 pectoris
1348 1029 1548 1097 hospes
1573 1020 1695 1078 erit.
1754 1014 1757 1016 ’

397 1140 530 1197 Nam
555 1136 700 1207 quod
726 1149 837 1189 non
874 1130 1035 1186 fuerit
1063 1133 1385 1194 conceptum
1423 1115 1589 1173 corde
1618 1111 1802 1183 quieto
1820 1149 1836 1175 ,

468 1228 687 1302 Acquiri
715 1229 769 1282 in
799 1238 942 1281 saevo
972 1220 1192 1276 turbine
1228 1230 1335 1271 non
1365 1209 1584 1282 poterit.

467 1340 627 1400 XCIV
666 1338 832 1410 [Alias
868 1332 1023 1403 XCI].
1061 1342 1105 1412 ε.
1128 1326 1372 1449 De‘bonis
1406 1336 1520 1392 qua:
1549 1332 1694 1373 nemo
1723 1312 1909 1367 amittit

762 1428 765 1429 ⁷
1091 1416 1191 1449 mm
1218 1414 1298 1449 us.

762 1428 765 1429 ⁷
1091 1414 1298 1453 mimus.

470 1510 656 1564 Potest
695 1503 857 1556 homo
896 1497 1101 1564 invitus,
1137 1479 1742 1564 ainittereutemporalia
1794 1474 1978 1536 bona;

402 1554 867 1648 numquam—vero,
890 1567 990 1621 nisi
1023 1562 1232 1627 volens,
1268 1554 1445 1628 perdit
1475 1563 1697 1607 acterna.

404 1644 572 1727 Omne
600 1668 797 1723 bonum
820 1659 1020 1715 mundo
1046 1658 1383 1714 concretum,
1411 1654 1469 1701 et
1499 1652 1741 1711 tempore
1770 1644 1980 1706 partum

477 1761 826 1829 Quacumque
856 1748 1027 1806 amitti
1054 1743 1362 1801 conditione
1393 1742 1591 1807 potest.

406 1852 433 1892 δ
553 1824 797 1919 quamvis
821 1841 1035 1897 damnis
1064 1836 1347 1906 vigilanter
1370 1843 1499 1885 cura
1530 1824 1767 1889 resistat,

475 1944 633 2011 Saepe
663 1948 839 1993 tamen
877 1930 1111 2002 propriis
1148 1924 1471 1994 dispoliatur
1500 1919 1681 1973 homo.

408 2041 479 2094 At
504 2036 679 2096 bona.
712 2043 831 2100 qua:
858 2040 984 2081 vere
1014 2024 1151 2077 bona
1190 2027 1347 2080 sunt,
1378 2028 1479 2069 nec
1506 2012 1612 2065 ﬁne
1640 2015 1912 2068 tenentur,

479 2125 707 2192 Semper
729 2096 921 2180 habet,
948 2111 1192 2183 quisquis
1214 2119 1426 2174 semper
1452 2102 1653 2156 habere
1675 2096 1843 2165 cupit.

412 2216 522 2273 Nec
548 2189 652 2269 vim
684 2210 825 2265 ferre
856 2211 1034 2275 potest
1065 2210 1089 2237 ε
1121 2198 1339 2253 Christo
1369 2194 1594 2249 subnixa
1625 2189 1889 2252 voluntas,

482 2309 540 2363 ln
569 2318 676 2374 quo
708 2297 1004 2369 persistens
1041 2290 1222 2346 omnia
1259 2286 1426 2341 vincit
1464 2296 1633 2337 amor.

517 2371 656 2453 XCV
696 2391 862 2465 [Alias
887 2382 1069 2453 XCII].
1105 2382 1181 2435 De
1214 2377 1449 2432 remediis
1482 2371 1884 2428 tribulationum.

484 2458 740 2543 Fideliter
767 2479 1073 2547 supplicans
1101 2474 1225 2547 Deo_
1249 2485 1351 2539 pro
1384 2458 1994 2547 necessitatibusliujus

415 2531 1079 2623 vitaitei'miseri'cbrditer
1105 2531 1343 2623 auditur,
1358 2547 1422 2619 .et
1442 2531 1862 2623 misericorditer
1890 2543 1994 2609 non

416 2598 1041 2689 £33ii££."dbi'd'éb‘aiﬁ
1068 2612 1283 2689 inﬁrmo
1327 2598 1397 2689 sit
1437 2607 1600 2689 utile,
1645 2602 1813 2689 magis
1851 2598 1999 2689 novth.

685 2668 1134 2761 «misimus,
1180 2681 1237 2761 _Si
1283 2686 1461 2761 autem
1505 2675 1555 2755 id
1591 2668 1825 2761 postulat
1853 2668 1998 2749 quod

420 2742 865 2834 BZJé'pTaiéiﬁn}
891 2742 1248 2834 efpromittit,
1280 2752 1370 2834 l_iet
1391 2742 1773 2823 omninoquod
1804 2743 1992 2808 poscit.

418 2818 557 2908 oili;
582 2818 775 2901 accipit
801 2818 1069 2891 Charitas,
1108 2832 1131 2869 ε
1164 2818 1308 2889 quod
1339 2826 1491 2887 parat
1518 2820 1739 2869 veritas.

421 2954 569 3009 Inter
597 2944 882 3002 mundana:
910 2940 1047 2993 mala
1076 2921 1440 2992 conﬂictantia
1463 2930 1611 2993 vitae,

494 3044 650 3109 Saepe
680 3039 705 3074 δ
733 3034 924 3106 quibus
953 3028 1164 3085 Domini
1196 3023 1484 3092 corripitur
1514 3018 1743 3089 populus
1766 3060 1781 3084 ,

425 3132 528 3202 Qui
559 3133 934 3197 tempestatum
964 3118 1111 3173 varia
1142 3116 1243 3171 sub
1271 3112 1421 3169 clade
1452 3109 1716 3173 laborant,

498 3224 735 3279 Noscant
766 3216 783 3255 ί
828 3232 887 3273 se
911 3214 1042 3285 justi
1083 3212 1224 3267 ferre
1264 3209 1471 3279 ﬂagella
1507 3206 1603 3261 Dei
1637 3221 1650 3257 :

432 3329 447 3368 ι
490 3316 665 3384 Atque
703 3312 876 3381 ipsum
911 3316 1023 3361 toto
1051 3304 1252 3374 gemitu
1279 3302 1601 3370 planctuque
1629 3301 1934 3365 precentur,

500 3407 593 3473 Ut,
625 3418 729 3473 qua
759 3401 882 3465 scit,
908 3395 1118 3451 miseris
1144 3392 1431 3447 auxilietur
1457 3402 1582 3458 ope.

430 3498 546 3554 Non
571 3493 771 3550 etenim
800 3489 1016 3560 proprio
1045 3483 1271 3539 arbitrio
1296 3479 1572 3535 curabitur
1592 3490 1755 3546 ager.

502 3588 612 3643 Nec
637 3600 765 3639 vero
793 3582 937 3650 leges
965 3579 1079 3649 ipse
1107 3576 1255 3631 dabit
1292 3572 1522 3627 medico.

434 3680 670 3737 Morbida
696 3679 920 3732 rimetur
945 3669 1240 3743 penetralia
1269 3666 1459 3722 dextra
1486 3662 1696 3727 salutis,

505 3774 571 3828 Et
597 3772 849 3839 depressa
877 3765 1022 3833 gravi
1053 3762 1259 3815 viscera
1286 3766 1437 3829 peste
1463 3753 1489 3793 ¹ί
1526 3756 1688 3810 levet.

432 3864 594 3937 671
628 3860 842 3929 Absque
874 3857 1059 3911 dolore
1086 3851 1301 3923 quidem
1335 3855 1605 3919 nequeunt
1634 3844 1653 3882 ι
1690 3843 1827 3899 mala
1859 3848 2011 3905 sueta

644 3950 833 4021 repelli
858 3965 871 4001 :

502 4056 543 4084 ω
573 4043 677 4099 Sed
704 4040 845 4111 quod
876 4038 1135 4092 laeserunt
1164 4034 1339 4089 dulcia
1360 4073 1374 4098 ,
1402 4046 1585 4085 amara
1610 4040 1831 4084 novant.

436 4136 702 4193 l’mniteat
727 4144 934 4185 morum
954 4169 967 4191 ,
995 4139 1049 4181 et
1074 4124 1218 4179 vitiis
1250 4126 1446 4177 virtute
1474 4122 1690 4191 iugatis,

508 4230 751 4296 Regnum
782 4220 988 4293 peccati
1029 4227 1249 4287 respuat
1278 4216 1400 4270 aula
1433 4214 1547 4269 Dei.

438 4320 517 4376 Ad
547 4316 755 4372 veniam
789 4310 1013 4367 tendunt
1036 4308 1167 4377 justi
1193 4315 1221 4343 ιι
1254 4306 1337 4376 pia
1369 4307 1590 4360 verbera
1615 4302 1800 4373 Regis.

508 4411 591 4467 Ira
615 4407 793 4463 brevis
820 4404 980 4459 rectis
1010 4400 1199 4470 gaudia
1228 4399 1381 4468 longa
1413 4398 1581 4453 dabit.

616 4496 782 4555 XCVI
813 4494 978 4569 [Alias
1004 4489 1208 4561 XCIII].
1249 4498 1273 4525 ο
1313 4489 1389 4543 De
1414 4489 1543 4542 bello
1571 4489 1826 4542 intestino.

509 4590 664 4645 Actio
690 4588 744 4641 in
777 4588 875 4640 hac
890 4586 1009 4639 rvita
1038 4584 1121 4653 pia
1155 4592 1233 4636 cst
1255 4623 1269 4647 ,
1308 4582 1470 4634 Deum
1499 4580 1676 4634 colere
1704 4588 1759 4633 et
1792 4579 1843 4632 in
1897 4578 2014 4646 ejus

512 4734 536 4761 ι
577 4721 670 4778 Sic
693 4734 823 4774 mss.
852 4728 1057 4785 septem
1085 4732 1207 4771 cum
1238 4716 1368 4785 edit.
1393 4714 1526 4769 Ven.
1551 4711 1769 4778 (lactari,
1798 4720 2015 4765 movent.
2048 4713 2099 4773 Ι)

506 4794 537 4835 δ
576 4793 675 4848 Ms.
704 4789 976 4853 Joliensis,
1007 4788 1223 4839 imbuat.

513 4875 535 4903 ε
584 4863 710 4918 Mss.
734 4851 987 4929 quinque,
1025 4857 1103 4929 De
1128 4858 1255 4929 bono
1278 4855 1415 4926 quod
1442 4868 1587 4907 nemo
1616 4852 1802 4906 invitus
1824 4851 2012 4923 perdit,

440 4941 533 4992 aut
559 4934 742 4987 amittit
758 4947 776 4995 ,'
814 4928 972 4995 unus,
998 4928 1201 4993 accipit.

511 5004 538 5040 ά
584 5004 681 5058 Ms.
707 4990 1056 5062 Gamberon.,
1090 4990 1157 5052 Ut
1180 4997 1523 5065 quamvis.....
1559 4992 1882 5059 dispolielur.
1916 4990 2013 5044 Ms.

440 5073 760 5129 'I‘heodoric.
792 5072 951 5125 habet
979 5070 1164 5132 etiam,
1196 5066 1517 5137 dispolietur.

515 5153 539 5181 °
584 5144 684 5198 Ms.
722 5144 937 5211 Regius,
971 5138 1183 5211 Clu-isto
1202 5138 1473 5211 submissa.

519 5211 537 5250 ¹
587 5214 712 5268 Mss.
747 5203 858 5267 se}.
887 5220 941 5265 et
977 5210 1110 5264 edit.
1142 5207 1276 5262 Ven;
1309 5222 1415 5259 non
1451 5205 1647 5259 habent
1675 5203 1784 5267 hic,
1816 5212 1862 5256 et
1894 5217 2016 5268 pro-

442 5284 613 5337 mittit.
658 5284 891 5337 llabetur
922 5280 973 5334 in
1011 5280 1149 5334 libro
1186 5277 1584 5332 Sententiarum
1625 5281 1856 5329 sentent.
1890 5271 2012 5324 915.

514 5362 538 5400 ι
586 5355 681 5408 Ms.
714 5353 910 5421 Regius
931 5390 946 5411 ,
984 5350 1120 5419 quod
1151 5346 1425 5421 parat_D_ei
1458 5346 1659 5421 veritas.

512 5422 541 5461 ³³
584 5425 659 5479 Ita
690 5412 821 5477 mss:
847 5412 1103 5489 quinque.
1132 5412 1238 5472 Alii
1262 5416 1405 5481 libri,
1433 5412 1667 5483 quidem,
1698 5425 2019 5480 sensumque

443 5494 629 5548 llninnt
653 5488 939 5549 comate'in
982 5490 1085 5544 line
1113 5488 1269 5556 hujus
1298 5501 1503 5542 versus.

520 5565 536 5601 ί
578 5564 670 5617 Ms.
700 5560 975 5625 Jolicnsis,
1005 5577 1055 5615 se
1075 5562 1234 5631 juste.

517 5634 531 5682 i
580 5634 678 5688 Ms.
708 5634 861 5687 Colb.
893 5646 1060 5691 unus,
1080 5630 1264 5699 ’Adque
1290 5630 1475 5699 ipsum.

526 5702 548 5739 ¹ί
572 5705 668 5761 Ms.
703 5703 900 5765 Regius
924 5710 977 5756 et
1001 5701 1165 5756 editio
1190 5698 1347 5763 Ven.,
1377 5699 1527 5751 lavet.

1630 272 1687 327 S.
1733 265 2064 325 PROSPERI
2106 259 2431 329 AQUlTANl

392 415 564 467 culter
593 406 922 480 agnoscitur.
972 399 1082 455 Nec
1121 395 1278 480 facile
1300 380 1974 480 .inveni‘unthurgcl‘ver-
2001 381 2051 437 Α

3558 238 3660 293 5'28

2117 375 2248 428 ralia
2278 379 2465 427 contra
2497 368 2626 421 vitia
2656 366 2865 419 interna
2891 372 3151 431 pugnare,
3183 356 3370 431 eisque
3396 365 3567 421 usque
3596 350 3667 431 ad

2282 419 2672 508 instigantibus
2691 419 3073 503 cogentibuvsve
3103 419 3208 481 non
3239 419 3433 508 cedere
3458 419 3549 508 {et
3572 419 3665 473 ubi

2081 491 2705 573 ceditur-indulgentiam
2730 491 2935 573 ,vatque
2965 509 3022 573 ut
3052 513 3159 573 non
3188 498 3412 551 cedatur
3447 491 3668 573 adjutp—

2081 560 2217 639 rium
2232 560 2640 643 “Deifa'il‘ectu
2669 560 2933 643 religio-sae
2974 569 3191 639 pietatis
3228 577 3549 634 exposcere.
3603 560 3663 640 lu

2084 631 2540 723 paradisowa'utem
2566 686 2583 715 ,
2617 647 2662 700 si
2692 631 2849 723 nemo
2880 631 3183 723 peccasset,
3217 631 3321 717 non
3346 638 3491 689 esset
3519 631 3662 684 actin

2081 704 2293 793 pietatis
2312 704 2629 793 expugnare
2669 716 2797 793 vitia
2828 754 2844 780 ,
2874 704 2997 782 quia
3031 704 3305 763 felicitatis
3349 714 3496 759 esset
3538 715 3669 769 per-

2082 786 2292 847 mansio
2313 786 2445 845 vitia
2468 786 2582 843 non
2613 786 2836 841 habere.

2080 904 2381 973 Numquam
2408 899 2548 955 bella
2578 896 2759 964 bonis,
2792 906 3084 962 numquam
3113 886 3425 944 discrimina
3450 882 3672 944 desunt,

2153 996 2220 1051 Et
2247 1009 2367 1049 cum
2393 1006 2499 1063 quo
2529 997 2731 1055 certet,
2760 1000 2913 1042 mens
2942 984 3027 1055 pia
3059 994 3274 1049 semper
3304 975 3485 1030 habet.

2083 1089 2211 1157 Quae
2239 1102 2457 1143 carnem
2486 1084 2779 1149 oblectant,
2810 1087 2998 1135 sancto
3020 1082 3148 1132 sunt
3168 1072 3325 1128 noxia
3351 1068 3524 1136 cordi,

2152 1181 2349 1236 Contra
2377 1177 2544 1232 animi
2568 1176 2739 1245 legem
2768 1171 2949 1241 prmlia
2976 1181 3173 1238 corpus
3202 1162 3383 1219 habet.

2082 1272 2299 1326 Pulsant
2324 1269 2565 1324 exterius
2593 1264 2822 1320 diversis
2856 1259 3093 1315 motibus
3123 1255 3334 1321 hostes,

2155 1363 2301 1418 lntus
2327 1361 2485 1417 civile
2512 1368 2594 1414 est
2622 1365 2677 1412 et
2700 1354 2898 1412 sociale
2924 1350 3146 1407 malum.

2086 1457 2155 1513 Ut
2186 1456 2356 1525 possit
2385 1452 2570 1508 mundi
2602 1448 2873 1504 illecebris
2916 1444 3167 1512 vitiisque
3195 1438 3373 1495 resisti
3391 1424 3415 1502 ,’

2154 1548 2250 1604 Vis
2275 1555 2359 1603 est
2387 1543 2633 1614 corporei
2658 1536 3030 1597 mortiﬁcanda
3060 1532 3319 1591 hominis.

2084 1637 2191 1694 Sed
2219 1651 2339 1707 quae
2375 1648 2531 1689 mens
2559 1640 2707 1687 recto
2733 1629 2987 1684 famulam
3020 1624 3120 1681 sub
3148 1626 3271 1691 jure
3300 1619 3527 1688 tenebit,

2016 1739 2060 1797 Β
2159 1727 2421 1783 Edomitm
2448 1733 2505 1780 ut
2530 1732 2719 1793 regnet
2744 1719 2925 1776 carnis
2955 1718 3011 1772 in
3040 1714 3265 1778 ciliciis;

2088 1819 2320 1874 Excelso
2352 1816 2453 1871 nisi
2482 1830 2598 1885 quae
2628 1812 2827 1877 servit,
2858 1810 2994 1864 bene
3020 1806 3231 1861 subdita
3262 1802 3427 1872 Regi,

2160 1909 2311 1966 Unde
2337 1918 2419 1964 est
2448 1907 2588 1962 facta
2616 1904 2804 1959 volens
2823 1940 2840 1966 ,
2876 1899 2969 1954 ﬁat
2996 1908 3024 1949 Ρ
3055 1905 3111 1954 et
3137 1896 3264 1951 inde
3304 1894 3524 1949 valens?

2162 2066 2347 2123 XCVII
2384 2065 2550 2139 [Alias
2576 2058 2781 2130 XCIV].
2810 2055 3032 2112 Nullam
3061 2054 3185 2109 mali
3209 2067 3319 2106 esss
3345 2059 3608 2104 naturam.

2164 2178 2355 2233 Omnia
2387 2191 2481 2246 per
2504 2173 2739 2246 Verbum
2769 2169 2903 2246 facta
2928 2175 3076 2231 sunt,
3108 2171 3172 2246 et
3191 2163 3309 2216 sine
3336 2160 3677 2246 ipsoﬂt'ac‘tum

2095 2259 2177 2303 cst
2205 2228 2358 2302 nihil.
2389 2228 2539 2301 rCum
2579 2245 2757 2311 itaque
2790 2228 3291 2311 universtenatura:
3324 2228 3419 2300 per
3445 2228 3679 2283 Verbum

2097 2300 2380 2375 Dei—laetae
2406 2300 2548 2379 sint,
2593 2300 2845 2381 iniquitas
2877 2307 3188 2381 per‘ipsum
3240 2300 3379 2355 facta
3424 2314 3528 2353 non
3577 2306 3679 2353 est.

2095 2390 2235 2459 Quia
2266 2376 2701 2459 iniquitaslnulla:
2730 2376 3029 2434 substantia
3054 2386 3156 2459 est,
3186 2383 3240 2427 et
3270 2380 3547 2451 peccatum
3576 2382 3681 2459 non

2100 2437 2557 2523 Ks'itiré"éis'{,"séd
2606 2453 2792 2506 vitium
2829 2459 3055 2512 naturae,
3094 2437 3149 2500 id
3189 2437 3491 2512 appetentis
3541 2437 3685 2507 quod

2103 2546 2209 2585 non
2237 2538 2321 2584 est
2355 2526 2562 2581 ordinis
2592 2522 2694 2577 sui.

2104 2668 2207 2722 Per
2235 2663 2471 2720 Verbum
2501 2659 2847 2726 omnipotens
2885 2654 3026 2707 Deus
3057 2648 3237 2706 omnia
3263 2643 3503 2704 condidit
3526 2655 3686 2707 unus,

2177 2762 2220 2813 Α
2250 2772 2354 2826 quo
2378 2764 2568 2809 natura
2594 2760 2679 2806 est
2706 2748 2847 2804 nulla
2877 2752 3055 2801 creata
3081 2742 3228 2797 mali.

2110 2857 2176 2911 Et
2198 2852 2338 2925 quod
2367 2866 2472 2907 non
2500 2849 2627 2904 fecit
2651 2847 2800 2901 dives
2831 2842 3097 2911 sapientia
3131 2836 3318 2901 Verbi,

2179 2946 2293 3001 Non
2322 2944 2483 2999 habet
2505 2942 2558 2996 in
2580 2953 2764 2994 rerum
2790 2932 3105 2991 conditione
3128 2931 3327 2985 locum.

2113 3037 2266 3093 Nulla
2301 3037 2463 3106 igitur
2492 3032 2637 3087 vitiis
2668 3027 2999 3092 substantia,
3030 3023 3281 3090 nullaque
3310 3019 3417 3072 vita
3444 3025 3549 3085 est,

2031 3105 2076 3167 Ο
2183 3105 2551 3197 Quae‘vegetet
2576 3136 2792 3191 corpus,
2828 3129 2855 3168 ιι
2887 3116 3273 3183 materiamque
3303 3124 3479 3164 suam.

2113 3225 2218 3280 Sed
2249 3237 2368 3278 cum
2401 3220 2620 3275 libertas
2643 3212 2874 3269 discedit
2897 3209 2964 3263 ab
2989 3207 3181 3263 ordine
3206 3212 3377 3267 recto,

2187 3313 2294 3369 Nec
2324 3319 2539 3368 servant
2567 3305 2841 3377 proprium
2872 3315 2994 3372 qua:
3022 3301 3160 3354 bona
3196 3305 3350 3360 sunt,
3392 3290 3696 3356 modulum,

2118 3418 2139 3444 τ
2174 3406 2231 3461 ln
2257 3404 2410 3472 cnlpa
2437 3408 2493 3455 et
2511 3399 2643 3453 vitio
2664 3404 2747 3451 est
2771 3408 2941 3463 vagus
2969 3393 3021 3445 in
3048 3388 3315 3444 contraria
3345 3393 3548 3451 motus,

2188 3497 2380 3565 Fitque
2406 3491 2608 3547 malum
2642 3502 2821 3543 veram
2851 3483 3153 3540 deseruisse
3180 3481 3342 3534 viam.

2069 3602 2085 3615 ί
2117 3588 2175 3642 In
2202 3602 2360 3658 quam
2392 3586 2437 3640 si
2469 3592 2585 3639 toto
2613 3586 2866 3651 properet
2895 3576 3016 3644 quis
3042 3571 3205 3628 corde
3232 3568 3452 3633 reverti,

2188 3678 2373 3733 Nullus
2401 3673 2625 3744 neglecti
2657 3669 2845 3724 limitis
2869 3679 3022 3722 error
3052 3664 3154 3718 erit
3188 3680 3199 3714 :

2119 3770 2360 3839 Tmaque
2391 3775 2411 3801 ³
2442 3764 2606 3821 deleti
2637 3761 2842 3831 peccati
2871 3772 3026 3827 pmna
3055 3754 3270 3826 peribit,

2188 3859 2417 3916 Condita
2447 3858 2499 3911 in
2532 3857 2797 3923 integrum
2826 3850 3149 3905 restituente
3179 3847 3307 3909 Deo,

2122 3951 2330 4009 XCVIll
2358 3951 2522 4022 [Alias
2549 3944 2731 4016 XCV].
2766 3944 2843 3997 De
2864 3940 3193 4014 petitionibus
3218 3932 3489 3989 contrariis
3519 3930 3537 3968 ί
3570 3929 3704 3984 Deo.

2192 4049 2329 4100 Deus
2358 4058 2476 4097 cum
2506 4038 2707 4108 aliquid
2734 4037 2875 4091 male
2904 4034 3174 4105 poscitur,
3210 4027 3385 4084 dando
3418 4023 3701 4087 irascitur,

2119 4134 2224 4170 non
2256 4114 2432 4170 dando
2460 4113 2767 4166 miseretur.

2116 4206 2277 4278 673
2304 4205 2435 4258 Cum
2468 4202 2608 4256 Deus
2633 4208 2660 4236 υ
2680 4198 2931 4255 eﬂ'ectum
2957 4191 3205 4264 precibus
3228 4203 3333 4243 non
3358 4192 3581 4258 praestat
3597 4179 3709 4237 ini-

2333 4298 2477 4365 quis,

2194 4394 2415 4448 Multum
2448 4388 2717 4451 concedit,
2753 4382 2893 4454 quod
2926 4380 3171 4437 nocitura
3203 4383 3381 4446 negat.

2124 4486 2379 4539 Errantes
2406 4488 2534 4536 voto
2565 4495 2670 4534 non
2700 4476 2816 4530 vult
2844 4473 3155 4541 delinquere
3186 4467 3347 4527 iacto,

2196 4578 2366 4631 Iratus
2396 4575 2622 4639 sineret,
2649 4569 2791 4641 quod
2822 4564 3072 4637 prohibet
3100 4559 3361 4631 placidus.

2201 4706 2217 4747 ι
2265 4708 2366 4761 Ms.
2391 4704 2666 4769 Joliensis,
2698 4701 2831 4756 male
2860 4710 2999 4753 sueta
3025 4694 3224 4769 repelli2

2193 4788 2232 4815 ω
2263 4779 2362 4833 Ms.
2384 4776 2541 4844 ἷξες..
2569 4761 2790 4844 δριίᾳᾳίε
2820 4772 3055 4824 (luserunt
3084 4761 3275 4844 dulcia.
3300 4761 3438 4844 Mss,
3449 4767 3706 4843 quatuor,

2123 4830 2311 4903 amaraw
2325 4830 2540 4902 novant:
2574 4830 2843 4904 Με.’.101.,
2877 4854 3051 4892 amara
3078 4842 3276 4888 navent.
3321 4830 3463 4885 Editi
3490 4844 3707 4893 omnes,

2125 4935 2303 4973 amara
2331 4926 2548 4971 movent.
2584 4916 2698 4967 Non
2730 4922 2834 4966 tam
2868 4911 3025 4964 bene.

2197 4998 2225 5025 ιι
2266 4989 2367 5043 Ms.
2394 4987 2743 5046 Camberon.,
2772 4999 2861 5051 per
2886 4979 3113 5051 verbera.

2199 5069 2223 5095 υ
2266 5034 2865 5112 funium-addimus}:
2896 5063 3023 5102 mss.
3050 5042 3254 5099 'I‘heod.
3282 5040 3386 5097 Jol.
3415 5034 3709 5112 etSColb.

2126 5130 2184 5183 In
2207 5108 2515 5191 Οειῖήῖίξοὲ
2533 5125 2731 5178 eodem.
2755 5118 3085 5175 Scntentiam
3110 5129 3176 5169 ex
3202 5108 3574 5180 Pr03perianis
3588 5120 3710 5176 qua

2126 5200 2360 5253 maxime
2388 5197 2677 5251 convenire
2700 5192 2903 5247 credita
2929 5198 3027 5242 est.

2194 5247 2703 5334 Fii‘s'siaiiojcuin
2731 5263 2859 5317 edit.
2895 5259 3028 5313 Ven.
3061 5264 3115 5311 et
3140 5253 3335 5323 Lugd.,
3368 5258 3421 5304 ut
3453 5247 3596 5303 inde.

2194 5341 2225 5385 ἰ
2264 5337 2388 5391 Mss.
2416 5346 2545 5402 tres,
2573 5334 2897 5387 malen’amve
2925 5343 3092 5402 suam.

2199 5382 2224 5445 ¹Ῑ
2264 5382 2545 5470 ᾖξ’.ιόῖῖ
2566 5382 2973 5474 uitio
3005 5407 3098 5450 est.
3132 5395 3229 5450 Ms.
3256 5390 3412 5448 Coll).
3448 5400 3605 5450 unus,
3642 5382 3711 5438 In

2124 5478 2275 5543 culpa
2305 5486 2378 5531 est
2405 5477 2528 5530 vitio
2555 5490 2735 5544 vagus.

2199 5528 2234 5583 ἶ
2250 5528 2389 5601 Mss.
2411 5528 2663 5614 septem",
2698 5528 2869 5596 deleti.
2899 5539 3038 5595 sum
3063 5549 3271 5614 omnes,
3305 5528 3525 5586 debenli.

2201 5619 2220 5653 ¹
2265 5618 2387 5671 Mss.
2424 5606 2533 5671 tres
2562 5606 2748 5670 carent
2774 5614 2871 5667 hac
2896 5624 3047 5674 voce,
3083 5606 3210 5659 Deo.

2197 5697 2225 5725 υ
2268 5688 2394 5743 Mss.
2432 5697 2559 5753 tres,
2589 5680 2818 5749 eﬂ'ectus.
