3978 6178
269 259 374 315 529

268 377 440 431 Discat
467 374 609 429 felici
635 374 860 445 supplex
890 373 1121 445 gaudere
1148 373 1427 443 'repulsa,

332 467 655 536 lncipiatque
681 465 860 519 animo
894 465 1096 533 pellere
1121 463 1261 535 quod
1290 463 1480 518 voluit.

261 558 679 624 Parceutemque
710 566 874 609 Deum
905 562 1092 609 noscat
1116 554 1252 619 sibi,
1284 568 1407 608 cum
1434 552 1677 607 ruiturus

326 648 441 704 Non
469 646 746 710 exaudiri,
780 661 848 700 ne
876 652 1081 711 rueret,
1118 643 1330 699 meruit.

474 736 639 793 XCIX
667 735 831 809 [Alias
858 732 1067 805 XCVI].
1098 734 1177 789 De
1193 734 1411 807 judiciis
1440 732 1534 787 Dei
1568 733 1614 785 δ.

324 827 480 883 Nullo
508 827 667 882 modo
706 825 922 896 judiciis
971 826 1245 881 hominum
1296 824 1654 896 comparanda
1703 832 1830 879 sunt

249 898 443 967 judicia
471 898 563 952 Dei
581 938 594 958 .
625 895 781 967 quem
818 912 922 951 non
955 897 1304 950 dubitandum
1332 905 1416 967 est
1444 910 1565 967 esse
1588 895 1792 963 justum
1812 936 1825 960 ,

250 965 409 1022 etiam
431 965 657 1037 quando
670 966 796 1021 facit
820 967 961 1036 quod
987 967 1292 1021 hominibus
1318 965 1524 1019 videtur
1549 966 1823 1033 iniustum.

251 1060 513 1115 Iudicium
543 1058 835 1113 humanum
853 1097 870 1123 ,
897 1059 1039 1127 quod
1070 1058 1180 1112 falli
1212 1072 1356 1126 saepe
1384 1070 1608 1112 necesse
1636 1064 1753 1121 est,

320 1149 437 1204 Non
463 1164 676 1218 semper
696 1149 887 1218 recipit
916 1150 1097 1218 regula
1120 1149 1360 1218 justitiae.

246 1243 312 1297 At
340 1243 549 1298 Domini
585 1243 639 1297 in
669 1246 878 1298 cunctis
898 1257 1049 1314 inqua
1075 1252 1159 1297 est
1188 1257 1455 1311 veraxque
1484 1250 1748 1311 potestas,

316 1339 601 1403 Aspectum
627 1335 779 1404 cujus
807 1335 953 1389 nulla
976 1346 1181 1391 remota
1210 1336 1399 1390 latent.

247 1423 387 1479 Talis
426 1425 677 1481 laudetur
701 1426 889 1496 judex,
915 1427 1188 1491 timeatur,
1212 1437 1443 1495 ametur,

315 1514 415 1582 Qui
451 1531 581 1571 vere
604 1516 785 1586 justus
816 1526 1098 1586 permanet
1121 1526 1281 1587 atque
1307 1518 1478 1571 bonus
1504 1536 1515 1569 :

254 1616 275 1644 ε
299 1606 572 1664 Adversus
599 1621 877 1671 revocans,
902 1609 1177 1664 conversis
1197 1618 1386 1664 cuncta
1411 1609 1712 1673 remittens,

307 1700 487 1766 Atque
517 1698 673 1753 malis
697 1701 911 1754 veniam
940 1698 1117 1755 dando
1147 1700 1319 1756 bonos
1345 1701 1564 1756 iaciens.

240 1786 349 1843 Non
373 1804 507 1860 ergo
537 1790 793 1846 audacter
820 1807 970 1847 mens
1001 1795 1111 1847 veri
1142 1793 1318 1847 nescia
1349 1794 1547 1862 culpet,

304 1880 455 1949 Quod
487 1882 686 1953 placuit
706 1885 899 1939 summi
926 1884 1123 1954 judicis
1146 1884 1386 1938 arbitrio.

238 1972 338 2028 Sed
360 1974 558 2030 subdat
582 1991 701 2032 sese
731 1978 874 2046 justo
896 1976 1195 2048 ignorantia
1216 1978 1378 2047 Regi,

299 2064 399 2133 Qui
432 2083 729 2136 numquam
767 2084 886 2135 quae
917 2066 1078 2122 sunt~l
1112 2085 1215 2123 non
1246 2070 1387 2124 bona
1414 2070 1551 2123 velle
1583 2080 1775 2139 potest.

482 2155 526 2213 C
554 2158 719 2232 [Alias
748 2158 977 2231 XCVII].
1004 2160 1080 2215 De
1109 2162 1390 2215 cohibenda
1408 2172 1430 2199 θ
1464 2162 1564 2215 ira.

296 2248 435 2304 Nulli
489 2252 742 2320 irascenti
794 2251 872 2305 ira
906 2268 1003 2306 sua
1047 2253 1261 2307 videtur
1303 2252 1503 2320 injusta
1531 2271 1544 2305 :
1574 2254 1716 2309 unde
1744 2254 1812 2310 ab

233 2322 368 2373 omni
402 2319 777 2385 indignatione
821 2324 930 2375 cito
962 2323 1299 2377 redeundum
1340 2319 1423 2377 est
1454 2324 1517 2377 ad
1553 2339 1810 2378 mansuc-

234 2389 428 2464 tu_dinis
466 2391 765 2464 lenitatem.
792 2392 924 2446 Nam
951 2395 1197 2464 pertinax
1222 2402 1404 2464 motus
1436 2393 1593 2464 facile
1618 2394 1672 2448 in
1696 2395 1812 2464 ejus

230 2459 400 2514 odium
435 2465 655 2525 transit,
682 2463 767 2516 cui
802 2477 910 2517 non
938 2463 1194 2518 celeriter
1215 2461 1235 2502 ί
1264 2463 1579 2532 ignoscitur.

187 2586 194 2593 .
229 2547 386 2605 Nemo
413 2566 536 2606 sua:
568 2553 771 2607 mentis
801 2562 983 2607 motus
1012 2568 1120 2608 non
1150 2553 1385 2608 (estimat
1412 2569 1619 2624 aequos,

291 2640 558 2713 Quodque
587 2645 771 2699 volunt
804 2654 829 2693 ε
850 2646 1125 2711 homines,
1156 2660 1217 2701 se
1244 2646 1384 2702 bene
1423 2648 1566 2702 velle
1598 2655 1807 2716 putant.

228 2733 368 2790 Unde
393 2736 617 2791 animus
644 2737 810 2792 celeri
841 2752 976 2807 pace
1006 2748 1087 2793 est
1116 2739 1454 2794 revocandus
1478 2739 1547 2793 ab
1580 2740 1657 2793 ira
1686 2757 1697 2791 :

290 2823 364 2878 Ne
389 2825 569 2879 robur
597 2826 756 2895 saevis
790 2837 1037 2896 tempora
1060 2828 1188 2883 dent
1216 2830 1374 2883 odiis.

226 2912 467 2970 Oﬂensas
498 2917 717 2972 sibimet
747 2920 1027 2987 parcentia
1056 2920 1219 2973 corda
1253 2920 1553 2986 remittant,

289 3006 417 3062 Nam
452 3023 618 3063 nemo
645 3019 728 3064 est
757 3010 846 3079 qui
883 3027 989 3065 non
1022 3010 1262 3080 indigeat
1284 3011 1437 3066 venia
1465 3028 1477 3062 :

225 3096 387 3167 Quam
416 3099 598 3154 nostri
625 3114 916 3163 memores,
947 3101 1128 3156 mundi
1161 3102 1304 3155 inter
1321 3114 1457 3154 vana
1489 3099 1766 3167 vicissim,
1833 3097 1878 3159 C

287 3188 554 3245 Omnibus
585 3191 639 3244 in
670 3192 871 3255 causis,
896 3199 951 3245 et
979 3191 1194 3255 damus,
1218 3199 1274 3246 et
1306 3190 1561 3260 petimus.

428 3279 504 3336 CI
532 3279 698 3353 [Alias
723 3280 987 3353 XCVIII].
1024 3281 1101 3335 De
1130 3283 1233 3350 ﬁne
1256 3290 1576 3337 sanctorum.

226 3369 398 3427 Cultor
422 3372 679 3443 iustitiae,
704 3371 905 3427 divinae
932 3383 986 3426 et
1017 3372 1165 3440 pacis
1187 3383 1417 3437 amator,

295 3465 467 3532 Quem
496 3471 654 3519 vocat
679 3464 743 3517 ad
772 3479 1038 3518 summum
1062 3465 1167 3517 vita
1204 3464 1357 3518 beata
1385 3464 1583 3518 bonum
1612 3482 1625 3515 :

227 3553 498 3611 Scandere
525 3564 835 3609 constanter
857 3554 1080 3609 dextros
1107 3554 1350 3609 adnitere
1377 3554 1564 3620 calles,

293 3646 605 3715 Despiciens
633 3644 780 3699 larva:
809 3646 965 3699 noxia
1001 3646 1156 3713 plana
1182 3646 1299 3699 vias.

226 3735 404 3792 'I'utius
430 3746 523 3791 est
548 3735 712 3791 duros
739 3737 922 3791 mundi
955 3738 1189 3791 tolerare
1222 3737 1453 3802 labores,

293 3826 586 3897 Infestique
612 3826 784 3882 hostis
814 3825 998 3896 praelia
1028 3841 1171 3881 szeva
1202 3826 1343 3896 pati,
1546 3890 1557 3896 _

230 3916 436 3983 QuamIl
474 3918 675 3972 victum
718 3918 913 3972 ofﬁciis
940 3918 1177 3973 animum
1214 3917 1536 3972 submittere
1565 3916 1807 3982 blandis,

291 4009 450 4083 675
484 4006 758 4079 Captaque
787 4009 969 4063 servili
1000 4009 1231 4064 subdere
1256 4008 1389 4064 colla
1416 4008 1567 4079 jugo.

235 4099 538 4171 Temporel
576 4101 628 4155 in
660 4100 886 4155 occiduo
918 4116 1023 4155 non
1063 4100 1203 4171 longi
1234 4109 1316 4156 est
1339 4116 1465 4157 usus
1497 4100 1736 4167 honoris,

296 4192 359 4249 Et
384 4191 553 4248 celeri
583 4193 733 4262 lapsu
760 4191 951 4263 gaudia
982 4192 1111 4249 falsa
1141 4192 1333 4247 lluunt.

300 4363 325 4389 ⁸
350 4351 482 4407 Mss.
518 4361 649 4417 tres,
678 4350 908 4418 repulsu.

294 4420 323 4460 δ
344 4422 479 4478 Mss.
507 4431 615 4477 tres
637 4416 885 4487 addunt,
911 4435 1013 4474 nou
1062 4418 1421 4489 comparandis
1456 4419 1675 4491 judiciis
1707 4416 1803 4470 ho-

232 4509 438 4549 manum.

303 4572 326 4601 ο
350 4563 447 4618 Ms.
476 4560 825 4621 Camberon..
859 4561 1075 4613 Aversos
1100 4574 1345 4612 revocans
1364 4601 1377 4624 ,
1408 4567 1463 4612 ct
1493 4558 1645 4613 initio
1675 4573 1806 4629 pcn-

236 4634 445 4700 tametri
477 4630 775 4700 sequentis,
802 4629 973 4700 Deque
1000 4630 1148 4682 matis
1176 4631 1397 4682 veniam.

301 4698 329 4739 δ
353 4702 451 4757 Ms.
484 4698 833 4764 Theodoricq
861 4702 913 4771 ni
944 4699 1077 4771 bona
1094 4700 1234 4771 pelle
1262 4707 1443 4771 potest.

304 4781 330 4811 ο
349 4772 449 4826 Ms.
481 4779 613 4837 tres,
636 4770 934 4824 iracundia.
965 4768 1059 4823 Ms.
1088 4767 1193 4824 Jol.
1225 4766 1451 4835 tantum,
1475 4766 1674 4824 Deira.

308 4839 329 4879 ¹
359 4843 481 4895 Mss.
512 4851 639 4907 tres,
667 4841 907 4910 ignoscit.

306 4920 331 4957 ε
355 4912 453 4967 Ms.
488 4911 643 4967 Colb.
676 4907 837 4977 unus,
857 4923 1051 4973 omnes,
1082 4908 1177 4961 hoc
1208 4909 1331 4963 bene
1350 4907 1482 4962 velle
1514 4917 1715 4973 putant.

303 4978 327 5017 δ
353 4982 484 5037 Mss.
516 4982 644 5046 duo,
669 4982 911 5034 vinctum.
938 4978 1072 5042 Alii,
1094 4980 1300 5032 victum.
1330 4979 1429 5033 Ms.
1455 4978 1669 5042 Camb.,

358 5070 511 5130 Quam
526 5071 707 5122 victum
727 5070 869 5125 vanis,
889 5069 1102 5141 animum
1117 5070 1409 5119 submittere
1425 5068 1593 5117 rebus.

313 5173 324 5210 ί
356 5174 456 5229 Ms.
476 5175 628 5229 Colb.
655 5189 810 5241 unus,
836 5190 953 5227 nam
975 5174 1224 5234 occiduo;
1245 5184 1291 5228 et
1318 5183 1523 5241 postea,
1540 5189 1639 5227 non
1667 5172 1815 5243 longe

243 5254 336 5315 est,
358 5245 411 5315 in
444 5260 549 5315 quo
576 5245 766 5299 ultimo
790 5244 983 5299 Camb.
1010 5246 1277 5299 convenit.

314 5314 328 5384 i
361 5313 484 5384 Mss.
516 5325 645 5381 tres,
667 5330 823 5384 quam
851 5315 1030 5367 currit.

312 5382 336 5419 κ
360 5382 455 5436 Ms.
486 5382 693 5449 Camb.,
722 5384 934 5438 innixis.
985 5385 1049 5439 Et
1080 5383 1133 5438 in
1164 5383 1270 5437 alio
1292 5397 1470 5437 versu.
1505 5383 1599 5436 Ms.
1628 5383 1809 5449 Colb.,

246 5460 298 5503 ut
324 5455 497 5509 servis.

323 5520 336 5559 ί
367 5524 493 5579 Mss.
518 5540 631 5591 sex,
660 5525 828 5578 discit.
854 5524 919 5577 Et
941 5524 1178 5579 secundo
1211 5531 1330 5587 post
1352 5537 1507 5579 versu
1528 5562 1545 5587 ,
1578 5527 1740 5593 fugat.

254 5600 356 5713 NII
380 5593 504 5646 Mss.
550 5605 657 5650 tres
698 5609 817 5650 cum
855 5594 987 5650 Ven.
1015 5594 1170 5663 edit.,
1203 5593 1338 5648 Nam
1381 5596 1523 5661 quia.
1561 5592 1823 5661 ln’aliis,

308 5676 387 5713 am
418 5679 545 5713 amr.

308 5676 387 5713 ani
418 5679 545 5730 quis.

1430 255 1990 314 EPIGRAMMATUM
2028 254 2231 309 LIBEII
2272 254 2473 313 UNUS.

1862 375 1902 429 Α
1941 365 2128 422 Finem
2160 366 2323 437 igitur
2349 367 2552 438 preprii
2578 368 2793 438 sapiens
2821 365 3185 439 spcculabitur
3205 370 3335 437 aevi,

3422 260 3531 318 830

1962 458 1969 465 ’
2014 459 2085 514 Ει
2108 458 2191 514 via
2221 459 2235 510 i
2276 475 2378 533 qua
2409 461 2599 526 currit,
2628 476 2735 529 quo
2762 459 2903 516 l‘erat
2930 462 3174 531 aspiciet.

1940 551 2072 607 Nam
2106 551 2304 606 mundo
2336 550 2358 589 ιι
2381 552 2590 606 innexis
2620 566 2746 621 pars
2771 561 2853 607 est
2881 567 3001 606 cum
3032 552 3273 623 principe
3294 553 3519 618 mundi;

2011 640 2082 696 At
2110 642 2282 697 servis
2308 641 2507 696 Christi
2538 641 2709 710 gloria
2734 641 2979 696 Christus
3008 643 3133 697 erit.

1971 733 2059 788 Cll
2094 733 2261 807 [Alias
2290 731 2499 804 XCIX].
2532 731 2607 788 De
2635 733 2899 787 desideriis
2924 734 3093 787 carnis
3120 734 3456 806 castigandis.

1935 823 2238 892 Corporeos
2269 826 2405 879 inter
2431 838 2645 892 sensus,
2675 823 3103 893 moribundaque
3134 824 3373 880 membra

2007 913 2162 967 Multa
2189 914 2399 967 animus
2428 916 2629 982 patitur
2649 913 2827 968 carnis
2853 913 2920 967 ab
2947 912 3181 983 hospitio
3213 932 3225 968 :

1932 1003 2063 1070 Qum
2094 1004 2237 1067 vitae,
2266 1002 2333 1057 de
2357 1017 2460 1072 qua
2482 1004 2643 1068 vivit,
2670 1005 2935 1057 contraria
2959 1018 3228 1072 quaerens,

2005 1093 2200 1164 Legem
2232 1094 2348 1148 vult
2378 1096 2573 1148 mentis
2602 1097 2810 1150 solvere
2842 1096 2960 1164 lege
2983 1108 3101 1149 sua.

1931 1184 2035 1240 Sed
2062 1185 2295 1254 prudens
2328 1187 2521 1254 praesul
2552 1186 2803 1239 famulam
2837 1185 3052 1241 frenare
3075 1185 3335 1243 rebellem

2000 1278 2210 1333 Eterni
2239 1276 2434 1348 Regis’
2472 1277 2646 1333 discat
2670 1278 2739 1331 ab
2769 1277 3001 1346 imperio
3033 1293 3049 1341 ;

1929 1371 1995 1426 Et
2020 1386 2205 1426 verum
2238 1371 2507 1440 accipiens
2533 1385 2731 1439 supero
2758 1369 2826 1423 de
2862 1369 3067 1423 lumine
3095 1369 3307 1434 lumen,

1995 1462 2219 1518 Noctem
2253 1464 2454 1531 peccati
2486 1461 2665 1517 cordis
2693 1461 2763 1517 ab
2792 1460 2906 1516 aede
2937 1461 3104 1531 fuget.

1926 1564 1962 1591 ω
1993 1556 2122 1609 Nam
2149 1557 2269 1624 quia
2292 1565 2480 1610 cuncta
2511 1555 2653 1609 Deus
2675 1554 2809 1608 bona
2825 1553 3082 1618 condidit,
3106 1554 3327 1625 ipsaque
3340 1559 3509 1609 nostri

1997 1645 2186 1700 Exsilii
2218 1646 2366 1715 regio
2387 1656 2465 1700 est
2503 1644 2722 1713 pulchra
2751 1643 2948 1699 decore
2969 1658 3098 1708 suo;

1848 1740 1890 1796 Β
1920 1738 2167 1803 Auditus,
2192 1737 2359 1803 visus,
2388 1745 2414 1772 ιι
2435 1745 2642 1805 gustus,
2669 1745 2967 1799 contactus,
2993 1735 3254 1803 odorque,

1990 1825 2229 1881 Prasberi
2256 1827 2491 1896 gaudent
2514 1826 2751 1893 undique
2773 1824 2917 1894 quod
2945 1823 3172 1891 placeat.

1921 1917 2113 1987 Fitque
2142 1932 2345 1973 nocens
2368 1917 2571 1973 homini
2601 1916 2886 1987 praesentis
2916 1915 3175 1983 temporis
3203 1927 3356 1977 usus,

1987 2010 2041 2065 Si
2068 2019 2282 2079 captum
2313 2009 2522 2065 blandis
2547 2007 2800 2063 inferiora
2829 2008 3014 2076 ligant.

1916 2100 2067 2155 Mens
2099 2101 2259 2171 igitur
2286 2101 2754 2170 sapiens,superas
2782 2108 2806 2135 ο
2827 2100 3032 2154 enitere
3056 2098 3123 2152 ad
3146 2112 3320 2164 arces,

1990 2188 2055 2243 Et
2080 2190 2305 2244 summis
2342 2189 2457 2244 ﬁeri
2484 2203 2673 2243 suesce
2704 2189 2857 2243 beata
2898 2187 3075 2251 bonis,

1916 2280 2149 2336 Delicias
2177 2280 2287 2350 jam
2318 2295 2461 2336 nunc
2492 2280 2739 2348 promissi
2771 2279 2996 2348 concipe
3026 2277 3209 2348 regni,

1987 2383 2013 2421 r
2035 2372 2246 2428 Virtute
2265 2384 2427 2441 atque
2454 2372 2557 2427 lide
2578 2371 2720 2441 quod
2744 2371 2894 2441 cupis
2921 2385 3041 2425 esse
3068 2379 3213 2425 tene.

1915 2466 2059 2522 Neve
2084 2467 2151 2521 ad
2182 2482 2330 2535 Spem
2364 2466 2582 2520 dubiam
2615 2464 2813 2519 frustra
2845 2474 2894 2518 te
2921 2478 3140 2519 currere
3162 2462 3353 2519 credas
3373 2481 3399 2528 ;;

1983 2556 2201 2611 Natura:
2228 2556 2281 2611 in
2296 2554 2516 2611 Christo
2548 2554 2794 2624 prospice
2824 2563 2851 2603 (ι
2881 2553 2985 2607 liba
3013 2563 3139 2608 tuae.

1914 2650 1957 2703 Α
1981 2664 2087 2715 quo
2116 2654 2423 2716 susceptum
2453 2644 2500 2700 si
2534 2655 2583 2699 te
2612 2660 2716 2699 non
2740 2644 2967 2713 ambigis
2995 2659 3137 2707 esse,

1982 2741 2149 2795 Totus
2173 2741 2331 2794 homo
2361 2739 2411 2791 in
2440 2737 2629 2807 capitis
2660 2751 2889 2803 corpore
2917 2751 3129 2804 semper
3152 2737 3283 2791 eris.

1912 2830 2139 2884 Tantum
2168 2838 2225 2883 ut
2257 2828 2407 2898 jussa
2430 2827 2570 2882 velis
2589 2837 2610 2865 τ
2644 2835 2775 2880 nutu
2805 2826 3093 2881 observare
3120 2826 3390 2890 docentis,

1981 2921 2113 2987 Quis
2140 2927 2161 2955 ³
2193 2919 2337 2990 quod
2367 2920 2441 2973 ait
2468 2918 2655 2985 verbo,
2689 2918 2947 2987 prmvenit
2976 2918 3195 2973 auxilio.

1908 3055 2017 3111 CIII
2044 3055 2211 3127 [Alias
2241 3052 2325 3124 C].
2359 3054 2435 3108 De
2462 3052 2734 3107 altitudine
2765 3053 2915 3122 ﬁdei,
2957 3053 3063 3123 spei
3110 3063 3156 3107 et
3207 3051 3493 3107 charitatis.

1912 3180 1966 3233 In
2001 3178 2204 3234 Deitate
2232 3177 2450 3246 gradus,
2484 3178 2502 3212 τ
2527 3191 2775 3231 mensura
2805 3186 2857 3229 et
2885 3186 3124 3245 tempora
3155 3192 3261 3230 non
3285 3185 3407 3229 sunt
3436 3192 3452 3229 :

1986 3270 2070 3336 Et,
2090 3270 2233 3340 quod
2255 3270 2395 3325 idem
2413 3280 2518 3333 est,
2543 3278 2572 3306 ιι
2596 3271 2770 3338 majus
2793 3284 2897 3323 non
2925 3268 3081 3322 habet
3111 3278 3269 3337 atque
3296 3266 3495 3322 minus.

1912 3364 2201 3433 Corporete
2232 3363 2389 3432 longe
2420 3361 2590 3416 moles
2620 3360 2912 3429 formaeque
2942 3370 2967 3397 ν
2995 3359 3282 3424 recedant,

1984 3454 2166 3510 Virtus
2194 3469 2403 3509 summa
2430 3461 2579 3509 caret
2608 3453 2801 3507 ﬁnibus
2828 3460 2882 3505 et
2912 3452 3100 3522 spatiis
3125 3470 3137 3503 :

1915 3550 2109 3619 iQuod
2158 3550 2340 3617 Pater,
2392 3550 2492 3605 hoc
2534 3548 2696 3603 simul
2739 3558 2819 3601 est
2866 3546 3098 3602 Verbum
3145 3545 3344 3609 Patris,
3395 3542 3497 3598 hoc

2129 3643 2409 3712 utriusque

1972 3736 2233 3811 Spiritus.
2267 3735 2363 3789 llic
2389 3733 2529 3787 Deus
2559 3739 2642 3787 est
2669 3746 2828 3795 unus,
2858 3739 2910 3784 et
2938 3744 3041 3783 una
3073 3728 3204 3783 fides
3229 3746 3241 3781 :

1914 3835 1941 3874 3'
1963 3826 2066 3880 Per
2093 3839 2253 3894 quam
2281 3838 2531 3877 verorum
2563 3836 2687 3890 spes
2717 3835 2822 3874 non
2857 3819 3060 3873 incerta
3092 3818 3377 3872 bonorum.

1983 3915 2282 3970 Sublimem
2311 3923 2333 3950 κ
2353 3913 2523 3984 ignito
2547 3911 2757 3967 scandit
2786 3925 2971 3965 amore
2995 3910 3155 3964 viam.

1911 4009 2072 4079 677
2105 4008 2173 4061 Et
2194 4014 2515 4076 prmgustata
2547 4003 2727 4073 superi
2750 4002 3033 4058 dulcedine
3060 4002 3226 4061 roris.

1990 4098 2257 4152 Doctrinis
2287 4096 2433 4166 pasci
2458 4095 2656 4165 gaudet
2686 4093 3024 4162 apostolicis.

1925 4200 1971 4227 ια
1997 4190 2077 4245 Tu
2106 4190 2195 4260 qui
2225 4205 2353 4260 ergo
2383 4189 2627 4258 indignas
2654 4202 2759 4242 non
2783 4185 2866 4241 vis
2892 4185 3171 4243 incurrere
3194 4197 3379 4245 curas;

1982 4353 2010 4381 ἰ
2034 4344 2161 4399 Mss.
2199 4354 2307 4400 tres
2337 4353 2391 4399 et
2421 4342 2550 4397 Ven.
2578 4340 2768 4407 editio,
2796 4346 3078 4398 contactus,
3108 4328 3304 4406 gastris,
3331 4339 3490 4390 odor-

1950 4431 2030 4468 ue.

1912 4432 2123 4540 ᾳηῗείο
2145 4499 2275 4538 mss.
2299 4498 2484 4537 omnes
2508 4497 2627 4535 cum
2648 4481 2781 4534 Ven.
2811 4478 2940 4532 edit.
2966 4476 3118 4540 Aliae,
3142 4473 3392 4531 adnitere.

1984 4564 2009 4602 P
2034 4556 2130 4608 Ms.
2165 4556 2296 4623 Heg.
2322 4562 2376 4607 et
2401 4551 2616 4613 Camb.,
2639 4550 2822 4602 virtute
2845 4555 2891 4601 et
2921 4547 3062 4614 ﬁdei.

1983 4635 2009 4672 (ι
2035 4626 2161 4679 Mss.
2188 4624 2315 4688 duo,
2342 4623 2560 4674 membra
2592 4630 2711 4673 tum.

1987 4704 2007 4730 ι’
2035 4695 2135 4747 Ms.
2180 4686 2337 4762 Reg.,
2384 4702 2511 4744 nutu
2555 4704 2775 4762 scrvare.
2824 4686 2922 4742 Ms.
2953 4688 3125 4762 _Colb.
3160 4703 3332 4762 unus,
3360 4697 3491 4739 nutu

1913 4764 2183 4830 complere.
2220 4756 2315 4817 Ms.
2348 4763 2483 4815 alter
2512 4760 2692 4821 Colb.,
2722 4766 2847 4811 nutu
2895 4758 3213 4813 admoveare.
3244 4756 3417 4822 Alter,
3445 4765 3498 4810 et

1915 4850 2162 4889 moveare,
2195 4836 2292 4889 Ms.
2320 4831 2446 4895 Jul.,
2470 4847 2532 4883 ac
2559 4844 2812 4884 moveare.

1990 4908 2012 4937 '
2038 4905 2166 4959 Mss.
2192 4911 2442 4972 quatuor,
2469 4901 2605 4970 quod
2633 4901 2739 4970 agit
2767 4899 2938 4954 verba.
2968 4899 3113 4955 Unus
3140 4913 3204 4952 ex
3236 4896 3341 4959 his,
3373 4912 3493 4965 pro-

1916 4974 2048 5027 vehit
2076 4976 2291 5029 auxilio.

1993 5046 2011 5080 ‘
2044 5046 2167 5100 Mss.
2209 5056 2335 5106 tres,
2367 5058 2639 5097 mensura.

1989 5124 2015 5151 ¹³
2041 5116 2138 5170 Ms.
2169 5114 2463 5179 Theodon,
2489 5115 2675 5182 magis.

1990 5194 2015 5221 ν
2039 5186 2134 5240 Ms.
2164 5185 2377 5257 Camb.,
2409 5184 2667 5237 recedunt.
2726 5252 2755 5257 η
2787 5252 2797 5257 _
2927 5250 2969 5257 __
3195 5246 3205 5257 ,

1994 5265 2018 5291 π
2042 5257 2116 5310 Ita
2146 5256 2337 5324 legitur
2368 5256 2417 5307 in
2448 5270 2574 5308 mss.
2599 5262 2653 5308 et
2674 5252 2906 5308 editione
2927 5250 3087 5311 Ven.,
3114 5259 3164 5298 at
3194 5246 3244 5299 in
3276 5245 3395 5322 aliis
3421 5262 3434 5297 :

1915 5346 2050 5404 Quod
2073 5346 2237 5402 Pater,
2263 5345 2354 5394 hoc
2382 5343 2593 5393 Verbum
2618 5343 2776 5391 Patris
2810 5347 2903 5401 est,
2936 5338 3079 5388 simul
3104 5337 3193 5385 hoc
3216 5336 3482 5398 utriusque.

1986 5448 2013 5486 γ
2037 5438 2165 5493 Mss.
2194 5440 2319 5501 duo,
2349 5435 2447 5490 Per
2473 5450 2641 5505 quem.

1991 5518 2015 5545 ι’
2044 5508 2139 5561 Ms.
2168 5499 2379 5571 Cauni»,
2412 5499 2568 5570 noio;
2592 5504 2720 5565 edit.
2748 5501 2901 5565 Ven.,
2936 5499 3129 5570 ignoto.

1992 5587 2047 5614 ⁸⁸
2076 5578 2215 5632 Edit.
2245 5578 2405 5631 Ven.:

2047 5669 2273 5731 Indignas
2298 5668 2513 5729 quisquis
2539 5678 2630 5716 non
2657 5666 2729 5713 vis
2756 5664 3006 5713 incurrere
3032 5672 3203 5711 causas
