4028 6176
274 250 373 305 537

1484 249 1881 309 CHRONICUM
1917 247 2299 308 iNTEGRUM.

3431 254 3536 312 558

341 367 649 435 EtCainan,
674 383 796 424 cum
809 375 955 424 esset
968 381 1232 423 annorum
1255 367 1617 438 cxxx,genuit
1641 366 1844 423 Salem.
1875 369 1926 428 Α
2026 364 2155 421 Erat
2185 375 2363 423 autem
2395 379 2570 423 annus
2595 367 3033 438 repromissionis
3056 368 3084 410 ι’
3113 387 3290 435 xxcvi.

339 456 544 513 Deinde
572 450 777 528 Salem,
808 472 933 512 cum
971 466 1123 514 esset
1165 472 1431 512 annorum
1470 472 1634 526 cxxx,
1665 457 1850 528 genuit

268 548 469 606 Heber.

339 642 519 699 Heber
541 658 776 715 quoque,
807 657 931 699 cum
958 650 1104 699 esset
1128 657 1392 699 annorum
1425 658 1642 713 cxxxtv,
1665 642 1854 713 genuit

264 733 485 789 Pltalec.
1776 800 1783 811 .

335 824 452 879 Hoc
490 832 759 892 tempore,
805 824 872 877 ad
911 823 1330 892 perturbandam
1380 822 1633 894 superba:
1685 822 1848 876 turris

262 915 719 980 exstructionem,
769 913 961 969 divisae
1004 923 1134 969 sunt
1178 915 1394 984 linguae,
1420 922 1499 970 -et
1530 928 1626 984 per
1658 912 1848 969 orbem

260 1015 431 1061 terrae
461 1005 600 1061 facta
627 1016 708 1061 est
736 1006 975 1076 gentium
1001 1006 1289 1075 dispersio.

334 1095 533 1150 Pbalec
580 1104 782 1163 autem,
813 1110 936 1151 cum
964 1105 1112 1152 esset
1151 1111 1414 1151 annorum
1456 1111 1620 1164 cxxx,
1664 1094 1851 1166 genuit

256 1186 472 1254 Ragau.

333 1277 522 1347 Ragau
549 1292 787 1348 quoque,
814 1292 937 1333 cum
961 1287 1107 1335 esset
1133 1294 1404 1334 annorum
1436 1295 1640 1345 cxxxtt,
1662 1279 1849 1350 genuit

254 1368 496 1426 Seruch.

328 1460 542 1518 Seruch
588 1477 740 1531 vero,
784 1476 909 1518 cum
947 1470 1094 1518 esset
1142 1477 1407 1519 annorum
1454 1479 1615 1531 cxxx,
1662 1463 1851 1535 genuit

251 1550 502 1611 Nachor.

333 1641 511 1696 Porro
538 1640 773 1708 Nachor,
799 1655 922 1700 cum
961 1650 1109 1699 esset
1153 1658 1417 1698 annorum
1448 1660 1630 1713 Lxxtx,
1663 1645 1851 1714 genuit

250 1732 464 1791 Thare.

327 1825 514 1881 Tbare
534 1835 738 1892 autem,
763 1841 1028 1884 annorum
1056 1843 1183 1894 ιιι,
1202 1830 1390 1899 genuit
1410 1829 1701 1896 Abraham,
1728 1828 1844 1900 qui,

247 1930 383 1969 eum
425 1925 577 1972 esset
605 1931 873 1973 annorum
900 1934 1066 1984 Lxxv,
1098 1919 1286 1976 divino
1311 1932 1560 1976 monetur
1583 1920 1694 1975 allo
1716 1921 1844 1990 tuio,

248 2016 313 2061 ut
339 2016 507 2063 exeat
532 2007 600 2064 de
624 2016 764 2064 terra
786 2023 883 2064 sua
911 2017 966 2065 et
988 2010 1055 2066 de
1076 2010 1239 2066 domo
1260 1996 1429 2081 patris
1454 2013 1563 2077 sui,
1587 2021 1644 2066 ut
1673 2022 1849 2066 trans-

247 2110 342 2155 eat
377 2100 434 2156 in
466 2111 666 2157 terram
705 2101 983 2158 Chanaan.
1022 2103 1139 2169 Quo
1168 2111 1415 2174 tempore
1446 2105 1741 2174 promissio
1778 2104 1846 2159 ad

250 2191 539 2247 Abraham
562 2193 699 2247 facta
722 2202 825 2261 est,
853 2193 997 2263 quod
1018 2194 1228 2250 futurus
1244 2204 1391 2250 esset
1413 2195 1652 2266 gentium
1675 2207 1844 2265 pater.

322 2283 399 2337 Et
426 2282 778 2339 inveniuntur
802 2286 870 2338 ab
890 2301 1035 2340 anno
1064 2302 1209 2340 Lxxv
1237 2287 1531 2355 Abraham,
1560 2289 1612 2343 in
1637 2303 1743 2358 quo
1764 2298 1847 2343 est

251 2377 699 2445 repromissionis
726 2378 1032 2443 exordium,
1055 2395 1223 2449 usque
1241 2381 1307 2435 ad
1337 2382 1558 2452 Moysen
1589 2391 1643 2437 et
1663 2395 1851 2451 egros-

248 2485 381 2524 sum
411 2468 649 2525 Hebrtea'.
678 2472 855 2541 gentis
882 2486 949 2526 ex
976 2471 1211 2542 lgypto
1238 2474 1363 2527 anni
1389 2489 1647 2529 ccccxxx.

320 2560 493 2616 Fiunt
527 2561 707 2632 itaque
746 2578 777 2617 a
810 2563 1013 2619 diluvio
1059 2579 1227 2635 usque
1258 2566 1326 2620 ad
1381 2568 1610 2635 primum
1639 2582 1843 2621 annum

247 2653 661 2722 promissionis.
677 2658 969 2719 Icnxv1,ab
982 2656 1148 2712 Adam
1165 2673 1293 2712 vero
1304 2661 1429 2713 anni
1444 2675 1844 2716 unucccxcvnt.

321 2743 607 2798 Abraham
641 2746 1037 2815 nonagenarius
1065 2762 1133 2802 ex
1179 2748 1370 2801 ancilla
1418 2750 1561 2818 Agar
1585 2759 1848 2819 genuerat

242 2834 478 2901 ismael,
510 2850 538 2888 a
565 2851 673 2906 quo
704 2836 1009 2903 lsmaelitm,
1033 2841 1123 2909 qui
1151 2848 1336 2909 postea
1366 2839 1621 2911 Agareni,
1649 2842 1717 2898 ad
1748 2858 1847 2913 po-

241 2934 519 2982 stremum
548 2927 802 2984 Saraceni
828 2930 985 2985 dicti.

318 3021 383 3073 In
420 3020 523 3075 hoc
544 3028 787 3090 tempore
810 3022 1080 3078 Abraham
1109 3022 1574 3094 ﬁdejustilicatus,
1602 3043 1706 3097 qua
1726 3044 1846 3082 cre-

2026 458 2067 510 A
2097 458 2272 525 primo
2300 472 2430 512 vero
2472 472 2617 513 anno
2641 458 2833 526 Jacob,
2870 475 3045 531 usque
3082 463 3150 518 ad
3182 461 3538 534 principatum

1951 546 2156 617 Josepb
2190 549 2244 602 in
2275 548 2534 620 Egypto,
2574 550 2706 604 tiunt
2729 551 2859 606 anni
2886 566 3037 607 cxxt.

2024 635 2189 706 Cujus
2227 638 2486 707 temporis
2532 653 2677 693 anno
2710 656 2796 705 xv,
2841 641 2932 710 qui
2964 651 3047 696 est
3078 642 3455 712 promissionis
3478 656 3535 712 c,

1956 727 2185 780 moritur
2209 727 2485 781 Abraham
2513 743 2779 784 annorum
2810 746 3003 785 cu-xv.

2024 818 2078 872 In
2108 817 2221 873 haec
2244 832 2481 889 tempora
2504 821 2692 884 Niobe,
2719 830 2779 876 ut
2799 822 2973 878 Graeci
3000 822 3304 893 perhibent,
3339 822 3533 881 mistus

1952 920 2038 965 est
2083 910 2314 980 Jupiter,
2348 927 2523 983 exque
2571 914 2663 968 illo
2698 915 2993 971 concubitu
3035 924 3198 971 natus
3250 926 3335 973 est.
3378 918 3534 989 Apis,

1952 1018 2112 1072 quem
2141 1002 2366 1070 Serapio
2396 1013 2612 1058 vocant.

2025 1094 2213 1162 Igitur,
2245 1093 2542 1161 Abraham,
2568 1093 2716 1150 Isaac
2755 1102 2810 1150 et
2844 1094 3012 1152 Jacob
3058 1096 3391 1168 antiquiores
3431 1096 3536 1155 Se-

1953 1184 2161 1253 rapide.

2030 1275 2145 1330 lloc
2181 1285 2423 1346 tempore
2463 1276 2727 1344 Messana,
2759 1292 2879 1347 qua:
2928 1286 2985 1333 et
3030 1278 3367 1345 Mamertina,
3400 1294 3535 1335 con-

1954 1368 2067 1423 dita
2098 1376 2203 1423 est.

2023 1458 2193 1515 Jacob
2219 1467 2422 1524 autem,
2462 1473 2628 1527 agens
2666 1472 2871 1513 annum
2899 1474 3128 1526 Lxxvttt,
3165 1459 3449 1515 descendit
3484 1460 3537 1515 in

1956 1551 2424 1622 Mesopotamiam,
2457 1561 2510 1605 et
2537 1551 2771 1607 servivit
2798 1551 2943 1621 apud
2971 1552 3156 1607 Laban
3186 1553 3343 1606 annis
3371 1568 3465 1608 vn.

2025 1643 2214 1710 Jacob,
2242 1658 2365 1697 cum
2394 1654 2537 1697 esset
2564 1658 2984 1707 annorunrmu,
3006 1653 3270 1713 genuerat
3296 1644 3535 1713 Joseph;

1880 1738 1929 1798 Β
1956 1732 2066 1803 qui,
2099 1747 2220 1787 cum
2246 1742 2393 1787 esset
2425 1747 2688 1788 annorum
2731 1748 2862 1798 xvu,
2896 1733 3146 1787 venditus
3174 1742 3260 1787 est
3298 1749 3330 1788 a
3362 1733 3539 1789 fratri-

1953 1824 2079 1890 bus,
2111 1837 2254 1878 anno
2284 1823 2454 1891 patris
2479 1822 2563 1876 sui
2592 1822 2760 1877 Jacob
2788 1838 2898 1880 crs.

2025 1913 2178 1968 lsaac
2207 1927 2340 1967 vero
2370 1910 2599 1966 moritur
2644 1926 2787 1967 anno
2817 1912 2993 1966 aetatis
3031 1926 3142 1966 sua:
3174 1927 3331 1980 cxxc,
3373 1914 3538 1968 relin-

1951 2020 2122 2076 quens
2153 2005 2316 2059 lilium
2345 2003 2511 2059 Jacob
2540 2004 2824 2058 habentem
2861 2019 3032 2057 annos
3058 2018 3181 2058 cxx.

2024 2098 2137 2153 Hoc
2165 2106 2405 2166 tempore
2433 2094 2697 2162 Memphis
2727 2096 2793 2149 ab
2817 2094 2915 2164 Api
2948 2096 3000 2149 in
3030 2094 3265 2166 Egypto
3298 2096 3535 2150 condita.

2020 2189 2220 2259 Joseph
2249 2190 2357 2244 dux
2387 2187 2604 2259 Egypti
2635 2188 2791 2243 annis
2824 2203 2960 2252 xxc;
2993 2202 3219 2257 quorum
3249 2201 3371 2241 cum
3408 2202 3536 2257 age-

1952 2292 2104 2340 retur
2130 2296 2303 2337 annus
2322 2281 2627 2352 vigesimtts‘
2640 2290 2847 2348 sextus,
2876 2280 3046 2335 Jacob
3067 2280 3222 2343 obiit,
3253 2294 3395 2333 anno
3411 2290 3539 2333 aeta-

1950 2376 2019 2430 tis
2045 2389 2157 2428 sute
2200 2387 2396 2435 exuti,
2430 2372 2761 2441 prophetans
2804 2370 2872 2426 de
2920 2370 3133 2425 Christo
3168 2378 3223 2426 et
3255 2372 3539 2425 vocatione

1950 2468 2213 2538 gentium.

2020 2560 2178 2614 Anno
2210 2558 2538 2629 principatus
2566 2555 2767 2627 Joseph
2800 2572 2875 2622 ix,
2903 2556 2996 2627 qui
3027 2565 3145 2610 erat
3176 2554 3334 2610 lamis
3363 2560 3539 2610 annus

1951 2653 2241 2719 secundus,
2292 2654 2569 2722 ingressus
2611 2658 2697 2706 est
2731 2649 2901 2706 Jacob
2945 2647 2999 2703 in
3046 2647 3364 2718 iEgyptum,
3410 2662 3533 2704 cum

1951 2745 2075 2800 ﬁliis
2106 2746 2240 2802 suis.

2020 2839 2141 2908 ipse
2188 2845 2368 2893 autem
2400 2836 2598 2906 .loseph
2632 2835 2859 2890 moritur
2896 2846 3040 2888 anno
3079 2832 3255 2887 :etatis
3293 2845 3405 2886 sua:
3444 2844 3532 2887 cx.

1949 2931 2299 2986 Hebraeorum
2332 2930 2385 2984 in
2416 2928 2651 2999 [Egypto
2688 2925 2962 2980 servitutis
2991 2936 3014 2963 ο
3046 2940 3232 2980 cutv.

2022 3021 2191 3092 Hujus
2212 3020 2494 3077 servitutis
2518 3033 2661 3072 anno
2682 3033 2775 3084 xx,
2805 3017 2960 3073 Atlas
2979 3016 3282 3085 astrologus
3312 3014 3537 3085 insigu’s

243 3110 392 3167 didit
451 3112 508 3166 in
550 3112 757 3167 semine
804 3127 908 3168 suo
959 3129 1149 3169 omnes
1189 3124 1379 3185 gentes
1419 3116 1841 3186 benedicendas,
1871 3105 1919 3167 C
1953 3116 2248 3172 habebatur
2278 3115 2445 3169 frater
2474 3111 2805 3167 Promethei.

245 3205 577 3260 mandatum
619 3206 1050 3261 circumcisionis
1097 3210 1351 3279 accepit:
1399 3226 1521 3279 qua:
1570 3226 1739 3281 usque
1777 3213 1844 3267 ad

245 3299 599 3353 nativitatem
632 3299 696 3353 ι).
724 3298 787 3353 Ν.
811 3299 939 3355 Jesu
965 3299 1190 3369 Christi,
1235 3303 1609 3370 promissionis
1637 3319 1845 3375 corpo-

243 3405 409 3444 reum
455 3389 557 3444 fuit
596 3390 827 3459 signum,
861 3391 1002 3459 quod
1049 3392 1102 3445 in
1151 3392 1394 3460 spiritale
1441 3403 1842 3451 sacramentum

242 3497 396 3538 verte
418 3481 600 3537 cordis
626 3482 1063 3537 circumcisionis
1091 3483 1360 3538 transivit.

314 3571 602 3628 Abraham
623 3588 766 3627 anno
785 3574 958 3628 aetatis
974 3568 1088 3629 sua:
1111 3575 1431 3641 centesimo,
1457 3578 1816 3646 repromissio
1831 3608 1845 3619 -

244 3664 332 3719 nis
364 3672 552 3719 autem
589 3664 849 3720 vicesimo
887 3665 1100 3735 quinto,
1133 3667 1317 3735 genuit
1360 3666 1508 3722 lsaac
1547 3683 1610 3723 ex
1644 3669 1839 3723 iibera.

312 3755 493 3826 688
518 3755 667 3811 Isaac
687 3766 889 3823 autem,
920 3770 1043 3812 cum
1074 3765 1221 3812 esst-t
1247 3771 1510 3812 annorum
1542 3775 1629 3823 1.x,
1652 3760 1841 3828 genuit

245 3846 531 3915 geminos,
567 3862 794 3916 quorum
850 3846 998 3917 prior
1026 3847 1191 3916 Esau,
1219 3848 1310 3918 qui
1342 3857 1396 3904 et
1438 3847 1632 3913 Edom,
1675 3864 1705 3903 a
1734 3864 1843 3920 quo

243 3935 499 3991 Idumaei.

318 4032 439 4086 iioc
468 4039 712 4100 tempore
735 4032 873 4101 apud
906 4034 1079 4103 Argos
1107 4034 1368 4104 regnabat
1394 4033 1649 4103 Inachus,
1684 4036 1857 4106 cujus

246 4124 356 4178 ﬁlia
392 4125 471 4185 lo.
507 4140 665 4193 quam
695 4124 933 4196 [Egyptii
962 4125 1159 4181 Isidem
1198 4125 1485 4181 vocitatam
1520 4126 1707 4184 divino
1736 4114 1839 4185 ho-

248 4231 390 4270 nore
417 4216 724 4271 coluerunt.

315 4306 571 4372 Sequens
597 4307 786 4373 Jacob,
808 4308 898 4378 qui
925 4316 1108 4378 postea
1142 4306 1328 4374 Israel,
1359 4323 1389 4363 a
1418 4323 1525 4379 quo
1555 4309 1835 4379 lsrielitae,

246 4400 336 4467 qui
365 4412 511 4452 nunc
542 4397 731 4452 Judaei.

2023 3207 2190 3276 Hujus
2218 3204 2491 3261 servitutis
2528 3216 2671 3257 anno
2704 3216 2827 3266 va,
2858 3199 2949 3269 qui
2989 3208 3071 3253 est
3101 3197 3535 3268 repromissionis

1949 3315 2120 3356 annus
2146 3314 2298 3365 cccn,
2332 3300 2494 3353 Aram
2531 3295 2719 3367 genuit
2768 3294 2975 3358 Mosen,
3010 3306 3135 3347 cum
3173 3302 3319 3347 esset
3366 3304 3538 3347 anno-

1948 3409 2067 3449 I'Ilm
2095 3408 2221 3448 LXX.

2018 3484 2135 3539 Hoc
2182 3491 2426 3551 tempore
2478 3479 2785 3550 Epidaurus
2850 3475 3110 3541 condita,
3162 3481 3219 3530 et
3271 3471 3532 3544 templum

1946 3576 2215 3647 Apollinis
2244 3573 2481 3643 Delphici
2503 3572 2572 3627 ab
2602 3569 2991 3626 Erisiciithone
3012 3566 3313 3623 conditum.

2016 3668 2173 3723 Anno
2226 3666 2502 3722 servitutis
2557 3664 2906 3718 llebrteorum
2962 3675 3169 3725 Lxxvtt,
3221 3658 3429 3728 primus
3476 3654 3534 3711 in

1947 3758 2227 3813 Thessalia
2261 3755 2505 3825 regnavit
2531 3755 2781 3808 Haemon.

2016 3851 2177 3904 Anno
2196 3861 2325 3903 vero
2351 3860 2475 3915 κιο,
2509 3843 2752 3898 Phorbas
2779 3841 3039 3896 Rhodum
3072 3838 3325 3895 obtinuit.

2013 3942 2180 4013 689
2204 3939 2361 3994 Anno
2404 3952 2535 3993 vero
2580 3949 2744 4000 xxcn,
2800 3932 3059 3989 llercules
3086 3931 3337 3986 Antaeum
3366 3928 3531 3984 lucta

1946 4036 2240 4110 certamine
2266 4040 2507 4102 superat.

2017 4127 2172 4183 Anno
2198 4139 2395 4193 xxcvu,
2418 4124 2625 4194 primus
2646 4119 2934 4177 Trochilus
2950 4117 3266 4189 quadrigam
3285 4112 3537 4185 junxisso

1946 4203 2305 4291 pet-hibeturs
2757 4262 2760 4265 .

2016 4315 2171 4379 Anno
2195 4326 2282 4375 xc,
2315 4308 2565 4365 Xanthus
2588 4306 2818 4375 Triopus
2845 4303 3058 4359 Lesbon
3080 4300 3339 4357 condidit.

2016 4404 2172 4459 Anno
2199 4416 2252 4468 c,
2288 4401 2525 4470 CecrOps
2552 4396 2794 4469 regnavit
2823 4396 2874 4449 in
2906 4393 3114 4458 Attica;
3147 4392 3248 4445 sub
3286 4405 3393 4460 quo
3421 4386 3447 4427 δ
3480 4389 3554 4453 in.

319 4588 347 4615 ι
385 4577 467 4651 E__x
492 4577 830 4651 enumeratis
846 4589 1005 4651 supra
1055 4575 1481 4651 patriarcharum
1511 4577 1688 4647 annis,
1732 4594 1839 4647 quo
1868 4582 1916 4641 D
1944 4580 2112 4651 spatio
2142 4579 2385 4651 populum
2422 4575 2577 4651 illum
2610 4573 2867 4651 εει-υἱῆες,
2897 4581 2949 4626 et
2977 4580 3081 4623 tam
3118 4568 3252 4651 dura
3296 4568 3538 4651 servitute

247 4647 483 4715 singulis
512 4646 620 4700 nati
655 4656 778 4699 sunt
819 4646 997 4710 liberi,
1039 4646 1277 4714 exsurgit
1323 4662 1530 4701 summa
1572 4646 1834 4703 annorum

251 4716 396 4771 1145
426 4733 456 4770 a
479 4718 681 4771 diluvio
708 4718 772 4768 ad
803 4716 995 4769 iactam
1031 4716 1261 4769 Abrahae
1292 4718 1704 4780 promissionem
1730 4737 1739 4769 :
1769 4721 1835 4773 ad

248 4801 522 4841 summum
556 4786 689 4840 1147
714 4802 775 4838 ex
806 4786 949 4839 notis
969 4785 1033 4837 ad
1066 4785 1270 4840 Chron.
1302 4785 1546 4853 Eusebii,
1577 4789 1643 4842 ab
1663 4789 1834 4843 Adam

249 4872 385 4912 vero
414 4856 685 4911 conﬂatur
715 4870 973 4909 numerus
1003 4855 1165 4909 5412.

317 4927 347 4965 δ
379 4926 512 4981 Mss.
561 4926 713 4981 Colb.
768 4926 875 4980 duo
914 4939 1037 4980 cum
1088 4926 1324 4981 editione
1371 4926 1587 4981 Pontaci
1632 4940 1837 4996 ponunt

248 5012 426 5051 annos
453 4997 544 5051 90.

323 5078 344 5105 ο
369 5066 743 5135 Snpplendum
774 5064 1009 5130 videtur,
1043 5067 1164 5119 anni
1194 5067 1422 5135 fuerunt.
1462 5066 1566 5121 Pro
1596 5067 1697 5122 164
1728 5068 1830 5122 Ευ-

247 5137 456 5202 sehius,
496 5148 601 5189 tam
632 5137 685 5190 in
714 5135 853 5189 odit.
901 5136 1085 5197 Pont.,
1116 5151 1274 5197 quam
1316 5137 1367 5188 in
1410 5151 1541 5190 mss.
1592 5139 1831 5204 quinque

248 5206 606 5278 Colbertinis,
636 5213 788 5278 notat
815 5214 1016 5278 tantum
1058 5205 1190 5278 Mi;
1220 5207 1347 5278 sic;
1380 5221 1443 5278 es
1476 5222 1613 5278 anno
1638 5204 1828 5278 Joseplt

247 5278 487 5329 moritur.
523 5274 646 5329 Post
669 5277 821 5345 cujus
842 5275 1102 5328 interitum
1125 5274 1333 5328 Helmri
1355 5274 1617 5344 rEgyptiis
1649 5274 1831 5329 servie-

248 5355 371 5399 runt
398 5347 548 5399 annis
576 5343 753 5415 usus.
785 5343 1013 5397 Fuerunt
1042 5353 1213 5397 autent
1238 5360 1410 5399 omnes
1430 5343 1553 5398 anni
1572 5361 1697 5415 quos
1719 5345 1829 5399 He-

250 5417 376 5471 brari
399 5416 449 5468 in
474 5414 703 5486 Afggpto
727 5414 931 5486 [uerunt
958 5428 1113 5486 cchv,
1145 5416 1236 5483 qui
1261 5416 1322 5486 ab
1351 5431 1411 5468 eo
1440 5424 1665 5481 tempore
1687 5433 1828 5486 gom-

252 5495 520 5555 putantur,
549 5481 648 5553 quo
669 5481 970 5555 Jacohcum
997 5484 1119 5551 ﬁliis
1149 5481 1257 5536 suis
1286 5485 1541 5538 descendit
1570 5486 1622 5536 in
1654 5484 1822 5555 zEgy.

253 5562 412 5617 ptum.
446 5554 592 5623 Ergo
616 5569 755 5606 anno
780 5553 841 5607 7i
870 5564 993 5622 post
1016 5556 1313 5621 ingressum
1339 5555 1549 5608 lllOl‘llll.‘
1581 5553 1822 5607 mortuus

255 5634 338 5676 est
363 5624 580 5690 Ioseph.
614 5624 689 5676 De
722 5638 827 5691 quo
870 5625 1131 5678 l’ontacns
1162 5625 1211 5675 itt
1254 5627 1391 5678 notis
1419 5643 1429 5676 :
1463 5626 1597 5679 Sunt
1624 5627 1709 5693 qui
1740 5641 1822 5678 re-

258 5708 441 5761 splutl
457 5704 527 5747 tot
544 5710 727 5756 annos,
752 5693 874 5747 dum
895 5693 1189 5748 incredibile
1204 5696 1438 5761 iudicant
1453 5706 1554 5749 tam
1577 5695 1818 5751 diuturno

1949 4644 2175 4716 pressum
2204 4644 2274 4700 ita
2303 4646 2523 4715 potuisse
2552 4644 2850 4714 propagari,
2875 4651 2929 4716 ut
2953 4648 3191 4716 sexcenta
3216 4649 3537 4716 armatorum

1942 4710 2124 4776 millia.
2154 4710 2343 4790 alisque
2370 4710 2667 4790 mulieribus
2697 4710 2742 4768 et
2770 4713 2968 4790 pueris,
2990 4728 3054 4766 ea:
3084 4710 3316 4790 Aigypto
3339 4710 3538 4790 eduxe-

1938 4794 2025 4843 rit.
2064 4778 2418 4842 Nihilominus
2460 4786 2705 4855 quoniam
2748 4785 3068 4854 Augustinus
3096 4778 3214 4855 ili—li.
3266 4794 3303 4833 tt
3333 4778 3454 4855 QQ.
3482 4779 3536 4830 in

1941 4858 2115 4912 Exod.
2145 4875 2198 4927 q.
2232 4856 2323 4927 η.
2356 4857 2443 4909 ubi
2472 4851 2643 4927 'mulla
2672 4857 2768 4908 hac
2816 4851 2881 4907 de
2921 4870 2978 4908 re
3018 4854 3281 4927 agitasset,
3330 4851 3536 4900 tandem

1941 4923 2617 4998 concludit,_Proindeillt_r_
2628 4927 2871 4998 nimirum
2898 4923 3237 4998 computatio,
3267 4934 3432 4998 quam.
3455 4932 3536 4969 se-

1939 5010 2088 5052 cutus
2109 5006 2179 5051 est
2211 4995 2460 5069 Eusebius
2485 4997 2541 5049 in
2565 4994 2804 5049 Historia
2831 5011 2925 5069 sua
2955 4994 3230 5069 Chronica,
3264 4994 3535 5069 perspicua

1939 5069 2147 5121 veritate
2167 5066 2384 5120 subnixa
2409 5075 2521 5130 est;
2553 5083 2656 5119 non
2679 5074 2751 5119 est
2781 5065 2915 5135 quod
2954 5066 3141 5134 rejecta
3169 5060 3300 5113 tanti
3323 5060 3415 5111 viri
3436 5072 3535 5110 au-

1936 5140 2190 5202 ctoritate,
2218 5137 2281 5189 ab
2314 5135 2522 5190 Eusebii
2547 5136 2787 5204 opinione
2814 5135 3169 5204 deﬂectamus.

2008 5205 2035 5243 ά
2069 5197 2465 5261 Illustrissitnus
2524 5197 2791 5260 Pontacus
2842 5197 2895 5257 in
2949 5203 3134 5258 notis:
3180 5197 3534 5269 Conjiciebam

1937 5276 2058 5348 (ait)
2089 5277 2380 5344 legendum,
2418 5292 2509 5330 seu
2561 5278 2783 5347 printum
2830 5276 2881 5327 in
2917 5275 3070 5348 Atta,
3107 5287 3197 5348 seu
3225 5269 3453 5348 primum
3482 5285 3535 5321 in

1938 5337 2077 5418 Acte,
2110 5337 2202 5418 pro
2225 5348 2277 5399 in
2308 5337 2459 5410 arce;
2491 5337 2605 5398 cuin
2639 5354 2833 5401 constet
2880 5359 2942 5418 ea:
2986 5341 3180 5418 Plinio,
3225 5337 3533 5418 'ﬂerodoto,

1942 5407 2166 5486 Hygino,
2189 5425 2237 5469 et
2265 5418 2381 5470 aliis
2414 5407 2637 5485 primum
2663 5424 2831 5486 ortam,
2852 5412 3037 5486 olivam
3067 5412 3118 5464 in
3140 5407 3336 5486 Attide,
3360 5410 3527 5486 seuit:

1933 5477 2141 5557 regione
2154 5477 2334 5539 'Actica
2353 5502 2377 5559 7;
2394 5477 2447 5559 et
2467 5484 2867 5559 cum__se_quentia
2882 5483 3170 5559 loquantur
3196 5478 3259 5532 de
3285 5477 3531 5559 Athenis:

1931 5548 2098 5609 tanien
2129 5573 2245 5627 cum
2268 5558 2464 5609 nullius
2493 5548 2683 5627 radicis
2706 5552 2946 5627 prwsidio
2959 5548 3199 5627 j_uvarer,
3232 5548 3417 5627 reliqui
3446 5548 3531 5627 in-

1930 5640 2142 5690 tvgt‘ttm.
2177 5625 2403 5689 Utraque
2432 5625 2563 5677 enim
2596 5618 2746 5678 lectio
2784 5618 2991 5676 tolerari
3024 5629 3208 5690 potest.
3244 5618 3349 5673 Ara:
3396 5618 3531 5671 enim

1929 5697 2020 5750 illa
2056 5706 2161 5751 erat
2186 5697 2236 5753 itt
2272 5697 2415 5751 Arte.
