3978 6178
492 262 597 318 539

1724 255 1782 312 s.
1826 253 2160 313 PROSPEBI
2194 248 2529 320 murram

3656 251 3758 307 διο

492 376 630 427 Arce
685 371 825 427 olim
872 380 994 425 nata
1040 380 1144 438 est,
1190 379 1244 425 et
1290 385 1356 425 ex
1398 368 1651 423 Minerva
1678 368 1915 431 nomine,
1948 381 2068 436 quo:
2095 370 2148 427 Δ
2237 362 2468 421 Tholam
2493 366 2648 421 amnis
2681 374 2702 403 ο
2739 379 2861 419 xxvi
2890 364 3015 438 [Vel
3042 381 3170 431 xxu,
3205 380 3269 421 es
3299 366 3403 421 alio
3430 362 3648 438 codice].

492 461 679 517 Graece
702 460 908 515 Athena
935 459 1150 522 dicitur,
1180 460 1342 516 Attici
1369 458 1595 513 Athenae
1623 456 1817 513 vocati.

564 560 718 609 Auno
741 568 891 618 cun,
913 553 1143 609 Curetes
1170 563 1226 608 et
1244 550 1580 623 Corybantes
1609 550 1853 605 Cnosson
1883 548 2071 604 condi-

491 644 704 709 derant,
735 645 823 713 qui
858 643 1187 698 modulatam
1217 652 1270 697 et
1300 643 1439 697 inter
1479 656 1539 697 se
1568 641 1980 696 convenientem
2015 642 2068 695 in

491 736 653 790 armis
676 735 1019 789 saltationem
1046 748 1190 803 repet
1206 733 1342 789 iunt.

562 827 767 898 Moyses
793 827 1176 897 octogesimum
1200 840 1369 897 agens
1392 827 1564 881 aetatis
1589 840 1701 881 sua:
1726 840 1945 893 annum,
1972 826 2073 881 im-

493 918 649 986 pletis
679 918 746 971 ah
794 919 946 972 initio
995 917 1370 984 promissionis
1421 932 1694 982 ccccxxx,
1722 917 1831 971 dux
1862 917 2071 971 itineris

490 1011 556 1064 ab
595 1008 820 1080 Egypto
852 1009 1201 1064 Hebraeorum
1230 1010 1404 1079 gentis
1428 1009 1679 1077 efficitur,
1710 1010 1880 1079 legem
1919 1008 2071 1063 eisin

491 1115 675 1153 eremo
706 1101 920 1154 tradens
951 1117 1046 1169 per
1071 1116 1239 1155 annos
1275 1117 1363 1156 ιι..

566 1193 677 1246 lloc
696 1203 872 1261 tempo
882 1209 939 1247 re
955 1192 1244 1248 Corinthus
1263 1194 1530 1262 conditur,
1545 1209 1663 1264 qua:
1685 1193 1834 1264 prius
1858 1191 2075 1265 Ephyre

492 1282 633 1336 dicta
659 1291 761 1336 Cal.
1932 1325 1942 1333 .

564 1371 731 1440 Cujus
785 1373 1042 1444 temporis
1097 1386 1241 1428 anno
1286 1374 1494 1443 quinto,
1541 1373 1743 1441 primus
1781 1372 1920 1441 apud
1966 1373 2075 1430 He-

493 1463 668 1518 braeos
696 1463 936 1533 pontifex
964 1464 1290 1518 constitutus
1320 1463 1484 1519 frater
1509 1464 1705 1535 Moysis
1733 1463 1928 1518 Aaron.

567 1554 678 1611 Hoc
708 1565 948 1621 tempore
980 1555 1243 1624 Apollinis
1269 1554 1511 1625 Delphici
1562 1556 1821 1625 templum
1859 1556 1927 1611 ab
1955 1554 2075 1609 Eri-

493 1647 774 1702 sichthone
799 1645 1138 1700 fabricatum.

2242 457 2374 513 Huic
2402 458 2546 512 aetati
2592 456 2877 511 ascribitur
2905 456 3106 513 bellum
3141 457 3487 525 Lapitharum
3537 464 3594 512 et
3620 454 3757 510 Cen-

2172 557 2469 603 taurorum.
2491 548 2739 602 Priamus
2762 558 2883 616 post
2902 547 3317 603 Laomedontem
3340 557 3550 618 regnat.
3575 547 3759 601 Medea

2170 640 2406 706 Colchis,
2441 655 2586 695 mors
2641 641 2948 711 Androgei,
2979 651 3037 697 et
3081 641 3370 697 Minotauri
3424 639 3605 695 fabula
3658 638 3760 693 hoc

2174 742 2381 801 tempus
2400 732 2728 785 habuerunt.

2186 894 2201 908 ‘
2242 824 2354 878 Jair
2382 840 2449 879 ex
2476 824 2619 879 tribu
2642 825 2888 880 Manasse
2918 826 3077 880 anuis
3108 840 3239 879 xxii.

2245 916 2353 972 llac
2378 926 2535 971 aetate
2564 917 2858 987 regnabant
2887 920 3218 988 Agamemno
3266 914 3524 987 Mycenis,
3581 914 3760 970 Meite-

2176 1009 2289 1062 laus
2308 1007 2715 1064 Lacedaemone.

2246 1098 2450 1153 Horum
2477 1112 2740 1153 annorum
2768 1108 2929 1154 sexto
2971 1096 3348 1170 Carthaginem
3383 1098 3536 1171 Tyrii
3581 1098 3764 1154 εοιιάῑο

2177 1190 2388 1245 derunt.

2249 1283 2376 1339 Haec
2402 1291 2533 1338 retas
2551 1282 2739 1337 habuit
2758 1281 2983 1338 Atreum
3023 1283 3181 1353 Argis
3207 1292 3549 1354 regnantem,
3576 1280 3762 1338 eadem

2179 1373 2461 1429 Phtedram
2489 1384 2543 1429 et
2580 1373 2946 1444 Hippolytum.

2248 1464 2277 1504 ἀ
2314 1466 2506 1535 Jephte
2538 1476 2562 1504 ο
2584 1468 2739 1521 annis
2767 1480 2843 1532 vt,
2880 1465 2900 1504 ί
2933 1466 3111 1521 Esbon
3134 1465 3291 1521 annis
3322 1481 3419 1521 vn.

2251 1556 2362 1611 Hoc
2380 1566 2587 1626 tempus
2616 1558 2712 1611 fuit
2741 1567 2923 1627 raptus
2946 1558 3185 1613 Helenae.
3216 1558 3422 1612 Bellum
3440 1556 3755 1625 Troianum.

2255 1658 2281 1697 ε
2311 1649 2526 1704 Labdou
2559 1665 2685 1705 xvm
2717 1649 2884 1721 [Alias
2911 1649 3050 1720 vut].
3079 1650 3246 1719 Cujus
3267 1650 3606 1719 principatus
3631 1662 3763 1704 anno

566 1738 848 1806 [lucusque
898 1736 1137 1805 quinque
1188 1735 1310 1791 libri
1356 1734 1553 1806 Moysis
1600 1737 1882 1793 continent
1924 1745 2073 1809 gesta
2110 1737 2151 1796 Β
2184 1742 2341 1795 tertio
2357 1738 2519 1807 Troja
2541 1750 2717 1807 capta.
2748 1739 3112 1809 Ejusdemque
3135 1740 3354 1795 Labdon
3383 1754 3535 1795 anno
3556 1747 3760 1803 octavo,

496 1845 760 1883 attuorum
789 1837 814 1866 ⁸
842 1843 1063 1884 ιιιιιιυοο
1092 1829 1387 1883 secundum
1418 1829 1559 1884 LXX
1585 1830 1933 1900 Interpretes.

562 1923 770 1977 Mortuo
798 1921 1001 1991 Moyse,
1034 1922 1139 1976 dux
1170 1924 1517 1977 constituitur
1545 1922 1737 1988 Josue,
1768 1926 1855 1993 qui
1878 1925 2080 1993 princi-

496 2027 677 2083 patum
724 2014 895 2067 tenuit
931 2015 1091 2068 annis
1135 2030 1277 2068 xxvtt
1302 2056 1317 2081 ,
1362 2026 1416 2069 et
1446 2023 1642 2070 terram
1674 2014 2078 2073 Palestinorum

492 2107 693 2162 Judazis
729 2116 875 2163 sorte
900 2108 1191 2162 distribuit.

563 2200 678 2255 Hoc
707 2208 949 2269 tempore
974 2199 1115 2270 apud
1140 2198 1394 2253 Hebraeos
1430 2198 1802 2269 pontificatum
1843 2202 2082 2272 suscepit

493 2293 738 2350 Eleazar.

568 2388 698 2442 Post
720 2396 947 2441 mortem
975 2386 1135 2441 Josue
1156 2386 1416 2441 Hebraeos
1435 2384 1752 2456 alienigena.-
1782 2396 1903 2442 octo
1924 2388 2081 2443 annis

496 2479 764 2547 subjectos
790 2478 1008 2542 habent,
1039 2479 1127 2547 qui
1175 2479 1474 2548 junguntur
1504 2477 1837 2546 temporibus
1868 2477 2079 2533 Gatho-

497 2571 628 2635 niel,
668 2570 962 2625 secundum
993 2568 1299 2625 Judzeorum
1330 2568 1698 2623 traditionem.

566 2661 678 2716 Hac
704 2669 861 2716 aetate
890 2660 1026 2730 apud
1057 2660 1314 2716 Hebraeos
1344 2659 1585 2731 pontifex
1612 2671 1729 2716 erat
1758 2659 2005 2717 Phinees.

567 2752 936 2821 Supputantur
1002 2752 1181 2822 itaque
1231 2767 1420 2807 omnes
1476 2752 1602 2807 anni
1646 2752 1933 2809 Gothoniel
1982 2767 2075 2809 xt..

501 2843 623 2899 Fuit
649 2852 825 2897 autem
849 2844 963 2911 ipse
985 2858 1050 2898 ex
1076 2843 1213 2898 tribu
1243 2843 1270 2898 J
1280 2843 1399 2900 uda.

571 2935 700 2989 Post
729 2934 1017 2989 Gotltoniel
1062 2934 1275 2989 Hebraei
1320 2934 1634 3004 alienigenis
1677 2934 1901 3004 subjecti
1931 2935 2079 2991 fuere

501 3026 657 3080 annis
688 3041 840 3088 xvm.
871 3025 960 3095 qui
991 3010 1310 3094 copulantur
1342 3026 1675 3095 temporibus
1726 3030 1861 3095 Aod,
1889 3042 2079 3084 secun-

502 3116 628 3172 dum
658 3118 967 3171 Judaeorum
1002 3117 1361 3171 traditionem.

574 3210 940 3278 Supputantur
989 3211 1170 3279 itaque
1221 3223 1411 3266 omnes
1449 3210 1573 3266 anni
1619 3210 1736 3267 Aod
1775 3211 1979 3268 Iudicis
2010 3228 2078 3267 ex

504 3300 641 3355 tribtt
667 3300 896 3369 Ephrem
921 3302 1212 3369 octoginta.

572 3393 629 3448 In
662 3394 767 3447 fine
794 3392 951 3461 hujus
980 3394 1153 3446 aetatis
1180 3393 1450 3460 Amphion
1475 3393 1675 3449 Thebis
1703 3396 1978 3463 regnabat.

575 3484 820 3537 Debbora
862 3498 982 3537 cum
1028 3482 1237 3537 Barach
1278 3484 1433 3539 annis
1464 3500 1556 3546 xt..
1610 3500 1676 3539 ex
1718 3486 1912 3553 quibus
1957 3503 2080 3541 sunt

501 3572 530 3613 δ
556 3575 683 3628 anni
711 3590 813 3627 xxx
845 3574 1039 3644 quibus
1070 3583 1192 3643 post
1221 3574 1426 3627 obitum
1464 3574 1575 3629 Aod
1626 3576 1885 3630 Hebraeos
1918 3578 2084 3650 690

416 3710 421 3717 .
501 3664 817 3735 alienigenae
856 3665 1094 3719 habuere
1122 3664 1414 3733 subjectos.
1462 3666 1582 3720 Fuit
1628 3676 1804 3723 autem
1838 3670 2080 3726 Di-bbora

502 3772 567 3811 ex
598 3756 738 3810 tribu
769 3756 1021 3825 Ephrem,
1058 3757 1260 3811 Barach
1292 3772 1422 3812 vero
1448 3774 1511 3811 ex
1544 3758 1684 3812 tribu
1714 3759 2014 3827 Nephtulim

576 3848 741 3918 Hujus
771 3849 942 3902 mtatis
970 3863 1109 3903 anno
1135 3864 1269 3915 xvn,
1304 3848 1454 3904 Itium
1484 3850 1554 3904 ab
1576 3850 1653 3905 llo
1674 3852 1965 3907 conditum.

571 3938 792 3994 Gedeon
824 3956 888 3994 ex
919 3941 1059 3995 tribu
1088 3940 1331 3995 Manasse
1351 3942 1507 3996 annis
1539 3959 1627 4003 XL.
1663 3943 1714 3997 in
1742 3945 1933 4013 quibus
1960 3955 2084 3999 sunt

502 4030 628 4083 anni
654 4044 727 4083 vu
754 4032 945 4099 quibus
988 4031 1244 4085 Hebraaos
1284 4033 1600 4101 alienigena:
1637 4035 1877 4091 habuere
1906 4039 2087 4105 subje-

502 4120 811 4188 ctos,juxta
841 4120 1187 4175 Hebraeorum
1216 4122 1580 4179 traditionem.

574 4211 691 4265 Hoc
728 4222 969 4279 tempore
989 4213 1162 4282 Tyrus
1184 4213 1421 4268 condita.
1469 4218 1792 4283 Argonautae
1841 4218 1923 4271 his
1954 4226 2088 4272 tem-

503 4302 728 4372 poribus
759 4302 1167 4373 fuere.Cyzicus
1187 4304 1287 4358 hoc
1313 4313 1554 4373 tempore
1582 4305 1814 4359 condita.
1840 4306 2087 4376 Orpheus

504 4394 682 4450 Thrax
712 4396 889 4450 clarus
920 4393 1236 4449 habebatur.

577 4486 892 4541 Abimelech
923 4487 1059 4541 [ilius
1090 4485 1361 4544 Gedeouis
1392 4487 1546 4543 annis
1571 4487 1763 4543 tribus.

577 4577 703 4630 Haec
727 4587 780 4631 et
808 4578 1050 4633 Herculis
1081 4586 1345 4649 tempora.

577 4718 604 4748 ⁸
624 4694 931 4785 Οιιιποηίροξι
954 4712 1169 4785 Eusebii
1186 4714 1316 4769 edit.
1340 4714 1520 4779 Pont.,
1541 4728 1663 4769 cum
1686 4715 1922 4784 quinque
1943 4716 2090 4785 ejus-

505 4782 627 4841 dem
658 4796 788 4835 mss.
820 4782 1141 4853 Colliertinis
1171 4785 1329 4839 5750.

578 4854 604 4892 δ
631 4854 689 4907 In
719 4867 851 4907 mss.
878 4853 1114 4922 quinque
1139 4854 1288 4908 Colb.
1320 4853 1606 4910 Ensebiani
1637 4854 1838 4909 Chron.
1871 4865 1926 4909 et
1954 4855 2084 4909 edit.

503 4922 661 4981 Ροιιι.
673 4966 686 4989 ,
719 4924 839 4975 'amti
862 4924 954 4976 20.

580 5006 603 5033 ε
636 4994 787 5065 Apud
815 4994 1125 5058 Eusebium,
1154 4994 1304 5047 annis
1327 4994 1419 5056 22,
1439 4993 1530 5065 uel
1572 4994 1643 5049 25
1672 4995 1951 5048 secundum
1981 4995 2090 5049 He-

506 5063 695 5127 bra'os.
716 5063 841 5121 [Lee
869 5072 1047 5117 autem
1075 5073 1342 5129 postrema
1368 5063 1446 5116 vel
1464 5065 1556 5124 23,
1590 5075 1719 5126 ete.,
1754 5082 1859 5118 non
1890 5067 2090 5119 haben-

506 5148 594 5188 tur
619 5137 671 5188 in
704 5148 834 5188 mss.
865 5131 1020 5188 Colb.
1054 5142 1305 5202 quatuor,
1337 5134 1433 5187 sed
1478 5134 1529 5187 iu
1564 5151 1670 5188 uno
1714 5136 1821 5189 alio
1858 5147 1912 5189 et
1960 5136 2090 5190 edit.

506 5205 662 5261 I‘ont.

576 5274 603 5312 ἀ
636 5276 690 5329 lu
717 5273 919 5329 Chron.
948 5273 1183 5331 Eusebii.
1214 5271 1335 5326 Post
1357 5271 1474 5325 Jair
1496 5273 1740 5328 Hebrazos
1771 5276 1823 5327 in
1849 5275 2092 5329 ditionem

504 5360 651 5399 suam
680 5345 917 5414 redigunt
945 5345 1253 5399 Ammanitte
1281 5344 1429 5396 anuis
1460 5345 1546 5411 18,
1567 5345 1699 5398 edit.
1730 5344 1885 5397 Pont.
1919 5346 1973 5407 8,
2001 5347 2092 5411 qui

504 5431 623 5485 cum
648 5418 955 5485 temporibus
983 5417 1319 5483 posteriorum
1349 5416 1658 5483 capulantur
1677 5415 1959 5468 secundum
1988 5415 2094 5469 He-

505 5484 757 5538 ἕταροι-ανῆ
786 5487 1105 5541 traditiones.

583 5563 608 5591 ο
641 5554 697 5608 In
727 5557 848 5609 cod.
880 5558 1085 5611 Chron.
1144 5555 1359 5611 Eusebii
1397 5556 1611 5611 additur
1638 5551 1823 5624 Iephte
1848 5553 1902 5606 in
1957 5554 2087 5610 libro

506 5622 750 5698 Jndicnm
775 5624 837 5676 ab
867 5636 1015 5698 (etate
1048 5626 1179 5683 Mosi
1207 5643 1365 5698 usque
1406 5630 1472 5680 nd
1499 5622 1822 5697 semetipsum
1853 5624 1924 5676 ait
1968 5643 2088 5698 sup-

510 5694 677 5765 putari
708 5710 868 5748 annos
890 5695 1012 5753 300.

2188 1831 2393 1887 Latinis
2423 1840 2611 1901 regnat
2639 1829 2846 1888 Encas
2875 1832 3031 1886 anuis
3058 1832 3244 1885 tribus.

2252 1920 2283 1961 ¹ι
2313 1923 2540 1979 Samson
2566 1923 2723 1976 annis
2747 1936 2842 1976 xx.

2253 2012 2420 2082 Cujus
2468 2026 2612 2067 anno
2638 2012 2795 2067 tertio
2839 2008 3122 2078 Ascanius,
3178 2009 3367 2067 Encas
3397 2010 3545 2068 ﬁlius
3574 2010 3758 2067 Albam

2183 2105 2443 2161 condidit.

2252 2196 2513 2253 Ascanius
2537 2202 2724 2265 regnat
2755 2193 2955 2249 Latinis
2981 2195 3140 2248 annis
3167 2209 3370 2257 xxxv",
3400 2207 3499 2249 seu
3530 2206 3762 2249 xxxvm.

2254 2287 2384 2341 Post
2408 2302 2563 2354 quem
2597 2287 2811 2356 Sylvius
2844 2284 3032 2339 dinem
3076 2289 3396 2352 posthumus
3441 2284 3590 2338 filius
3619 2284 3767 2338 annis

2186 2392 2333 2432 xxvu
2361 2377 2527 2450 [Alias
2554 2374 2720 2447 xxix].
2747 2378 2785 2429 A
2811 2389 2916 2444 quo
2942 2374 3266 2429 Albanorum
3296 2387 3454 2444 reges
3480 2373 3659 2445 Sylvii
3679 2388 3769 2445 ap-

2186 2470 2388 2536 pellati.

2258 2560 2371 2615 Heli
2403 2557 2658 2614 sacerdos
2695 2557 2851 2611 annis
2881 2572 2950 2611 xt.
2978 2566 3021 2610 ι.

2255 2652 2463 2707 Mortuo
2490 2650 2606 2705 lleli
2633 2649 2935 2717 sacerdote,
2964 2662 3089 2703 arca
3119 2647 3451 2705 Testamenti
3482 2650 3553 2704 ab
3575 2648 3765 2705 alieni-

2181 2746 2334 2815 genis
2367 2742 2694 2813 possidetur.

2252 2838 2470 2893 Samuel
2494 2844 2548 2890 et
2565 2834 2692 2890 Saul
2719 2834 2872 2887 annis
2904 2847 2993 2887 xt..

2255 2927 2467 2982 Primus
2490 2941 2586 2980 rex
2619 2924 2969 2979 Hebraeorum
3008 2920 3138 2976 Saul
3183 2935 3250 2975 ex
3296 2920 3438 2974 tribu
3472 2920 3769 2989 Benjamin,

2182 3020 2332 3088 cujus
2362 3016 2511 3086 regni
2540 3030 2683 3069 anno
2719 3028 2881 3079 nono,
2912 3012 3116 3068 Latinis
3162 3023 3351 3081 regnat
3390 3011 3594 3067 Encas
3649 3012 3771 3084 Syle

2107 3105 2153 3168 C
2185 3114 2302 3167 vius
2328 3111 2485 3165 annis
2514 3125 2665 3164 xxxt.

2252 3204 2377 3258 Post
2404 3214 2563 3272 quem
2590 3206 2779 3269 regnat
2817 3198 3041 3253 Latinus
3068 3198 3285 3269 Sylvius
3312 3197 3471 3252 annis
3501 3196 3771 3268 quinqua-

2181 3296 2354 3364 ginta.

2248 3387 2409 3459 691
2440 3386 2523 3439 Ab
2550 3385 2701 3439 initio
2729 3384 3060 3453 principatus
3104 3381 3325 3454 Moysis,
3360 3397 3532 3452 usque
3582 3381 3651 3437 ad
3684 3393 3775 3437 or-

2185 3487 2298 3540 tum
2327 3477 2475 3546 regni
2506 3474 2672 3530 David
2703 3474 2828 3528 anni
2852 3488 3189 3529 ccccxxxtx.

2254 3565 2423 3621 David
2451 3580 2517 3620 ex
2566 3563 2711 3619 tribu
2740 3562 2878 3617 Juda
2930 3564 3138 3631 primus
3190 3561 3435 3632 regnavit
3479 3563 3637 3616 annis
3683 3575 3772 3618 xt..

2183 3655 2301 3723 Quo
2333 3666 2575 3725 tempore
2617 3653 2877 3711 Ahiathar
2931 3651 3171 3721 pontifex
3219 3653 3400 3707 clarus
3429 3650 3771 3707 habebatur:

2185 3749 2569 3821 prophetabant
2597 3757 2773 3800 autem
2805 3746 2939 3811 God,
2972 3745 3204 3807 Nathan.
3253 3755 3308 3800 et
3340 3746 3546 3814 Asaph.

2258 3844 2514 3901 Salomon
2538 3841 2681 3895 filius
2708 3839 2897 3904 David,
2926 3840 3078 3893 annis
3103 3854 3193 3901 xt..
3217 3839 3307 3907 qui
3341 3839 3597 3907 templum
3624 3837 3776 3894 Jero—

2186 3935 2413 4005 solymis
2472 3932 2743 3987 aediﬁcare
2794 3932 3004 3997 coepit.
3060 3930 3559 3999 consummavitque
3612 3932 3774 3985 annis

2168 4038 2330 4091 octo.
2361 4026 2478 4094 Quo
2507 4034 2750 4093 tempore
2770 4022 2949 4079 Sadoe
2979 4024 3325 4078 Hebratorum
3370 4023 3628 4079 sacerdos
3658 4025 3771 4079 cla-

2186 4132 2279 4174 rus
2305 4116 2621 4171 habebatur.

2260 4211 2419 4263 Anno
2449 4205 2600 4273 regni
2631 4204 2936 4260 Salomonis
2967 4218 3057 4268 ιι,
3085 4202 3291 4258 Latinis
3320 4220 3549 4276 regnare
3593 4206 3779 4277 incipit

2189 4305 2395 4361 Sextus
2422 4303 2659 4357 Albanus
2688 4300 2927 4371 Sylvius,
2958 4300 3115 4354 annis
3137 4315 3363 4355 xxxvttt.

2117 4434 2163 4493 Β
2261 4398 2499 4453 Roboam
2526 4395 2679 4448 annis
2707 4409 2838 4448 xvn.

2262 4489 2389 4543 Post
2418 4492 2645 4539 mortem
2669 4482 2972 4538 Salomonis
2998 4497 3224 4552 regnum
3250 4481 3604 4536 Hebrazorum
3636 4482 3777 4539 sedi-

2194 4583 2344 4637 tione
2373 4580 2601 4636 divisum
2650 4586 2755 4643 est,
2805 4576 3242 4646 vocabanturque
3279 4574 3368 4645 qui
3423 4574 3776 4641 intSamaria

2270 4712 2288 4751 ί
2320 4712 2374 4767 lu
2406 4712 2525 4765 aliis
2549 4710 2825 4766 codicibus
2860 4708 3091 4764 Erebon:
3120 4708 3172 4762 in
3199 4708 3341 4773 aliis,
3375 4708 3596 4763 Abesan.

2265 4793 2290 4831 s
2319 4782 2523 4837 Chron.
2557 4783 2754 4834 Euseb.
2787 4791 2891 4832 tam
2924 4780 2978 4832 in
3012 4794 3142 4832 mss.
3173 4780 3324 4849 Colb.
3356 4787 3589 4849 quatuor
3617 4794 3779 4849 quan

2194 4860 2246 4908 in
2276 4854 2401 4907 edit.
2436 4851 2591 4905 Pont.
2620 4868 2635 4921 ι
2666 4850 2788 4903 Post
2825 4849 3017 4903 Erebou
3062 4852 3113 4901 in
3168 4848 3299 4921 libro
3335 4847 3649 4921 Iudaeorum
3690 4850 3773 4921 (Ι.

2191 4924 2456 4981 ludicrum.
2484 4920 2946 4985 aliiHebrworum)
2973 4919 3316 4988 ferturjudex
3337 4918 3498 4973 Aelim
3514 4922 3592 4973 vel
3618 4918 3780 4974 Altio-

2195 4995 2281 5048 lon
2324 4995 2511 5047 rexisse
2554 4990 2798 5059 papulum
2827 4991 2978 5042 annis
3014 4990 3076 5045 l0
3119 4990 3206 5058 qui
3235 5005 3338 5042 non
3382 4991 3603 5042 habetur
3635 4990 3780 5051 apud

2200 5062 2346 5119 LXX
2380 5058 2721 5132 Interp'retes;
2752 5075 2910 5132 quem
2929 5069 3119 5132 tamen
3165 5058 3239 5113 ibi
3280 5060 3465 5115 haberi
3496 5061 3780 5115 contendit

2199 5136 2485 5193 Pontacus,
2519 5128 2570 5185 in
2601 5132 2741 5184 notis
2764 5128 2818 5199 p.
2852 5128 2977 5183 508.

2270 5203 2297 5241 δ
2324 5203 2477 5271 Apud
2511 5200 2726 5255 Eusebii
2766 5196 2999 5264 Chrom,
3053 5198 3177 5251 Post
3210 5196 3420 5271 Labdan
3457 5197 3705 5271 Hebraeos
3729 5201 3781 5253 in

2197 5270 2438 5327 ditionem
2466 5271 3034 5343 rediguutalienigente
3054 5284 3239 5343 unitos
3284 5270 3374 5332 40,
3408 5270 3497 5343 qui
3526 5270 3779 5343 copulan-

2197 5355 2279 5397 tur
2307 5340 2613 5409 temporibus
2617 5340 2853 5411 judicum
2877 5340 3235 5411 posteriorum,
3256 5341 3537 5393 secundum
3566 5340 3783 5395 Judazo-

2195 5432 2309 5468 rum
2340 5413 2683 5465 traditionem.

2274 5483 2291 5522 ί
2326 5483 2629 5537 Observant
2671 5479 2884 5534 codices
2928 5494 3060 5533 mss.
3089 5490 3141 5533 et
3167 5478 3301 5534 edit.
3326 5478 3527 5534 Chron.
3565 5478 3781 5536 Eusebii

2196 5554 2360 5622 quod,
2388 5551 2451 5606 In
2481 5554 2608 5606 libro
2656 5548 3113 5622 Ilelrceorumjo
3159 5549 3283 5603 anni
3326 5550 3676 5616 inveniuntur,
3727 5551 3779 5605 in

2199 5618 2291 5680 LX
2309 5624 2344 5679 ῐ
2378 5633 2543 5676 autent
2570 5621 2986 5701 interpretatione
3015 5618 3103 5674 20.
