3978 6178
172 275 272 334 541

164 398 341 454 erant,
375 389 560 455 Israel,
592 391 785 460 quibus
810 394 1019 462 primus
1070 399 1322 465 regnavit
1363 395 1678 453 Jeroboam.

239 479 482 534 Robuam
513 481 656 535 ﬁlius
698 482 1005 538 Salomonis
1039 484 1281 553 regnavit
1324 486 1373 538 in
1429 486 1757 556 Jerusalem,

161 572 376 626 duabus
404 572 649 628 tribubus
664 574 767 628 sibi
794 574 1072 643 subjectis,
1096 591 1216 645 qua:
1243 578 1575 632 vocabantur
1599 577 1758 648 Juda,

160 682 188 712 ει
205 662 235 716 b
264 678 391 730 rege
417 661 728 717 Iudaeorum
751 680 816 718 ex
842 666 1011 734 stirpe
1038 666 1214 721 Iudae.

239 754 355 808 Hoc
383 767 625 824 tempore
663 756 804 824 apud
859 756 1081 812 Latinos
1110 757 1376 830 )Egyptus
1408 759 1620 830 Sylvius
1675 776 1760 816 se-

159 846 371 913 [timus
397 857 587 917 regnat
616 852 770 902 annis
797 864 948 903 xxttt.

232 937 483 1004 Septimo
533 951 710 994 autem
765 941 915 1010 regni
971 940 1265 1009 Jeroboae,
1328 945 1593 998 Susachiu
1655 961 1754 1001 rex

156 1030 385 1101 )Egypti
411 1043 598 1085 contra
628 1031 848 1088 .ludaaos
877 1034 1143 1089 dimicans
1174 1036 1435 1106 templum
1466 1038 1756 1107 exspoliat.

233 1122 374 1177 Abia
401 1125 557 1178 annis
578 1125 770 1192 tribus,
797 1125 1145 1181 Hebraeorum
1175 1127 1415 1197 pontifex
1446 1130 1757 1185 Abimelech

157 1212 396 1268 illustris
446 1212 786 1269 habebatur:
831 1217 1228 1285 praphetabant
1280 1229 1458 1274 autem
1514 1220 1753 1289 Acbias,

156 1302 415 1370 Sameas,
447 1303 733 1371 Jemoded,
762 1306 1005 1373 Azarias;
1036 1308 1205 1378 quiet
1230 1310 1406 1375 Addo,
1436 1320 1490 1366 et
1523 1313 1716 1368 Auani.

233 1396 348 1449 Asa
369 1396 551 1464 justus
579 1397 735 1453 annis
764 1412 871 1452 xu.

233 1486 500 1556 Josapbat
546 1489 722 1557 justus
769 1490 926 1544 anuis
977 1506 1107 1547 xxv.
1170 1493 1571 1561 Prophetabant
1615 1497 1756 1566 apud.

158 1581 432 1635 Hebraeos
463 1581 685 1648 Abdias,
719 1591 744 1619 ⁸
773 1581 1047 1648 Jenozias,
1075 1594 1131 1639 et
1155 1585 1412 1640 Micheas.

238 1672 412 1742 Hujus
444 1674 593 1743 regni
620 1688 767 1728 anno
790 1690 890 1740 xu,
918 1675 1058 1744 apud
1088 1675 1305 1730 Latinos
1333 1677 1507 1748 Capys
1537 1678 1756 1750 Sylvius

1396 279 1791 342 CHRONICUM
1832 284 2189 347 ιδιτι-ιςιιυιι

3348 296 3455 355 διε

1782 407 1833 461 Α
1862 401 2026 454 tuitur
2049 400 2323 472 Olympias
2348 404 2551 474 prima:
2581 406 2709 461 Eliis
2729 407 3014 478 agentibus
3043 408 3451 479 quinquennale

1863 501 2157 560 certamen,
2189 504 2418 564 quatuor
2444 496 2635 551 mediis
2664 498 2819 553 annis
2864 499 3201 554 vacantibus.
3258 500 3320 553 Et
3347 500 3451 554 hoe

1861 586 2174 642 certaminis
2216 595 2424 658 tempus
2450 588 2823 660 Olympiadem
2869 600 3201 646 vocaverunt
3228 600 3452 648 auctora

1865 677 2059 746 lpltito.

1930 767 2156 824 Joathan
2204 770 2358 825 annis
2398 787 2510 826 th.
2561 772 2962 843 Prophetabant
3012 772 3178 840 Osee,
3238 772 3459 840 Amos;

1863 864 2025 919 Isaias
2046 877 2097 920 et
2123 866 2261 933 Joel,
2287 868 2377 934 qui
2400 876 2454 923 et
2484 868 2704 923 Jubeth.

1930 956 2110 1011 Acha;
2130 958 2285 1011 anuis
2314 974 2425 1012 th.

1932 1046 2099 1115 Hujus
2132 1048 2281 1117 regni
2304 1063 2447 1104 anno
2468 1048 2656 1119 quinto
2694 1048 2977 1116 Romulus,
3012 1049 3181 1104 Roma
3204 1047 3452 1113 condita.

1862 1153 2087 1206 regnare
2118 1155 2276 1194 orsus
2306 1149 2410 1196 est.

1931 1230 2188 1297 Ejusdem
2221 1240 2401 1287 autem
2434 1234 2583 1303 regni
2608 1233 2789 1288 Achaz
2810 1247 2953 1288 anno
2984 1248 3035 1287 xt
3057 1232 3244 1288 decem
3278 1231 3449 1287 tribus

1857 1319 2035 1388 gentis
2064 1320 2327 1386 Hebrmaz,
2376 1338 2495 1392 qua:
2539 1324 2872 1377 vocabantur
2902 1323 3086 1385 Israel.
3118 1331 3172 1378 et
3196 1332 3350 1377 erant
3392 1320 3449 1376 in

1859 1422 2009 1478 parte
2031 1410 2313 1479 Samarire,
2346 1413 2505 1467 victae
2525 1429 2551 1466 a
2581 1413 3002 1480 Senuachcrim,
3034 1414 3121 1483 qui
3149 1423 3201 1467 et
3236 1411 3451 1468 Salma-

1860 1515 2041 1564 nasar,
2074 1516 2199 1570 rege
2252 1511 2276 1539 ⁸
2327 1502 2730 1564 Οιιειιάσεοτιιτη,
2788 1504 3174 1570 translatmque
3222 1512 3351 1557 sunt
3395 1502 3450 1557 in

1860 1603 2070 1646 montes
2097 1592 2396 1659 Medorum,
2448 1609 2571 1649 cum
2627 1603 2904 1664 regnatum
2934 1606 3078 1649 esset
3124 1595 3176 1647 in
3207 1593 3451 1648 Samaria

1860 1683 2012 1737 annis
2038 1699 2154 1739 cca.
2180 1687 2566 1740 Sennacherim
2598 1694 2775 1739 autem
2809 1686 2873 1738 ad
2906 1683 3313 1739 custodiendam
3363 1698 3453 1738 re-

153 1773 354 1830 regnat
382 1764 540 1817 annis
565 1773 795 1834 septem.
824 1766 1031 1822 Deinde
1056 1766 1509 1838 m.bConipartus
1538 1770 1753 1841 Sylvius
1790 1781 1830 1838 Β
1860 1774 2074 1840 gionem
2104 1774 2305 1829 Iudaea:
2350 1775 2564 1829 accolas
2592 1775 2740 1829 misit
2772 1774 3042 1845 Assyrios,
3088 1772 3179 1842 qui
3228 1773 3452 1826 temnis-

154 1858 326 1909 annis
352 1857 611 1926 quinque,

231 1950 420 2004 Joram
471 1952 628 2003 annis
677 1959 848 2006 octo:
907 1966 1015 2021 quo
1070 1962 1312 2023 tempore
1367 1956 1758 2027 prophetabant

155 2041 311 2097 Elias
334 2052 385 2097 et
426 2042 662 2097 Eliseus.

236 2144 260 2173 ο
290 2133 450 2189 Osias
479 2149 621 2189 anno
668 2150 795 2190 uno.
825 2134 1072 2192 Ionadab
1122 2135 1268 2194 illius
1310 2136 1529 2195 Rechab
1575 2138 1756 2195 clarus

158 2227 490 2280 habebatur.

233 2315 257 2354 ἀ
286 2316 538 2372 Gotholia
569 2324 742 2371 mater
771 2316 925 2371 annis
954 2326 1182 2386 septem.

234 2407 354 2464 Hoc
377 2417 622 2478 tempore
647 2408 698 2462 iu
727 2407 935 2464 Graecia
965 2409 1227 2464 Homerus
1246 2418 1404 2480 poeta
1431 2411 1610 2465 clarus
1632 2409 1751 2466 fuit.

230 2501 365 2556 Joas
412 2502 566 2554 anuis
618 2515 705 2555 ιι..
762 2501 860 2555 His
915 2502 1252 2571 temporibus
1297 2501 1435 2571 apud
1493 2502 1751 2558 llebrtnos

156 2592 359 2648 Joiada
396 2594 620 2663 insignis
649 2592 890 2661 pontifex
916 2603 1050 2659 erat,
1082 2595 1173 2664 qui
1205 2594 1351 2649 solus
1382 2604 1501 2664 post
1529 2595 1748 2666 Moysen

158 2690 295 2745 vixit
323 2690 481 2744 annis
507 2703 670 2744 cxxx.
697 2689 808 2744 Hoc
840 2700 1085 2759 tempore
1112 2691 1330 2747 Azarias
1364 2691 1624 2761 propheta
1655 2707 1750 2748 oc-

153 2783 365 2838 ciditur
407 2800 420 2833 :
479 2781 771 2836 Zacharias
813 2783 978 2854 692
1028 2798 1241 2854 qtthtte
1273 2784 1538 2854 propheta
1566 2800 1594 2838 a
1626 2800 1758 2856 rege

152 2877 288 2930 leas
313 2872 653 2928 interficitur.

226 2965 439 3022 Latinis
493 2964 609 3031 ΧΠ,
665 2968 952 3022 Aremulus
1000 2967 1217 3040 Sylvius
1252 2970 1408 3024 annis
1458 2985 1571 3024 ιιι.
1628 2970 1755 3025 Post

153 3075 322 3130 quem
356 3057 649 3112 Aventinus
679 3059 891 3130 Sylvius
912 3061 1329 3130 regnavitannis
1357 3076 1563 3125 xxxvii,
1589 3077 1615 3113 a
1641 3077 1751 3131 quo

154 3167 319 3206 mons
351 3152 669 3207 Aventinus.
718 3151 845 3205 Post
869 3167 1048 3220 quem,
1102 3152 1240 3216 XIV,
1277 3153 1476 3209 Procas
1505 3153 1744 3224 Sylvius,
1773 3150 1819 3211 C

152 3249 316 3301 annis
339 3262 490 3302 xxw.
518 3247 647 3303 Post
676 3260 859 3317 quem,
894 3244 1013 3312 XV,
1047 3246 1291 3301 Amulius
1332 3246 1547 3318 Sylvius
1602 3246 1755 3301 annis

158 3356 183 3393 ι
200 3353 321 3393 LIII.

230 3428 483 3484 Amasias
511 3429 666 3483 anuis
683 3441 831 3483 xxix.

231 3520 480 3585 Azarias,
511 3519 600 3588 qui
626 3533 679 3574 et
707 3520 881 3585 Osias,
915 3522 1069 3573 annis
1092 3534 1187 3575 Li].

231 3612 405 3681 Hujus
432 3612 584 3681 regni
612 3620 797 3665 sextus
820 3612 1079 3680 agebatur
1106 3625 1298 3675 annus,
1328 3626 1449 3665 cum
1474 3628 1630 3681 reges
1662 3615 1752 3669 As-

153 3706 431 3774 syriorum
457 3704 787 3768 defecerunt,
819 3704 1044 3772 imperio
1072 3703 1122 3756 in
1154 3703 1336 3757 Medos
1363 3706 1644 3760 translato.

232 3797 389 3863 Apud
420 3798 682 3851 Hebraeos
710 3805 886 3850 autem
931 3796 1325 3865 prophetabant
1369 3799 1526 3862 Osee,
1563 3798 1751 3861 Amm,

153 3888 349 3954 Isaias,
381 3887 570 3953 Jonas,
603 3902 724 3942 cum
753 3899 897 3943 esset
928 3904 1101 3941 anuus
1139 3887 1279 3941 Osis:
1316 3888 1603 3943 vicesimus
1645 3892 1755 3960 pri-

154 3995 307 4035 mus.

230 4072 664 4145 Quadragesimo
692 4088 820 4130 vero
850 4081 903 4128 et
928 4087 1070 4128 nono
1098 4073 1340 4143 ejusdem
1389 4089 1533 4128 anno
1560 4078 1758 4129 consti-

237 4258 263 4289 ⁸
302 4250 451 4314 Apud
484 4249 681 4303 Euseb.
711 4248 913 4301 Chron.
944 4246 1105 4305 Jehu,
1137 4243 1309 4298 Ozias.

233 4320 262 4359 ι’
294 4320 354 4373 lu
386 4321 577 4373 Euseb.
608 4319 808 4373 Chron.
834 4317 1113 4385 Carpentus
1144 4316 1371 4384 Sylvius.

238 4402 262 4429 ο
298 4392 513 4445 Eusebii
543 4390 870 4443 Chronicon.
903 4384 1023 4439 cum
1067 4390 1207 4449 vulg.
1244 4396 1298 4436 et
1357 4384 1543 4449 lli-lin,
1580 4385 1745 4437 (ir/tos

156 4465 293 4516 siris.
328 4460 418 4513 Sic
453 4477 648 4529 quoque
698 4456 843 4511 LXX
887 4468 991 4509 tam
1017 4456 1208 4529 Roma:
1250 4472 1405 4523 quam
1461 4456 1755 4529 Antaei-pits

157 4533 313 4598 editi,
367 4540 414 4582 et
466 4525 717 4583 Eusebius
773 4530 872 4598 lib.
906 4543 936 4579 x
993 4526 1056 4579 de
1114 4525 1403 4591 Prwparat.
1458 4526 1670 4598 cap._5,
1705 4536 1752 4578 et

158 4596 444 4667 Theophil.
478 4601 784 4653 Antiochen.
817 4597 905 4650 lib.
940 4612 997 4649 ιιι
1028 4636 1043 4660 ,
1083 4598 1345 4667 Ponticus
1377 4610 1494 4665 pag.
1519 4596 1644 4650 332.

1864 1873 2009 1918 tores
2062 1864 2373 1919 Judteorum
2429 1865 2561 1935 legis
2611 1864 2758 1929 facti,
2813 1862 3095 1919 Samaritae
3155 1860 3451 1931 nuncupati

1862 1966 2009 2025 sunt,
2042 1959 2184 2025 quod
2214 1958 2399 2013 Latina
2426 1959 2605 2029 lingua
2634 1958 2975 2027 exprimitur,
3000 1955 3277 2011 custodes.

1935 2049 2195 2103 Ezechias
2223 2049 2378 2103 annis
2400 2065 2548 2111 xxix.
2579 2050 2679 2104 sub
2722 2064 2830 2119 quo
2859 2049 3002 2119 apud
3041 2046 3295 2103 Hebraeos
3328 2057 3455 2115 pro-

1862 2141 2151 2209 pbetabant
2181 2140 2347 2196 Isaias
2375 2150 2431 2196 et
2455 2144 2615 2197 Osee.

1932 2232 2191 2288 Romulus
2224 2234 2423 2303 primos
2442 2235 2640 2288 milites
2669 2232 2899 2302 sumpsit
2928 2247 2996 2287 ex
3023 2230 3244 2301 populo,
3275 2237 3329 2282 et
3352 2242 3453 2282 no-

1863 2321 1995 2378 biles
2024 2333 2242 2379 centum
2273 2339 2453 2388 seues,
2498 2339 2636 2393 quos
2665 2324 2737 2380 ob
2768 2332 2982 2379 aetatem
3033 2332 3349 2388 senatores,
3384 2318 3455 2373 «ob

1860 2429 2043 2469 curam
2069 2425 2248 2484 patres
2278 2415 2589 2484 appellavit.

1931 2507 2137 2563 Eodem
2189 2518 2431 2578 tempore
2480 2508 2765 2581 Syracusae
2818 2516 2873 2563 et
2916 2507 3117 2562 Catena
3165 2506 3216 2559 in
3268 2501 3452 2559 Sicilia

1859 2599 2112 2653 conditae.

1932 2690 2204 2745 Manasses
2237 2691 2395 2745 anuis
2423 2707 2511 2746 ιν.

1930 2782 2091 2849 Cujus
2122 2782 2272 2852 regni
2313 2783 2466 2838 initio
2500 2781 2638 2852 apud
2667 2780 2940 2836 Romanos
2980 2779 3237 2850 regnabat
3282 2778 3453 2833 Numa

1863 2872 2179 2950 Pompilius,
2210 2875 2365 2929 annis
2394 2890 2502 2937 xm.
2536 2890 2658 2930 cum
2695 2883 2817 2945 post.
2845 2873 3136 2929 Rutuulutu
3171 2879 3454 2941 regnasset

1858 2978 2078 3021 senatus
2108 2982 2308 3022 annum
2338 2984 2524 3021 unum.

1930 3065 2182 3129 Ammon.
2218 3066 2237 3105 ί
2270 3068 2427 3122 annis
2454 3083 2545 3121 xit.

1924 3164 2094 3233 Hujus
2135 3166 2289 3236 regni
2339 3167 2492 3221 initio
2525 3164 2715 3220 Tullus
2747 3164 3002 3219 Hostilius
3039 3163 3224 3216 Romae
3273 3160 3441 3231 693

1865 3256 2151 3335 septimum
2182 3266 2449 3321 decimum
2483 3266 2696 3335 imperii
2741 3266 2824 3321 sui
2851 3265 3070 3335 gerebat
3100 3278 3323 3327 annum,
3359 3279 3447 3314 re-

1862 3366 2149 3437 gnavitque
2170 3368 2324 3420 annis
2354 3381 2523 3420 χχιιι.

1933 3463 2110 3521 Josias
2149 3475 2175 3512 κ
2217 3465 2372 3520 anuis
2419 3481 2587 3528 xxxii,
2627 3480 2737 3534 quo
2783 3472 3045 3534 regnante
3092 3461 3444 3517 Hebrmorum

1866 3569 2102 3635 pontifex
2143 3569 2407 3623 maximus
2449 3567 2698 3622 Chelcias
2742 3567 2967 3637 insignis
3016 3565 3355 3620 habebatur:
3394 3571 3452 3617 et

1861 3668 2254 3738 prepbetabaut
2302 3667 2491 3723 eadem
2541 3678 2883 3737 tempestate,
2923 3666 3210 3732 Jeremias,
3253 3673 3308 3719 et
3349 3662 3449 3719 So-

1858 3768 2109 3839 pbonias,
2137 3778 2191 3821 et
2215 3766 2349 3822 Olda
2376 3767 2593 3821 mulier.

1931 3869 2085 3937 Apud
2111 3867 2381 3921 Romanos
2406 3878 2584 3920 autem
2611 3865 2867 3935 regnabat
2891 3867 3090 3929 Ancus,
3120 3863 3210 3934 qui
3236 3861 3443 3916 Ostiam

1860 3969 2101 4024 condidit
2146 3969 2459 4031 civitatem,
2513 3967 2864 4036 regnavitque
2910 3965 3066 4018 anuis
3112 3978 3267 4018 χλιιι.
3321 3963 3449 4017 Pust

1866 4089 2022 4144 quem
2053 4080 2240 4142 regnat
2267 4068 2592 4139 Tarquinius
2616 4068 2830 4123 Priscus
2856 4067 3009 4121 annis
3030 4082 3233 4121 xxxvii.

1858 4255 1908 4295 et
1945 4241 2008 4296 IV
2041 4240 2243 4311 Regum
2275 4253 2380 4311 xtu
2421 4237 2616 4311 decem
2641 4237 2810 4311 tribus
2832 4235 3079 4311 legantur
3106 4234 3379 4311 translate
3407 4249 3437 4289 a

1858 4306 2223 4373 Saltiiaiiasar,
2259 4310 2398 4361 tribu
2425 4307 2560 4361 Juda
2604 4307 2883 4370 incolumi,
2918 4306 3283 4359 Senuacherib
3316 4322 3447 4361 vero

1858 4382 2170 4437 ascendisse
2219 4394 2383 4447 super
2413 4378 2884 4447 titllneiciVllaleS
2921 4375 3061 4447 Jnda
3114 4378 3344 4447 munitas
3391 4388 3447 4430 et

1856 4468 1947 4506 eas
1978 4453 2186 4520 cepisse
2208 4460 2262 4501 et
2288 4444 2568 4520 obsidione
2588 4446 2978 4520 {erosolymam
3008 4445 3267 4520 cinxisse,
3290 4444 3443 4498 Isaia:

1860 4517 2056 4584 xxm,
2087 4521 2279 4574 Ezecb.
2307 4534 2392 4570 xw
2421 4526 2476 4570 et
2501 4518 2562 4570 iV
2594 4518 2723 4586 Reg.
2759 4531 2909 4576 xvut,
2943 4518 3081 4567 inter
3108 4517 3446 4586 qumingens

1862 4593 1998 4646 haud
2028 4593 2191 4644 dttbio
2218 4588 2577 4642 intervallum.
2617 4585 2926 4654 Respondet
2951 4586 3019 4637 ab
3059 4585 3291 4640 Eusebio
3320 4588 3439 4640 ntrl-

233 4654 265 4709 ἀ
293 4654 350 4726 In
380 4672 547 4740 vulg,
584 4654 1048 4740 Atltalt'agvocatnr',
1095 4666 1157 4720 lV
1192 4668 1344 4740 Reg.
1371 4654 1752 4740 xt.:Seqttitiir
1786 4654 1828 4709 υ
1860 4665 1962 4716 lam
1998 4661 2467 4740 literinnieutionem
2497 4657 2796 4740 obsidionis
2822 4654 3312 4740 Jerosolymitatim,
3346 4657 3444 4740 sed

158 4746 220 4799 S.
255 4735 496 4807 Prosper
524 4741 740 4793 Eusebii
784 4738 1092 4797 lectionem,
1140 4752 1296 4807 quem
1328 4738 1423 4804 (ait
1456 4735 1745 4807 Poni-aeu)

160 4829 355 4867 novum
381 4805 481 4865 non
512 4821 584 4863 est
614 4812 667 4864 in
697 4810 930 4881 plurimis
956 4824 987 4859 a
1014 4808 1199 4881 nostris
1224 4805 1431 4881 pibliis
1481 4817 1595 4881 tant
1641 4805 1745 4881 He-

156 4884 357 4936 braicis
376 4899 534 4951 quam
558 4875 797 4953 vulgetis,
827 4881 979 4953 immo
1000 4878 1149 4953 etiam
1180 4876 1464 4953 aliquaudo
1486 4895 1523 4928 ιι
1554 4875 1748 4929 (ἕνατέ

158 4946 461 5008 discedere:
483 4953 618 5019 quod
642 4946 688 5004 Et
718 4953 903 5003 diserte
921 4948 1062 5000 docet
1094 4948 1182 5000 lib.
1208 4965 1245 5019 _x
1278 4948 1340 5019 de
1364 4946 1601 5015 Prwpar.
1628 4964 1723 5015 cap

159 5027 213 5084 5.
248 5024 335 5076 ubi
364 5017 662 5076 enumerans
689 5037 861 5074 onmes
885 5036 1026 5087 reges
1054 5028 1164 5083 post
1194 5017 1489 5081 ()choziam,
1524 5026 1747 5070 recenset

160 5094 495 5147 Gotholiam:
539 5090 783 5145 Col/talia
810 5108 898 5143 an.
949 5091 1002 5143 7.
1037 5087 1329 5155 Themi/HL,
1386 5088 1473 5140 lib.
1525 5102 1582 5140 ιιι
1634 5099 1746 5153 post

164 5165 471 5224 Ochosiam,
522 5165 745 5215 nominat
797 5160 1086 5222 Gothoniel,
1120 5159 1264 5210 nulla
1308 5158 1445 5227 facta
1501 5158 1753 5210 mentione

160 5235 406 5288 Atltaliw.
442 5235 496 5286 lu
529 5236 725 5286 Cltruu.
762 5231 914 5294 Eus.,
942 5228 1111 5282 Odcd.

235 5315 259 5341 ο
295 5306 587 5368 Pontarus,
623 5319 673 5370 p.
700 5304 824 5361 5H5.
850 5301 902 5353 in
939 5300 1077 5370 uotis
1110 5307 1289 5353 monet
1325 5297 1632 5370 ha'cverba
1657 5298 1746 5363 qui

158 5385 207 5429 et
239 5374 583 5430 Sulmrmasar
610 5368 797 5424 abesse
828 5385 856 5422 ιι
880 5368 1155 5423 codicibus
1186 5386 1289 5421 non
1317 5368 1519 5436 paucis,
1553 5369 1744 5421 saltent

163 5449 211 5497 in
246 5454 420 5500 textu.
469 5443 693 5495 CUdlCCS
737 5440 1031 5493 Colbertini
1076 5440 1313 5499 variant;
1360 5438 1410 5490 in
1444 5453 1551 5490 uno
1600 5438 1748 5491 solus

164 5515 558 5578 Sentiacbetib,
584 5513 637 5566 in
665 5513 837 5563 altero
863 5509 1209 5578 Salmanasar
1239 5509 1385 5562 solus
1416 5507 1742 5571 nominatur,

164 5587 213 5635 in
248 5584 371 5637 aliis
397 5585 565 5635 tribus
596 5590 837 5647 uterque.
869 5577 1004 5631 Cum
1032 5587 1209 5630 autem
1257 5586 1484 5645 utroque
1512 5587 1741 5639 retento,

164 5652 513 5707 Senuacherib
544 5663 590 5702 et
638 5646 993 5708 Salmanasar,
1027 5648 1309 5700 videantur
1336 5647 1590 5701 confundi
1622 5646 1742 5700 duae

167 5739 428 5790 personm,
464 5739 582 5778 cum
606 5722 692 5775 hic
724 5720 865 5774 illius
886 5730 1033 5787 pater
1057 5718 1219 5773 fuisse
1247 5718 1474 5789 legatur,
1497 5717 1676 5770 'l'obia:
1701 5732 1741 5781 ι,

1858 4743 2063 4786 tantum
2093 4730 2196 4784 dici
2242 4729 2583 4783 Salmanasar
2614 4728 2816 4779 dictum
2859 4725 3020 4779 etiam
3051 4726 3442 4793 Senuacherili.

1855 4803 2100 4871 abegisse
2118 4801 2277 4854 Israel
2310 4799 2371 4871 in
2392 4798 2661 4871 exsilium.
2682 4796 3045 4871 Δυιιιιιξβιιιὲιιε
3073 4795 3187 4871 iure
3216 4808 3441 4849 conten-

1853 4874 1933 4925 dat
1965 4865 2156 4925 vdit-ere
2187 4886 2306 4923 cum
2340 4869 2397 4924 S.
2444 4867 2646 4920 'l‘homa
2681 4868 2732 4920 in
2782 4867 2930 4920 Isaia:
2980 4882 3046 4919 xx
3101 4865 3444 4927 Salmanasar

1858 4944 2108 4996 habuisse
2130 4956 2221 4993 sex
2250 4940 2488 5005 nomina,
2523 4948 2577 4993 et
2602 4936 2852 4992 eumdem
2883 4936 3084 4991 dictum
3115 4936 3279 4988 fuisse
3307 4936 3442 4988 Seu-

1855 5013 2131 5067 nacherib.
2152 5010 2281 5064 Nam
2304 5010 2466 5064 etiam
2486 5018 2610 5062 ante
2632 5010 2742 5072 jam
2768 5008 2972 5076 pridem
2996 5005 3443 5076 observaratllie-

1856 5098 2108 5154 r0nymns
2130 5083 2181 5154 in
2201 5096 2324 5154 cap.
2357 5094 2524 5154 xxxvi
2554 5075 2841 5154 nonnullos
2864 5077 3209 5154 existimasse
3235 5075 3444 5135 Salinae

1862 5146 2019 5208 nasTir
2062 5153 2243 5205 multis
2277 5146 2602 5204 nominibus
2648 5149 3016 5217 appellatum;
3068 5146 3213 5217 quod
3264 5160 3443 5214 neque

1856 5225 2090 5277 alienum
2122 5242 2147 5272 a
2182 5221 2360 5288 lingua
2384 5233 2591 5285 sancta,
2637 5214 2734 5273 ubi
2779 5214 3097 5287 frequenter
3118 5214 3306 5269 eadem
3349 5230 3445 5268 no-

1856 5296 2003 5365 mina
2032 5293 2163 5365 patri
2190 5291 2385 5365 et__t_i|io
2412 5300 2541 5365 sunt
2571 5289 2901 5365 communia.
3006 5354 3026 5365 _
3052 5352 3143 5365 Μ
3367 5352 3378 5365 ,

1934 5362 1951 5401 ί
1990 5352 2203 5417 Eusebii
2233 5361 2437 5415 Chron.
2459 5363 2674 5415 Ammon
2694 5358 2972 5411 secundum
2999 5352 3143 5407 LXX
3158 5370 3335 5407 senum
3360 5352 3443 5407 in-

1853 5435 2265 5499 terpretationem
2294 5432 2357 5485 ιε
2385 5433 2554 5495 annis,
2578 5428 2854 5483 secundum
2873 5426 3113 5478 llebra'os
3136 5424 3284 5476 annis
3312 5422 3366 5476 2.

1924 5511 1949 5549 8
1991 5504 2125 5557 Huic
2151 5504 2218 5556 5:!
2249 5515 2510 5554 annorum
2564 5510 2787 5553 numero
2833 5499 3011 5550 favent
3050 5508 3180 5547 mss.
3215 5504 3443 5560 quatuor

1851 5573 2001 5631 Colb.
2057 5573 2208 5641 Vulg.
2238 5571 2319 5641 731
2369 5583 2642 5634 numerat;
2694 5565 2864 5624 editio
2910 5564 3130 5621 Pontaci
3173 5577 3295 5619 cum
3338 5577 3437 5639 ms.

1853 5642 2004 5698 Colb.
2040 5640 2197 5699 unico
2224 5640 2314 5694 2‘2.
2662 5644 2669 5647 ‘
