4028 6176
465 235 569 292 543

1696 215 1753 272 8.
1795 213 2134 272 PROSPERI
2171 214 2499 283 AQUITANI

3623 211 3733 269 διδ

542 345 718 403 Josias
738 359 834 399 rex
856 341 1187 404 Judaeorum,
1211 349 1330 392 cum
1369 321 2045 400 Nechaoneﬂigyptiorum
2073 332 2125 391 Α
2151 328 2396 383 minister
2419 327 2580 398 regis,
2610 326 2941 384 concedente
2965 326 3187 383 domino
3214 341 3337 393 suo,
3367 327 3433 383 de
3459 304 3739 399 Babylone

467 451 593 506 rege
617 447 938 505 congressus
967 429 1254 485 occiditur.

539 530 736 584 Thales
801 526 1042 580 Milesius
1104 522 1311 593 primus
1375 517 1633 590 physicus
1703 513 2051 586 phiIOSOphus

465 620 792 691 agnoscitur.

538 713 693 764 Anno
724 722 819 762 xxt
852 705 998 775 regni
1023 701 1302 772 Tarquinii
1338 699 1532 768 Prisci,
1556 696 1788 752 Massilia
1815 694 2052 750 condita.

537 800 770 854 Joacbaz
799 796 1075 852 mensibus
1109 794 1300 848 tribus.

537 889 805 954 Joachim,
830 888 920 956 qui
954 885 1236 952 Eliachim,
1261 883 1415 935 annis
1443 897 1515 934 xl.
1545 879 1700 933 Anno
1731 893 1788 932 ιιι
1811 875 2053 932 Joachim

468 979 963 1035 Nabuchodonosor
995 991 1086 1031 rex
1119 974 1427 1043 Babylonia:
1453 971 1692 1026 Judzeam
1723 970 1885 1037 capit,
1920 977 1977 1021 et
2001 967 2055 1019 in

469 1072 727 1126 ditionem
780 1087 933 1126 suam
983 1069 1212 1124 redactis
1265 1065 1508 1136 plurimis
1553 1063 1890 1129 Judzeorum,
1936 1075 2057 1113 cum

470 1164 581 1232 jam
622 1172 828 1232 partem
864 1175 1116 1215 vasorum
1157 1158 1340 1228 templi
1385 1155 1693 1217 invasisset,
1725 1163 1777 1207 et
1814 1150 2059 1207 Joachim

473 1254 810 1308 tributarium
841 1250 1078 1316 fecisset,
1108 1249 1278 1302 vietor
1313 1247 1380 1300 ad
1412 1247 1639 1315 patriam
1666 1243 1846 1297 rediit.

547 1344 794 1398 Joatbam
811 1357 903 1397 seu
920 1341 1185 1406 Joachim,
1201 1339 1287 1408 qui
1308 1345 1361 1391 et
1374 1337 1684 1403 Jeehonias,
1701 1348 1914 1388 menses
1927 1340 2058 1386 tres.

548 1435 604 1488 ln
631 1434 903 1503 Babylone
927 1431 1186 1494 Ananias,
1216 1428 1426 1492 Daniel,
1452 1428 1692 1491 Azarias,
1723 1423 1904 1478 Misael
1930 1422 2063 1477 clari

478 1526 840 1581 habebantur.

546 1618 702 1673 Hunc
742 1625 768 1653 ι
816 1630 910 1670 rex
957 1611 1280 1684 Babylonius
1315 1620 1530 1680 captum
1573 1623 1759 1664 secum
1804 1605 2065 1676 pertrahit

474 1709 715 1765 secundo
747 1706 969 1763 veniens
994 1706 1058 1759 ad
1085 1704 1348 1759 Judaaam.

546 1798 801 1854 Sedecias
828 1798 985 1851 annis
1012 1811 1085 1849 xi.

547 1888 1048 1945 Nabuchodonosor
1105 1900 1200 1940 rex
1257 1883 1657 1948 Chaldaeorum,
1711 1880 2065 1951 Jerosolymis

479 1981 672 2048 captis,
698 1979 956 2046 templum
985 1975 1241 2039 incendit,
1264 1975 1405 2045 quod
1429 1974 1496 2029 ab
1525 1974 1674 2027 initio
1695 1971 2067 2027 mdiﬁrationis

479 2085 591 2124 sua:
626 2079 998 2138 permanserat
1028 2082 1196 2121 annos
1220 2065 1246 2103 b
1278 2080 1485 2120 ccchu
1516 2063 1679 2136 [Alias
1709 2063 1920 2134 CCCLII].

551 2160 888 2228 Captivitatis
914 2157 1225 2213 Iudaeorum
1256 2158 1378 2210 anni
1422 2171 1558 2221 Lxx,
1588 2155 1678 2224 qui
1709 2161 2068 2222 supputautur

483 2265 654 2319 usque
684 2252 737 2303 in
764 2249 1060 2304 secundum
1093 2262 1293 2302 annum
1327 2247 1491 2300 Darii.

553 2341 706 2411 Apud
737 2341 1010 2396 Romanos
1042 2349 1166 2409 post
1194 2338 1547 2407 Tarquinium
1590 2337 1852 2402 Priscum,
1882 2343 2072 2403 regnat

482 2433 705 2490 Servius
728 2431 881 2486 annis
903 2447 1086 2486 xxxiv.
1119 2429 1216 2486 Cui
1244 2431 1503 2484 successit
1525 2429 1847 2497 Tarquinius
1872 2428 2073 2494 Super-

487 2527 609 2590 bus,
640 2523 730 2594 qui
757 2525 1002 2592 regnavit
1027 2524 1183 2577 annis
1209 2539 1370 2577 xxxv.
1403 2521 1569 2589 Hujus
1601 2520 1746 2590 regni
1777 2534 1918 2574 anno
1945 2535 2068 2585 x-xv,

486 2615 880 2686 prophetabant
917 2614 1058 2685 apud
1102 2614 1358 2670 Hebraeos
1377 2614 1627 2684 Aggazus,
1664 2621 1718 2665 et
1759 2611 2069 2677 Zacharias,

487 2720 541 2764 et
573 2707 892 2771 Malacliias,
923 2706 1177 2762 Pontiﬁce
1205 2706 1332 2761 Jesu
1366 2708 1473 2760 lilio
1499 2704 1784 2759 .Iosedecb.

566 2799 674 2852 lloc
703 2810 942 2867 tempore
973 2797 1302 2868 Pythagoras
1331 2797 1681 2865 philosophus
1704 2795 1882 2849 clarus
1913 2793 2076 2848 habe-

491 2892 665 2946 batur.

562 2984 603 3036 A
649 2981 811 3036 David
851 2997 1020 3050 usque
1052 2979 1118 3034 ad
1155 2996 1258 3035 Lxx
1302 2995 1470 3032 annos
1499 2978 1824 3047 captivitatis
1862 2978 2079 3034 Iudaeo-

491 3088 632 3138 rum,
664 3081 1024 3142 supputantur
1058 3072 1183 3125 anni
1214 3086 1334 3125 νιν.

563 3162 609 3217 A
636 3164 1035 3234 septuagesimo
1062 3177 1204 3217 anno
1241 3161 1563 3231 captivitatis
1587 3160 1918 3228 Judzeorum,
1952 3176 2079 3232 sup-

495 3264 748 3326 putantur
772 3256 918 3309 Darii
941 3255 1081 3323 regis
1113 3256 1398 3309 Persarum
1429 3255 1552 3308 anni
1583 3269 1770 3308 χχχιιι.

568 3347 735 3417 Cujus
767 3349 918 3418 regni
947 3363 1088 3401 anno
1117 3346 1326 3401 decimo
1350 3347 1486 3415 apud
1519 3346 1790 3400 Romanos
1815 3345 1947 3414 regii
1978 3347 2078 3402 do-

497 3442 730 3496 minatus
774 3440 896 3494 ﬁnis
941 3449 1026 3495 est
1074 3439 1244 3492 factus
1295 3456 1308 3490 :
1357 3453 1479 3507 qua:
1521 3445 1759 3507 potestas
1798 3438 1938 3506 apud
1985 3453 2080 3494 eos

499 3531 695 3586 mansit
718 3532 874 3586 annis
893 3546 1047 3586 cch.
1076 3530 1209 3584 llinc
1232 3529 1371 3598 apud
1403 3529 1674 3584 Romanos
1700 3545 1728 3583 a
1760 3530 1930 3584 Bruto
1953 3545 2082 3585 con-

499 3623 648 3678 sules
673 3637 794 3678 esse
820 3630 1123 3692 coeperunt,
1159 3621 1284 3676 dein
1311 3621 1534 3676 Tribuni
1562 3621 1733 3690 plebis
1763 3637 1826 3677 ac
1852 3621 2081 3676 dictato-

500 3731 612 3781 res,
643 3724 698 3770 et
736 3730 952 3770 rursum
990 3715 1244 3769 consules
1281 3714 1667 3784 rempublicam
1710 3715 2081 3781 obtinuerunt,

500 3825 599 3880 per
627 3824 796 3866 annos
828 3824 1112 3878 ccccutv,
1146 3825 1241 3865 seu
1273 3823 1552 3876 ccccxuv,
1586 3823 1754 3878 usque
1783 3807 1848 3862 ad
1885 3807 2082 3862 Julium

499 3901 793 3956 Caasarem.

572 3989 780 4045 Xerxes
807 3995 998 4058 regnat
1031 3989 1187 4042 annis
1218 4005 1309 4058 xx,
1337 3988 1478 4043 ﬁlius
1509 3988 1675 4054 Darii,
1707 4004 1815 4058 quo
1846 3999 2087 4059 tempore

503 4080 800 4147 Sophocles
828 4088 883 4133 et
919 4078 1204 4147 Euripides
1241 4079 1372 4133 clari
1402 4079 1762 4134 habebantur.
1788 4079 1954 4150 694
1984 4080 2087 4136 He-

503 4170 754 4226 rodotum
786 4183 998 4239 quoque
1026 4169 1374 4224 historiarum
1399 4171 1719 4240 scriptorem
1744 4171 1932 4226 eadem
1955 4181 2087 4227 aetas

503 4260 715 4315 habuit.

573 4351 702 4406 Post
725 4349 958 4405 Xerxem
975 4349 1277 4405 Artabanus
1294 4349 1536 4421 regnavit
1559 4350 1832 4406 mensibus
1857 4362 2080 4422 septem.

571 4440 899 4496 Artaxerxes
934 4442 1088 4494 annis
1127 4455 1215 4495 ιιι..

574 4531 688 4586 Hoc
721 4541 977 4601 regnante
1007 4530 1206 4586 Esdras
1242 4531 1495 4586 sacerdos
1526 4531 1667 4600 apud
1710 4532 1965 4588 Hebraeos
1998 4534 2082 4587 in-

501 4620 672 4690 signis
704 4621 1022 4686 habebatur,
1047 4623 1199 4689 cujus
1227 4630 1384 4677 aetate
1418 4621 1652 4691 pontifex
1693 4625 1957 4679 maximus
1989 4623 2087 4679 ﬁxit

506 4710 792 4778 Eliachim,
823 4710 957 4766 alias
989 4712 1210 4779 Eliasib,
1239 4713 1379 4769 ﬁlius
1401 4715 1649 4781 Joachin,
1677 4716 1769 4770 ﬁlii
1799 4718 1950 4784 Jesu,
1985 4717 2084 4772 ﬁlii

502 4800 790 4857 Iosedech.

576 4892 938 4963 Empedocles
979 4902 1035 4948 et
1077 4894 1446 4962 Parmenides,
1488 4897 1654 4962 Zeno,
1698 4909 1753 4953 et
1789 4900 2086 4956 Heraclitus

503 4984 806 5056 philosophi
835 4985 1169 5042 claruerunt.
1205 4985 1356 5042 Tunc
1396 4990 1558 5043 etiam
1598 4991 1872 5048 Poricides
1914 4993 2087 5050 histo-

506 5079 668 5144 ricus,
699 5078 950 5135 Cratinus
977 5081 1239 5146 comicus,
1271 5080 1618 5137 Aristarchus
1646 5085 1880 5155 tragicus
1917 5086 2086 5142 e‘xsti-

503 5179 706 5226 terunt.

575 5263 846 5319 Vicesimo
901 5265 1052 5334 regni
1094 5264 1432 5333 Artaxerxis,-
1488 5268 1778 5325 Nehcmias
1831 5270 2090 5331 Hebraeus

577 5432 602 5460 ⁸
644 5423 860 5478 Scilicet
889 5424 1201 5479 Jechoniam
1233 5440 1298 5480 ex
1336 5438 1466 5478 mss.
1497 5425 1652 5480 Colb.
1677 5468 1690 5488 ,
1733 5425 1933 5481 Chron.
1981 5429 2090 5482 Eu-

506 5493 708 5567 sebiani
756 5502 810 5547 et
845 5494 972 5548 edit.
1004 5495 1262 5559 Pontaci;
1310 5496 1397 5550 ubi
1430 5494 1565 5567 iure.
1601 5497 1661 5549 In
1692 5497 1950 5567 Babylone
1983 5499 2088 5551 Da-

508 5560 629 5683 ἷιὶει,
653 5576 784 5682 ῗιεη
814 5574 934 5631 post
959 5574 1225 5620 narratam
1250 5565 1609 5635 captivita'em
1643 5560 1946 5623 Judmnrum
1977 5569 2087 5624 col-

531 5648 659 5683 ucan
691 5648 772 5683 ur.

531 5648 772 5685 UCIIIHHI'.

2152 419 2298 475 venit
2338 421 2389 473 in
2428 417 2690 484 Judznam,
2733 428 2788 474 et
2826 433 2971 472 xxxn
3009 433 3149 473 anno
3191 433 3374 473 muros
3434 420 3738 488 urbemque

2152 512 2406 566 restituit.
2436 509 2492 566 Si
2529 511 2650 580 quis
2683 518 2862 565 autem
2902 526 3005 564 Lxx
3045 510 3414 566 hebdomadas
3447 525 3476 563 a
3515 511 3740 566 Daniele

2153 602 2381 670 scriptas
2402 601 2468 656 ab
2500 601 2601 655 hoc
2629 611 2872 670 tempore
2895 609 3166 667 numerat,
3192 616 3312 670 qua:
3339 600 3537 656 faciunt
3565 618 3741 656 annos

2154 709 2382 758 ccccxc,
2414 694 2646 762 reperiet
2671 707 2761 748 eas
2789 692 2843 746 in
2875 707 3041 762 regno
3069 691 3299 747 Neronis
3328 693 3601 760 expletas,
3640 694 3742 744 sub

2156 801 2262 854 quo
2280 785 2512 840 obsideri
2531 784 2829 839 Jerusalem
2851 793 3048 854 empta,
3071 783 3309 838 secundo
3331 792 3515 854 postea
3539 783 3743 852 Vespa-

2157 876 2292 930 siani
2323 890 2464 929 anno
2488 877 2722 944 capitur.

2231 966 2325 1020 llis
2355 966 2687 1035 temporibus
2718 965 3069 1037 Hippocrates
3124 965 3367 1022 medicus
3395 975 3450 1022 et
3487 965 3742 1022 Socrates

2159 1057 2514 1125 philosophus
2538 1057 2774 1112 illustres
2803 1059 3040 1112 fuerunt.

2232 1147 2437 1202 Xerxes
2464 1163 2675 1202 menses
2699 1148 2852 1202 duos.
2883 1147 3034 1202 Plato
3054 1147 3314 1203 nascitur.

2233 1239 2531 1293 Socdianus
2545 1254 2756 1294 menses
2776 1255 2868 1304 vn,
2885 1239 2936 1292 in
2961 1239 3044 1294 his
3064 1247 3566 1309 supputaturannus
3579 1255 3744 1293 unus.

2235 1331 2426 1386 Darius
2458 1343 2813 1401 cognomento
2847 1332 3058 1386 Nothus
3087 1333 3244 1388 annis
3276 1348 3384 1396 xtx,
3415 1333 3547 1387 alias
3586 1349 3742 1387 xvut.

2238 1421 2520 1495 Dionysius
2551 1423 2605 1476 in
2630 1424 2809 1477 Sicilia
2843 1423 3180 1492 tyrannidem
3209 1433 3446 1478 exercet.

2236 1513 2461 1567 Romani
2500 1529 2596 1582 per
2622 1514 2826 1583 legatos
2862 1514 2980 1583 jura
3026 1516 3092 1568 ab
3126 1514 3544 1570 Atheniensibus
3580 1516 3750 1584 prtieo

2167 1615 2310 1672 runt,
2340 1621 2408 1660 ex
2437 1605 2634 1675 quibus
2663 1621 2739 1659 xu
2765 1605 2986 1661 Tabula:
3012 1606 3356 1674 conscriptae.

2095 1695 2138 1753 Β
2237 1697 2567 1752 Artaxerxes
2608 1696 2880 1764 Mnemon,
2925 1697 3070 1752 Darii
3114 1707 3168 1750 et
3215 1696 3545 1767 Parysatidis
3583 1696 3748 1762 lilius,

2165 1803 2320 1844 annis
2345 1805 2437 1844 XL.

2237 1881 2405 1950 Hujus
2440 1882 2592 1951 regni
2630 1895 2772 1936 anno
2809 1897 2876 1935 xv
2915 1881 3053 1937 Galli
3095 1881 3339 1936 Senones
3379 1880 3624 1947 Romam,
3653 1896 3753 1936 ex-

2166 1984 2322 2044 cepto
2346 1972 2633 2043 Capitolio,
2668 1983 3094 2041 occupaverunt.

2238 2065 2558 2120 Aristoteles
2587 2081 2714 2120 xvut
2749 2065 2924 2120 aetatis
2954 2080 3065 2119 suae
3100 2079 3242 2119 anno
3270 2064 3509 2120 Platonis
3539 2064 3753 2119 auditor

2169 2167 2272 2215 εει.

2241 2252 2587 2316 Artaxerxes,
2615 2251 2704 2320 qui
2732 2259 2786 2305 et
2807 2251 3010 2315 Ochus,
3033 2252 3189 2305 annis
3212 2267 3356 2306 xxvr.

2240 2342 2406 2412 Cujus
2446 2343 2596 2412 regni
2640 2342 2790 2397 initio
2827 2343 3087 2398 Camillus
3125 2342 3330 2409 Gallos,
3367 2342 3455 2412 qui
3495 2341 3757 2397 Romanis

2172 2433 2372 2488 bellum
2401 2433 2717 2499 intulerant,
2745 2435 3036 2503 superavit.

2246 2525 2448 2579 Eodem
2471 2533 2717 2594 tempore
2746 2525 3047 2580 Alexander
3068 2524 3299 2595 Philippi
3328 2525 3464 2579 ﬁlius
3492 2525 3754 2578 nascitur.

2247 2616 2662 2671 Demosthenem
2693 2632 2904 2686 quoque
2939 2629 3215 2672 oratorem
3246 2616 3434 2672 eadem
3465 2628 3594 2670 aetas
3637 2616 3756 2670 cla-

2176 2726 2292 2765 rum
2325 2710 2531 2765 habuit.

2247 2804 2412 2856 Arses
2436 2801 2566 2856 Ochi
2599 2801 2739 2855 ﬁlius
2766 2802 2921 2854 armis
2946 2811 3199 2869 quatuor.

2249 2894 2366 2948 Hoc
2409 2902 2647 2962 tempore
2694 2894 3057 2964 descriptione
3104 2893 3245 2948 facta
3290 2891 3493 2960 Romae,
3541 2891 3764 2946 inventa

2134 3053 2147 3076 ‘
2181 2996 2306 3041 sunt
2334 2987 2530 3040 civium
2560 3001 2658 3040 cu
2691 2986 2875 3040 millia.

2133 3074 2149 3116 λ
2252 3078 2404 3148 Apud
2431 3078 2649 3134 Judaaos
2670 3077 2874 3133 Jaddus
2896 3077 3135 3148 pontifex
3165 3078 3431 3132 maximus
3459 3075 3637 3131 clarus
3665 3074 3764 3127 ha-

2180 3170 2425 3227 bebatur.

2254 3260 2444 3314 Darius
2471 3259 2682 3314 Arsami
2713 3259 2856 3314 ﬁlius
2883 3261 3040 3314 annis
3069 3274 3185 3314 sex.

2253 3353 2370 3420 Quo
2396 3362 2636 3421 tempore
2669 3351 2809 3422 apud
2847 3352 3121 3406 Romanos
3147 3349 3335 3404 consul
3371 3347 3598 3403 Manlius
3627 3346 3770 3400 Tor-

2183 3452 2378 3512 quatus
2403 3444 2572 3499 ﬁlium
2597 3459 2773 3510 suum,
2801 3444 2943 3515 quod
2968 3455 3153 3500 contra
3182 3444 3464 3510 imperium
3495 3443 3549 3495 in
3580 3441 3770 3495 hostes

2185 3545 2539 3606 pugnaverat,
2570 3537 2734 3607 virgis
2761 3552 2959 3591 cmsum
2990 3538 3163 3591 securi
3194 3536 3474 3604 percussit.

2256 3628 2367 3681 Hac
2399 3638 2714 3697 tempestate
2745 3628 3050 3684 Alexander
3087 3627 3312 3696 Philippi
3355 3627 3499 3680 ﬁlius
3540 3640 3775 3695 regnare

2185 3731 2361 3784 orsus,
2386 3730 2538 3773 sexto
2569 3719 2778 3787 imperii
2807 3720 2887 3773 sui
2914 3734 3054 3772 anno
3079 3733 3300 3787 regnum
3331 3716 3615 3770 Persarum
3641 3716 3771 3770 sub-

2187 3812 2366 3871 vertit,
2396 3818 2452 3864 et
2479 3810 2533 3864 in
2562 3809 2798 3880 Egypto
2821 3812 3007 3866 urbem
3035 3809 3410 3864 Alexandriam
3443 3807 3702 3861 condidit.

2255 3902 2419 3974 695
2450 3901 2654 3971 Appius
2690 3894 2948 3956 Claudius
2987 3917 3161 3956 caecus
3189 3901 3330 3970 apud
3362 3899 3635 3953 Romanos
3662 3901 3776 3952 cla-

2189 4010 2278 4048 rus
2321 3995 2569 4061 habetur,
2612 3995 2701 4064 qui
2751 3993 3030 4049 Claudiam
3076 4009 3270 4064 aquam
3314 3993 3489 4062 duxit,
3528 4003 3583 4049 et
3625 3994 3772 4047 viain

2190 4087 2412 4156 Appiam
2442 4087 2651 4140 stravit.

2260 4179 2484 4233 Romani
2509 4177 2778 4234 Samnitas
2803 4177 3113 4248 subjugant.

2263 4273 2615 4335 Auxuma,
2648 4278 2768 4337 post
2807 4269 2966 4323 ﬁnem
3007 4269 3155 4337 regni
3194 4269 3503 4334 Persarum,
3532 4267 3781 4336 regnavit

2190 4361 2345 4414 annis
2374 4371 2602 4429 septem,
2632 4361 2720 4430 qui
2752 4376 2896 4415 χχχιι
2924 4362 3096 4415 aetatis
3123 4376 3233 4415 sua:
3258 4376 3399 4414 anno
3429 4361 3568 4429 apud
3597 4359 3778 4429 Baby-

2111 4425 2165 4487 D
2190 4452 2368 4506 Ionem
2396 4452 2640 4507 moritur.

2259 4542 2498 4612 Regnum
2526 4543 3011 4597 Alexandrinorum
3043 4543 3299 4609 nascitur,
3324 4557 3431 4609 quo
3461 4541 3663 4612 potitus
3689 4549 3778 4595 est

2189 4636 2507 4689 Ptolemaaus
2544 4634 2670 4704 Lagi
2714 4635 2851 4689 ﬁlius
2889 4635 3046 4689 annis
3081 4651 3169 4691 χι..
3204 4635 3300 4689 Hic
3328 4635 3478 4704 regni
3513 4634 3595 4687 sui
3631 4647 3782 4687 anno

2188 4735 2415 4794 quarto,
2464 4725 2815 4796 Jerosolymis
2863 4735 2917 4780 et
2965 4727 3150 4782 Judwa
3205 4727 3257 4780 in
3309 4727 3566 4781 ditionem
3619 4739 3780 4779 suam

2188 4817 2441 4883 redactis,
2474 4818 2733 4886 plurimos
2765 4818 3098 4887 captivorum
3128 4819 3180 4872 in
3215 4818 3508 4889 Egyptum
3541 4827 3779 4871 transtu-

2189 4907 2269 4962 lit.
2308 4907 2457 4963 Tunc
2484 4907 2794 4963 Judaeorum
2825 4909 3059 4979 pontilex
3091 4909 3254 4964 Onias
3286 4908 3443 4963 Jaddi
3483 4908 3626 4962 ﬁlius
3667 4907 3782 4960 cla-

2190 5015 2281 5055 rus
2306 5001 2625 5056 habebatur.

2263 5093 2686 5148 Machabaaorum
2729 5103 2909 5149 autem
2947 5093 3167 5149 Hebraea
3210 5093 3430 5149 historia
3468 5091 3592 5146 hinc
3623 5089 3783 5145 Gras-

2192 5197 2374 5236 corum
2416 5192 2671 5252 supputat
2704 5199 2952 5253 regnum.
2990 5185 3188 5238 Verum
3237 5195 3258 5222 ο
3307 5183 3358 5237 hi
3400 5184 3524 5238 libri
3563 5182 3632 5236 ab
3671 5180 3785 5236 He-

2193 5274 2354 5327 braeis
2386 5274 2527 5330 inter
2555 5274 2766 5330 divinas
2794 5275 3102 5344 Scripturas
3135 5289 3244 5329 non
3277 5269 3629 5344 recipiuntur.

2270 5428 2297 5467 δ
2337 5429 2622 5500 InChron.
2652 5429 2887 5494 Euseb..
2931 5445 3060 5485 mss.
3095 5431 3247 5486 Colb.
3281 5442 3533 5500 quatuor,
3558 5440 3615 5485 ct
3644 5427 3783 5483 edit.

2197 5499 2435 5563 Pnnlaci,
2469 5501 2608 5562 H2;
2648 5501 2698 5552 in
2724 5501 2882 5554 unico
2912 5515 3040 5565 ms.,
3065 5502 3190 5554 542.

2271 5581 2290 5606 ε
2334 5571 2413 5623 Ad
2438 5571 2626 5623 similia
2656 5569 2870 5624 Eusebii
2896 5571 3055 5623 verba
3082 5572 3347 5624 Pontacus
3380 5572 3429 5625 in
3463 5571 3624 5630 notis,
3656 5585 3784 5635 pag.

2194 5640 2316 5694 H6.
2352 5640 2480 5695 Cum
2508 5641 2559 5693 in
2589 5639 2822 5696 Ecclesia
2848 5651 2964 5695 ante
2997 5643 3272 5695 concilium
3301 5640 3697 5710 (.‘arthagincnsc
3727 5655 3791 5694 ιιι
