3978 6178
158 283 251 338 555
1366 264 1761 322 CllRONlCUM
1806 262 2179 320 lNTEGRUM.

3305 265 3407 323 516

219 391 440 447 Romani
465 389 685 452 Marsos,
710 396 763 440 et
785 385 1067 451 'llernicos,
1094 392 1146 437 ct
1170 381 1416 451 Pelignos
1437 387 1709 448 superant.
1744 383 1794 437 A
1891 379 2189 434 Antiochus
2217 395 2308 435 rex
2330 379 2523 450 Syriae,
2549 379 2692 434 victo
2720 379 3085 451 Philopatore,
3116 397 3208 451 per
3232 382 3408 439 Ptole-

220 486 309 541 llis
353 484 510 538 antiis
556 481 811 536 Seleucus
859 476 1230 538 Antiochiam,
1269 473 1600 536 Laodiciam,
1643 475 1720 524 A-

154 575 396 647 pamiam,
434 573 711 631 Edessam,
743 570 1007 633 Bormam,
1033 576 1087 622 et
1117 566 1322 620 Pellam
1355 564 1514 618 urhes
1537 563 1723 616 condi-

154 669 244 733 dit,
275 668 325 720 in
367 665 561 734 quibus
590 660 812 727 Judaris,
841 674 975 726 quos
1013 658 1377 720 transtulerat,
1406 656 1496 725 jus
1527 655 1720 710 civium

156 757 311 811 dedit.
343 754 604 810 Seleucus
635 751 963 821 Babylonem
991 748 1244 802 obtinuit.

217 863 317 901 xxv
361 860 506 900 anno
553 845 702 913 regni
760 841 1069 907 Ptolemmi,
1117 839 1425 894 Iudaeorum
1474 835 1718 908 pontifex

153 939 408 994 maximus
434 936 622 991 Simon
652 933 802 988 Onias
827 933 967 986 ﬁlius
996 931 1220 1001 insignis
1246 939 1381 986 erat.

215 1029 395 1082 Romte
434 1040 566 1080 vero
613 1038 778 1079 censu
828 1024 1046 1092 agitato,
1101 1022 1313 1075 inventa
1360 1029 1485 1074 sunt
1523 1020 1719 1074 civium

154 1121 303 1174 millia
329 1135 522 1174 ccux.

216 1209 592 1264 Pontiﬁcatum
624 1207 762 1277 apud
791 1206 1004 1261 Judaaos
1034 1205 1271 1273 suscepit
1307 1204 1532 1259 Eleazar
1557 1205 1720 1258 frater

151 1301 392 1362 Simonis,
423 1299 578 1367 cujus
609 1298 748 1352 lilius
770 1296 954 1361 Onias,
979 1294 1048 1349 ob
1071 1303 1284 1349 aetatem
1311 1294 1578 1364 pueritiae,
1613 1308 1718 1348 non

152 1400 383 1460 potuerat
405 1390 542 1460 patri
569 1388 876 1442 succedere.

175 1483 286 1568 ~‘Eo
323 1490 573 1550 tempore
608 1494 638 1533 a
673 1478 931 1533 Romanis
965 1477 1327 1533 Beneventum
1363 1489 1417 1533 et
1447 1475 1720 1532 Ariminus

152 1574 384 1629 conditae.
595 1577 620 1587 '
1545 1643 1557 1649 _

216 1665 554 1728 Ptolemaeus,
604 1662 693 1732 qui
737 1670 792 1715 et
833 1659 1248 1729 Philadelphus,
1291 1660 1445 1714 annis
1490 1675 1714 1714 xxxviii.

1824 484 2042 535 misum,
2063 469 2300 525 Judaiam
2333 471 2436 526 sibi
2461 471 2646 526 sumit.

1895 561 2212 617 Ptolemaeus
2247 564 2552 633 Epiphanes
2581 566 2736 620 annis
2765 581 2909 620 xxiv.
2942 566 3037 620 llic
3060 565 3233 635 Scopa
3265 569 3410 637 prino

1823 654 1944 723 cipe
1985 655 2192 709 militiae
2234 656 2527 722 destinato,
2565 658 2805 712 Judaeum
2846 659 3010 725 capit,
3059 668 3113 712 et
3154 659 3410 728 plurimas

1825 744 1995 815 Syriae
2025 744 2292 800 civitates.
2323 747 2602 801 Secundus
2628 747 2763 802 liber
2795 748 3222 803 Machabmorum
3252 749 3411 819 hujus

1827 837 2087 902 temporis
2117 846 2262 904 gesta
2295 837 2555 892 continet.

1896 925 2004 978 Huc
2049 935 2400 995 tempestate,
2451 941 2572 981 cum
2629 928 2696 982 ab
2750 927 3017 982 Antiocho
3060 944 3156 996 pcr
3207 928 3413 998 legatos

1825 1015 2171 1070 Hannibalem
2203 1017 2428 1070 Romani
2453 1028 2817 1084 reposcerent,
2842 1019 2926 1070 cui
2954 1032 3015 1070 se
3036 1019 3207 1072 victus
3236 1035 3264 1072 a
3294 1019 3411 1075 Sci-

1824 1108 1984 1175 pione
2013 1108 2332 1176 sociaverat,
2367 1109 2504 1162 idem
2545 1109 2808 1162 Hannibal
2851 1108 2916 1161 ad
2957 1108 3198 1162 Prusiam
3230 1124 3410 1178 regem

1826 1197 2087 1269 Bithynia:
2117 1199 2399 1267 transfugit
2429 1217 2441 1251 :
2475 1209 2529 1253 et
2561 1215 2681 1252 cum
2709 1199 2869 1253 etiam
2898 1199 2965 1253 ab
2993 1215 3058 1252 eo
3083 1215 3175 1267 per
3206 1199 3407 1254 Flami-

1824 1290 1969 1343 nium
2021 1302 2417 1358 reposceretur,
2470 1289 2868 1358 tradendnsque
2917 1300 3084 1356 esset,
3137 1306 3404 1346 venenum

1825 1381 1978 1444 bibit,
2007 1391 2061 1434 et
2086 1380 2222 1447 apud
2253 1380 2529 1450 Liliyssam
2558 1379 2823 1448 Bithyniae
2849 1380 3091 1449 sepultus
3121 1390 3225 1434 est.

1894 1473 2138 1526 (liccilius
2167 1482 2320 1539 poeta
2351 1473 2608 1526 comicus.

1894 1564 2216 1618 Ptolemaeus
2241 1565 2566 1619 Philometor
2587 1579 2741 1618 annis
2766 1579 2894 1630 xxv,
2921 1578 3014 1618 seu
3053 1580 3214 1618 xxxv.
3239 1564 3408 1635 Hujus

1821 1669 1964 1708 anno
2004 1665 2196 1725 quarto
2236 1655 2511 1726 Hyrcanus
2547 1655 2770 1724 Josephi
2813 1655 2962 1709 ducis
2999 1654 3200 1710 Iudaea:
3243 1655 3405 1723 ﬁlius,

158 1757 243 1811 llic
265 1755 475 1810 Judmos
499 1753 592 1823 qui
622 1754 672 1805 in
701 1751 935 1822 Egypto
964 1761 1117 1804 erant
1146 1751 1344 1805 liberos
1373 1764 1494 1804 esse
1523 1752 1720 1818 periiii-
1753 1749 1798 1808 Β
1826 1762 1948 1800 cum
1994 1747 2060 1800 ad
2103 1747 2451 1800 Ptolemzrum
2497 1747 2856 1816 perrexisset,
2897 1746 3192 1801 honoriﬁce
3235 1747 3302 1800 ab
3340 1761 3407 1800 eo

153 1849 233 1910 sit,
264 1860 314 1901 et
342 1860 468 1899 vasa
499 1844 764 1899 Eleazaro
790 1841 1028 1911 pontiﬁci
1050 1841 1508 1913 Jerosolymorum
1539 1843 1720 1895 votiva

155 1937 529 1999 transmittens,
564 1934 772 1988 divinas
797 1933 1102 2002 Scripturas
1142 1934 1193 1985 in
1234 1932 1479 1987 Grzecum
1519 1947 1718 1986 '.eriiio-

156 2043 264 2082 nem
294 2042 354 2081 ex
398 2026 628 2080 Hebrum
675 2026 848 2094 lingua
896 2039 992 2093 per
1022 2023 1164 2077 LXX
1191 2023 1518 2093 Interpretes
1547 2032 1720 2077 trans-

156 2119 265 2173 ferri
296 2117 531 2181 curavit,
575 2130 708 2185 quas
754 2115 807 2168 in
860 2114 1222 2169 Alexandrina
1260 2114 1588 2169 Bibliotheca
1628 2114 1722 2168 ha-

157 2209 274 2274 buit,
302 2223 456 2278 quam
492 2206 606 2261 sibi
631 2223 696 2261 ex
726 2206 870 2261 omni
899 2221 1097 2275 genere
1119 2205 1416 2259 litterarum
1437 2220 1720 2275 compara-

159 2311 302 2357 verat.

217 2395 500 2463 Argenteus
559 2407 813 2448 nummus
862 2391 1092 2461 primum
1146 2392 1198 2446 in
1249 2391 1397 2448 Urbe
1438 2393 1717 2461 ﬁguratus,

161 2488 287 2555 regni
321 2487 472 2556 hujus
502 2501 655 2540 anno
687 2502 800 2540 xiii.
839 2486 1004 2555 llujns
1029 2487 1180 2556 regni
1217 2497 1397 2542 autem
1435 2504 1580 2553 xxiv,
1616 2487 1722 2542 Ro-

162 2577 282 2631 mani
317 2576 772 2648 Carthaginenses
809 2578 983 2632 navali
1014 2577 1309 2632 certamine
1343 2588 1622 2647 superant,
1667 2587 1722 2633 et

162 2675 347 2721 centum
380 2669 570 2738 Libyae
597 2668 756 2721 urbes
785 2669 1020 2736 capiunt.

220 2756 510 2813 Judazorum
553 2758 914 2827 pontiﬁcatum
945 2768 1064 2829 post
1085 2759 1400 2814 Eleazarum
1423 2761 1720 2815 avunculus

1824 1849 2103 1908 susceptus
2139 1848 2242 1893 est.
2287 1839 2484 1893 Verum
2523 1840 2718 1893 fratres
2755 1837 2873 1906 ejus
2909 1837 3175 1893 seditione
3216 1847 3407 1893 contra

1830 1945 1952 1985 eum
2007 1941 2174 1992 mota,
2225 1947 2538 1999 magnarum
2597 1929 2961 1986 calamitatum
3016 1929 3214 1984 iudaice
3259 1929 3407 2001 genti

1823 2036 1982 2075 causa
2014 2021 2358 2076 exstiterunt.

1897 2115 2254 2179 Aristolinlus,
2291 2118 2508 2169 natione
2534 2114 2756 2170 Iudaeus
2776 2159 2791 2182 ,
2820 2113 3208 2184 Peripateticus
3235 2113 3410 2183 philo-

1822 2205 2024 2273 sophus
2074 2206 2288 2269 claruit,
2339 2206 2428 2273 qui
2471 2205 2537 2258 ad
2585 2205 3005 2260 Philometorem
3059 2205 3407 2260 Ptolemaeum

1822 2297 2260 2365 explanationum
2290 2298 2340 2350 iii
2369 2297 2586 2368 Moysen
2611 2297 3039 2352 Commentarios
3065 2297 3302 2367 scripsit.

1895 2387 2098 2442 Eodem
2152 2397 2398 2455 tempore
2445 2387 2744 2444 Antiochus
2787 2388 3126 2457 Epiphanes,
3174 2404 3296 2443 cum
3343 2387 3411 2443 de

1824 2479 2043 2547 regione
2072 2477 2520 2546 Ptolemazorum,
2555 2495 2713 2548 quam
2751 2478 2932 2532 subito
2972 2479 3274 2544 invaserat,
3304 2487 3413 2533 ter-

1824 2572 1958 2625 ritus
2002 2580 2222 2626 senatus
2261 2571 2488 2625 Romani
2528 2571 2753 2641 imperio
2789 2571 3135 2637 recessisset,
3167 2571 3404 2625 Judaiam

1823 2664 1985 2727 venit,
2022 2662 2196 2730 ibique
2225 2661 2352 2717 Jesu
2383 2672 2436 2716 et
2463 2662 2650 2716 Jasoni
2683 2661 2830 2715 fratri
2861 2662 3011 2715 Onias
3042 2662 3410 2730 pontiﬁcatum

1824 2753 2066 2807 tradidit.
2115 2753 2232 2820 Quo
2278 2753 2472 2808 deinde
2517 2753 2765 2821 expulso,
2815 2751 3004 2808 Oniam
3055 2762 3412 2822 cognomento

1823 2845 2116 2900 Menelaum
2141 2861 2516 2900 successorem
2546 2846 2593 2899 ei
2624 2845 2792 2901 dedit.
2827 2844 3008 2914 Itaque
3033 2845 3101 2900 ob
3127 2846 3413 2902 Sacerdotii

165 2939 316 2993 monis
350 2942 475 3009 justi
541 2939 683 2994 ﬁlius
728 2940 902 2994 clarus
962 2941 1278 3007 habebatur,
1327 2943 1415 3011 qui
1464 2951 1718 2996 consueta
1823 2936 2140 3005 dignitatem
2173 2945 2291 2989 orta
2322 2936 2587 2990 seditione
2622 2936 2763 2989 inter
2791 2937 3084 3004 principes,
3117 2936 3411 3005 ingentium

165 3027 423 3086 Ptolemaeo
467 3032 671 3085 tributa
705 3046 810 3084 non
852 3031 1101 3097 reddens,
1132 3033 1199 3085 ad
1245 3033 1377 3086 iram
1422 3048 1544 3088 eum
1574 3049 1721 3088 com-
1829 3031 2166 3083 miseriarum
2199 3030 2404 3083 semina
2438 3028 2849 3098 pullulaverunt.

165 3122 328 3175 movit.
361 3123 566 3178 Verum
597 3123 863 3191 Joscphus
896 3125 973 3176 vir
1003 3125 1141 3178 inter
1173 3139 1301 3179 suos
1333 3125 1549 3191 nobilis,
1585 3126 1725 3196 lega-
1753 3111 1799 3174 C
1899 3121 2059 3190 697
2084 3119 2367 3175 Samaritae
2411 3130 2465 3174 et
2492 3119 2661 3174 Judaei
2716 3119 3075 3185 Alexandriae,
3116 3119 3412 3175 Ptolemaeo

166 3222 236 3266 tus
261 3229 285 3267 a
313 3214 504 3272 Iudaeis
555 3216 620 3269 ad
656 3217 820 3287 696
857 3217 1203 3272 Ptolemmum
1242 3220 1459 3284 missus.
1491 3235 1611 3275 cum
1649 3221 1727 3274 fa-
1825 3211 2120 3280 judicante,
2149 3211 2485 3266 contendunt
2511 3212 2579 3266 de
2606 3211 2897 3266 honoribus
2917 3226 2986 3266 ex
3008 3221 3235 3281 utraque
3257 3222 3412 3282 parte

167 3305 496 3361 iniliaritatem
542 3309 685 3374 regis
721 3308 788 3360 ob
827 3308 1052 3376 plurima
1084 3309 1136 3362 in
1168 3323 1290 3363 eum
1317 3312 1602 3366 meruisset
1631 3313 1722 3366 ob-
1828 3302 2030 3371 templo
2061 3317 2159 3357 suo
2190 3301 2518 3370 deferendis,
2561 3312 2614 3356 et
2644 3308 2905 3371 superant
2933 3301 3126 3356 Judaei.

166 3394 348 3462 sequia,
378 3397 483 3451 dux
520 3396 727 3451 Judaeze
756 3407 810 3451 et
842 3396 1187 3452 ﬁnitimarum
1217 3404 1500 3470 regionum
1527 3403 1725 3457 constio
1899 3392 2180 3448 ViceSimO
2209 3406 2386 3447 autem
2433 3391 2673 3462 Pili-idem
2715 3391 2865 3461 regni
2914 3407 3076 3457 θηηος
3110 3392 3264 3448 illidat!
3307 3393 3415 3448 Ma-

171 3487 328 3538 tuitur.
1829 3486 2070 3553 chabzeo,
2104 3495 2225 3555 post
2251 3485 2446 3540 Alcimi
2472 3485 2672 3540 inimici
2696 3485 2812 3553 ejus
2836 3485 3131 3550 interitum,
3162 3486 3416 3540 sacerdo-

225 3577 421 3634 Parthis
448 3581 514 3634 ab
552 3579 779 3648 imperio
806 3580 1152 3636 Macedonum
1187 3582 1581 3650 recedentibus,
1615 3584 1726 3654 pri-
1829 3579 1959 3633 tium
2002 3585 2058 3631 et
2086 3577 2438 3646 principatus,
2484 3577 2728 3630 omnium
2760 3573 3067 3630 Iudaeorum
3099 3577 3282 3629 favore
3314 3577 3413 3628 di:-

168 3685 242 3723 nio
268 3671 497 3740 regnavit
527 3670 786 3738 Arsaces,
811 3674 950 3727 unde
982 3674 1254 3729 Arsacidae
1284 3676 1430 3730 dicti.
1829 3679 2092 3734 cernitur.
2143 3677 2243 3743 Qui
2291 3677 2551 3746 dignitate
2600 3683 2882 3745 suscepta,
2930 3675 3135 3743 legatos
3184 3675 3412 3731 Romam

227 3759 537 3816 Ptolemaeus
573 3761 863 3832 Evergetes
894 3765 1048 3820 annis
1076 3781 1221 3821 xxvi.
1417 3759 1428 3766 ’

1844 3779 1994 3845 nisit,
2029 3789 2081 3834 et
2108 3779 2343 3832 obtinuit
2366 3778 2585 3832 decreto
2611 3787 2853 3838 senatus,
2881 3785 2937 3829 ut
2963 3775 3136 3832 Judaei
3167 3776 3325 3829 amici
3355 3785 3413 3832 et

228 3851 381 3920 Hujus
419 3855 682 3923 temporis
719 3855 1026 3912 Judaeorum
1074 3859 1312 3928 pontifex
1354 3861 1538 3916 Simon
1578 3861 1724 3917 Onias

1844 3878 2178 3932 iiixiliatores
2230 3877 2596 3931 Romanorum
2645 3875 2996 3929 haberentur.
3048 3875 3194 3930 Idem
3245 3875 3416 3931 Judas

171 3939 292 4045 illi"?
319 3944 820 4045 diuusnlmbebamr
852 3964 864 4000 ³
905 3951 1003 4045 5‘“?
1033 3967 1140 4019 ίῘ¹¹⁰
1170 3952 1327 4045 δεδυξ
1360 3952 1498 4006 ("ius
1540 3955 1725 4008 Sirae"
1831 3979 1996 4034 duces
2031 3975 2303 4041 Antiochi,
2326 3976 2415 4044 qui
2444 3976 2613 4045 legem
2642 3973 2950 4029 Judieorum
2983 3976 3147 4028 multa
3178 3973 3416 4043 profani-

171 4030 429 4146 f’fi’femim
473 4037 674 4092 “brum
722 4040 1039 4109 composui"
1084 4057 1243 4111 quem
1288 4042 1594 4099 pa'meu’"
1630 4061 1725 4098 π’
1831 4030 2395 4146 [ηιθιιιιριιειιιιγθιιιὶ
2419 4030 2937 4143 deludam-expulit,
2965 4084 3018 4130 et
3051 4030 3315 4142 templum
3343 4073 3414 4128 ab

171 4133 416 4273 “Euius
447 4227 608 4274 mela
631 4219 846 4274 Tarenti
877 4224 1116 4274 Μηίων
1832 4179 2097 4235 idolorum
2139 4175 2459 4246 imaginibus
2506 4176 2825 4239 emuiidans,
2875 4175 3079 4246 patrias
3123 4174 3416 4246 religiones

273 4227 416 4273 nnius
447 4227 608 4288 poeta
631 4227 846 4276 Tarenti
877 4227 1134 4278 nascitur.
1833 4227 1994 4235 ’“””
2016 4227 2097 4288 ἶ’“
2247 4227 2353 4286 "Mf
2516 4227 2550 4229 ⁷⁷
2854 4227 2899 4283 ,⁷

277 4308 407 4347 ,ηπιη
428 4319 591 4347 “nm
617 4320 762 4347 mn,“
790 4327 1049 4347 "manu"
1100 4314 1354 4347 ρηιηηηρ
1387 4319 1486 4347 ηπ,
1831 4289 1952 4347 post
1978 4287 2262 4332 triennium
2290 4276 2496 4329 Civibus
2521 4288 2631 4328 suis
2660 4273 2911 4327 reddidit.

233 4305 407 4363 Rhodo
428 4319 591 4365 terrae
617 4320 764 4365 motu
790 4327 1072 4379 concussa,
1100 4314 1356 4371 Colossus
1387 4319 1511 4372 ruit.
1834 4305 1952 4383 ""5:
1979 4305 2262 4383 ¹ῘῘ⁶¹¹¹¹¹¹¹¹¹¹
2290 4305 2496 4383 “mm,”
2521 4305 2631 4328 ³⁸⁸⁸³
2660 4305 2771 4383 mf:

233 4398 272 4450 Α
299 4398 550 4456 Romanis
579 4419 647 4456 η
677 4405 786 4457 τετε
815 4404 980 4458 mima
1007 4372 1280 4460 amorum
1309 4422 1468 4462 caesa.
1907 4378 2114 4433 Ennius
2144 4387 2300 4446 poeta
2325 4374 2574 4442 moritur,
2606 4372 2970 4442 sepeliturque
3002 4373 3052 4425 in
3086 4373 3419 4427 monimento

236 4487 546 4547 Ptolemaeus
585 4494 896 4564 Philopator
935 4496 1090 4550 annis
1131 4512 1263 4552 xvii.
1305 4497 1474 4553 Judaei
1519 4499 1646 4556 victi
1679 4512 1724 4555 et

1844 4483 2172 4552 Scipionum,
2199 4481 2282 4532 via
2313 4479 2505 4548 Appia.

163 2846 259 2916 ejus
279 2849 551 2904 Maiiasscs
571 2849 778 2917 accepit
810 2866 822 2900 :
853 2859 972 2918 post
992 2866 1147 2919 quem
1178 2850 1342 2905 Onias
1373 2849 1611 2919 pontifex
1638 2850 1723 2904 Si-

176 4588 233 4629 ιιι,
257 4581 409 4636 millia
441 4594 773 4639 armatorum
803 4601 869 4640 ex
901 4601 1124 4640 numero
1150 4602 1337 4642 eorum
1371 4606 1528 4645 causa.

239 4665 451 4729 Romani
483 4690 611 4730 vero
641 4676 877 4748 Capuam
909 4685 964 4733 et
992 4676 1229 4732 Siciliam
1258 4679 1565 4751 subjugaiit.

181 4932 331 4970 omnes
353 4917 464 4970 libri
490 4927 592 4971 tam
611 4917 812 4971 veteris.
838 4935 988 4982 quam
1013 4921 1127 4971 novi
1149 4920 1454 4974 Testomenli
1479 4928 1728 4990 canonici,

179 5001 267 5037 non
292 5003 385 5063 uno
415 4998 457 5040 et
490 4989 662 5063 eodeni
705 4997 926 5063 tempore
958 4991 1223 5063 eteadem
1270 4992 1372 5057 ﬁde
1408 4995 1602 5063 recepti
1632 4996 1732 5047 sint

180 5056 303 5119 apud
335 5073 501 5110 omnes
542 5056 914 5112 Ecclesias.....
961 5059 1102 5112 Hinc
1133 5056 1356 5117 tempere
1396 5056 1601 5116 Eusebii
1632 5080 1734 5116 non

178 5128 580 5198 constabatiapud
610 5144 800 5195 omnes,
834 5131 1053 5182 maxime
1075 5131 1214 5198 apud
1242 5129 1473 5196 Graecos,
1500 5134 1562 5185 de
1587 5133 1735 5186 libris

180 5197 355 5272 duobus
382 5197 816 5272 illac/iabteorum.
867 5199 976 5252 Nec
1013 5197 1128 5272 sunt
1170 5209 1438 5272 pr_opterea
1468 5204 1735 5272 rejiciendi

181 5265 526 5341 ecCiitalogo,
555 5285 651 5320 non
682 5271 844 5337 magis
870 5285 1019 5341 quam
1044 5265 1177 5322 liber'
1200 5265 1404 5341 Esi/ter,
1435 5265 1580 5341 qiiéni
1614 5289 1734 5338 per-

178 5335 282 5387 inde
301 5335 541 5411 Eusebius
563 5355 659 5391 non
678 5335 853 5408 recipit
871 5340 1001 5411 inter
1018 5341 1215 5411 divinos
1234 5335 1565 5408 Scriptui-ns;
1587 5335 1736 5411 quem

181 5418 436 5478 sequuntur
456 5409 760 5478 Athanasius
786 5413 837 5462 in
869 5408 1122 5478 Synapsi,
1157 5409 1435 5478 Gregorius
1471 5408 1731 5466 Nazians.

182 5427 436 5470 sequuntur
456 5427 760 5462 Ainaiiasius
786 5427 837 5462 in
869 5427 906 5463 ο
950 5427 1122 5471 nopsi,
1157 5427 1435 5478 uregortiis
1471 5427 1731 5466 Nazians.

182 5471 236 5550 tle
264 5474 434 5550 Genui.
492 5476 684 5550 script.
717 5427 1102 5546 Amplii'liicliius
1130 5488 1347 5550 ﬁgmento,
1394 5484 1532 5546 apud
1574 5483 1735 5537 Euse-

185 5541 300 5618 bium
326 5545 408 5598 lib.
439 5563 487 5600 iv
519 5541 647 5602 Hist.
679 5565 793 5616 cap.
817 5541 907 5611 ³26.
933 5559 976 5600 et
1000 5551 1091 5601 alii
1115 5549 1302 5608 Grceci.
1328 5541 1597 5604 iiec'etiam
1624 5570 1731 5604 nia-

185 5624 249 5674 gis
275 5629 414 5675 quam
443 5619 768 5689 Apocalypsis
798 5629 885 5672 aut
923 5619 1151 5689 Epistola
1188 5620 1342 5674 Pauli
1367 5625 1432 5675 ad
1463 5622 1726 5687 Ilebrwos,

186 5695 378 5745 quorum
403 5690 724 5754 posteriorem
764 5691 894 5744 sicut
940 5689 1241 5744 Latinorum
1286 5695 1595 5748 consuetudo
1627 5711 1726 5748 non

1909 4581 2074 4637 Judas
2101 4579 2435 4633 Mzicbabmus
2465 4575 2699 4631 triennio
2730 4571 3040 4643 pontiﬁcatu
3071 4582 3222 4643 gesto
3259 4572 3420 4629 dimi-

1839 4698 1969 4738 cans
1989 4681 2248 4736 adversus
2277 4675 2531 4733 Demetrii
2555 4675 2719 4728 duces
2749 4671 3032 4728 occiditur.

1841 4921 2116 4989 recipiebat
2140 4922 2270 4974 inter
2291 4917 2563 4972 canonicos
2588 4916 2906 4989 scripturas,
2926 4916 3107 4989 sicnec
3128 4913 3421 4989 Graecorum

1843 4984 2075 5046 Ecclesia
2103 4988 2489 5057 Apocalypsini,
2519 4997 2571 5039 ut
2595 4987 2664 5038 ait
2694 4985 2912 5038 Hieron.
2932 4987 3087 5057 epist.
3120 4986 3188 5037 ad
3220 4984 3424 5057 Darda-

1843 5079 1983 5115 num.
2010 5061 2114 5115 Sed
2146 5055 2412 5128 postquam
2442 5055 2675 5110 Eccle.,ia
2698 5057 2749 5108 in
2777 5056 2990 5128 concilio
3013 5056 3103 5128 illo
3125 5070 3180 5108 iii
3211 5055 3424 5109 Cartha-

1841 5133 2038 5204 ginensi
2086 5125 2188 5201 (cui
2222 5125 2540 5204 Augustinus
2569 5127 2855 5196 interfuit),
2893 5142 3006 5195 cap.
3039 5125 3134 5188 47,
3165 5129 3425 5204 constituit

1841 5197 2058 5255 indicem
2086 5197 2176 5254 seu
2199 5197 2445 5252 concitent
2477 5197 2723 5250 librorum
2757 5212 3022 5250 sacrorum
3044 5213 3129 5248 seu
3153 5197 3428 5250 canonico-

1844 5290 1993 5334 runi,
2041 5273 2276 5340 deinceps
2321 5269 2426 5322 duo
2463 5268 2582 5322 libri
2623 5266 3035 5340 Mocliabaorum
3064 5267 3244 5340 ,-sicut
3275 5267 3428 5340 etiam

1845 5343 2014 5396 cteleri
2035 5383 2046 5400 ,
2082 5358 2176 5406 pro
2203 5336 2388 5393 divinis
2427 5349 2473 5392 et
2520 5337 2777 5406 canonicis
2812 5345 2930 5388 sunt
2960 5337 3099 5403 apud
3131 5352 3303 5406 omnes
3337 5336 3430 5389 lia-

1844 5414 1951 5465 bili.
1988 5405 2135 5483 Unde
2155 5413 2396 5483 August.,
2421 5407 2511 5483 li_b.
2533 5423 2627 5483 )‘Iil
2649 5408 2710 5458 de
2732 5405 2944 5483 (ἥρμοζε
2971 5421 3086 5483 cap.
3115 5407 3182 5459 56
3205 5422 3223 5458 :
3250 5405 3430 5483 Libros

1846 5473 2261 5536 Machabworun'i
2306 5496 2407 5534 non
2435 5477 2629 5542 Iudici,
2663 5478 2750 5529 sed
2783 5473 3015 5529 Ecclesia
3035 5473 3137 5544 ‘pro
3165 5478 3428 5531 canonicis

1845 5554 2015 5615 Ιιηὸει,
2048 5564 2153 5607 etc.
2197 5551 2400 5618 Quibus
2450 5549 2571 5602 addi
2621 5546 2819 5613 poteiit
2859 5549 3153 5618 auctoritas
3209 5547 3424 5602 concilii

1841 5624 2146 5678 'l‘ridentini
2168 5615 2412 5678 sessione
2434 5618 2486 5685 4,
2524 5621 2574 5672 in
2605 5619 2826 5672 decreto
2859 5615 2926 5670 de
2956 5618 3232 5674 canonicis
3271 5619 3426 5675 Scri-

1832 5697 2026 5760 pturls.
