4028 6176
516 230 620 289 ﬁt?

1738 214 1798 271 S.
1839 210 2175 269 PROSPERI
2218 208 2544 277 AQUITANI

3679 205 3801 264 548

591 342 876 401 Terentius
924 332 1361 406 Carthagiueusis
1423 329 1812 387 comoediarum
1868 325 2103 396 scriptor
2132 327 2178 383 A
2280 324 2338 377 P.
2371 323 2660 378 Terentius
2694 321 2885 387 Varro,
2919 320 3040 375 viro
3070 318 3235 375 Atace
3268 318 3319 371 in
3352 317 3634 373 Provincia
3660 318 3805 372 Νςιτ-

524 438 769 493 moritur.

596 525 856 583 Pacuvius
884 518 1141 588 Tragicus
1161 515 1339 571 clarus
1367 512 1613 577 habetur,
1639 509 1795 564 Ennii
1830 516 2001 577 poeta:
2042 521 2108 561 ex

526 620 633 674 ﬁlia
678 627 867 684 nepos,
911 610 1156 679 vixitque
1204 607 1390 660 Romae
1428 602 1602 674 quoad
1637 602 1896 671 picturam
1945 611 2110 653 exer-

523 710 655 773 cuit,
686 721 750 760 ac
777 701 994 771 fabulas,
1022 698 1313 754 venditavit
1347 712 1361 748 :
1389 692 1582 749 deinde
1610 691 1900 745 Tarentum
1935 698 2112 740 trans-

526 811 766 871 gressus,
802 807 969 863 prope
1007 788 1405 859 nonagenarius
1431 785 1572 839 diem
1600 782 1753 837 obiit.

600 890 785 943 Roma:
823 883 1187 953 descriptione
1226 879 1387 943 facta,
1435 876 1649 930 inventa
1696 881 1823 927 sunt
1850 871 2051 925 civium
2084 876 2109 905 ι

532 995 786 1037 cccxxxtt
813 977 1002 1038 millia,
1034 989 1141 1043 quo
1179 984 1422 1041 tempore
1463 970 1729 1038 Carthago
1761 969 1814 1021 iu
1856 966 2113 1021 ditionem

531 1075 829 1129 Romanam
859 1084 955 1137 per
986 1066 1292 1134 Scipionem
1338 1062 1618 1132 redigitur.

604 1165 927 1220 Ptolcmarus
960 1159 1252 1227 Evergetes
1287 1156 1443 1209 annis
1474 1169 1624 1208 xxtx.

607 1255 871 1314 Jonatbas
896 1250 1132 1322 pontifex
1157 1249 1464 1303 Judatorum
1488 1260 1518 1299 a
1540 1244 1813 1313 Triphone
1832 1239 2113 1303 occiditur,

536 1358 596 1406 et
623 1351 674 1403 in
697 1345 1068 1403 ‘sacerdotium
1100 1342 1284 1397 Simon
1314 1339 1558 1394 Jouatha:
1589 1337 1758 1390 frater
1784 1334 2112 1389 assumitur:

538 1444 626 1498 cui
658 1440 939 1496 interfecto
970 1436 1209 1492 succedit
1250 1433 1393 1487 [ilius
1430 1431 1549 1499 ejus
1577 1429 1834 1492 Joannes,
1864 1426 1954 1496 qui
1984 1440 2113 1481 con-

539 1544 619 1589 tta
645 1533 923 1603 Hyrcanos
953 1527 1150 1581 bellum
1180 1526 1409 1593 'gerens,
1443 1521 1675 1589 Hyrcani
1727 1534 1919 1573 nomen
1966 1530 2118 1571 acce-

538 1624 645 1694 pit,
677 1632 733 1678 et
778 1636 809 1675 a
839 1616 1095 1674 Romanis
1124 1615 1342 1668 decreto
1372 1622 1595 1665 senatus
1623 1609 1764 1663 inter
1802 1607 2005 1660 amicos
2033 1621 2118 1660 re-

2217 415 2442 468 honensi
2483 415 2741 480 nascitur,
2793 413 2881 482 qui
2935 427 3073 466 xxxv
3113 425 3313 464 annum
3366 423 3531 479 agens
3577 408 3806 465 Graecas

2212 505 2423 559 litteras
2453 504 2657 558 didicit.

2284 596 2609 652 Ptolemazus
2640 595 2928 666 Dionysius
2964 594 3118 647 annis
3148 609 3276 647 xxx.

2286 689 2370 743 Ab
2411 688 2570 757 hujus
2618 688 2767 755 regni
2806 701 2950 741 anno
3001 697 3154 739 sexto
3202 683 3536 750 Alexandra,
3590 698 3711 751 quae
3747 694 3811 737 et

2214 784 2419 847 Seliua,
2455 798 2589 837 uxor
2617 780 2927 844 Alexandri,
2959 778 3311 847 Jerosolymis
3342 791 3437 845 per
3472 790 3665 830 novem
3716 790 3812 827 re-

2215 876 2397 946 gnavit
2434 888 2608 929 annos
2643 892 2657 926 :
2691 888 2757 927 ex
2786 871 2939 940 cujus
2988 880 3146 925 a~tate
3175 869 3392 924 Judmos
3437 881 3620 921 rerum
3664 880 3804 920 con-

2217 968 2357 1022 fusio
2385 977 2441 1021 et
2467 966 2633 1021 variae
2668 964 2851 1018 clades
2899 976 3241 1033 oppressere.
3282 960 3361 1015 Ac
3390 975 3512 1013 mox
3561 974 3658 1027 per
3697 956 3807 1012 Cr..

2219 1059 2536 1127 Pompeium
2566 1055 2918 1127 Jerostslymis
2947 1055 3140 1121 captis,
3176 1053 3485 1121 temploque
3525 1064 3700 1118 usque
3738 1046 3809 1102 ad

2219 1159 2529 1204 sanctorum
2561 1158 2743 1202 sancta
2776 1157 3037 1211 reserato,
3071 1144 3249 1199 Judaei
3287 1144 3574 1213 vect¥gales
3604 1141 3812 1195 Roma-

2222 1258 2409 1296 norum
2442 1240 2592 1304 faeti,
2622 1241 2869 1310 Hyrcano
2894 1238 3035 1307 apud
3066 1252 3161 1291 eos
3204 1235 3457 1305 pontifice
3483 1234 3809 1291 constituto,

2219 1343 2274 1387 et
2322 1336 2606 1400 Antipatro
2658 1329 2886 1384 llerodis
2926 1327 3257 1383 Ascalonita:
3306 1324 3416 1379 ftlio
3457 1333 3812 1393 procuratoto

2222 1423 2521 1477 Palaestinae
2549 1421 2708 1475 facto.

2292 1515 2362 1568 M.
2392 1514 2614 1569 Porcius
2642 1511 2779 1567 Cato
2823 1509 3030 1565 stoicus
3077 1506 3434 1578 philosophus
3475 1504 3808 1575 agnoscitur.

2292 1605 2424 1671 Quze
2454 1605 2521 1660 de
2550 1604 2781 1658 Catilina
2809 1600 3100 1657 Sallustius
3131 1599 3322 1654 scribit
3369 1597 3473 1652 hoc
3501 1605 3653 1666 gesta
3682 1606 3808 1650 sunt

540 1715 682 1768 latus
727 1721 830 1767 est.
889 1708 1032 1763 ldem
1077 1703 1373 1760 Samariam
1422 1701 1703 1756 obsidione
1747 1709 1954 1767 captam
2000 1698 2119 1751 solo
2154 1697 2197 1755 Β
2226 1708 2488 1767 tempore.

540 1802 791 1875 aequavit,
824 1815 981 1870 quam
1006 1805 1186 1867 postea
1220 1793 1459 1849 llerodes
1501 1793 1829 1856 instaurans,
1860 1789 2120 1845 Sebasten

522 1894 598 1949 in
633 1893 891 1947 honorem
921 1887 1148 1956 Augusti
1175 1884 1357 1939 vocari
1385 1883 1573 1937 voluit.
1866 1941 1876 1958 ‘

618 1981 828 2037 Attalus
879 1981 1112 2033 moriens
1166 1974 1194 2013 ι)
1255 1973 1510 2045 populum
1557 1972 1855 2025 Romanum
1907 1970 2124 2039 reliquit

540 2073 835 2131 hteredem.

614 2166 941 2221 Ptolemznus
976 2161 1257 2232 Pbyscon,
1312 2157 1405 2229 qui
1451 2166 1507 2212 et
1553 2156 1734 2222 Soter,
1786 2156 1941 2210 annis
1979 2168 2123 2208 xxvtt

544 2258 710 2331 [Alias
740 2253 894 2326 xvn].

614 2348 786 2418 Hujus
814 2346 963 2417 regni
1011 2358 1154 2399 anno
1190 2350 1382 2397 octavo
1410 2339 1602 2397 Cicero
1627 2339 1817 2408 Arpini
1862 2340 2121 2405 nascitur,

538 2451 714 2500 matre
744 2442 954 2509 Helvia,
985 2450 1135 2510 patre
1163 2437 1428 2508 equestris
1458 2435 1686 2500 ordinis,
1717 2448 1783 2488 ex
1828 2431 1977 2503 regio
2004 2430 2125 2485 Vol-

536 2550 752 2593 scorum
774 2547 993 2605 genere.

614 2625 878 2684 Triennio
907 2632 1050 2695 post,
1082 2620 1183 2677 Cn.
1218 2620 1504 2690 Pompeius
1536 2618 1759 2688 Magnus
1788 2615 1983 2671 oritur.

609 2720 853 2790 Septimo
881 2716 1092 2771 decimo
1122 2724 1299 2768 autem
1343 2711 1504 2781 hujus
1552 2708 1701 2779 regni
1732 2720 1898 2770 anno,
1926 2706 1987 2759 C.
2020 2703 2123 2758 Ma-

547 2815 663 2869 rius
701 2830 736 2867 v
783 2810 973 2866 consul
1015 2809 1169 2878 juxta
1220 2806 1536 2862 Rhodanum
1590 2803 1838 2858 Cimbros
1885 2810 2122 2869 superat,

542 2918 773 2975 quorum
807 2901 1053 2957 ducentis
1106 2899 1341 2952 millibus
1384 2896 1558 2959 caesis,
1592 2909 1729 2949 uxx
1770 2891 1933 2962 capit,
1965 2898 2021 2945 et
2060 2890 2129 2944 de

541 2990 628 3050 his
654 3002 778 3049 c‘um
809 2992 1001 3048 Catulo
1032 2989 1351 3058 triumphat.

2302 1790 2520 1843 Decimo
2559 1797 2737 1842 autem
2790 1786 3072 1842 Ptolemaei
3124 1776 3399 1855 regnantis
3440 1797 3603 1850 anno,
3639 1782 3815 1851 Virgi-

2228 1880 2332 1933 lius
2362 1879 2507 1933 Maro
2560 1878 2614 1932 in
2665 1892 2820 1947 pago,
2871 1876 2960 1944 qui
2993 1875 3174 1939 Andes
3222 1874 3443 1938 dicitur,
3470 1873 3620 1941 juxta
3662 1872 3815 1927 Mau-

2228 1979 2375 2025 tuam
2408 1970 2669 2033 nascitur,
2703 1967 2959 2036 Pompeio
2987 1974 3044 2021 et
3071 1966 3272 2020 Crasso
3300 1965 3632 2019 consulibus.

2299 2064 2369 2117 Et
2396 2073 2516 2133 post
2539 2074 2748 2132 septem
2779 2074 2954 2115 annos
2981 2058 3237 2115 Horatius
3278 2057 3500 2112 Flaccus
3539 2064 3692 2123 poeta
3721 2068 3813 2109 sa-

2228 2156 2417 2211 tiricus
2446 2166 2501 2211 et
2523 2156 2725 2227 lyricus
2748 2152 3024 2208 Liberttuo
3048 2160 3201 2221 patre
3229 2149 3446 2203 Vennsii
3477 2146 3735 2202 nascitur.

2302 2250 2530 2305 Crassus
2559 2247 2745 2303 consul
2776 2262 2895 2301 cum
2930 2245 3037 2299 filio
3062 2243 3203 2313 apud
3228 2240 3425 2297 Carras
3464 2240 3698 2310 capitur.

2299 2342 2588 2410 Pompeius
2651 2339 2947 2408 imperator
3002 2335 3330 2405 appellatus,
3378 2332 3707 2387 Lusitaniam
3758 2340 3819 2382 et

2229 2432 2486 2504 quasdam
2520 2430 2724 2486 insulas
2753 2431 2803 2483 in
2830 2428 3048 2484 Oceano
3075 2426 3238 2495 capit.

2299 2525 2579 2593 CleOpatra
2622 2521 2778 2576 anuis
2812 2534 2942 2584 χιιι,
2973 2533 3039 2572 ex
3070 2517 3267 2586 quibus
3294 2515 3404 2569 duo
3435 2522 3640 2567 tantum
3682 2524 3815 2577 sup‘

2230 2616 2472 2687 putandi,
2516 2614 2638 2684 quia
2691 2612 2948 2666 Rmnauis
3001 2609 3254 2663 continua
3300 2613 3598 2660 nascuntur
3642 2602 3817 2668 impc-

2228 2710 2309 2763 ria
2341 2726 2354 2760 :
2384 2720 2615 2777 quorum
2646 2704 2901 2772 deinceps
2944 2711 3190 2768 tempora
3241 2693 3571 2752 numeranda
3612 2684 3735 2748 suu'i
3783 2704 3815 2741 a

2228 2798 2291 2853 ο.
2320 2798 2464 2854 Julio
2489 2797 2726 2861 Caesare,
2773 2796 2860 2863 qui
2893 2793 3098 2863 primus
3139 2787 3280 2857 apud
3309 2787 3584 2842 Romanos
3619 2783 3814 2850 singu-

2196 2910 2209 2913 κη
2229 2888 2340 2943 lare
2378 2887 2610 2944 obtinuit
2651 2885 2961 2954 imperium,
3012 2898 3043 2936 a
3073 2896 3182 2951 quo
3212 2879 3581 2935 Romanorum
3613 2874 3820 2946 pﬁttcid-

2231 2998 2331 3054 pes
2358 2979 2608 3052 appellati
2639 2976 2906 3033 Caesares.

606 3084 866 3155 Jugurtha
899 3090 1088 3138 contra
1109 3055 1383 3134 Romanos
1408 3077 1670 3133 dimicans
1698 3074 1925 3146 capitur.
1959 3073 2015 3128 In
2040 3074 2124 3129 Si-
2151 3058 2197 3120 C
2299 3075 2481 3128 Cresar
2511 3070 2757 3125 Rhenum
2792 3066 3077 3130 transiens,
3120 3061 3426 3119 Germanos
3454 3056 3650 3123 vastat,
3683 3055 3820 3111 Cal-

537 3177 663 3234 cilia
694 3189 883 3232 rursus
912 3173 1111 3230 bellum
1140 3171 1342 3227 servile
1369 3168 1666 3241 consurgit.
1696 3167 1936 3223 Thraces
1958 3179 1988 3219 a
2019 3165 2123 3218 Ro-

537 3267 714 3324 manis
744 3266 888 3321 victi.

608 3357 953 3413 Aristobulus
979 3354 1123 3410 ﬁlius
1140 3354 1390 3409 Jonathaa
1419 3352 1692 3421 (Joannis)
1715 3367 1809 3406 rex
1840 3351 2040 3420 pariter
2064 3359 2120 3405 et

542 3448 812 3519 pontifex,
873 3444 1079 3516 primus
1126 3443 1266 3514 apud
1313 3442 1529 3498 Judzcos
1582 3442 1751 3513 698
1800 3440 2121 3496 diadematis

538 3541 769 3610 sumpsit
810 3538 1037 3607 insigne.
1073 3536 1202 3591 Post
1241 3549 1398 3604 quem
1431 3533 1674 3603 regnavit
1699 3533 1976 3597 Jannazus,
2022 3546 2119 3585 co-

534 3639 823 3704 gnomento
871 3627 1195 3693 Alexander,
1226 3628 1316 3697 qui
1351 3626 1718 3695 pontificatum
1758 3639 1976 3695 quoque
2018 3622 2113 3675 ad-

532 3722 851 3778 ministrans
870 3716 1247 3775 crudelissime
1275 3717 1483 3772 civibus
1515 3716 1759 3785 praefuit.

511 3860 517 3867 .
606 3814 964 3877 Ptolemaeus,
994 3809 1085 3878 qui
1120 3821 1176 3863 et
1200 3806 1534 3873 Alexander,
1565 3808 1723 3862 annis
1755 3821 1867 3860 vttt.

512 3928 545 3962 .·
580 3905 777 3976 Syriae
826 3903 1080 3974 regnabat
1127 3900 1427 3970 Philippus,
1476 3914 1634 3967 quem
1681 3899 1789 3953 dux
1843 3897 2120 3953 Romanu:

516 3995 793 4067 .Gabinius
819 3995 987 4063 cepit,
1011 4008 1131 4047 cum
1155 3993 1266 4061 jam
1296 3999 1420 4046 ante
1436 4006 1557 4045 eum
1582 3989 1884 4045 Antiochus
1914 3989 1966 4041 in
1993 3988 2122 4042 Par-

533 4087 658 4145 thos
699 4087 907 4155 fugiens
957 4084 1214 4153 Pompeio
1256 4097 1316 4137 se
1364 4083 1619 4152 deinceps
1657 4082 1989 4136 tradidisset.
2035 4079 2112 4135 Ita

534 4177 697 4249 Syria
730 4179 779 4229 in
810 4176 1102 4229 Romanam
1131 4173 1389 4228 ditionem
1418 4172 1687 4227 transivit.

603 4269 655 4325 J.
689 4268 1019 4337 Pomponius
1065 4266 1421 4320 BouOnicnsis
1463 4264 1850 4320 Attellanarum
1891 4267 2121 4336 scriptor

532 4361 713 4420 clarus
743 4360 1063 4415 habebatur.

2226 3165 2814 3326 lWBSQUggP‘tdncipium
2860 3247 2985 3303 belli
3025 3244 3197 3302 civilis
3253 3242 3393 3297 inter
3435 3238 3702 3295 Caesarem
3755 3246 3818 3291 et

2226 3347 2564 3416 Pompeium.

2295 3440 2375 3493 Ex
2405 3438 2506 3493 hoc
2528 3437 2648 3492 loco
2677 3434 2929 3490 continua
2951 3431 3317 3486 Romanorum
3349 3431 3682 3478 annotantur
3709 3418 3820 3473 im-

2227 3532 2396 3601 peria,
2428 3536 2485 3585 et
2512 3536 2702 3598 regnat
2729 3524 2870 3595 apud
2902 3536 3000 3579 eos
3027 3519 3232 3591 primus
3268 3514 3510 3571 omnium
3536 3510 3599 3567 C.
3630 3509 3821 3565 Julius

2223 3622 2423 3676 Cit-sar.

2294 3712 2358 3767 C.
2390 3704 2576 3767 Jutius
2603 3709 2798 3764 CESAI
2830 3705 3036 3776 primus
3078 3716 3248 3757 annos
3280 3715 3355 3766 tv,
3385 3694 3414 3736 τι
3444 3709 3662 3751 menses
3690 3707 3819 3748 sex.

2298 3803 2584 3874 Pompeius
2609 3802 2777 3856 victus
2806 3810 2862 3854 et
2890 3797 3124 3868 fugiens,
3152 3810 3185 3849 a
3213 3791 3545 3864 spadonibus
3571 3788 3819 3844 Alexan-

2225 3897 2367 3950 drini
2399 3897 2540 3965 regis
2570 3894 2851 3948 occiditur.

2299 3990 2583 4044 Decretum
2636 3999 2857 4042 senatus
2901 3996 2955 4040 et
3005 3983 3418 4040 Atheniensium
3475 3980 3543 4034 ad
3591 3976 3822 4033 Judmos

2226 4081 2473 4147 mittitur,
2507 4081 2594 4149 qui
2626 4094 2720 4148 per
2750 4079 2954 4147 legatos
2983 4078 3271 4132 amicitiam
3316 4073 3675 4145 postularant.

2296 4170 2580 4240 Cleopatra
2608 4168 2756 4238 regio
2784 4166 3043 4223 comitatu
3071 4166 3273 4223 Urbem
3306 4166 3568 4233 ingressa.
3628 4174 3639 4189 ί

2293 4261 2561 4317 Antonius
2588 4259 2833 4314 decernit
2870 4257 3164 4324 Quintilem
3205 4269 3446 4310 mensem
3476 4251 3679 4306 Julium
3706 4248 3807 4303 de-

2227 4362 2357 4417 bere
2386 4360 2512 4425 dici,
2543 4361 2665 4430 quia
2696 4359 2748 4413 in
2780 4374 2847 4414 eo
2886 4366 3043 4423 natus
3072 4356 3262 4410 fuisset
3286 4352 3482 4409 Julius.

604 4452 669 4507 Τ.
703 4451 991 4507 Lucrecius
1014 4458 1167 4521 poeta
1195 4448 1298 4513 hoc
1319 4457 1561 4520 tempore
1590 4449 1819 4519 exstitit,
1852 4451 1943 4521 qui
1967 4465 2119 4505 ama-
2149 4430 2201 4487 Π
2297 4462 2545 4528 cassius,
2576 4461 2760 4516 Judm
2788 4468 2964 4531 capta,
2994 4458 3253 4529 ιριηριυηι
3281 4456 3494 4524 spolia."

534 4543 677 4599 torio
706 4544 898 4611 poculo
929 4542 982 4597 in
1006 4541 1241 4597 furorem
1274 4556 1482 4607 versus,
1516 4544 1733 4612 prapria
1766 4558 1928 4598 manu
1955 4559 2019 4599 se
2041 4544 2122 4598 in-

534 4634 751 4690 terllcit.

603 4724 809 4782 Plotius
833 4723 1015 4781 Gallus
1054 4725 1256 4794 primus
1290 4725 1474 4780 Romze
1508 4726 1750 4779 Latinam
1782 4724 2110 4781 rhetoricam

534 4817 741 4875 docuit.

606 4907 925 4963 Ptolemaeus
954 4903 1254 4976 Cleopatra:
1290 4906 1433 4960 filius
1464 4907 1621 4962 annis
1654 4923 1769 4962 vui.

603 4996 890 5054 Sallustius
934 4995 1287 5051 Historiarum
1336 4996 1569 5065 scriptor
1617 4998 1670 5052 in
1715 4996 1926 5054 Sabinis
1966 4997 2117 5053 Ami-

539 5086 677 5143 terni
717 5088 975 5141 nascitur.

610 5178 977 5248 Descriptione
1008 5178 1190 5232 Romae
1227 5177 1384 5244 facta,
1418 5180 1633 5235 inventa
1679 5188 1805 5235 sunt
1830 5157 2127 5235 hominum.

540 5280 564 5311 ε
594 5284 857 5328 coccum
887 5268 1077 5324 millia.

606 5435 634 5465 ι
658 5425 713 5478 lu
742 5425 845 5478 hoc
872 5422 1080 5478 calculo
1110 5421 1317 5475 variant
1346 5435 1477 5475 mss.
1522 5421 1759 5475 Eusebii.
1791 5421 1846 5474 In
1879 5434 1984 5474 uno
2021 5421 2115 5474 ha-

537 5499 632 5553 bes
655 5492 922 5558 922,000;
954 5493 1007 5546 in
1045 5492 1152 5545 alio
1186 5499 1242 5545 et
1270 5493 1322 5545 in
1365 5492 1493 5545 edit.
1526 5492 1742 5545 Pontaci
1763 5490 2031 5557 522.000;
2060 5492 2111 5544 in

535 5568 655 5621 illis
675 5564 884 5618 duobus
910 5561 1165 5627 554,000.
1197 5561 1252 5614 In
1283 5562 1389 5615 alio
1419 5560 1677 5619 535.000.
1706 5562 1758 5613 in
1790 5562 1920 5616 edit.
1954 5562 2111 5617 Pont.
2146 5592 2151 5593 ί

608 5634 637 5672 ι
658 5632 886 5689 Codices
910 5632 1122 5686 Eusebii
1150 5633 1350 5686 addunt
1379 5631 1488 5698 hic,
1516 5634 1657 5702 τιθηί
1686 5633 1785 5684 sui.

2301 4562 2479 4616 ldibus
2508 4561 2712 4616 Martiis
2744 4558 2806 4615 C.
2838 4559 3011 4614 Julius
3046 4557 3228 4612 Czesar
3258 4555 3311 4609 in
3339 4554 3487 4609 curia
3516 4550 3811 4607 occiditur.

2297 4663 2490 4717 Causas
2535 4663 2831 4729 Aucusrus,
2872 4660 2966 4730 qui
3007 4670 3060 4714 et
3102 4656 3447 4719 Octavianus,
3494 4653 3652 4708 annis
3692 4662 3814 4707 ιγιο

2224 4780 2253 4817 a
2283 4779 2391 4834 quo
2420 4778 2576 4833 reges
2603 4762 2967 4815 Romanorum
2998 4759 3217 4829 Augusti
3249 4756 3525 4826 appellati.

2295 4863 2520 4921 Ovidius
2546 4863 2689 4939 Naso
2724 4864 2778 4916 in
2810 4862 3044 4931 Pelignis
3079 4860 3342 4913 nascitur.

2294 4967 2486 5022 Cicero
2517 4965 2569 5020 in
2616 4942 2906 5019 Formiano
2954 4977 3054 5016 suo
3082 4961 3150 5014 ab
3191 4958 3464 5013 llerennio
3507 4963 3563 5010 et
3603 4954 3823 5024 Popilo

2222 5068 2509 5124 occiditur.

2293 5152 2560 5235 Antonius
2598 5166 2857 5221 adversus
2885 5164 3184 5233 Augustum
3217 5160 3416 5216 bellum
3448 5166 3652 5213 movet.

2290 5270 2333 5325 Ε
2371 5256 2621 5331 Taberna
2673 5264 2947 5321 meritoria
2978 5273 3127 5317 trans
3157 5260 3398 5315 Tiberim
3446 5260 3622 5314 oleum
3664 5264 3819 5312 terra

2294 5432 2317 5460 α
2345 5415 2467 5475 Mss.
2492 5419 2649 5473 Colb.
2681 5425 2812 5472 tres.
2843 5415 3109 5482 464,000;
3142 5429 3301 5478 unus,
3330 5413 3586 5480 “4,000.

2294 5488 2318 5527 δ
2344 5491 2399 5545 In
2431 5489 2685 5544 Cltrouici
2726 5487 3011 5542 Euscbiaui
3052 5500 3178 5539 mss.
3210 5495 3263 5537 et
3289 5484 3419 5538 edit.
3450 5485 3631 5549 Pont.,
3665 5499 3818 5536 meu-

2222 5580 2299 5615 ses
2327 5569 2536 5629 septem.

2299 5641 2321 5669 ο
2345 5624 2401 5685 In
2433 5629 2647 5687 Eusebii
2676 5627 2946 5684 Chronico
2969 5624 3239 5681 adduntur
3264 5637 3479 5680 menses
3509 5638 3625 5678 sex.
