4028 6176
217 267 317 323 519

1420 262 1816 322 CllRONlCUM
1860 264 2061 322 INTEG
2073 265 2237 323 RUM.

3373 280 3480 339 550

214 377 407 444 erupit,
439 375 695 445 ﬁnxitque
727 382 841 429 toto
869 374 956 430 die
1005 374 1122 430 sine
1153 373 1575 443 intermissiute,
1619 375 1786 444 sigui-
1815 378 1865 437 Α
1966 378 2235 446 Αυειιςιυε
2263 377 2565 435 Calabriam
2594 381 2985 455 (Cantabriam)
3026 398 3077 442 et
3116 386 3303 446 Gallos
3333 391 3479 459 (Gai.

214 468 378 523 licans
399 467 595 522 Christi
628 468 856 535 gratiam
887 481 950 521 es
989 467 1260 536 gentibus.

280 558 573 613 Antiochus
619 571 906 626 superatus
961 559 1027 610 ab
1077 558 1346 628 Augusto,
1400 557 1451 610 in
1495 556 1790 612 amicitiam

210 650 343 720 ejus,
377 648 769 703 interveniente
796 657 1009 716 senatu,
1052 649 1209 702 redit.

279 738 515 794 Herodes
553 737 824 808 Antipatri
864 738 1187 792 Ascalonita:
1226 746 1279 792 et
1314 737 1503 791 matris
1544 736 1792 807 Cypridis

210 829 451 883 Arabica:
482 828 625 882 ﬁlius
673 843 701 880 a
733 826 989 880 Romanis
1014 825 1321 881 Judzeorum
1368 825 1562 893 accipit
1592 825 1787 893 princi-

213 930 413 989 patum.
461 920 627 987 Cujus
659 928 903 987 tempore
934 918 1130 973 Christi
1162 918 1439 972 nativitate
1470 917 1667 981 vicina,
1708 930 1793 970 re-

212 1027 370 1083 gnum
402 1020 459 1067 et
502 1012 867 1066 sacerdotium
906 1009 1129 1078 Judzeaz,
1182 1008 1323 1078 quod
1356 1010 1503 1078 prius
1533 1024 1629 1077 per
1670 1023 1791 1062 suc.-

212 1105 485 1159 cessiones
514 1104 779 1157 minorum
811 1104 1121 1167 tenebatur,
1156 1102 1489 1155 destructum
1520 1109 1618 1164 est,
1647 1114 1791 1153 com-

210 1195 347 1263 pleta
383 1194 686 1263 prophetia,
728 1208 848 1262 quae
882 1209 978 1257 per
1007 1192 1224 1263 Moysen
1256 1191 1329 1245 ita
1362 1189 1636 1258 loquitur:
1672 1190 1793 1242 Non

211 1286 406 1355 deﬁciet
442 1288 680 1356 princeps
722 1301 784 1337 ea:
822 1282 983 1346 Juda,
1020 1292 1044 1320 ⁸
1071 1300 1233 1351 neque
1280 1300 1371 1336 rea:
1414 1282 1477 1335 de
1515 1280 1792 1348 femoribus

211 1378 337 1439 eius,
369 1376 532 1429 donec
558 1377 721 1429 veniat
750 1374 776 1412 δ
823 1390 1015 1439 semcn,
1050 1375 1133 1427 cui
1162 1374 1442 1443 repositum
1483 1381 1575 1437 est,
1607 1384 1655 1425 et
1685 1372 1793 1439 ipse

213 1469 301 1521 erit
326 1468 631 1537 exspectatio
661 1467 885 1538 gentium
906 1464 1062 1537 (Gen.
1096 1480 1241 1527 sus,
1274 1464 1384 1535 10).
1416 1464 1469 1515 In
1501 1462 1600 1515 hoc
1630 1464 1788 1515 etiam

213 1557 327 1611 loco
366 1557 640 1623 Christus,
686 1570 842 1626 quem
880 1556 1063 1610 Daniel
1113 1556 1321 1620 scribit,
1354 1555 1560 1622 accepit
1608 1555 1789 1605 ﬁnem.

210 1645 335 1702 Nam
381 1662 551 1717 usque
588 1648 655 1701 ad
690 1647 955 1701 llerodem
1001 1646 1216 1708 christi,
1250 1644 1301 1699 id
1333 1652 1437 1709 est,
1480 1645 1787 1699 Sacerdotes

1898 466 2081 538 luscos)
2112 469 2400 538 vectigales
2429 470 2571 525 facit.

1968 550 2217 612 Tiberius
2247 560 2313 612 ab
2343 560 2585 629 Augusto
2613 564 2803 618 missus
2833 567 3114 635 occupavit
3138 568 3477 627 Armeniam.

1966 647 2220 703 Cantabri
2252 665 2338 705 res
2370 666 2534 706 novas
2563 654 2845 710 molientes
2864 660 3264 727 opprimuntur.

1968 740 2239 808 Augustus
2265 742 2451 795 Caium
2480 744 2770 814 Agrippam
2802 746 3022 816 adoptat
3062 749 3113 802 in
3147 750 3335 804 ﬁlium.

1967 830 2217 886 Tiberius
2246 832 2554 888 VindeliCos
2583 843 2607 873 θ
2639 845 2693 888 et
2740 835 2979 892 conﬁnes
3025 838 3320 895 Raetiarum
3375 842 3483 897 Ro-

1897 937 2083 976 manas
2111 924 2414 991 provincias
2447 925 2591 980 facit.

1968 1028 2073 1067 xvn
2104 1030 2241 1068 anno
2274 1015 2483 1084 imperii
2536 1018 2756 1086 Augusti
2795 1033 2963 1072 censu
3014 1020 3199 1075 Romae
3253 1024 3479 1093 agitato,

1897 1104 2107 1157 inventa
2150 1117 2271 1157 sunt
2311 1107 2507 1159 civium
2558 1107 2923 1163 Romanorum
2952 1106 2979 1146 ά
3020 1127 3106 1167 xu
3155 1123 3382 1168 centena
3430 1124 3484 1169 et

1896 1196 2233 1263 septuaginta
2257 1209 2493 1263 quatuor
2514 1196 2700 1252 millia.

1967 1300 2091 1338 ntv
2123 1288 2343 1355 Augusti
2367 1286 2576 1355 imperii
2605 1303 2766 1357 anno,
2789 1274 3040 1347 Tib’erius
3063 1292 3129 1348 de
3157 1296 3329 1364 captis
3345 1295 3485 1351 Pan-

1896 1377 2081 1441 noniis.
2104 1377 2471 1442 triumphavit.

1969 1466 2218 1534 Ejusdem
2270 1468 2479 1535 imperii
2514 1483 2657 1522 anno
2703 1486 2825 1537 xxv,
2882 1472 3136 1542 Virgilius
3198 1476 3485 1535 Brundu~ii

1896 1559 2146 1628 moritur,
2174 1568 2229 1613 et
2259 1558 2480 1629 Neapoli
2508 1562 2747 1617 secundo
2770 1579 2797 1617 a
2828 1564 3053 1621 civitate
3095 1569 3347 1626 milliario
3402 1588 3487 1629 se‘

1894 1649 2113 1717 pelitur.

211 1746 356 1792 erant
402 1752 559 1807 reges
604 1737 933 1803 indecorum,
985 1739 1074 1807 qui
1125 1738 1390 1805 imperare
1433 1743 1713 1803 cmpernnt
1756 1750 1785 1787 a
1822 1753 1863 1807 η
1966 1739 2204 1794 Herodes
2229 1740 2550 1807 Samariam,
2575 1742 2701 1797 olitn
2727 1744 2836 1813 jam
2888 1747 2938 1800 in
2970 1750 3248 1806 cineribus
3295 1754 3488 1809 sede"-

212 1844 315 1885 ιη
340 1828 669 1898 olytnpiade,
693 1839 749 1883 et
777 1830 845 1883 ab
871 1829 1263 1883 instauratione
1292 1827 1475 1897 templi
1504 1827 1605 1880 sub
1634 1826 1793 1880 Dario

213 1933 373 1989 usque
401 1918 465 1971 ad
491 1919 818 1988 Hyrcanum,
845 1926 899 1973 et
928 1918 993 1971 ad
1024 1932 1253 1972 CLXXXVI
1283 1916 1666 1987 Olympiadem,
1700 1931 1794 1968 an-

214 2009 290 2064 uis
318 2023 647 2064 CCCCLXX!"
678 2010 728 2062 in
757 2008 935 2063 medio
965 2008 1271 2073 transactis,
1295 2023 1429 2077 quos
1455 2008 1638 2060 Daniel
1663 2022 1797 2075 quo-

214 2118 309 2173 que
336 2104 664 2173 signiﬁcavit
692 2105 880 2159 dicens
914 2122 927 2157 :
962 2105 1024 2158 Et
1054 2104 1182 2158 scies
1208 2116 1255 2157 et
1282 2104 1563 2175 intelliges,
1605 2105 1665 2156 ab
1696 2105 1795 2157 ini—

215 2199 280 2252 tio
331 2201 585 2253 sermonis
641 2182 986 2271 responslendi
1040 2210 1087 2254 et
1136 2201 1429 2267 aediﬁcandi
1483 2197 1793 2267 Jerusalem,

216 2307 364 2361 usque
391 2292 461 2344 ad
505 2292 699 2346 Christi
736 2293 1080 2360 principatum
1131 2292 1471 2345 hebdomadas
1501 2303 1711 2360 septem,
1751 2302 1796 2344 et

218 2383 549 2439 hebdomades
595 2398 703 2438 LXII
755 2384 915 2452 (Dan.
964 2401 1039 2449 tx,
1089 2384 1207 2453 25).
1252 2385 1382 2450 Quae
1408 2377 1798 2439 'hcbdomades

219 2490 326 2529 tm
372 2477 424 2529 in
476 2475 675 2545 quibus
713 2477 923 2543 christi,
959 2475 1013 2530 id
1060 2484 1162 2541 est,
1194 2475 1506 2530 sacerdmes
1551 2489 1651 2545 per
1696 2490 1798 2529 un-

219 2568 440 2621 ctionem
505 2570 847 2635 consecrati,
912 2575 1313 2636 regnaverunt,
1372 2568 1574 2620 faciunt
1626 2581 1799 2620 annos

218 2671 562 2721 ccccuxun,
596 2674 763 2727 usque
791 2659 856 2711 ad
891 2658 1221 2729 Hyrcanum.
1266 2658 1383 2726 Quo
1412 2666 1655 2712 extremo
1682 2672 1798 2711 om-

219 2749 352 2801 nium
375 2764 403 2801 a
432 2748 651 2803 Parthis
694 2758 876 2818 capto,
908 2749 1148 2805 Herodes
1174 2750 1444 2818 Antipatri
1487 2749 1629 2803 ﬁlius
1662 2749 1795 2803 nihil

219 2839 278 2893 ad
315 2855 371 2894 se
419 2840 786 2907 pertinentem
836 2840 1074 2896 Judmam
1126 2841 1193 2895 ab
1229 2841 1472 2911 Augusto
1512 2850 1565 2895 et
1609 2854 1797 2895 senatu

221 2930 370 3001 700
395 2932 633 2999 accepit,
680 2932 883 3002 ﬁliique
929 2933 1048 3002 ejus
1087 2942 1207 3001 post
1235 2948 1357 2988 eum
1414 2943 1795 3003 regnaverunt,

222 3038 378 3093 usque
417 3024 484 3078 ad
521 3025 867 3079 novissimam
897 3026 1362 3096 Jerosolymorum
1406 3025 1795 3093 captivitatem,

1900 1841 2030 1896 tem,
2070 1845 2100 1884 a
2129 1831 2489 1885 lundamentis
2521 1835 2807 1901 suscitans,
2843 1836 2895 1890 in
2928 1837 3188 1895 honorem
3236 1834 3485 1912 Augusti,

1899 1926 2213 1992 Augustam,
2265 1924 2316 1978 id
2364 1935 2468 1990 est,
2518 1924 2797 1989 Sehasten,
2833 1930 3148 1997 appellavit,
3196 1944 3250 1987 et
3297 1935 3349 1988 in
3380 1935 3484 1989 ινα.

1900 2016 2091 2081 neade,
2121 2015 2174 2069 id
2202 2015 2343 2085 quod
2369 2015 2573 2070 Panion
2598 2028 2823 2073 vocatur
2862 2023 3155 2077 exstruxit.
3187 2024 3331 2078 Idem
3365 2026 3483 2081 Ca:-

1899 2121 2106 2163 saream
2140 2108 2190 2159 in
2223 2110 2441 2162 nomine
2469 2108 2697 2163 Caesaris
2723 2110 2984 2175 condidit,
3029 2129 3150 2183 qua:
3179 2118 3326 2185 prius
3352 2119 3487 2173 Ture

1900 2199 1975 2252 ris
2000 2198 2271 2253 Stratonis
2310 2199 2620 2254 vocabatur.
2669 2198 2814 2254 ldem
2861 2201 3193 2272 Hyreanttm,
3242 2209 3329 2275 qtti
3360 2210 3485 2263 olim

1899 2292 2155 2346 sacerdos
2184 2291 2492 2346 Judazorum
2542 2291 2736 2356 fuerat,
2780 2294 2846 2348 de
2877 2296 3192 2364 captivitate
3240 2300 3488 2356 Parthica

1899 2398 2226 2453 regressum,
2253 2392 2307 2437 et
2333 2384 2499 2436 ﬁlium
2530 2383 2668 2453 ejus,
2695 2385 2784 2453 qui
2812 2388 3118 2441 sacerdotio
3164 2391 3331 2457 patris
3362 2408 3490 2448 suc-

1900 2483 2158 2537 cesserat,
2191 2473 2446 2528 interﬁcit
2473 2491 2485 2526 :
2537 2489 2890 2545 sororemque
2920 2477 3036 2546 ejus
3059 2494 3281 2534 uxorem
3313 2499 3489 2551 suam,

1898 2579 2019 2618 cum
2048 2563 2257 2618 duobus
2283 2564 2403 2618 filiis
2429 2566 2662 2633 propriis
2694 2566 2803 2632 jam
2829 2566 3263 2637 adolescentulis,
3291 2584 3343 2627 et
3372 2590 3489 2630 ma-

1906 2662 2039 2707 trem
2065 2652 2247 2707 uxoris
2271 2654 2465 2707 occisa}
2492 2669 2705 2707 socrum
2734 2671 2884 2708 suam
2909 2658 3281 2715 crudelissime
3308 2676 3485 2717 necat.

1901 2743 2062 2814 701
2096 2742 2282 2795 Virum
2315 2742 2473 2795 etiam
2504 2744 2709 2796 sororis
2752 2758 2863 2798 sua:
2905 2745 3141 2801 Salomae
3184 2751 3489 2811 interfecit:

1901 2842 1954 2887 et
1978 2848 2098 2886 cum
2121 2847 2237 2887 eam
2262 2832 2350 2885 alii
2376 2833 2685 2888 tradidisset
2713 2849 2959 2901 uxorem,
2986 2838 3146 2891 etiam
3166 2839 3338 2907 ipsum
3371 2859 3492 2913 per-

1903 2925 2055 2978 imit:
2092 2925 2293 2980 scribas
2322 2940 2538 2994 quoqne
2565 2935 2619 2981 et
2648 2926 2972 2997 interpretes
3010 2930 3208 2986 divina:
3240 2934 3370 3004 legis
3414 2939 3491 2991 si—

1905 3015 2015 3068 mili
2044 3016 2247 3069 scelere
2277 3016 2489 3070 occidit.

221 3129 548 3185 nequaquam
616 3130 683 3170 ex
750 3116 1101 3171 successione
1168 3115 1524 3171 sacerdotalis
1580 3117 1798 3184 generis
1828 3119 1874 3178 C
1974 3112 2244 3179 Augustus
2284 3110 2480 3164 Juliam
2515 3110 2673 3164 ﬁliam
2722 3126 2874 3165 suam
2921 3112 2972 3166 in
3006 3112 3271 3169 adulterio
3299 3115 3495 3185 depre-

120 3238 126 3244 ~
222 3206 567 3274 pontiﬁcibus
587 3208 921 3275 constitutis,
952 3222 1126 3277 neque
1158 3207 1512 3276 perpetuitate
1535 3205 1679 3273 vitm,
1713 3221 1799 3259 se-

222 3296 443 3351 cundum
475 3297 653 3366 legem
685 3296 909 3367 Moysis,
962 3296 1320 3351 servientibus
1368 3296 1500 3350 Deo.
1535 3295 1800 3364 lgnobiles

222 3400 339 3441 vero
366 3387 612 3457 quidam,
645 3398 699 3441 et
727 3388 837 3441 alio
871 3397 1115 3456 tempore
1146 3387 1259 3452 alii,
1290 3394 1347 3442 et
1374 3386 1617 3441 nonnulli
1644 3386 1801 3439 unius

224 3481 359 3543 anni,
386 3481 503 3534 sive
527 3480 739 3534 modico
765 3480 1021 3549 amplius,
1050 3496 1077 3532 a
1106 3479 1364 3534 Romanis
1386 3479 1801 3548 imperatoribus

225 3570 580 3625 sacerdotium
614 3570 886 3625 emebant.
940 3569 1071 3638 Qua:
1114 3571 1293 3623 omnia
1346 3571 1506 3624 etiam
1542 3570 1801 3639 propheta

229 3657 401 3715 Daniel
450 3659 778 3715 vaticinatur
809 3661 880 3714 ita
931 3661 1117 3714 dicens
1150 3678 1161 3712 :
1193 3660 1257 3714 Et
1310 3671 1419 3730 post
1459 3660 1804 3713 ln-bdomndas

226 3760 400 3821 septem
440 3760 490 3805 et
536 3752 801 3820 sexaginta
832 3750 982 3819 duas,
1035 3751 1260 3804 interibit
1304 3750 1549 3813 chrisma,
1585 3761 1630 3802 et
1651 3750 1800 3815 judi-

234 3842 355 3893 cium
382 3859 485 3896 non
513 3842 609 3895 erit
638 3843 688 3895 in
720 3858 801 3909 eo,
834 3852 877 3895 et
903 3840 1145 3912 templum
1186 3851 1229 3895 et
1258 3849 1487 3894 sanctum
1518 3850 1806 3910 corrumpet

229 3932 436 4001 populus
492 3933 623 3987 duce
672 3936 933 3998 veniente;
986 3942 1035 3985 et
1089 3934 1346 3987 ccedcntur
1394 3933 1447 3985 in
1496 3933 1805 4001 catuclysmo

228 4024 334 4077 belli
365 4023 560 4097 (lbid.,
588 4024 709 4096 26).
744 4026 809 4079 Et
836 4026 888 4078 in
931 4025 1389 4092 consequentibus
1423 4041 1435 4076 :
1466 4024 1635 4091 Super
1677 4034 1803 4076 tem-

229 4116 378 4183 plum,
414 4119 615 4187 inquit,
665 4118 977 4170 abominotio
1018 4117 1414 4181 desolationum,
1458 4127 1502 4169 et
1547 4133 1704 4187 usque
1740 4116 1809 4169 ad

229 4209 709 4261 consummationem
740 4209 987 4277 temporis
1018 4210 1384 4261 consummatio
1429 4208 1632 4260 dabitur
1658 4223 1809 4278 super

230 4296 585 4355 desolationem
621 4298 781 4370 (Ibid.
797 4341 811 4367 ,
842 4300 961 4370 27).

294 4393 579 4451 Sallustius
628 4396 771 4453 diem
829 4398 961 4451 obiit
1012 4395 1372 4466 quadriennio
1430 4403 1555 4449 ante
1609 4395 1808 4450 bellum

233 4483 493 4543 Actiacum
504 4531 519 4545 .

301 4578 511 4635 Vinium
541 4580 828 4635 Maximum
853 4591 1177 4651 quiestorem
1208 4580 1545 4650 designatum
1590 4582 1812 4650 agnovit

234 4664 469 4724 dominus
499 4686 649 4735 suus,
681 4681 735 4725 et
764 4670 1007 4726 abduxit.

298 4756 457 4814 Lunae
488 4761 783 4815 secundum
818 4761 1087 4815 Romanos
1111 4776 1302 4816 cnrsus
1335 4762 1625 4816 invenitur.
1664 4800 1667 4803 -

297 4844 572 4917 Cleopatra
610 4860 666 4905 et
697 4851 962 4907 Antonius
991 4863 1162 4907 semet
1188 4852 1538 4915 liuet-ﬁciunt,
1567 4862 1619 4908 et
1645 4852 1812 4924 Egy-

236 4947 348 5006 ptus
372 4942 429 4994 ﬁt
452 4941 693 4996 Romana
726 4943 1021 5010 provincia.

298 5029 476 5086 Caesar
504 5034 774 5102 Augustus
798 5034 1125 5103 appellatur,
1157 5049 1184 5087 a
1215 5050 1320 5105 quo
1351 5036 1568 5090 Sextilis
1607 5036 1806 5091 mensis

238 5116 446 5189 Augusti
478 5137 672 5177 nomen
706 5124 933 5193 accepit.

302 5214 560 5286 Augustus
588 5232 709 5272 cum
738 5217 1049 5273 monarchia
1082 5216 1365 5272 oﬂ'erretur
1394 5219 1679 5273 recusavit.

305 5392 574 5463 {Codices
622 5394 875 5451 Chronici
923 5394 1233 5457 Eusebiani.
1278 5412 1438 5463 neque
1480 5396 1607 5463 dux,
1653 5404 1714 5451 ut
1754 5396 1805 5449 in

248 5456 456 5525 Vulgata
491 5474 668 5520 nostra
692 5476 749 5521 et
776 5467 1022 5522 Hebraeo.

306 5528 406 5584 1'lu
440 5533 664 5590 Eusebio
699 5539 966 5592 omittitur
995 5540 1109 5592 haec
1144 5553 1272 5601 vos,
1306 5554 1494 5591 semen.

312 5600 495 5676 °l.ibri
537 5606 784 5663 Chronic.
833 5607 1069 5675 Eusebii,
1128 5620 1175 5662 et
1212 5625 1294 5663 eos
1341 5609 1428 5676 qui
1466 5606 1805 5663 Thraciarum

248 5670 455 5736 conﬁnes
477 5686 634 5729 erant.

1906 3199 2127 3255 hensam
2160 3201 2377 3254 damnat
2409 3202 2636 3255 exsilio:
2689 3202 2966 3256 Tiberium
3006 3214 3063 3258 et
3102 3205 3392 3276 Agrippam
3432 3208 3485 3261 iu

1907 3292 2042 3345 ﬁlios
2068 3292 2361 3360 adoptavit.

1972 3381 2401 3437 JudasGahlmus
2427 3382 2491 3436 ad
2518 3382 2885 3438 rebellandam
2906 3384 3122 3441 Judaeos
3144 3387 3462 3444 cohortatur

1972 3490 2096 3529 ιιιν
2119 3475 2329 3543 imperii
2370 3477 2592 3544 Augusti
2647 3492 2822 3541 anno,
2850 3478 3104 3545 Quirinus
3132 3496 3199 3535 ex
3249 3485 3484 3539 consilio

1909 3576 2129 3621 senatus
2158 3569 2222 3619 ad
2243 3565 2480 3621 Judaeam
2515 3571 2729 3633 missus,
2757 3583 2952 3623 census
2974 3572 3248 3626 hominum
3279 3591 3497 3644 posses-

1914 3662 2208 3727 siones-que
2238 3658 2515 3712 describit.

1980 3746 2182 3801 Eodem
2230 3761 2373 3800 anno
2416 3747 2624 3803 JESUS
2670 3749 3008 3807 CHRISTUS
3058 3753 3225 3808 Filius
3280 3757 3375 3811 Dei
3427 3760 3480 3813 in

1908 3839 2183 3895 Bethleem
2212 3838 2361 3893 Juda
2396 3840 2657 3894 nascitur.

1979 3929 2311 3999 Collignntur
2346 3938 2524 3983 autem
2566 3945 2753 3984 omnes
2776 3934 2902 3986 anni
2934 3934 3003 3987 ab
3030 3934 3301 3991 Abraham
3335 3954 3498 3995 exor-

1911 4019 2020 4083 dio,
2073 4035 2241 4089 usque
2266 4020 2331 4073 ad
2378 4021 2714 4076 nativitatem
2764 4023 2969 4078 Christi
2999 4041 3063 4079 ex
3103 4026 3297 4094 Maria,
3329 4038 3353 4067 ο
3391 4031 3498 4084 duo

1914 4114 2080 4167 millia
2104 4128 2231 4167 svnt
2259 4128 2355 4167 seu
2387 4129 2473 4167 sv.

1986 4205 2228 4260 Herodes
2266 4220 2389 4260 cum
2431 4206 2630 4260 Christi
2676 4208 3012 4264 nativitatem
3043 4210 3316 4281 Magorum
3351 4215 3494 4269 indi-

1923 4299 2007 4352 cio
2048 4299 2421 4368 cognovisset,
2469 4301 2750 4355 universos
2798 4301 2851 4355 in
2912 4301 3187 4359 Bethleem
3242 4309 3493 4374 parvulos

1915 4390 2079 4459 jussit
2132 4391 2397 4446 interﬁci:
2449 4391 2567 4461 ipse
2621 4402 2798 4447 autem
2860 4394 3079 4449 biennio
3130 4407 3249 4464 post
3299 4400 3491 4453 morbo

1841 4494 1890 4552 ῃ
1923 4482 2199 4536 intercutis
2246 4497 2417 4551 aquae,
2447 4491 2501 4536 et
2528 4483 2860 4537 scatentibns
2892 4492 3002 4538 toto
3032 4499 3264 4554 corpore
3291 4490 3487 4544 vermi-

1920 4574 2036 4636 bus,
2070 4573 2286 4637 misere,
2322 4573 2414 4627 sed
2442 4573 2601 4643 digne
2632 4575 2879 4628 moritur.

1987 4664 2045 4717 In
2080 4663 2306 4717 Herodis
2330 4664 2504 4718 locum
2540 4665 2838 4719 Archelaus
2861 4666 2929 4719 ab
2952 4666 3191 4737 Augusto
3213 4673 3497 4727 constitui-

1918 4766 2004 4809 tur
2031 4758 2047 4823 (
2078 4764 2127 4810 et
2169 4756 2453 4809 tetrarchas:
2486 4756 2618 4808 ﬁunt
2662 4756 2855 4810 fratres
2894 4758 3010 4826 ejus
3044 4759 3307 4828 Herodes,
3342 4764 3499 4817 Anti-

1920 4859 2090 4916 pater,
2126 4848 2320 4917 Lysias
2346 4856 2399 4901 et
2433 4846 2731 4919 Philippus)
2761 4849 2917 4903 annis
2950 4865 3023 4903 Ix.

1991 4940 2233 4994 Tiberius
2261 4941 2440 4994 Caesar
2471 4940 2743 4995 Dalmatas
2791 4940 3174 5013 Sarmatasque
3224 4943 3417 5013 redigit
3448 4946 3499 4999 iu

1917 5035 2213 5089 Romanam
2260 5044 2609 5104 potestatem.

1986 5126 2345 5182 Atheuienses
2372 5143 2458 5181 res
2492 5143 2657 5182 novas
2688 5137 2873 5182 contra
2903 5128 3173 5183 Romanos
3213 5131 3501 5185 molientes

1917 5218 2316 5289 opprimuntur.

1985 5396 2010 5432 ο
2037 5393 2093 5449 1η
2125 5396 2335 5451 duobus
2371 5413 2502 5453 mss.
2537 5394 2691 5450 Cnlh.
2725 5406 3077 5450 numerantur
3110 5396 3429 5462 ί.5ιι.οου.

1987 5476 2011 5503 ο
2044 5466 2167 5520 Mss.
2211 5478 2317 5519 tres
2343 5469 2515 5520 Cnlh..
2540 5466 2701 5521 ‘20”.
2736 5467 2969 5520 Melioris
3002 5478 3142 5521 nota:
3178 5469 3288 5521 duo
3316 5485 3378 5522 ex
3404 5486 3497 5523 ea-

1911 5536 2031 5590 dem
2078 5538 2399 5591 bibliotheca
2456 5537 2652 5589 habent
2704 5537 2886 5595 ‘20I5.
2925 5550 2977 5590 et
3034 5539 3201 5593 editio
3244 5540 3503 5596 Chronici

1911 5607 2197 5663 Eusebiani
2242 5622 2267 5655 a
2321 5608 2555 5661 Pontaco
2588 5618 2894 5673 procurata.
