4028 6176
495 238 590 294 551

1699 234 1752 290 S.
1797 233 2135 290 PROSPERI
2176 232 2500 301 AQUITANI

3654 231 3763 288 5'52

563 354 835 422 Augustus
875 365 995 405 cum
1032 349 1247 405 Tiberio
1292 349 1400 404 lilio
1447 362 1544 402 suo
1584 363 1675 403 un
1726 347 1938 417 imperii
1987 348 2068 400 sui
2101 351 2146 408 Α
2177 345 2418 398 Geminis
2443 343 2754 398 consulibus
2778 342 3430 420 cruciﬁxum,quolauuo,
3459 344 3760 397 secundum

491 458 632 496 anno
662 457 883 496 censum
911 440 1098 494 Roma:
1139 440 1380 508 agitans,
1429 438 1632 492 invenit
1663 438 1939 490 hominum
1973 451 2070 489 no-

490 533 677 603 nagies
705 541 758 586 et
785 540 867 586 ter
896 538 1122 584 centena
1147 538 1201 582 et
1233 537 1257 565 λ
1291 545 1391 583 cu
1423 528 1608 581 millia.

560 622 788 678 Messala
809 622 1073 676 Corvinus
1102 619 1297 674 Orator
1319 628 1446 674 ante
1480 618 1751 673 biennium
1770 632 1926 687 quam
1955 631 2069 670 mo-

487 723 717 776 reretur,
746 711 815 765 ita
847 712 1160 765 memoriam
1191 707 1455 779 perdidit,
1490 719 1549 762 ut
1581 708 1666 761 vix
1691 721 1862 776 pauca
1905 707 2067 760 verba

485 803 860 872 conjungeret.

555 891 854 945 Archelaus
883 889 938 944 in
981 889 1240 943 Viennam
1275 888 1461 942 urbem
1511 888 1701 943 Gallias
1754 888 2064 956 relegatur,

486 996 632 1036 anno
680 980 833 1049 regni
873 980 953 1034 sui
992 996 1068 1034 ix.
1113 979 1235 1033 Post
1280 993 1439 1047 quem
1484 977 1726 1033 llerodes
1766 979 2068 1032 tetrarches

485 1073 584 1128 fuit
612 1071 764 1125 annis
793 1087 938 1124 xxiv.

555 1165 804 1219 Tiberius
835 1166 1065 1219 Drusum
1115 1172 1426 1219 consortem
1460 1163 1609 1231 regni
1652 1162 1802 1217 facit.

554 1256 827 1323 Titinius,
863 1256 949 1322 ΙΙΙ,
983 1257 1134 1310 annis
1180 1272 1336 1311 χχιιι.
1393 1255 1559 1325 Cujus
1591 1257 1798 1326 imperii
1847 1271 1992 1310 anno
2037 1273 2065 1310 v

483 1347 744 1402 tredecim
775 1348 934 1401 urbes
960 1356 1116 1400 terras
1149 1356 1298 1400 motu
1327 1355 1668 1400 corruerunt.

558 1436 808 1506 Ejusdem
842 1434 1054 1506 imperii
1083 1449 1224 1489 anno
1256 1450 1342 1489 xw
1372 1435 1574 1489 Pilatus
1613 1425 1930 1504 procurator
1973 1435 2068 1490 Iu-

485 1528 616 1583 daeae
649 1529 898 1582 mittitur.

556 1620 800 1675 Ilerodes
822 1619 1157 1674 Tiberiadem
1187 1629 1238 1673 et
1274 1618 1548 1673 Liviadem
1573 1619 1831 1674 condidit.

2175 435 2580 488 induliitabilem
2624 435 2780 487 Lucae
2833 433 3192 503 Evangelistm
3231 432 3636 496 auctoritatem,
3664 433 3762 487 ba-

2177 530 2431 598 ptizatum
2458 543 2578 581 eum
2619 542 2740 581 esse
2775 526 3117 581 manifestum
3165 536 3278 589 est,
3317 535 3370 579 et
3413 524 3763 593 Evangelium

2175 620 2326 688 regni
2361 620 2620 673 calorum
2654 618 2950 685 prsedicare
2987 619 3237 686 cmpisse.
3270 616 3574 671 Secundum
3625 632 3760 672 ve'o

2180 709 2403 764 Ioannis
2453 709 2840 779 Evangelium,
2893 709 3169 764 festivitati
3215 707 3758 762 Pascli;irIud:£orum

2180 809 2264 856 ter
2290 802 2575 856 Dominum
2602 802 2908 855 interfuisse
2938 800 3317 868 cognoscimus
3355 816 3368 851 :
3417 807 3476 852 ut
3503 808 3762 867 appareat

2176 891 2393 946 tertium
2426 891 2590 945 fuisse
2611 891 2741 945 illud
2800 890 3024 954 Pascha,
3057 891 3196 960 quod
3239 903 3398 943 verus
3428 890 3610 958 Agnus
3654 905 3754 943 suo

2173 985 2437 1053 sanguine
2466 983 2822 1038 consecravit.

2246 1073 2482 1129 Proinde
2511 1073 2762 1128 consules
2792 1072 3003 1141 quidem
3029 1086 3056 1124 a
3079 1071 3504 1125 Manifestatione
3524 1070 3756 1134 Domini,

2175 1164 2228 1218 id
2260 1173 2365 1231 est,
2398 1181 2425 1218 a
2459 1165 2665 1220 Rurmo
2694 1166 2905 1220 ςενιΝο
2933 1174 2986 1218 et
3025 1164 3295 1216 Runstuo
3317 1161 3526 1216 Gsutso
3556 1177 3754 1214 consu-

2174 1258 2315 1313 libus
2343 1258 2664 1312 inchoamus
2690 1275 2703 1309 :
2737 1258 2830 1311 sed
2871 1256 3062 1311 tertios
3084 1255 3153 1308 ab
3183 1255 3246 1308 iis
3280 1255 3528 1308 consules
3560 1254 3757 1307 Domi—

2175 1348 2310 1402 nicae
2339 1348 2582 1402 Passioni
2613 1348 2952 1412 ascribimus,
2983 1355 3275 1415 sequentes
3297 1345 3436 1414 quod
3466 1345 3761 1398 auctoritas

2176 1439 2394 1493 tradidit
2432 1447 2488 1492 et
2510 1439 2669 1492 ratio.

2248 1529 2491 1584 INCIPIT
2527 1527 2925 1585 ANNOTATIO
2973 1524 3341 1583 CONSULUM
3366 1565 3380 1592 ,
3427 1523 3445 1561 ί
3474 1521 3617 1580 CUM
3652 1523 3754 1578 HI-

2323 1623 2592 1678 STORIA.

556 1712 806 1767 Tiberius
837 1712 1037 1765 multos
1061 1727 1216 1779 reges
1245 1711 1309 1764 ad
1337 1725 1394 1764 se
1427 1726 1520 1780 per
1547 1712 1831 1766 blanditias
1871 1727 2063 1767 evoca-
2101 1720 2144 1778 B
2244 1713 2503 1769 RUFINO
2559 1712 2826 1769 GEMINO
2850 1754 2865 1780 ,
2929 1711 3020 1767 ET
3088 1708 3432 1767 RUBELLIO
3494 1704 3758 1763 GEMINO

491 1810 596 1867 tos,
627 1816 913 1870 numquam
944 1802 1171 1867 remisit,
1203 1817 1474 1871 regnaque
1512 1817 1700 1858 eorum
1752 1804 1804 1858 in
1844 1805 2069 1874 provin-

484 1892 600 1946 cias
630 1892 815 1946 vertit.

551 1982 786 2038 Joannes
814 1983 956 2037 illius
973 1982 1244 2037 Zacharim
1270 1984 1322 2037 in
1348 1985 1568 2039 deserto
1595 1985 1747 2055 juxta
1778 1986 2070 2042 Iordanem

484 2073 704 2128 ﬂuvium
736 2074 1034 2143 praedicans
1061 2073 1294 2139 Iudaeis,
1330 2074 1602 2129 Christum
1640 2076 1834 2130 Filium
1878 2078 1972 2133 Dei
2019 2079 2069 2131 in

487 2164 665 2219 medio
689 2179 875 2218 eorum
906 2164 1096 2218 adesse
1126 2173 1378 2218 testatur.

555 2253 674 2322 Ipse
714 2269 928 2323 quoque
960 2255 1214 2308 Dominus
1245 2255 1402 2309 Iesus
1432 2254 1700 2311 Cantsrus
1746 2259 1907 2330 702
1948 2260 2071 2314 hinc

482 2344 535 2397 in
561 2344 786 2414 populos
818 2345 1112 2399 salutarem
1161 2345 1300 2398 viam
1349 2347 1660 2413 annuntiat,
1705 2350 1872 2417 signis
1906 2357 2070 2421 atque

488 2437 773 2493 virtutibus
798 2452 921 2492 vera
954 2437 1316 2506 comprobans
1343 2453 1464 2491 esse
1487 2456 1604 2506 qum
1625 2440 1850 2495 diceret.

553 2530 752 2584 Drusus
781 2530 964 2583 Cmsar
991 2545 1200 2584 veneno
1230 2532 1410 2599 periit.

556 2618 583 2656 δ
620 2619 882 2688 Iosephus
928 2621 1070 2674 circa
1128 2620 1245 2674 hate
1305 2632 1547 2690 tempora
1588 2624 1676 2679 die
1717 2625 2070 2681 Pentecostes

476 2710 790 2766 sacerdotes
820 2711 1129 2766 Judmorum
1151 2713 1380 2782 primum
1404 2718 1796 2772 commotiones
1825 2719 2063 2774 locorum

476 2804 686 2872 templi,
720 2812 775 2858 et
802 2805 1062 2874 quosdam
1091 2807 1303 2862 sonitus
1339 2810 1580 2864 sensisse
1613 2820 1882 2866 testatur:
1913 2813 2067 2867 dein-

477 2895 545 2948 de
573 2911 637 2949 ex
664 2896 824 2966 adyto
854 2899 1096 2965 erupisse
1125 2912 1317 2954 vocem
1341 2899 1667 2955 dicentium:
1695 2902 2067 2973 Transmigre-

478 3002 599 3041 mus
620 3002 685 3042 ex
711 2990 792 3042 his
816 2988 1054 3043 sedibus.

2317 1803 2508 1860 COSS.

2247 1897 2497 1951 VINICIO
2524 1897 2612 1950 ET
2641 1894 2958 1950 LONGINO.

2247 1987 2563 2042 SULPICIO
2596 1987 2681 2041 ET
2729 1986 2971 2041 SULLA.

2250 2081 2410 2150 703
2442 2080 2700 2135 Ece‘esiae
2729 2077 3188 2149 Ierosolymorum
3221 2075 3426 2146 primus
3467 2077 3758 2146 episcopus

2175 2171 2464 2225 ordinatus
2511 2178 2595 2225 est
2631 2168 2866 2225 Iacobus
2890 2210 2904 2234 ,
2936 2169 3026 2237 qui
3076 2167 3290 2221 habitus
3335 2174 3415 2220 est
3447 2164 3614 2220 frater
3651 2166 3758 2220 Do-

2175 2277 2326 2315 ΠὶΙῐΙΙ.

2247 2348 2489 2406 PRISCO
2529 2351 2632 2404 ET
2682 2348 3021 2404 VITELLIO.

2246 2440 2474 2494 GALLO
2524 2440 2610 2493 ET
2636 2439 2958 2494 NONIANO.

2246 2531 2589 2586 GALLIENO
2621 2531 2706 2585 ET
2738 2529 3152 2586 PLAUTIANO.

2247 2621 2446 2676 Pilatus
2487 2636 2702 2675 sacrum
2751 2621 3098 2686 thesaurum,
3139 2634 3296 2688 quem
3330 2614 3539 2669 Corhau
3580 2609 3752 2667 Iudaei

2175 2722 2399 2780 vocant,
2429 2713 2480 2766 in
2510 2713 2885 2782 aqumductum
2908 2710 3369 2781 Ierosolymorum
3401 2705 3712 2776 espendens
3733 2745 3749 2766 ,

2174 2804 2426 2859 secunda:
2452 2804 2734 2859 seditionis
2759 2804 2979 2872 praebuit
3014 2804 3240 2856 semina.
3279 2802 3356 2854 Ah
3387 2799 3485 2852 hoc
3510 2807 3756 2864 tempore

2173 2899 2470 2953 innumerae
2510 2897 2844 2952 calamitates
2894 2896 3202 2952 Iudaeorum
3262 2903 3472 2964 gentem
3520 2903 3747 2958 oppres-

2173 2996 2380 3044 serunt.

546 3079 751 3136 Scribit
779 3081 919 3134 idem
950 3081 1251 3152 Iosephus,
1281 3083 1420 3151 quod
1456 3083 1650 3140 eodem
1682 3100 1825 3141 anno
1855 3087 2059 3143 Pilatus
2095 3090 2142 3153 C
2246 3077 2564 3134 PROCULO
2595 3077 2680 3132 ET
2709 3077 3008 3134 ΝῙΟΒΙΝΟ-

477 3186 683 3241 praises
707 3182 918 3228 secreto
967 3176 1141 3229 noctis
1177 3174 1436 3245 imagines
1485 3175 1714 3232 Caesaris
1756 3178 1807 3232 in
1855 3180 2056 3250 templo

477 3263 747 3321 statuerit.

546 3353 938 3422 Computantur
967 3355 1219 3424 itaquein
1243 3371 1438 3410 annum
1476 3374 1545 3411 xv
1574 3358 1774 3414 Tiberii
1800 3360 2054 3427 Cmsaris,

478 3443 547 3495 ab
592 3442 981 3499 instauratione
1021 3445 1241 3513 templi,
1291 3461 1409 3515 quae
1452 3448 1588 3500 facta
1622 3459 1704 3502 est
1746 3450 1844 3505 SUI)
1889 3450 2062 3504 altero

476 3547 618 3586 anno
652 3533 794 3588 Darii
827 3536 968 3604 regis
998 3535 1306 3600 Persarum,
1338 3537 1464 3590 anni
1496 3553 1692 3593 nsum
1715 3555 1728 3604 ;
1754 3556 1782 3595 a
1815 3540 2065 3596 Salomo-

476 3640 544 3679 ne
569 3633 745 3679 autem
772 3635 827 3681 et
855 3627 1028 3695 prima
1068 3626 1425 3684 aedificatione
1459 3631 1665 3698 templi,
1691 3634 1814 3685 anni
1840 3648 2063 3702 compu-

476 3722 570 3774 tati
595 3729 718 3775 sunt
747 3736 885 3786 ειη
919 3736 947 3773 a
973 3721 1156 3791 Moyse
1182 3730 1236 3776 et
1275 3737 1494 3791 egressu
1525 3723 1738 3778 lsraelis
1787 3741 1851 3780 ex
1892 3726 2059 3798 JEgy-

478 3819 570 3879 pto
595 3853 610 3878 ,
641 3812 766 3865 anni
798 3821 821 3849 ο
850 3827 1013 3866 aoxvi
1043 3811 1062 3883 [
1094 3810 1235 3868 Alias
1265 3811 1501 3882 xxxviii]
1527 3828 1542 3878 ;
1575 3814 1644 3868 ab
1683 3830 1828 3870 anno
1874 3832 2064 3885 repro-

477 3903 750 3958 missionis
779 3904 973 3973 primo,
1007 3903 1134 3956 anni
1171 3919 1394 3958 unum
1421 3919 1437 3969 ;
1469 3905 1537 3960 ab
1579 3921 1726 3960 anno
1753 3923 1862 3976 quo
1903 3918 2061 3962 natus

473 4001 558 4048 est
590 3993 884 4059 Abraham,
930 3993 1058 4048 anni
1089 3991 1116 4030 ά
1145 4009 1396 4059 ﬂuvii;
1446 4011 1476 4049 a
1506 3994 1711 4051 dillh‘iO
1741 4007 1919 4053 autem
1970 4013 2062 4052 us-

475 4098 581 4152 que
603 4083 666 4136 ad
699 4084 928 4152 primum
956 4099 1156 4137 annum
1189 4083 1456 4151 Abrahae,
1483 4087 1608 4140 anni
1641 4090 1896 4158 nongenti
1951 4105 2059 4143 sui

475 4175 740 4229 Eusebius
767 4176 852 4228 vir
892 4175 1282 4230 disertissimus
1319 4178 1715 4232 annumeravit.
1763 4179 1846 4234 Ab
1886 4180 2055 4235 Adam

477 4281 608 4320 vero
631 4281 800 4336 usque
827 4266 892 4320 ad
918 4266 1200 4333 diluvium,
1223 4267 1346 4320 anni
1374 4267 1484 4321 duo
1507 4269 1670 4322 millia
1694 4286 1892 4325 cestu.
1921 4272 2058 4327 Sunt

472 4371 601 4426 ergo
630 4370 820 4411 omnes
848 4355 976 4410 anni
1005 4355 1074 4410 ab
1103 4355 1296 4419 Adam,
1326 4372 1496 4426 usque
1524 4358 1575 4411 in
1609 4370 1806 4414 annum
1854 4378 1922 4415 xv
1969 4361 2059 4415 Ti-

476 4450 613 4505 berii
644 4451 871 4505 Caesaris
893 4495 907 4520 ,
939 4451 1064 4504 anni
1107 4466 1471 4506 uuuuucccu
1500 4462 1589 4506 aut
1617 4468 1869 4508 ccxxvru.
1916 4455 2055 4509 Anni

469 4556 600 4595 vero
642 4543 936 4597 secundum
987 4543 1258 4598 Geneseos
1318 4544 1637 4612 scripturam
1707 4552 1763 4599 et
1813 4544 2053 4600 Africani

471 4631 714 4686 historici
741 4635 1174 4702 supputationem
1221 4635 1454 4705 amplius
1484 4636 1837 4691 inveniuntur
1863 4653 2052 4691 αλιι.

543 4729 566 4756 ε
604 4719 827 4787 Quidam
861 4729 1050 4789 putant
1072 4722 1355 4777 Dominum
1396 4736 1638 4780 nostrum
1665 4725 1845 4781 Iesum
1891 4727 2048 4781 Chri-

469 4817 608 4862 stum
641 4825 709 4862 xv
739 4825 880 4863 anno
912 4812 1061 4880 regni
1097 4810 1300 4866 Tiberii
1333 4813 1586 4881 Czcsaris,
1613 4814 1664 4869 id
1699 4825 1803 4883 est,
1837 4816 2048 4871 duobus

2241 3170 2528 3226 IULIANO
2571 3170 2658 3225 ET
2687 3168 3117 3224 ASPRENATIS.

2239 3261 2624 3318 PUBLICOLA
2657 3262 2742 3316 ET
2772 3261 2812 3315 N
2825 3260 3032 3316 ERVA.

2245 3354 2417 3408 Pilato
2471 3354 2538 3408 de
2583 3352 3012 3407 Christianorum
3071 3350 3322 3418 dogmate
3362 3347 3428 3401 ad
3476 3347 3754 3402 Tiberium
3798 3408 3812 3422 ο

2174 3449 2470 3513 referente,
2528 3447 2778 3502 Tiberius
2827 3447 3012 3502 retulit
3061 3446 3126 3499 ad
3169 3452 3411 3500 senatum
3441 3484 3455 3508 ,
3497 3452 3556 3496 ut
3602 3442 3748 3496 inter

2167 3549 2363 3594 caatera
2401 3554 2552 3594 sacra
2580 3538 2933 3608 reciperetur.
2983 3537 3186 3591 Verum
3225 3550 3344 3589 cum
3394 3548 3460 3588 ex
3497 3533 3750 3586 consulto

2167 3632 2406 3696 Patrum,
2433 3629 2768 3685 Christianos
2803 3629 3066 3682 eliminari
3119 3628 3260 3682 Urbe
3296 3624 3617 3695 placuisset,
3647 3623 3744 3676 Ti-

2169 3722 2346 3775 berius
2383 3735 2480 3791 per
2518 3721 2755 3774 edictum
2803 3718 3208 3773 accusatoribus
3254 3716 3608 3772 comminatus
3661 3723 3752 3769 est

2167 3825 2417 3870 mortem.

2233 3905 2530 3961 CAESARE
2578 3904 2663 3958 ET
2695 3903 2998 3959 IULIANO.

2236 3996 2482 4050 Tiberius
2513 3995 2564 4047 in
2594 3993 2885 4062 Campania
2908 3993 3154 4048 moritur.

2233 4084 2397 4140 CAIUS
2422 4084 2613 4140 CESAR
2641 4085 2932 4152 Csucuut,
2968 4082 3059 4150 IV,
3091 4082 3338 4153 regnavit
3363 4080 3517 4135 anuis
3541 4079 3744 4144 tribus,

2163 4176 2437 4230 mensibus
2477 4176 2685 4230 decem.

2232 4268 2532 4325 CESARE
2569 4268 2613 4323 Il
2661 4269 2748 4324 ET
2775 4266 3194 4323 SATURNINO.

2234 4359 2628 4416 SATURNINO
2660 4359 2700 4412 ll
2764 4359 2852 4413 ET
2883 4356 3221 4414 VENUSTO.

2233 4451 2507 4507 TIBERIO
2537 4451 2625 4506 ET
2657 4451 2905 4506 GALLO.

2236 4544 2352 4597 iloc
2401 4553 2642 4611 tempore
2675 4544 2895 4598 Pontius
2936 4542 3138 4596 Pilatus
3177 4542 3228 4594 in
3271 4540 3465 4595 multas
3507 4538 3753 4594 incidens

2163 4635 2518 4700 calamitates,
2549 4635 2763 4702 propria
2791 4648 2850 4688 se
2876 4648 3035 4687 manu
3071 4632 3361 4686 interfecit.

2232 4723 2472 4793 Caligula
2502 4739 2622 4778 cum
2644 4739 2705 4778 se
2733 4724 2785 4778 in
2834 4723 2962 4779 deos
2992 4723 3294 4790 retulisset,
3327 4720 3580 4777 Petronio
3609 4735 3752 4788 prai-

2157 4818 2295 4872 fecto
2331 4815 2504 4886 Syria:
2537 4814 2814 4885 pratcepit,
2846 4824 2904 4868 ut
2929 4813 3280 4882 Ierosolymis
3309 4821 3538 4866 statuam
3570 4825 3746 4875 suam,

526 4970 564 5041 ’τ
596 4960 879 5042 Μςκβρη).
903 4961 1114 5042 unicus,
1145 4972 1189 5016 et
1213 4963 1282 5018 60
1312 4963 1496 5042 millia:
1522 4966 1647 5042 llam
1682 4967 2044 5042 descriptioiu
2148 4967 2382 5042 annoIB
2411 4966 2602 5042 Tiberii
2627 4966 2803 5042 _J_esum
2830 4967 3089 5042 Christum
3114 4984 3340 5042 passum.
3383 4965 3450 5042 Et
3472 4982 3747 5042 argumen-

467 5032 586 5085 aliis
615 5031 888 5107 codicibus
916 5033 1219 5102 assignatur
1257 5050 1398 5088 anno
1431 5036 1500 5090 55
1528 5039 1783 5106 Augusti,
1845 5031 1897 5091 in
1926 5039 2048 5092 aliis
2150 5050 2258 5091 tum
2281 5040 2399 5091 huic
2427 5039 2502 5091 rei
2530 5053 2592 5090 ex
2621 5037 2900 5107 Evangelia
2929 5031 3195 5091 assumunt
3239 5036 3460 5107 Joannis
3501 5031 3612 5090 {in
3643 5054 3746 5103 quo

465 5115 608 5155 anno
634 5099 723 5155 54.

539 5170 565 5208 δ
595 5170 863 5225 Articulus
895 5172 980 5225 hic
1004 5187 1126 5226 cum
1163 5175 1406 5242 sequenti
1449 5175 1501 5229 in
1527 5177 1794 5232 Chronico
1829 5178 2045 5232 Eusebii

463 5241 702 5365 {ﬁjigtlur
759 5243 808 5298 in
869 5257 1064 5297 annum
1123 5244 1190 5299 I8
1244 5241 1487 5312 Tiberii,
1561 5257 1682 5316 post
1742 5251 2048 5318 passionem

527 5328 573 5364 II"
649 5328 682 5363 ι.

527 5321 682 5364 tristi.

538 5391 559 5419 ε
591 5381 647 5434 In
677 5381 889 5437 Eusebii
918 5381 1186 5438 ChrOnicu
1225 5383 1382 5442 I559.

536 5447 563 5487 ιι
591 5450 746 5518 Apud
777 5454 1091 5519 Eusebium,
1122 5453 1284 5509 20“.

541 5530 564 5557 ο
603 5521 778 5596 Aliam
812 5523 978 5596 huius
1010 5525 1110 5596 lo_ei
1148 5527 1428 5581 lectionem
1470 5528 1520 5582 in
1554 5527 1871 5596 quibusdam
1903 5527 2053 5584 codi-

464 5591 615 5644 cibus
643 5591 823 5647 baheri
855 5591 1012 5649 docet
1047 5593 1145 5647 Ph.
1180 5595 1422 5651 Lahbeus
1464 5599 1515 5652 in
1545 5591 1834 5653 Auctoario
1874 5608 2006 5653 tom.
2034 5599 2052 5654 Ι

2154 5120 2264 5174 post
2295 5108 2362 5162 I5
2384 5124 2576 5160 annum
2605 5105 2795 5161 Tiberii
2824 5109 3039 5162 Cwsuris
3064 5109 3280 5160 triennio
3304 5105 3587 5160 Dominum
3614 5124 3748 5172 prcr-

2154 5173 2352 5248 dicasse
2392 5180 2710 5248 intelligitur.
2767 5179 2871 5233 Sed
2914 5180 3035 5246 quia
3054 5179 3323 5248 usitatior,
3349 5178 3557 5230 traditio
3600 5173 3750 5231 habet

2157 5247 2430 5301 Dominum
2479 5246 2708 5302 nostrum
2756 5248 2824 5303 I5
2868 5264 3005 5301 anno
3049 5246 3242 5301 Tiberii
3287 5247 3506 5301 Cesaris
3551 5249 3750 5301 duobus

2155 5317 2381 5372 GlllNlS
2418 5319 2713 5373 consulibus
2757 5319 3061 5387 cruciﬁxum
3088 5360 3102 5382 ,
3145 5334 3235 5372 nos
3286 5319 3393 5371 sine
3436 5316 3750 5389 prwjudicio

2156 5390 2368 5459 alterius
2399 5389 2676 5459 Opinionis,
2709 5393 3048 5444 successiones
3076 5391 3388 5457 sequentium
3418 5388 3690 5441 consulum
3714 5403 3748 5440 α

2154 5458 2262 5511 suis
2291 5458 2636 5513 consulatibus
2667 5461 2924 5514 ordiemur
2949 5475 2967 5514 :
2991 5469 3226 5514 manente
3257 5459 3585 5513 annotatioue
3613 5467 3747 5509 tem-

2155 5544 2334 5601 porum
2362 5545 2475 5599 qua
2497 5534 2746 5601 cujusque
2767 5533 3038 5596 imperium
3063 5530 3258 5601 habuit.

2230 5597 2248 5636 ί
2292 5595 2860 5656 Αυέιυπὶἶωιίωηιι
2903 5599 3155 5656 Biblioth.
3221 5615 3372 5657 nova:
3409 5613 3541 5654 mss.
3594 5595 3750 5654 addit

467 5661 718 5716 Biblioth.
748 5679 900 5718 nmiae
937 5679 1066 5720 mss.
1095 5680 1214 5736 pag.
1246 5666 1316 5719 22
1345 5668 1591 5725 scilicet:
1628 5671 1849 5736 Quidam
1879 5674 2052 5740 ferunt
2151 5688 2183 5722 α
2217 5674 2450 5744 passione
2477 5671 2543 5726 D.
2578 5671 2649 5725 Ν.
2682 5671 2736 5727 J.
2773 5670 2832 5727 C.
