3978 6178
433 296 542 355 335

1675 287 1732 343 S.
1775 287 2112 344 I‘ROSPERI
2155 286 2482 357 AQUITANI

3617 284 3714 340 556

432 411 642 468 scelera
671 423 786 476 sua,
819 406 981 464 etiam
1015 403 1445 476 persecutionem
1478 402 1531 458 in
1562 400 1894 457 Christianos
1932 401 2007 455 fa-
2036 404 2088 464 Α
2185 401 2407 466 Achaia,
2440 400 2624 472 Lycia,
2662 398 2907 466 Rhodus,
2958 399 3296 471 Byzantium,
3331 392 3554 475 Sqmos,
3587 395 3720 449 Cili-

432 502 531 565 cit,
555 502 607 555 in
637 513 742 569 qua
769 499 960 553 Petrus
980 505 1035 553 et
1066 496 1266 552 Paulus
1297 493 1532 566 apostoli
1564 492 1802 562 gloriose
1836 491 2022 546 Romae

434 593 821 647 occubuerunt.

502 681 637 735 Post
681 680 895 735 Petrum
929 678 1135 747 primus
1182 676 1480 731 Romanam
1524 674 1822 732 Ecclesiam
1854 672 2027 731 tenuit

432 771 595 826 LINUS
626 778 653 807 ι
682 769 838 824 annis
868 783 941 823 xu
972 769 1088 823 sive
1115 782 1233 822 xm.

503 864 869 933 VeSpasianus
899 862 1157 931 magister
1186 858 1395 914 militiae
1432 857 1499 914 ad
1538 857 1894 914 debellandos
1932 858 2027 913 Ju-

433 957 579 1011 dzeos
609 970 637 1008 a
669 953 883 1009 Nerone
913 953 1166 1008 mittitur.
1211 974 1214 977 ·

504 1044 934 1103 VESPASIANO
959 1043 1029 1099 IV
1056 1044 1142 1098 ET
1173 1042 1332 1097 ΤΙΤο
1364 1041 1454 1097 III.

502 1137 867 1206 Vespasianus
888 1136 1100 1191 duobus
1132 1134 1333 1206 przcliis
1372 1142 1657 1205 superatos
1698 1133 1917 1190 Iudaeos
1958 1134 2023 1187 ad

434 1244 621 1287 muros
646 1228 949 1297 compellit.

504 1322 807 1379 Antiochiae
838 1320 1112 1377 secundus
1134 1319 1420 1390 episcopus
1450 1318 1737 1373 ordinatur
1764 1318 2025 1389 Ignatius.

506 1416 647 1471 Nero
691 1430 813 1470 cum
866 1430 895 1469 a
945 1415 1150 1470 Senatu
1192 1422 1530 1482 qumreretur
1580 1411 1645 1466 ad
1692 1426 1934 1481 poenam,
1966 1410 2030 1465 de

433 1512 644 1568 Palatio
674 1509 900 1579 fugiens,
928 1507 996 1563 ad
1026 1516 1280 1579 quartum
1313 1503 1477 1561 Urbis
1510 1505 1823 1560 milliarium
1856 1514 2033 1560 semet

439 1600 729 1658 interfecit.

504 1694 890 1757 VEiPASlANUS,
923 1691 1037 1757 Vll,
1067 1689 1321 1761 regnavit
1350 1688 1509 1743 annis
1533 1704 1607 1755 ix,
1644 1686 1924 1743 mensibus
1954 1702 2029 1753 tx,

443 1794 499 1843 et
530 1785 722 1841 diebus
752 1798 861 1838 xxn
894 1797 989 1838 seu
1012 1797 1164 1836 χχιχ.

518 1874 949 1933 VESPASIANO
977 1874 1017 1929 V
1052 1872 1139 1928 ET
1171 1871 1331 1928 TITO
1363 1872 1453 1927 IV.

508 1967 641 2022 Post
673 1966 971 2034 Neronem,
996 1964 1167 2021 Galba
1208 1963 1262 2018 in
1303 1963 1498 2031 Iberia,
1532 1961 1782 2017 Vitellius
1810 1962 1860 2016 in
1901 1960 2037 2016 Ger-

442 2058 647 2123 mania,
666 2056 809 2112 Otho
829 2056 1016 2111 Roma:
1036 2054 1321 2124 imperium
1344 2055 1707 2123 arripuerunt.
1740 2052 1845 2109 Sed
1868 2052 2033 2107 Galba

436 2152 670 2221 septimo
718 2165 907 2205 mense
955 2148 1141 2203 Romae
1169 2149 1349 2218 capite
1382 2158 1692 2214 truncatur;
1723 2148 1863 2203 Otho
1893 2148 2033 2219 apud

437 2240 465 2281 δ
495 2242 811 2298 Bcbriacum
832 2240 1050 2311 pr0pria
1080 2255 1241 2294 manu
1265 2240 1548 2306 occubuit;
1583 2239 1832 2294 Vitellius
1855 2254 1884 2293 a
1905 2239 2035 2294 Ves-

438 2334 648 2407 pasiani
678 2334 913 2390 ducibus
937 2333 1171 2400 occisus,
1205 2332 1261 2388 in
1292 2332 1534 2388 Tiberim
1568 2333 1871 2402 projicitur.

512 2427 878 2499 Vespasianus
908 2426 1051 2498 apud
1081 2425 1323 2481 Judzeam
1356 2426 1424 2480 ab
1452 2427 1693 2481 exercitu
1738 2427 2033 2495 imperator

439 2521 743 2590 appellatur
775 2537 788 2573 :
819 2519 1017 2576 bellum
1050 2517 1175 2574 Tito
1222 2518 1336 2573 ﬁlio
1367 2517 1778 2584 commendans,
1806 2517 2031 2574 Romam

440 2626 538 2681 per
577 2608 957 2669 Alexandriam
990 2608 1383 2677 proﬁciscitur.

517 2698 942 2755 VESPASIANO
972 2698 1038 2753 VI
1069 2696 1157 2753 ET
1182 2696 1341 2753 ΤΙΤο
1374 2696 1437 2752 ν.

511 2792 688 2859 Titus,
711 2790 895 2847 Jutlaza
917 2799 1076 2859 capta
1099 2797 1155 2844 et
1193 2786 1546 2860 Jerosolymis
1588 2789 1887 2856 subversis,
1914 2803 2037 2844 sex-

442 2890 671 2938 centena
717 2880 891 2935 millia
924 2879 1162 2934 virorum
1203 2879 1483 2936 interﬁcit.
1511 2877 1781 2947 Josephus
1825 2878 2035 2944 scribit,

442 2971 699 3027 undecies
744 2977 972 3026 centena
1017 2969 1186 3024 millia
1217 2967 1361 3025 fama
1390 2978 1444 3024 et
1471 2967 1653 3038 gladio
1702 2967 1951 3038 periisse,
1983 2978 2037 3023 et

444 3069 548 3122 alia
589 3074 805 3123 centum
837 3064 1005 3121 millia
1050 3064 1387 3134 captivorum
1438 3063 1653 3134 publice
1690 3063 2033 3119 venumdata.

2125 494 2230 559 cia,
2256 494 2582 564 Comagene,
2616 507 2737 563 quas
2763 500 2888 548 ante
2911 493 3096 548 libera:
3125 491 3223 547 sub
3253 491 3476 559 regibus
3502 494 3560 542 et
3588 484 3721 542 ami-

2125 584 2208 639 cis
2236 594 2410 648 erant,
2444 586 2496 638 in
2527 584 2839 652 provincias
2864 582 3123 638 redacta.

2197 676 2631 734 VESPASIANO
2663 676 2779 731 VIII
2808 676 2893 730 ΕΤ
2925 674 3085 731 ΤΙΤο
3115 673 3227 728 VII.

2198 769 2627 826 VESPASIANO
2654 770 2727 825 IX
2757 769 2848 824 ET
2873 766 3031 825 ΤΙΤο
3061 766 3195 822 VIII.

2198 860 2494 917 SILVANO
2523 862 2611 915 ET
2643 860 2853 916 VERO.

2202 951 2580 1006 DO‘IIITIANO
2613 951 2700 1005 ET
2732 948 3145 1007 MESSALINO.

2203 1044 2573 1100 DOMITIANO
2612 1043 2654 1098 II
2684 1043 2771 1099 ΕΤ
2799 1042 2982 1099 RUFO
3008 1042 3070 1098 II.

2204 1137 2565 1205 VeSp:isianus
2602 1137 2745 1193 circa
2777 1135 3009 1190 Sabinos
3046 1135 3100 1189 in
3134 1133 3261 1190 villa
3301 1134 3524 1206 propria
3559 1134 3719 1188 mori-

2133 1238 2240 1295 tur,
2265 1244 2408 1283 anno
2430 1229 2604 1282 (etatis
2636 1225 2656 1265 ί
2683 1243 2829 1283 uix.

2205 1325 2396 1391 Τίτος,
2429 1322 2565 1388 VIII,
2616 1322 2868 1393 regnavit
2915 1330 2941 1370 ε
2982 1319 3138 1376 annis
3192 1320 3386 1388 tribus,
3445 1319 3717 1376 mensibus

2133 1415 2365 1471 duobus.

2204 1508 2356 1563 Titus
2387 1505 2701 1576 Vespasiani
2734 1504 2873 1560 ﬁlius
2913 1504 2965 1559 in
2996 1512 3227 1573 utraque
3258 1502 3440 1571 lingua
3469 1500 3717 1556 disertis-

2136 1601 2305 1655 simus
2337 1599 2453 1663 fuit,
2478 1607 2534 1653 et
2560 1606 2723 1652 tanta:
2763 1596 3041 1660 bonitatis,
3073 1606 3133 1649 ut
3178 1609 3300 1649 cum
3346 1594 3581 1663 quadam
3637 1593 3719 1649 die

2138 1692 2453 1748 recordatus
2495 1689 2686 1745 fuisset
2713 1688 2766 1743 in
2796 1703 2972 1754 caena,
3002 1703 3061 1743 se
3090 1687 3222 1742 nihil
3251 1687 3303 1741 in
3347 1686 3438 1740 illa
3488 1686 3579 1742 die
3610 1688 3719 1742 cui-

2064 1777 2111 1836 B
2138 1801 2293 1855 quam
2316 1783 2655 1852 przestitisse,
2685 1780 2904 1845 dixerit,
2923 1780 3122 1846 Amici,
3141 1779 3304 1835 hodie
3325 1778 3469 1834 diem
3490 1778 3714 1848 perdidi.

2215 1873 2587 1931 DOMITIANO
2612 1874 2681 1930 III
2703 1875 2789 1928 ET
2819 1872 3087 1929 SABINO.

2210 1967 2588 2025 DOMITIANO
2617 1966 2687 2022 IV
2714 1966 2800 2021 ET
2829 1965 3016 2022 RUFO
3046 1965 3113 2020 III

2209 2062 2362 2117 Titus
2384 2061 2855 2131 Amphitheatrum
2879 2058 3065 2113 Romae
3093 2056 3398 2118 aediﬁcavit.
3424 2058 3545 2113 etin
3574 2055 3717 2112 dedi-

2136 2154 2350 2209 catione
2379 2153 2495 2222 ejus
2522 2153 2761 2222 quinque
2788 2150 2957 2205 millia
2991 2150 3221 2204 ferarum
3250 2149 3470 2204 occidit.

2210 2242 2583 2300 DOMITIANO
2616 2244 2656 2298 V
2684 2243 2771 2297 ET
2793 2239 3223 2297 DOLABELLA.

2207 2338 2463 2393 Romanae
2497 2336 2754 2392 Ecclesiae
2782 2335 2827 2390 II
2856 2335 3201 2391 constituitur
3230 2334 3521 2405 episcopus
3541 2330 3571 2370 ιι
3591 2331 3717 2388 Cu-

2132 2445 2232 2486 τυε
2263 2430 2415 2484 annis
2448 2444 2546 2488 xtl.

2206 2522 2359 2576 Titus
2391 2521 2577 2575 morbo
2605 2516 2766 2589 periit
2792 2519 2844 2572 in
2877 2532 2939 2573 ea
2971 2517 3099 2574 villa
3137 2517 3188 2572 in
3231 2532 3331 2588 qua
3373 2524 3552 2588 pater,
3582 2530 3715 2571 anno

2136 2613 2312 2667 aetatis
2334 2627 2463 2667 xui.

2207 2704 2559 2764 DOMITIANUS,
2594 2701 2687 2767 IX,
2717 2701 2883 2757 frater
2911 2701 3016 2756 Titi
3041 2698 3245 2771 junior,
3274 2699 3523 2771 regnavit
3570 2700 3718 2756 annis

2136 2809 2229 2860 xv,
2254 2794 2528 2848 mensibus
2550 2810 2604 2847 v.

2208 2883 2584 2939 DOMITIANO
2615 2884 2679 2938 VI
2720 2884 2809 2940 ET
2843 2884 3029 2942 RUFO
3060 2883 3144 2940 ιν.

2208 2975 2497 3031 Domitiani
2526 2992 2662 3031 uxor
2688 2976 2929 3047 Augusta
2960 2977 3252 3047 appellata.

2210 3067 2546 3122 Domitianus
2583 3069 2861 3123 eunuchos
2902 3069 3015 3123 ﬁeri
3056 3069 3304 3138 prohibet
3337 3084 3353 3122 :
3386 3068 3717 3123 Mathemati-

446 3158 517 3215 Ut
541 3168 720 3214 autem
773 3165 920 3213 tanta
965 3155 1259 3211 multitudo
1302 3154 1658 3226 Jerosolymis
1686 3156 2037 3224 reperiretur,
2068 3153 2114 3216 C
2146 3174 2240 3213 cos
2265 3159 2614 3227 philosophos
2640 3160 2881 3215 Romana
2911 3160 3049 3215 urbe
3077 3160 3248 3229 pellit.

445 3266 661 3305 causam
683 3251 1009 3322 Azymorum
1042 3250 1240 3305 festum
1271 3247 1440 3305 fuisse
1469 3266 1483 3302 :
1512 3249 1584 3303 ob
1619 3248 1764 3317 quod
1790 3263 1857 3304 ex
1889 3250 2038 3304 omni

446 3341 610 3412 703
645 3348 807 3410 gente
856 3338 1029 3395 Judmi
1084 3339 1153 3393 ad
1207 3339 1465 3409 templum
1515 3338 1872 3406 conﬂuentes,
1907 3339 2040 3394 urbe

445 3436 603 3505 quasi
631 3449 852 3490 carcere
878 3444 1004 3489 sunt
1033 3433 1254 3489 reclusi.
1284 3433 1537 3503 Oportuit
1560 3433 1704 3489 enim
1736 3434 1787 3487 in
1813 3434 1897 3488 his
1928 3433 2042 3487 die-

446 3529 549 3584 bus
574 3542 670 3583 eos
694 3526 924 3584 interﬁci
973 3527 1027 3582 in
1054 3526 1251 3596 quibus
1275 3526 1611 3581 Salvatorem
1635 3525 2038 3581 cruciﬁxerant.

518 3621 807 3691 Colligitur
838 3620 1022 3691 itaque
1052 3633 1219 3674 omne
1249 3627 1463 3689 tempus
1494 3621 1550 3674 in
1592 3619 1891 3675 secundum
1941 3634 2045 3673 an-

448 3730 575 3769 num
609 3713 925 3783 Vespasiani
954 3721 1009 3767 et
1035 3711 1386 3799 novissimam
1410 3710 1869 3783 Jerosolymorum
1892 3726 2043 3766 ever-

448 3809 678 3862 sionem.
738 3806 783 3860 A
822 3805 1014 3876 quinto
1070 3803 1282 3860 decimo
1318 3818 1463 3859 anno
1517 3802 1722 3859 Tiberii
1779 3803 2040 3869 Caesaris,

450 3908 505 3953 et
538 3900 603 3953 ab
641 3897 868 3953 exordio
908 3897 1241 3969 evangelicae
1296 3897 1723 3967 prtedicationis,
1756 3897 1879 3951 anni
1909 3911 2039 3951 xui.

451 3990 495 4046 A
545 3990 854 4060 captivitate
907 3997 1087 4044 autem
1130 4004 1290 4058 quam
1339 3989 1407 4043 ab
1480 3988 1746 4043 Antiocho
1798 3989 2044 4058 perpessi

450 4089 597 4149 sunt,
630 4081 757 4134 anni
789 4090 810 4118 ο
845 4095 1058 4135 ecxxrx.
1100 4080 1270 4136 Porro
1313 4095 1343 4134 a
1397 4080 1543 4134 Darii
1592 4078 1831 4135 secundo
1872 4094 2040 4148 anno,

450 4173 551 4225 sub
606 4184 712 4238 quo
772 4185 989 4224 rursum
1048 4170 1309 4238 templum
1365 4170 1688 4224 mdiﬁcatum
1758 4178 1863 4235 est,
1913 4170 2040 4224 anni

451 4257 476 4295 ά
510 4274 681 4315 oLxxx
710 4268 801 4314 aut
842 4273 935 4315 xc.
966 4261 1012 4315 A
1043 4260 1215 4329 prima
1246 4268 1422 4314 autem
1469 4258 1827 4314 aediﬁcatione
1859 4260 2042 4329 templi

451 4352 553 4406 sub
590 4352 901 4420 Salomone,
931 4367 1099 4423 usque
1138 4351 1204 4407 ad
1246 4350 1591 4407 novissimam
1638 4351 1756 4420 ejus
1805 4351 2040 4419 ruinam,

451 4461 571 4514 qum
596 4446 697 4500 sub
725 4446 1058 4516 Vespasiano
1081 4445 1219 4500 facta
1252 4452 1356 4507 est,
1391 4445 1516 4499 anni
1549 4453 1572 4481 θ
1602 4459 1761 4501 stetit.

522 4537 951 4593 VESPASIANO
984 4538 1073 4594 VII
1106 4538 1192 4593 ET
1213 4535 1376 4593 ΤΙΤο
1419 4534 1504 4590 VI.

520 4629 851 4687 COMMODO
884 4633 972 4687 ET
1001 4632 1208 4689 RUFO.

525 4839 549 4866 ο
580 4829 865 4884 Eusebiani
897 4830 1137 4886 chronici
1169 4848 1298 4889 mss.
1332 4843 1460 4899 tres,
1480 4835 1629 4889 annis
1682 4832 1769 4888 12.
1794 4833 1897 4890 Alii
1928 4834 2035 4890 duo

449 4916 572 4957 eum
592 4901 718 4954 edit.
738 4901 917 4964 Pont.,
942 4903 1091 4955 annis
1125 4903 1210 4955 11.

522 4971 549 5010 ιι
575 4970 696 5024 Mss.
729 4971 877 5027 Colb.
906 4970 1034 5036 duo,
1062 4972 1369 5030 Vetriaeum.
1406 4976 1507 5030 Alii
1539 4983 1671 5035 tres.
1698 4973 2030 5031 Metriacum.

526 5051 549 5081 ο
582 5042 636 5095 1η
665 5040 930 5111 Chronico
982 5043 1198 5097 Eusebii
1246 5043 1377 5099 edit.
1410 5046 1592 5109 Pont.,
1622 5046 1728 5101 239
1753 5062 1768 5111 ;
1797 5058 1851 5102 et
1897 5062 2030 5102 mss.

450 5111 687 5239 gieiin‘ngte
714 5110 868 5167 Colb.
914 5113 1042 5182 259,
1072 5128 1305 5183 quorum
1334 5130 1469 5169 unus
1518 5116 1676 5185 snpra
1710 5110 1807 5185 pro
1842 5117 1912 5172 η
1940 5118 2035 5172 Ιιίὶ⁴

522 5250 551 5291 (ι
585 5253 640 5308 In
690 5253 898 5309 Eusebii
941 5252 1211 5311 Chronico
1251 5254 1382 5308 edit.
1420 5254 1598 5315 Pont.,
1635 5256 1758 5312 591.
1790 5255 1931 5312 Idem
1980 5258 2032 5312 in

452 5340 553 5380 ms.
580 5325 736 5378 Colb.
762 5340 887 5377 uno.
918 5325 1155 5390 Quatuor
1185 5325 1271 5378 alii
1297 5325 1495 5379 habent
1526 5325 1653 5381 i390.

525 5406 550 5432 ε
581 5395 710 5448 Mss.
739 5393 891 5448 Colb.
926 5404 1054 5458 tres,
1093 5395 1249 5449 1102.

528 5462 551 5501 ί
575 5463 630 5516 1η
663 5478 764 5517 ms.
793 5463 945 5519 Colb.
978 5465 1159 5529 unico,
1190 5466 1280 5521 6i.

525 5543 549 5581 s
581 5534 808 5588 Codices
827 5534 1067 5590 chronici
1096 5537 1383 5592 Eusebiani
1411 5537 1687 5607 assignant
1711 5538 1834 5594 Tito
1865 5553 2033 5595 annos

456 5605 609 5662 duos,
640 5619 852 5658 menses
881 5608 1027 5660 duos.
1068 5607 1221 5661 Point.
1254 5623 1466 5663 mensos
1495 5605 1638 5663 octo.

527 5673 555 5709 ιι
586 5673 736 5726 Iluuc
768 5676 1072 5739 pontiﬁcem
1124 5677 1423 5733 Romanum
1478 5680 1787 5737 Anacletttm
1836 5688 2030 5736 vocant

462 5758 585 5799 niis.
638 5752 865 5812 quatuor
907 5747 1219 5802 Colbcrtini.
1269 5749 1469 5805 Cletum
1532 5754 1723 5810 unicus
1790 5755 2026 5809 omnium

2213 3252 2371 3321 707
2412 3250 2663 3305 FLAVIO
2693 3250 2780 3304 ET
2822 3249 3155 3305 TRAIANO.

2214 3343 2547 3397 Domitianus
2573 3342 2833 3411 plurimos
2855 3351 3166 3397 senatorum
3191 3341 3247 3396 in
3271 3342 3524 3397 exsilium
3542 3339 3715 3407 mittit,

2142 3436 2210 3491 de
2240 3435 2399 3490 Dacis
2429 3444 2482 3489 et
2506 3434 2788 3490 Germanis
2819 3434 3192 3502 triumphavit.

2216 3525 2592 3582 DOMITIANO
2624 3525 2715 3580 VII
2737 3526 2826 3580 ET
2854 3525 3110 3581 NERVA.

2218 3620 2332 3674 Duo
2372 3633 2586 3675 menses
2612 3618 2774 3675 aliter
2809 3619 3061 3690 appellati
3089 3638 3101 3673 :
3135 3619 3477 3691 September,
3506 3620 3723 3676 Germa-

2145 3718 2331 3780 nicus;
2360 3724 2415 3770 et
2443 3716 2700 3780 October,
2732 3715 3091 3769 Domitianus.

2216 3808 2427 3863 Primus
2472 3808 2807 3862 Domitianus
2837 3806 3123 3862 Dominum
3156 3821 3215 3861 se
3245 3815 3299 3861 et
3336 3806 3504 3862 Deum
3532 3807 3715 3876 appel-

2144 3898 2246 3954 lari
2282 3899 2465 3968 jussit.

2216 3990 2501 4048 Secundus
2522 3989 2864 4047 Alexandria:
2890 3989 3172 4044 ordinatur
3189 3988 3474 4060 episcOpus
3494 3987 3715 4043 Abiliits.

2213 4081 2527 4137 TRAIANO
2576 4081 2620 4135 II
2673 4081 2761 4135 ΕΤ
2805 4080 3220 4137 GLABRIONE.

2212 4172 2577 4240 Quintilianus
2600 4170 3201 4242 rhetorCalaguritanus
3227 4170 3418 4225 Roma:
3430 4170 3602 4225 clarus
3628 4168 3717 4221 ha-

2144 4263 2319 4319 betur.

2217 4353 2591 4409 DOMITIANO
2624 4353 2736 4409 VIII
2769 4353 2855 4408 ET
2886 4351 3301 4411 SATURNINO.

2214 4442 2509 4499 SILVANO
2540 4444 2626 4498 ET
2648 4442 2914 4500 PRISCO.

2060 4517 2114 4578 D
2214 4536 2547 4591 Domitianus
2576 4535 2848 4604 prohibuit
2879 4533 2896 4572 ἱ
2924 4536 3060 4590 vites
3090 4535 3143 4589 in
3174 4534 3400 4591 urbibus
3427 4534 3551 4590 seri.

2208 4626 2621 4682 ASPRENATIS
2660 4626 2747 4680 ET
2775 4625 2959 4680 CLEM
2971 4625 3169 4680 ENTE.

2146 4839 2571 4907 antiquissimus.
2603 4839 2678 4893 Dc
2711 4854 2818 4908 quo
2849 4837 2970 4892 vide
3002 4844 3187 4890 notam
3221 4835 3437 4908 Pontaci
3469 4848 3586 4908 pag.
3614 4833 3710 4886 581

2144 4917 2199 4963 et
2219 4905 2344 4966 585.
2380 4911 2697 4980 Legeetiam
2726 4905 2861 4962 alios
2884 4909 2973 4977 qui
2996 4915 3180 4980 contra
3204 4905 3419 4959 unicum
3442 4905 3560 4980 sub
3576 4913 3718 4980 utriu-

2144 4996 2245 5047 que
2270 4974 2483 5033 nomine
2509 4979 2778 5041 designari
2812 4974 3065 5047 probant:
3088 4976 3266 5031 Vales.
3291 4984 3401 5047 not.
3429 4975 3496 5029 ad
3522 4974 3709 5047 Euseb.

2146 5043 2200 5115 p.
2232 5051 2300 5104 49
2322 5051 2422 5103 vol.
2456 5049 2506 5111 1,
2538 5049 2771 5103 (Ioteler.
2811 5043 2923 5101 not.
2968 5046 3033 5101 ad
3078 5058 3251 5100 eonSI.
3284 5046 3475 5116 Apost.
3512 5060 3561 5115 p.
3592 5043 3711 5107 300,

2144 5120 2261 5174 Nat.
2299 5120 2566 5175 Alexand.
2594 5129 2667 5172 to.
2700 5118 2723 5173 Ι
2759 5135 2809 5186 p.
2842 5119 2968 5185 515,
3002 5128 3055 5172 et
3095 5116 3252 5170 alios.

2222 5188 2236 5226 ί
2274 5190 2564 5246 Suetonius
2592 5182 2854 5243 rationem
2899 5182 3071 5242 reddit
3104 5187 3262 5255 hujus
3301 5185 3457 5241 edicti
3491 5200 3583 5255 per
3608 5182 3713 5255 1’s-

2143 5261 2264 5314 liam
2296 5270 2350 5315 et
2380 5261 2703 5330 provincias,
2740 5259 2818 5314 Eo
2856 5260 2989 5325 quod
3018 5254 3197 5330 nimio
3233 5254 3503 5330 vinearum
3548 5254 3709 5330 studio

2141 5332 2330 5400 negligi
2368 5325 2489 5384 arva
2532 5332 2847 5385 existimaret
2879 5347 2895 5383 :
2922 5328 3065 5383 unde
3102 5328 3334 5400 conjicit_
3368 5327 3624 5400 Pontaeus
3653 5325 3706 5375 in

2143 5398 2292 5455 notis
2317 5419 2365 5465 ι).
2401 5402 2505 5456 594
2533 5416 2631 5469 pro
2660 5402 2712 5454 in
2734 5401 2958 5462 urbibus,
2996 5399 3277 5467 legendum
3311 5398 3517 5463 forsan,
3543 5398 3705 5469 inor-

2143 5475 2236 5535 be;
2272 5464 2369 5524 nisi
2395 5464 2657 5539 intelligas
2686 5472 2878 5524 dictum
2910 5464 3088 5538 prmi}:
3117 5470 3252 5523 arvis
3283 5469 3459 5521 vicinis
3486 5464 3703 5539 urbibus.

2149 5541 2333 5595 Vincta
2355 5543 2487 5596 enim
2517 5537 2720 5595 nonnisi
2742 5537 2949 5594 urbibus
2972 5550 3015 5593 et
3046 5540 3172 5593 locis
3224 5539 3463 5592 habitatis
3492 5537 3707 5602 plerum-

2140 5628 2237 5682 que
2257 5614 2515 5682 adjacent.
2535 5611 2880 5666 Philostratus
2898 5612 2953 5665 in
2979 5609 3093 5664 Vita
3107 5604 3705 5682 Apolloniiredditaliarn

2142 5674 2417 5750 rationein,
2450 5683 2584 5755 quod
2630 5683 2779 5754 rixa},
2813 5697 3019 5754 pugna,
3051 5674 3215 5734 ardes
3242 5696 3305 5733 ex
3333 5679 3566 5735 ebrietate
3591 5674 3698 5728 ori-

2138 5765 2333 5810 rentur.
