4028 6176
323 269 424 326 551

1520 280 1924 339 CIIRONICUM
1962 278 2339 337 INTEGRUM.

3467 280 3573 337 5'38

301 370 308 408 έ
387 381 696 451 Apollonius
725 382 1033 454 Thyaneus,
1063 394 1119 441 et
1154 385 1399 455 Eufrates
1425 388 1728 461 philosophi
1758 390 1887 445 insi-
1915 396 1965 451 Α
2062 389 2326 457 Trajanus
2357 390 2425 445 de
2456 389 2609 445 Dacis
2632 398 2686 447 et
2711 391 2931 463 Scythis
2965 394 3334 465 triumphavit.

316 489 444 546 gues
468 474 750 530 habentur.

384 564 542 619 Multa
573 580 736 634 opera
762 564 947 621 Romae
979 565 1117 622 facta
1156 586 1169 623 :
1204 568 1257 622 in
1306 568 1497 638 quibus
1536 568 1885 639 Capitolium,

316 655 505 712 Forum
535 656 949 723 Transitorium,
982 659 1237 713 Divorum
1273 660 1543 729 Porticus,
1574 660 1759 728 Isium,
1793 660 1889 716 Se-

318 747 543 817 rapium,
590 747 860 812 Stadium,
914 748 1117 804 Horrea
1167 759 1192 787 °
1240 749 1513 819 Piperata,
1571 750 1887 819 Vespasiani

317 839 593 908 templum,
628 836 655 876 δ
691 838 924 893 Minerva
966 839 1386 904 Chalcedonica,
1417 842 1640 905 Odium,
1690 841 1887 896 Forum

313 929 549 1000 Trajani,
581 930 831 985 Thertnre
859 930 1106 1001 Trajaute
1137 941 1191 987 et
1216 932 1464 997 Titianze,
1497 932 1748 996 Senatus,
1785 933 1891 986 Lu—

312 1024 409 1078 dus
455 1024 775 1087 matutinus,
809 1025 945 1078 Mica
997 1024 1197 1091 Aurea,
1232 1023 1365 1077 Mela
1417 1023 1635 1089 sudans,
1660 1032 1715 1079 et
1756 1024 1891 1077 Pan-

312 1114 493 1168 theon.

380 1204 716 1259 Domitianus
746 1212 910 1259 tanta:
942 1204 1214 1275 superbiae
1257 1204 1376 1270 fuit,
1406 1213 1463 1258 ut
1493 1220 1687 1259 aureas
1712 1214 1767 1260 et
1806 1221 1892 1260 ar-

308 1304 525 1367 genteas
553 1305 757 1351 statuas
787 1296 887 1351 sibi
920 1297 970 1349 in
1004 1296 1277 1365 Capitolio
1300 1298 1422 1365 poni
1442 1297 1686 1366 jusserit.

376 1387 751 1443 DOMITIANO
782 1388 852 1442 IX
880 1388 966 1443 ET
994 1387 1389 1443 CLEMENTE.

376 1480 528 1534 Multi
558 1479 818 1534 nobilium
843 1480 1036 1543 necati,
1066 1481 1246 1549 plures
1271 1481 1321 1533 in
1346 1479 1590 1535 exsilium
1619 1480 1745 1538 acti.

376 1571 631 1626 FULVIO
683 1572 768 1625 ET
794 1571 1089 1627 VETERE.

373 1663 614 1718 NERVA
642 1664 687 1718 II
712 1663 797 1717 ET
830 1663 1032 1719 RUFO.

374 1753 453 1806 SA
467 1753 622 1808 ΒιΝο
649 1752 738 1806 ΕΤ
769 1752 1135 1807 ΑΝΤΟΝΙΝΟ.

374 1844 610 1899 NERVA
644 1844 711 1898 III
744 1844 831 1898 ET
860 1843 1174 1899 TRAIANO
1206 1843 1291 1899 III.

374 1935 567 1989 Roma:
616 1934 683 1989 Ill
728 1933 986 1991 Ecclesia:
1032 1935 1253 2005 praefuit
1299 1937 1585 2008 episcopus
1639 1938 1889 1992 anusus

308 2032 458 2085 annis
492 2046 568 2083 tr.

372 2122 760 2179 SENECIONE
794 2122 882 2177 ET
918 2122 1172 2178 PALMA.

373 2216 692 2271 TRAIANO
724 2216 789 2271 IV
815 2216 901 2270 ET
930 2217 1323 2273 FRONTONE.

375 2311 627 2367 Saeuum
653 2325 1000 2365 PERSECUTIO.
1034 2311 1315 2366 Secundus
1348 2320 1467 2381 post
1490 2312 1758 2367 Neronem
1788 2313 1891 2367 Do-

313 2403 569 2457 mitianus
590 2401 928 2456 Christianos
955 2402 1292 2471 persequitur
1324 2420 1336 2455 :
1366 2413 1420 2456 et
1456 2403 1557 2457 sub
1579 2419 1644 2458 eo
1674 2412 1888 2473 aposto-

310 2493 387 2547 lus
410 2493 651 2548 Joannes
681 2492 734 2547 in
766 2492 1049 2546 Pathmum
1086 2493 1314 2547 insulam
1349 2494 1642 2564 relegatus,
1677 2498 1889 2563 ApOta-

308 2584 497 2655 lypsim
532 2583 685 2649 vidit,
715 2598 876 2653 quam
910 2583 1144 2638 lren:eus
1170 2583 1578 2653 interpretatur.

375 2674 717 2731 Domitianus
746 2690 843 2729 eos
877 2676 968 2744 qui
1009 2675 1076 2729 de
1102 2689 1300 2744 genere
1340 2675 1506 2729 David
1533 2687 1684 2731 erant
1717 2678 1887 2732 inter-

309 2763 389 2819 fici
440 2764 721 2835 praecepit,
764 2774 821 2819 ut
872 2764 1051 2820 nullus
1091 2764 1403 2820 Judzeorum
1444 2768 1593 2835 regni
1648 2767 1891 2838 reliquus

306 2857 459 2914 ῑυτει.

374 2949 694 3006 TRAIANO
722 2950 764 3007 V
813 2950 900 3005 ET
931 2948 1253 3006 ORPIIITO.

374 3041 579 3097 Scribit
605 3041 844 3108 Brutius,
872 3041 1135 3110 plurimos
1175 3039 1607 3095 Christianorum
1650 3041 1753 3096 sub
1781 3041 1889 3095 Do-

2062 479 2339 535 URBANO
2367 481 2455 534 ET
2492 481 2883 537 MARCELLO.

2062 576 2358 630 CANDIDO
2390 577 2477 631 ET
2504 577 2639 643 QUA
2651 577 2905 634 DRATO.

2060 664 2395 721 COMMODO
2429 669 2512 721 ET
2541 667 2889 724 CEREALE.

2062 755 2290 810 Decreto
2320 766 2558 823 senatus,
2592 760 2761 812 Nerva
2790 761 2839 813 in
2866 760 2998 815 deos
3023 765 3245 817 relatus.

2062 844 2318 899 Romamn
2346 847 2600 901 Ecclesiae
2632 848 2697 901 ιν
2740 851 3023 920 episcopus
3050 859 3247 920 prmcst
3279 850 3575 906 EVARISTUS

1992 939 2147 992 annis
2172 955 2247 992 tx.

2064 1029 2325 1087 Joannem
2368 1032 2669 1102 apostolum
2713 1047 2881 1103 usque
2926 1035 2990 1087 ad
3052 1035 3269 1104 Trajaui
3336 1045 3572 1104 tempora

1994 1118 2230 1176 Irenacus
2260 1122 2544 1191 episcopus
2589 1125 2948 1191 permansisse
3000 1126 3206 1179 scribit.
3255 1126 3381 1181 Post
3413 1143 3574 1197 quem

1995 1212 2189 1281 Papias
2226 1214 2658 1284 Ilierapolitanus
2691 1218 2997 1285 episcopus,
3030 1218 3363 1291 Polycarpus
3392 1220 3575 1292 Smyr-

1996 1317 2170 1367 ntcus,
2202 1313 2253 1358 et
2283 1305 2514 1373 Ignatius
2538 1306 2928 1362 Antiochenus.

2065 1395 2442 1450 SENECIONE
2473 1397 2537 1451 IV
2567 1398 2653 1451 ET
2682 1398 2860 1454 SURA
2897 1400 2985 1454 IlI.

2068 1484 2155 1539 GA
2168 1485 2297 1540 LLO
2328 1487 2416 1541 ET
2442 1487 2744 1544 BRADUA.

2066 1578 2414 1635 AFRICANO
2452 1581 2537 1636 ET
2568 1583 2911 1645 CRISPINO-

2065 1671 2384 1727 CRISPINO
2412 1673 2453 1727 ll
2484 1675 2565 1727 ur
2599 1664 2911 1731 BOLENO.‘

1925 1763 1976 1826 Β
2072 1762 2314 1819 PISONE
2350 1764 2437 1817 ET
2467 1764 2782 1821 RUSTICO.

2065 1854 2444 1908 Alexandrina:
2476 1856 2735 1911 Ecclesia:
2760 1857 2827 1911 IV
2855 1858 3143 1929 cpiscopus
3170 1861 3452 1917 ordinatur
3479 1880 3576 1916 tl"-

1993 1946 2136 1998 mine
2161 1945 2389 1997 Primus.

2065 2035 2373 2090 TRAIANO
2406 2035 2495 2091 VII
2528 2036 2615 2092 ET
2657 2038 3020 2095 AFRICANO.

2062 2125 2271 2180 TERTlA
2300 2141 2644 2181 PERSECUTIO.
2671 2128 2902 2198 Trojano
2943 2132 3200 2187 adversus
3247 2134 3578 2190 Christianos

1993 2219 2422 2288 persecutionem
2454 2231 2736 2285 movente,
2776 2223 2962 2278 Simon
3006 2226 3149 2280 [ilius
3180 2227 3455 2297 Cleophm,
3488 2232 3576 2296 qui

1993 2310 2045 2363 in
2098 2310 2453 2381 Jerosolymis
2494 2312 2861 2382 cpisc0patum
2911 2317 3148 2383 tenebat,
3205 2319 3575 2390 cruciﬁgitur:

1991 2402 2076 2456 cui
2105 2402 2348 2457 succedit
2374 2402 2579 2457 Justus.

2064 2495 2299 2566 lgnatius
2344 2512 2562 2567 quoque
2607 2499 2957 2553 Antiochense
3004 2500 3263 2556 Ecclesia:
3293 2501 3578 2571 episcopus

1995 2590 2218 2643 Romam
2261 2590 2573 2658 perductus,
2602 2590 2791 2645 bestiis
2832 2591 3076 2647 traditur.
3115 2594 3241 2649 Post
3267 2610 3424 2665 quem
3466 2605 3575 2650 ter-

1995 2681 2101 2734 tius
2123 2680 2468 2735 constituitur
2501 2681 2784 2750 episcopus
2816 2681 2981 2740 Eron.

2063 2773 2286 2829 CELSO
2319 2772 2404 2826 ET
2437 2773 2772 2829 CRISPINO.

2067 2864 2241 2921 ASTA
2279 2865 2366 2919 ET
2396 2864 2659 2921 PISONE.

2066 2960 2272 3015 Plinius
2296 2958 2726 3027 secundus,cum
2755 2960 3040 3029 quamdam
3069 2962 3397 3032 provinciam
3427 2979 3577 3035 rege-

1994 3058 2097 3115 ret,
2126 3059 2180 3104 et
2226 3050 2280 3104 in
2334 3050 2650 3119 magistratu
2695 3065 2793 3105 suo
2844 3051 3108 3120 plurimos
3148 3052 3575 3109 Christianorum

309 3137 534 3191 mitiano
585 3135 780 3191 fecisse
823 3135 1160 3206 martyrium,
1188 3134 1329 3188 inter
1377 3143 1608 3204 quoset
1652 3134 1887 3188 Flaviani
1919 3124 1963 3185 C
1996 3141 2384 3207 interfecisset;
2418 3142 2761 3197 multitudine
2788 3157 2973 3197 eorum
3005 3144 3343 3213 perterritus,
3375 3149 3577 3214 quassa.

309 3228 636 3284 Domitillam
663 3227 831 3282 Flavii
853 3226 1147 3282 Clementis
1182 3227 1423 3281 consulis
1451 3244 1514 3282 ex
1552 3242 1740 3282 sorore
1768 3242 1892 3295 nep-

308 3328 411 3375 tem
465 3321 526 3375 in
583 3320 813 3374 insulam
866 3318 1113 3375 Pontiam
1148 3319 1465 3390 relegatam,
1492 3322 1619 3392 quia
1646 3336 1706 3376 se
1734 3319 1889 3376 Chri-

306 3413 530 3468 stianam
566 3428 686 3467 esse
709 3421 899 3468 testata
927 3413 1021 3467 sit.

374 3504 772 3565 SENECIONE
805 3504 851 3561 II
885 3505 969 3560 ET
1001 3504 1185 3562 SURA

375 3599 718 3655 Domitianus
732 3599 944 3655 occisus
958 3601 1012 3654 in
1030 3601 1397 3670 palatio,anno
1414 3600 1588 3656 aetatis
1599 3613 1708 3655 sua:
1724 3615 1885 3655 xxxv.

372 3692 540 3763 708
570 3692 778 3758 Nnnva,
803 3690 871 3757 Χ,
898 3692 1141 3762 regnavit
1162 3708 1362 3747 annum
1387 3708 1552 3747 unum
1585 3703 1637 3748 ct
1675 3707 1890 3748 menses

305 3795 554 3853 quatuor.

370 3875 691 3931 TRAJANO
711 3875 780 3930 VI
814 3876 898 3930 ET
922 3875 1212 3931 MAXIMO.

369 3968 561 4024 Justus
581 3986 607 4020 a
632 3969 922 4023 Tiberiadc
951 3968 1259 4022 Judazorum
1291 3969 1527 4039 scriptor
1551 3969 1885 4037 agnoscitur.

368 4062 755 4117 Alexandrinae
790 4062 1044 4117 Ecclesia:
1074 4063 1358 4133 episcopus
1388 4062 1669 4117 ordinatur
1697 4063 1889 4118 tertius

307 4152 495 4209 Cerdo.
1482 4214 1485 4215 ν

369 4246 536 4300 Aiunt
571 4246 874 4314 apostolum
899 4245 1159 4301 Joannem
1187 4247 1291 4310 hoc
1315 4255 1559 4314 tempore
1580 4245 1772 4300 exsilio
1799 4260 1889 4300 so-

301 4336 491 4406 lutum,
516 4336 799 4407 Ephesum
835 4338 1127 4407 recessisse
1157 4356 1168 4391 :
1200 4354 1320 4393 cum
1349 4349 1569 4393 senatus
1607 4338 1888 4393 decrevis-

301 4440 398 4498 set,
422 4440 480 4485 ut
508 4432 691 4485 omnia
739 4446 862 4501 quae
894 4430 1232 4486 Domitianus
1273 4438 1559 4494 statuerat,
1587 4431 1638 4483 in
1674 4430 1884 4484 irritum

302 4521 717 4576 deducerentur.

1994 3234 2069 3285 vit
2116 3232 2186 3286 de
2228 3232 2481 3300 Trajano,
2506 3232 2633 3303 quid
2666 3235 2804 3288 facto
2826 3248 2961 3303 opus
2986 3246 3134 3290 esset
3163 3253 3178 3291 :
3212 3239 3466 3292 nuntians
3499 3237 3571 3302 ei,

1993 3332 2193 3392 praeter
2224 3322 2643 3379 obstinationem
2680 3340 2786 3379 non
2832 3325 3191 3393 sacriﬁcandi,
3224 3336 3278 3381 et
3301 3330 3549 3383 anteluca

1994 3430 2093 3469 nos
2145 3424 2338 3481 cmtus,
2369 3416 2436 3470 ad
2489 3417 2788 3473 canendum
2839 3418 3050 3474 cuidam
3100 3417 3318 3476 Christo
3352 3433 3410 3477 ut
3440 3422 3573 3492 Deo,

1993 3507 2156 3578 709
2184 3507 2317 3562 nihil
2347 3508 2488 3577 apud
2524 3523 2618 3564 eos
2647 3510 2897 3578 reperiri.
2932 3510 3201 3567 Praeterea
3232 3508 3259 3550 ἀ
3286 3512 3349 3567 ad
3378 3528 3568 3569 conse-

1992 3599 2213 3653 rendam
2245 3598 2611 3669 disciplinam,
2644 3602 2813 3657 vetari
2848 3601 2915 3657 ab
2949 3601 3031 3657 his
3057 3603 3369 3671 homicidia,
3409 3603 3573 3669 furta,

1991 3688 2279 3756 adulteria,
2311 3690 2615 3757 latrocinia,
2646 3704 2700 3746 et
2742 3692 2829 3747 his
2878 3694 3095 3749 similia.
3130 3695 3213 3749 Ad
3267 3710 3386 3764 quae
3429 3711 3577 3751 com-

1991 3792 2169 3838 motus
2191 3782 2452 3851 Trajanus
2500 3784 2799 3852 rescripsit,
2830 3784 2937 3839 hoc
2964 3799 3133 3854 genus
3160 3786 3374 3855 quidem
3404 3787 3565 3841 homi~

1992 3890 2117 3930 num
2172 3874 2518 3944 inquirendos
2588 3889 2694 3929 non
2754 3888 2895 3941 esse,
2952 3876 3161 3930 oblatos
3210 3892 3339 3931 vero
3392 3880 3568 3946 pun'ri

1992 3974 2263 4035 oportere.

2062 4058 2372 4114 MESSALA
2416 4057 2505 4112 ET
2538 4056 2835 4113 PEDONE.

2064 4152 2291 4218 Quintus
2322 4150 2576 4206 Romana:
2611 4152 2868 4206 Ecclesia:
2901 4161 3092 4222 praeest
3124 4155 3453 4209 Ausnuozn
3476 4172 3572 4210 an-

1994 4260 2077 4299 ηις
2104 4260 2157 4299 Χ.

2064 4336 2418 4393 ᾹΞΜΙΙᾸΑΝΟ
2446 4336 2533 4389 ET
2570 4336 2869 4390 VETERE.

2063 4428 2344 4485 NIGRINO
2373 4427 2458 4481 ET
2482 4427 2898 4481 APRONIANO.

1915 4507 1961 4564 ί)
2059 4521 2263 4575 Plinius
2310 4521 2575 4576 secundus
2619 4519 3041 4573 Nurncomensis
3085 4518 3312 4589 insignis
3362 4532 3569 4585 orator,

368 4615 544 4670 Nerva
579 4615 767 4669 morbo
820 4615 981 4684 periit
1033 4616 1084 4670 in
1126 4615 1295 4669 hortis
1335 4614 1702 4677 Sallustianis,
1742 4628 1883 4665 anno
1988 4615 2115 4667 dum
2146 4612 2325 4667 invisit
2350 4612 2489 4680 apud
2521 4611 2830 4676 Vesuvium,
2876 4610 3074 4677 periit:
3120 4617 3174 4665 et
3203 4622 3311 4666 tres
3350 4611 3575 4671 Galatia:

304 4708 471 4761 relatis
516 4721 630 4762 suze
672 4722 836 4763 uxnt
861 4706 1024 4779 [Alias
1047 4707 1384 4781 xxcn],cum
1426 4707 1534 4777 jam
1588 4706 1879 4774 Trajanum
1989 4707 2232 4760 civitates
2260 4713 2568 4759 terrzemotu
2597 4704 2812 4757 excisa}.

305 4798 615 4868 adeptasset
643 4800 696 4854 in
727 4799 918 4853 (ilium.

2060 4795 2188 4850 Post
2209 4794 2440 4857 Justum,
2474 4794 2541 4849 IV
2569 4794 3034 4864 .Ierosnlymitante
3075 4796 3333 4851 Ecclesire
3361 4800 3573 4867 episco-

370 4889 670 4955 Ttuuuus,
701 4889 793 4957 XI,
820 4892 1067 4961 regnavit
1099 4903 1119 4930 ο
1153 4892 1311 4946 annis
1336 4908 1465 4946 xvttt
1508 4900 1562 4945 et
1609 4890 1883 4946 mensibus
1988 4896 2169 4957 patum
2199 4886 2422 4953 suscipit
2449 4885 2706 4940 Zachmus
2732 4902 2745 4938 :
2772 4895 2892 4956 post
2918 4902 3078 4957 quem
3107 4888 3323 4953 quintus
3347 4890 3571 4955 Tobias,

305 4990 533 5049 septem.
580 4979 846 5049 Trajauus
894 4982 1204 5051 Agrippinae
1253 4982 1305 5036 in
1352 4981 1543 5037 Galliis
1590 4982 1881 5051 imperator
1987 4977 2073 5033 cui
2101 4977 2336 5031 succedit
2369 4988 2553 5030 sextus
2600 4976 2899 5045 Benjamin,
2949 4992 3013 5031 ac
3056 4976 3253 5032 deinde
3304 4980 3570 5048 septimus

306 5070 498 5133 Iactus,
524 5080 677 5126 natus
696 5073 891 5128 Italica:
916 5072 968 5126 in
997 5074 1269 5141 llispauia.

371 5161 753 5216 SENECIONE
784 5163 847 5215 Ill
894 5164 980 5216 ET
1007 5163 1184 5218 SURA
1208 5164 1269 5219 II.

373 5256 706 5311 Terramotu
757 5258 897 5311 Asia:
922 5265 1172 5325 quatuor,
1206 5268 1259 5312 et
1289 5258 1406 5312 dua:
1447 5258 1670 5313 Graecia:
1724 5257 1883 5312 urbes

308 5346 600 5403 subversae.

375 5515 400 5543 ⁸
422 5506 479 5561 In
510 5506 710 5563 Chron.
744 5506 956 5562 Eusebii
979 5506 1307 5630 ptépemturia.

375 5575 401 5615 ι’
435 5579 489 5630 In
522 5577 732 5630 Eusebii
758 5578 985 5630 Chron..
1051 5576 1304 5629 Italctdtca

373 5575 401 5615 ι’
435 5579 489 5630 In
522 5577 732 5633 Eusebii
758 5571 988 5639 (Ἄποπις
1007 5571 1323 5630 Chalcidica.
1354 5573 1693 5639 Edit.Pont.,
1722 5571 1874 5627 Tem-

310 5648 448 5717 plum
478 5644 718 5703 Minervw
746 5648 1073 5703 Chalcidicw.

382 5728 403 5755 ο
433 5717 588 5785 Apud
634 5719 921 5775 Eusebium
969 5718 1123 5773 annis
1163 5716 1252 5785 19,
1281 5717 1555 5774 mensibus
1585 5717 1643 5787 7,
1672 5716 1723 5770 in
1757 5715 1875 5786 qui-

1984 5066 2241 5131 Joannes,
2283 5076 2501 5120 octavus
2548 5066 2818 5135 Matthias,
2860 5070 2913 5121 in
2956 5067 3109 5135 cujus
3161 5067 3339 5122 locum
3397 5084 3572 5123 nouus

1988 5157 2333 5213 constituitur
2365 5157 2660 5226 Philippus.

2059 5246 2289 5302 CLARO
2320 5247 2407 5302 ET
2436 5247 2876 5303 ALEXANDRO.

2062 5346 2105 5398 A
2118 5340 2370 5396 DRIANO
2404 5340 2489 5395 ET
2521 5338 2971 5396 SALINATORE.

1977 5497 2199 5553 busdam
2228 5494 2504 5550 codicibus
2532 5491 2584 5545 6.

2052 5566 2079 5603 ά
2112 5568 2239 5621 Mss.
2271 5567 2502 5636 quinque
2543 5561 2701 5618 CoI").
2729 5558 2929 5616 Chron.
2978 5559 3218 5630 Eusebii,
3272 5564 3339 5617 ad
3368 5565 3558 5635 confre-

1981 5640 2289 5693 dcrandum.
