4028 6176
308 378 311 381 ,
403 311 515 371 559

479 422 783 481 AliRlANO
812 421 853 475 11
887 419 971 472 ΕΤ
1005 416 1311 474 RUSTICO.

479 513 892 574 SERVILIANO
927 512 1010 565 ET
1044 510 1314 566 FULVIO.

484 610 597 663 IIoc
626 616 863 675 tempore
888 602 1057 659 Judaei
1089 606 1175 671 qui
1211 601 1456 672 iuLihyi
1489 609 1663 662 erant,
1714 608 1767 652 et
1814 598 1902 667 qui
1935 597 1987 649 in

408 700 667 771 igypto,
707 696 905 766 quique
933 694 1071 763 apud
1112 692 1377 763 Cyreuem
1412 701 1467 745 et
1494 688 1843 752 Thebaidem,
1890 686 1983 739 ad-

411 806 600 848 versus
621 787 1016 843 cohabitatores
1036 798 1163 838 suos
1187 798 1405 852 magnas
1433 782 1725 837 seditiones
1748 786 1985 832 movent.

480 881 679 939 Judzeis
708 887 733 916 ιι
765 875 1101 933 Alexandriae
1144 873 1547 937 rebellantibus,
1583 870 1843 939 Traianus
1894 869 1990 921 im-

410 984 627 1045 perator
658 971 831 1042 Lysia:
869 969 1062 1034 Quieto
1108 967 1382 1036 praecepit,
1418 972 1478 1018 ut
1521 978 1616 1017 eos
1658 977 1687 1015 c
1719 959 1990 1029 provincia

408 1065 796 1123 exterminaret
846 1080 859 1115 :
908 1061 1168 1115 adversus
1219 1072 1356 1126 quos
1404 1057 1628 1125 Quietus
1682 1053 1847 1108 aciem
1905 1053 1990 1105 in-

409 1167 645 1221 struens,
680 1152 883 1208 infinita
926 1165 1110 1205 eorum
1158 1148 1323 1202 millia
1371 1146 1661 1209 interfecit,
1693 1133 1844 1199 et’ob
1893 1143 1993 1197 hoc

408 1257 727 1321 procuratur
750 1245 951 1302 Judazre
981 1244 1047 1298 ab
1074 1244 1401 1310 imperatore
1427 1240 1753 1295 decernitur.

479 1340 809 1396 Salaminam
842 1339 1029 1393 urbem
1058 1335 1220 1408 Cypri
1254 1336 1565 1390 subvertere
1591 1331 1779 1387 Judmi.

479 1433 751 1502 Traianus
790 1432 843 1486 in
876 1430 1179 1491 Selinunte,
1230 1429 1363 1493 sive,
1398 1434 1455 1479 ut
1494 1424 1582 1478 alii
1621 1424 1819 1488 ferunt,
1854 1420 1992 1489 apud

409 1528 710 1595 Seleuciam
758 1523 976 1580 Isauria:
1025 1522 1295 1577 civitatem
1346 1520 1594 1583 moritur,
1645 1531 1787 1571 anno
1825 1516 1996 1569 relatis

410 1620 435 1661 ιι
467 1636 607 1676 LXIV.
638 1620 771 1673 Ossa
814 1616 930 1685 ejus
981 1616 1033 1669 in
1079 1627 1265 1668 urnam
1299 1624 1515 1666 auream
1562 1608 1795 1674 conlata,
1841 1613 1895 1659 et
1941 1605 1993 1659 in

412 1712 527 1768 1)Γο
558 1710 659 1765 sub
706 1708 955 1763 columna
1014 1706 1209 1776 posita,
1263 1703 1518 1772 solusque
1562 1700 1799 1755 omnium
1855 1696 1993 1750 intra

412 1805 612 1860 Urbem
640 1803 877 1871 sepultus
899 1809 1001 1856 est.

481 1897 775 1963 Annuaus,
811 1893 925 1961 XII,
958 1891 1203 1962 regnavit
1245 1888 1399 1943 annis
1439 1902 1550 1941 xxi.
1586 1885 1680 1939 llic
1711 1883 1909 1938 Italica:
1939 1882 1991 1936 in

421 1988 673 2058 Hispania
705 1994 882 2051 natus,
917 1983 1255 2038 consobrina:
1283 1979 1500 2049 Traiani
1534 1978 1676 2032 filius
1699 1976 1815 2030 fuit.

485 2079 669 2133 VERO
701 2077 790 2131 ET
829 2072 1202 2132 AUCURINO.

485 2169 739 2227 AVIOLA
772 2168 858 2223 ET
887 2166 1130 2223 I-‘ANSA.

484 2265 714 2321 Senatus
744 2260 1033 2329 Trajanum
1064 2259 1117 2312 in
1149 2258 1277 2313 deos
1308 2256 1493 2321 refert,
1527 2264 1580 2310 et
1614 2254 1876 2309 Adrianus
1905 2268 1994 2308 re-

420 2360 563 2428 liqua
592 2356 915 2410 tributorum
942 2352 1160 2407 urbibus
1184 2352 1417 2415 relaxat,
1446 2349 1646 2404 chartis
1680 2348 1888 2418 publice
1911 2347 1995 2400 in-

418 2449 617 2512 censis,
650 2444 1016 2516 plurimosque
1048 2441 1178 2512 ipsis
1208 2441 1419 2495 tributis
1449 2440 1646 2494 liberos
1674 2438 1817 2493 facit.

486 2539 756 2596 Adrianus
783 2535 1001 2591 Judaeos
1031 2534 1193 2604 capit,
1233 2532 1472 2588 secundo
1500 2531 1758 2587 adversus
1803 2530 1999 2584 Roma-

415 2645 515 2687 nos
549 2630 893 2685 rebellantes.

490 2720 807 2777 PATERNO
839 2719 925 2773 ET
969 2714 1361 2782 TORQUATO.

488 2811 883 2870 GLABRIONE
918 2809 1004 2863 ET
1032 2806 1446 2863 APRONIANO.

494 2906 699 2960 Bellum
723 2912 929 2973 gestum
957 2907 1142 2955 contra
1170 2896 1464 2952 Sarmatas.

490 2996 747 3050 Romana:
780 2990 1035 3047 Ecclesia:
1058 2988 1126 3045 VI
1153 2990 1520 3058 episcopatum
1551 2988 1773 3056 suscipit
1804 2986 1999 3041 thrus

426 3102 447 3128 ε
481 3088 633 3142 annis
657 3102 731 3141 ιχ.
1044 3154 1047 3157 Ἴ

494 3179 836 3237 Alexandriae
862 3175 904 3227 V
934 3174 1217 3243 episcopus
1244 3173 1522 3228 ordinatur
1544 3173 1747 3229 Justus.

499 3268 808 3325 ASIATICO
842 3266 925 3319 ET
954 3263 1343 3333 QUINTILLO.

496 3358 787 3429 Cephissus
839 3356 1033 3410 ﬂuvius
1085 3356 1393 3410 Eleusin'tm
1456 3355 1731 3409 inundavit
1780 3373 1791 3407 :
1844 3370 2002 3424 quem

429 3451 695 3508 Adrianus
722 3455 884 3517 ponte
918 3447 1270 3516 coniungens,
1295 3446 1518 3500 Athenis
1545 3447 1775 3501 hiemem
1805 3446 2005 3513 exegit.

498 3542 663 3615 710
690 3539 875 3594 VERO
902 3537 988 3592 ET
1019 3535 1349 3592 AMBIGUO.

497 3629 889 3687 GALLICANO
922 3628 1011 3682 ET
1041 3627 1334 3681 TITIANO.

499 3722 851 3791 Jerusolymis
880 3728 1000 3790 post
1030 3718 1333 3787 Philippum
1362 3717 1705 3773 constituitur
1736 3718 1776 3772 Χ
1804 3719 2011 3786 cpisco—

432 3832 527 3885 pus
558 3814 793 3878 Seneca;
827 3819 948 3881 post
984 3824 1143 3879 quem
1187 3809 1255 3862 XI
1289 3809 1501 3872 Justus;
1536 3810 1619 3863 cui
1648 3811 1887 3863 succedit
1916 3810 2007 3864 XII

433 3906 593 3969 Levi;
626 3913 747 3974 post
774 3917 930 3973 quem
959 3899 1078 3955 XIII
1115 3900 1349 3966 Ephres;
1380 3899 1494 3954 XIV
1528 3899 1760 3968 Ioseph;
1796 3901 1886 3954 XV
1914 3900 2007 3954 Ju-

433 3998 548 4052 das.
572 3996 633 4049 lli
657 4008 846 4048 omnes
864 4006 1030 4060 usque
1053 3990 1118 4043 ad
1141 3991 1499 4057 eversionem,
1525 4005 1682 4057 quam
1709 4005 1803 4059 per
1827 3991 2016 4044 Adria-

434 4102 561 4142 num
594 4083 889 4139 Jerusalem
914 4094 1071 4151 passa
1104 4092 1207 4148 εει,
1238 4096 1302 4134 cx
1335 4081 1744 4136 circumcisione
1773 4083 2013 4152 episcOpi

440 4176 785 4247 praefuerant.

414 4273 420 4297 '
507 4268 841 4321 Terrtemotu
894 4261 1199 4317 Nicomedia
1235 4264 1361 4329 ruit,
1402 4272 1456 4315 et
1495 4264 1685 4316 Nicmze
1719 4265 1864 4319 urbis
1896 4266 2019 4335 plu-

440 4360 577 4415 rima
608 4373 622 4411 :
652 4356 717 4411 ad
748 4370 971 4426 quarum
1018 4353 1459 4408 instaurationem
1497 4354 1766 4408 Adrianus
1807 4357 1874 4411 de
1914 4373 2016 4427 pu-

437 4453 579 4526 blico
604 4457 687 4505 est
712 4449 932 4518 largitus
956 4447 1250 4516 impensas.

506 4541 878 4610 TORQUATO
906 4539 994 4595 ET
1025 4538 1289 4594 LIBONE.

509 4632 732 4688 CELSO
762 4631 849 4685 ET
876 4627 1331 4685 MARCELLINO.

511 4720 855 4779 CATULINO
887 4720 972 4775 ET
1002 4720 1205 4775 APRO.

509 4811 852 4870 PONTIANO
880 4811 966 4866 ET
995 4810 1274 4867 RUFINO.

403 4944 405 4947 ι
509 4912 656 4969 Finis
679 4912 815 4982 eycli
845 4909 1026 4979 primi,
1055 4919 1109 4963 et
1137 4910 1411 4979 sequentis
1437 4911 1743 4966 exordium.

509 5005 814 5074 Quadratus
863 5000 1155 5071 discipulus
1209 5002 1597 5070 apostolorum,
1650 5010 1706 5055 et
1753 5000 2017 5055 Aristides

442 5092 627 5154 noster
668 5093 1037 5165 philosophus,
1086 5092 1251 5147 libros
1282 5107 1379 5161 pro
1406 5094 1710 5148 Christiana
1759 5092 2018 5163 religione

440 5190 767 5259 compositos
794 5185 1033 5241 edidere.

510 5279 749 5337 Serenus
778 5276 1010 5334 Granius
1039 5277 1122 5332 vir
1161 5277 1402 5346 apprime
1436 5276 1652 5341 nobilis,
1700 5277 1906 5331 litteras
1951 5278 2016 5331 ad

439 5372 818 5428 imperatorem
850 5370 1014 5435 misit,
1048 5368 1286 5439 iniquum
1319 5383 1438 5423 esse
1465 5369 1647 5423 dicens
1686 5368 2016 5423 clamoribus

512 5534 536 5562 ἰ
567 5525 1061 5595 ApudEusebium,
1115 5535 1222 5579 tam
1273 5526 1323 5579 in
1376 5541 1503 5580 mss.
1548 5525 1704 5580 Coll).
1755 5526 2010 5595 quinque,

437 5596 663 5663 quamin
682 5594 811 5648 edit.
838 5596 1015 5658 Punt.,
1042 5595 1437 5663 MrsOpotamiw,
1458 5604 1550 5648 aut
1572 5594 2015 5661 Mesopotamiam.

512 5662 536 5700 δ
556 5665 608 5717 In
625 5662 825 5719 Chron.
846 5667 1058 5720 Eusebii
1086 5662 1211 5720 edit.
1233 5667 1384 5719 Punt.
1401 5674 1452 5720 et
1468 5682 1594 5721 mss.
1616 5666 1821 5721 duobus
1839 5665 2014 5732 Colb.,

436 5729 527 5789 65.
559 5734 683 5788 Mss.
712 5744 847 5799 tres,
874 5736 961 5788 75.

1633 298 1687 353 s.
1732 296 2063 353 muscam
2106 295 2433 365 aeuum

2012 420 2059 477 Α
2092 414 2229 482 vulgi
2267 412 2628 467 innocentium
2679 410 2949 465 hominum
2996 407 3305 477 sanguian
3346 406 3592 468 concedi,
3626 412 3684 462 et

2026 1790 2073 1850 B

3565 287 3681 346 560

2089 506 2204 559 sine
2232 506 2342 559 ullo
2365 505 2614 568 crimine,
2640 503 2872 557 nominis
2900 512 3101 555 tantmn
3127 510 3178 553 et
3201 508 3360 553 saeue
3386 514 3506 553 reus
3534 499 3679 553 fieri.

2090 597 2293 663 Quibus
2324 608 2628 651 commotus
2657 594 2947 661 Adrianus,
2981 592 3212 649 Minutio
3260 590 3519 646 Fundano
3552 606 3682 659 pro-

2090 688 2296 743 consuli
2328 688 2469 741 Asia:
2514 686 2736 750 scribit,
2778 685 2896 739 sine
2936 685 3149 751 obiectu
3181 683 3466 738 criminum
3513 681 3683 736 Chri-

2091 782 2295 834 stianos
2324 796 2429 834 non
2460 777 2921 835 condemnandus.
2952 776 3115 844 Cujus
3146 776 3386 845 epistola:
3415 788 3587 843 usque
3613 772 3682 827 ad

2092 882 2330 928 nostram
2360 874 2672 928 memoriam
2701 871 2856 926 durat
2878 869 3205 937 exemplum.

2168 964 2518 1022 AUGURINO
2549 966 2636 1020 ET
2663 963 3023 1019 SERGIANO.

2163 1059 2440 1114 TIBERIO
2474 1058 2560 1113 ET
2592 1056 2861 1113 SILANO.

2172 1152 2355 1207 Romzn
2386 1152 2475 1207 VII
2523 1151 2809 1221 episcopus
2855 1148 3135 1205 ordinatur
3183 1146 3549 1214 Telesphorus
3588 1160 3679 1197 an.

2100 1242 2183 1297 nis
2214 1259 2287 1297 xl.

2168 1335 2527 1391 Antiochenre
2557 1333 2817 1389 Ecclesia:
2849 1331 2916 1385 IV
2946 1330 3239 1401 prarﬁeitur
3266 1325 3575 1383 Cornelius.

2170 1425 2519 1482 SERGIANO
2550 1424 2593 1479 11
2624 1425 2711 1480 ET
2738 1424 2943 1480 VERO.

2168 1518 2564 1575 POMPEIANO
2714 1515 3061 1571 ATILIANO.

2169 1610 2549 1666 Alexandrina:
2578 1608 2832 1665 Ecclesiae
2859 1607 2924 1661 Vl
2958 1614 3153 1674 prrecst
3180 1604 3465 1663 Eumenes.

2172 1700 2559 1755 POMPEIANO
2589 1700 2630 1754 11
2664 1700 2747 1755 ET
2776 1697 3128 1754 COMMODO.

2169 1791 2399 1846 L/ELIO
2438 1791 2524 1846 ET
2556 1789 2822 1845 ALBINO.

2168 1881 2341 1937 Judaei
2368 1883 2420 1937 in
2452 1898 2599 1936 arma
2632 1882 2794 1946 versi,
2828 1881 3167 1935 Palaestinam
3194 1878 3503 1948 depopulati
3539 1890 3680 1943 sunt,

2101 1982 2312 2028 tenente
2345 1972 2674 2042 provinciam
2712 1973 2899 2027 Tmnio
2946 1970 3083 2024 Rufo
3114 1989 3125 2023 :
3162 1971 3245 2024 cui
3276 1971 3342 2024 ad
3374 1972 3685 2040 0pprimen~

2100 2064 2195 2118 dos
2223 2065 2454 2119 rebelles
2483 2064 2746 2118 Adrianus
2773 2063 2917 2116 misit
2947 2063 3267 2118 exercitum.

2170 2156 2526 2212 CAMERINO
2558 2158 2642 2211 ET
2675 2156 2904 2211 NIGRO.

2172 2250 2433 2305 Basilides
2459 2249 2847 2305 hmrcsiarches
2875 2247 2927 2301 in
2952 2247 3272 2302 Alexandria
3298 2255 3683 2313 commoratur,

2100 2357 2127 2394 a
2158 2359 2259 2409 quo
2291 2342 2552 2395 Gnostici.
2581 2341 2692 2395 Iloc
2713 2350 2889 2394 autem
2922 2339 3177 2393 Basilides
3200 2339 3426 2393 distabat
3448 2354 3478 2393 a
3502 2339 3684 2395 Simu-

2102 2435 2184 2487 nis
2214 2433 2482 2502 dogmate,
2511 2431 2651 2500 quod
2682 2447 2885 2486 ccccxv
2911 2431 3079 2485 cmlos
3117 2445 3237 2486 esse
3261 2430 3538 2495 credebat,
3583 2447 3687 2500 qua

2103 2540 2324 2579 numero
2355 2524 2561 2579 dierum
2593 2538 2765 2577 annus
2801 2522 3112 2577 includitur.
3141 2522 3296 2577 Unde
3323 2522 3483 2577 etiam
3533 2525 3685 2592 qua~i

2101 2623 2339 2667 sanctqu
2391 2628 2583 2667 nomen
2632 2613 3064 2677 commendabat,
3097 2612 3238 2682 quod
3289 2622 3372 2666 est
3422 2628 3685 2677 sanans,

2102 2706 2221 2774 quia
2251 2704 2406 2773 hujus
2439 2703 2669 2758 nominis-
2694 2704 2906 2768 litterae,
2938 2703 3229 2758 secundum
3257 2703 3684 2771 supputationem

2103 2797 2362 2861 Grrecam,
2397 2796 2643 2851 eumdem
2682 2811 2962 2866 numerum
2992 2796 3281 2865 complent.
3323 2794 3566 2851 Gnostici
3597 2810 3686 2849 au-

2103 2898 2208 2941 tem
2230 2905 2257 2943 a
2293 2890 2710 2958 praesumptione
2740 2888 3141 2945 excellentioris
3162 2888 3401 2945 scientia:
3429 2888 3687 2943 nominati

2101 2988 2247 3045 sunt,
2282 2994 2415 3046 quos
2457 2979 2675 3049 quidam
2710 2979 3020 3033 Borboritas
3066 2986 3282 3045 vocant,
3323 2978 3474 3048 quasi
3500 2993 3687 3034 easno-

2104 3083 2215 3136 sos,
2259 3078 2475 3139 propter
2520 3070 2739 3124 nimiam
2802 3069 3188 3139 turpitudinem
3259 3084 3416 3139 quam
3474 3070 3525 3124 in
3580 3071 3689 3125 suis

2029 3153 2074 3215 C
2108 3163 2377 3232 mysteriis
2408 3176 2663 3217 exercere
2691 3162 2957 3216 dicuntur.
2990 3162 3231 3216 Tradunt
3258 3171 3432 3216 autem
3480 3161 3689 3218 fabulo-

2108 3252 2334 3305 sissimis
2388 3252 2635 3322 dogmata
2688 3252 2845 3322 plena
2893 3253 3177 3322 figmentis.
3210 3252 3524 3307 Animarum
3567 3253 3692 3307 sub.

2106 3343 2356 3396 stantiam
2396 3343 2580 3397 dicunt
2629 3343 2721 3397 Dei
2768 3358 2889 3399 esse
2922 3355 3166 3397 naturam
3213 3361 3227 3399 :
3273 3343 3441 3399 Deum
3480 3359 3693 3414 quoque

2115 3435 2312 3489 bonum
2343 3447 2397 3490 et
2445 3438 2609 3491 Deum
2644 3437 2838 3491 malum
2885 3439 3042 3509 711
3092 3436 3145 3492 in
3199 3451 3296 3492 sua
3342 3437 3694 3507 perhibentur

2110 3528 2313 3583 habere
2342 3529 2608 3586 doctrina.

2183 3622 2580 3685 Barcochebas,
2608 3623 2719 3677 dux
2754 3622 3087 3686 Judaaorum,
3114 3622 3356 3676 noientes
3382 3622 3481 3675 sibi
3510 3620 3693 3674 adver-

2111 3731 2200 3770 sus
2228 3717 2528 3771 Romanum
2560 3716 2784 3771 militem
2827 3715 2967 3771 ferre
3012 3716 3336 3782 subsidium,
3371 3714 3694 3767 omnimodis

2109 3808 2441 3864 cruciatibus
2469 3818 2644 3864 necat.
2697 3808 2901 3862 Bellum
2930 3807 3232 3871 Judaicum,
3260 3808 3400 3877 quod
3433 3807 3483 3859 in
3529 3806 3696 3860 Palm-

2113 3904 2250 3955 stina
2274 3905 2579 3971 gerebatur,
2632 3902 2790 3954 linem
2820 3899 2980 3955 rebus
3006 3899 3314 3955 Judmorum
3342 3898 3523 3968 posuit
3550 3899 3695 3966 peni-

2116 4006 2201 4047 tus
2230 3995 2522 4064 Oppressis.
2577 3994 2655 4048 Ex
2688 4008 2792 4063 quo
2821 4003 3063 4061 tempore
3093 3994 3254 4046 etiam
3286 3990 3588 4045 introeundi
3621 3990 3695 4043 eis

2115 4087 2506 4155 Jerosolymam
2540 4086 2753 4141 licentia
2795 4084 2971 4139 ablata
3002 4092 3114 4149 est;
3157 4083 3387 4152 primum
3419 4082 3516 4136 Dei
3546 4091 3693 4145 nutu,

2118 4179 2259 4231 sicut
2288 4177 2559 4247 prophetae
2601 4176 2873 4231 vaticinati
2904 4186 3048 4241 sunt,
3098 4175 3291 4231 deinde
3333 4174 3695 4229 Romanorum

2119 4268 2602 4323 interdictionibus.

2190 4359 2539 4415 ANTONINO
2573 4360 2658 4414 ET
2690 4358 3098 4416 PRESENTE.

2191 4453 2544 4524 Jerosolymis
2575 4454 2781 4523 primus
2825 4468 2891 4506 ex
2926 4451 3177 4521 gentibus
3216 4449 3563 4505 constituitur
3590 4449 3700 4517 epi-

2043 4518 2097 4578 D
2121 4563 2315 4617 scapus
2338 4548 2565 4611 Marcus,
2583 4546 2919 4602 cessantibus
2941 4545 3024 4598 his
3044 4546 3132 4614 qui
3155 4543 3370 4600 fuerant
3390 4558 3457 4598 ex
3478 4542 3699 4599 Judazis.

2192 4639 2535 4695 ANTONINO
2566 4640 2608 4693 11
2641 4639 2728 4693 ET
2759 4636 3147 4695 PRESENTE
3177 4636 3240 4691 II.

2192 4730 2467 4788 SEVERO
2494 4730 2582 4784 ET
2613 4730 2927 4787 SILVANO.

2193 4826 2334 4881 {Elia
2380 4827 2447 4881 ab
2491 4826 2639 4882 )Elio
2679 4828 2915 4883 Adriano
2948 4826 3161 4883 condita
3208 4835 3313 4892 est,
3360 4824 3499 4879 etin
3535 4823 3701 4877 fronte

2123 4919 2240 4989 eius
2283 4928 2469 4990 portae,
2513 4936 2615 4988 qua
2650 4921 2927 4976 Bethleem
2972 4921 3299 4992 egredimur,
3343 4931 3436 4971 sus
3467 4917 3703 4984 sculptus

2121 5011 2176 5065 in
2206 5025 2495 5076 marmore,
2527 5011 2833 5081 significans
2860 5012 3113 5067 Romana:
3146 5009 3392 5078 potestati
3425 5007 3702 5073 subiacere

2122 5100 2361 5156 .Iudmos.

2196 5191 2460 5245 Adrianus
2490 5196 2627 5260 apud
2666 5193 2817 5246 Baias
2862 5192 3087 5247 moritur
3118 5191 3289 5259 major
3328 5206 3389 5243 LV
3418 5201 3699 5241 annorum.

2191 5280 2497 5337 Aaroutuus
2513 5283 2680 5337 Tn'us
2697 5292 3057 5352 eugnomento
3089 5279 3238 5343 Pius,
3263 5277 3399 5343 Xlll,
3420 5292 3539 5331 cum
3581 5275 3701 5328 ﬁliis

2123 5371 2410 5426 Aurelioet
2423 5372 2585 5426 Lucio
2599 5374 2840 5442 regnavit
2860 5373 3017 5425 annis
3038 5369 3066 5407 ἀ
3092 5384 3203 5425 χχιι
3233 5378 3287 5425 et
3312 5366 3588 5423 mensibus
3622 5376 3700 5417 ιιι.

2205 5543 2226 5570 ο
2260 5533 2312 5585 1η
2345 5534 2565 5589 Eusebii
2596 5534 2827 5598 Chron.,
2856 5534 3008 5587 armis
3035 5532 3122 5587 I0.

2201 5599 2224 5637 ά
2256 5601 2309 5656 lu
2342 5605 2467 5659 edit.
2527 5606 2704 5665 Punl.,
2734 5596 2825 5665 ‘25.
2861 5620 3019 5656 mens.
3052 5607 3106 5658 5.
3157 5600 3215 5656 In
3245 5616 3349 5656 ms.
3389 5596 3544 5655 Colb.
3574 5607 3700 5663 uno,

2128 5682 2277 5727 armis
2306 5675 2394 5731 ‘25.
2419 5674 2521 5730 Alii
2556 5683 2610 5730 ut
2647 5679 2697 5730 in
2732 5683 2877 5730 textu
2909 5684 3109 5729 uestro.
