3978 6178
323 280 409 338 5H
1522 272 1909 328 CIIRONICUM
1953 272 2322 328 INTEGRUJI.

1888 390 1940 445 A
2038 386 2268 443 LARGO
2299 385 2387 441 ET
2420 383 2827 441 HESSALINO.

381 390 624 449 RUFINO
655 390 739 445 ET
768 390 1143 458 TORQUATO

377 482 553 537 Roma:
582 479 690 534 VIII
718 482 1001 550 episcOpus
1027 480 1307 533 ordinatur
1337 478 1569 535 Ilvctsus
1608 477 1761 531 annis
1789 493 1859 531 tv.

376 571 736 638 TORQUATO
768 570 806 624 Il
837 571 926 625 ET
959 569 1255 625 HERODE.

298 696 303 701 ι
374 662 621 718 AVIOLA
651 660 739 715 ET
768 659 1062 716 MAXIMO.

372 757 669 810 Antoninus
698 761 848 822 paler
876 750 1060 821 patria:
1089 750 1413 821 appellatur.

372 854 398 883 ⁸
431 844 738 900 Valentinus
794 842 1221 902 hzeresiarcbes.
1276 851 1332 896 et
1384 839 1555 897 Cerdo
1611 837 1864 907 magister
1928 900 1933 905 ⁴

304 936 576 992 Marcionis
617 935 842 991 Romam
887 943 1174 989 venerunt.
1207 932 1521 987 Valentinus
1559 928 1629 985 de
1674 938 1861 982 natura

304 1042 474 1081 rerum
504 1025 665 1080 multa
684 1024 926 1080 fabulosa
954 1024 1235 1089 confinxit,
1260 1035 1508 1077 asserens
1526 1036 1627 1073 xxx
1656 1031 1858 1085 ιεοηειε,

302 1117 349 1171 id
375 1126 456 1173 est
480 1116 697 1179 saecula,
720 1116 1016 1181 exstitisse,
1042 1128 1268 1185 quorum
1298 1112 1367 1166 sit
1394 1110 1705 1180 principium
1731 1108 1861 1163 Pio-

302 1209 505 1263 fundum
528 1220 582 1263 et
603 1208 908 1272 Silentium,
933 1206 1076 1276 quod
1100 1204 1428 1260 Profundum
1457 1204 1614 1257 etiam
1648 1201 1857 1255 Patrem

299 1299 539 1367 appellat.
567 1297 932 1352 Cerdonianus
959 1311 1088 1351 vero
1110 1296 1216 1350 duo
1244 1293 1498 1363 principia
1528 1292 1627 1347 sibi
1666 1292 1858 1344 adver-

298 1392 458 1445 santia
482 1372 826 1459 dogmatizat,
845 1390 1225 1457 dominumque
1247 1389 1378 1456 legis
1399 1400 1461 1439 ac
1479 1385 1856 1453 prophetarum

298 1495 395 1534 non
419 1494 541 1534 esse
571 1479 781 1533 Patrem
812 1478 1034 1542 Christi,
1057 1492 1157 1530 nec
1182 1479 1377 1529 bonum
1403 1489 1522 1528 esse
1548 1475 1736 1537 Deum,
1762 1473 1857 1527 sed

295 1572 513 1639 justum;
570 1577 772 1639 patrem
822 1584 952 1623 vero
1000 1566 1201 1621 Christi
1242 1566 1463 1620 bonum.
1516 1563 1591 1617 Es
1638 1564 1852 1631 quibus,

296 1660 510 1715 duorum
540 1660 685 1713 velut
713 1674 781 1714 ex
826 1656 1095 1727 conjugio,
1133 1656 1459 1723 processisse
1493 1654 1740 1723 perhibet
1768 1652 1851 1707 in-

3449 260 3559 316 562

2036 478 2410 545 TORQUATO
2436 476 2504 531 III
2534 477 2619 531 ET
2645 473 2949 531 JULIANO.

2036 568 2374 624 Alexandria:
2397 567 2490 621 VII
2517 568 2881 635 episcopatum
2906 564 3127 634 suscrpit
3148 562 3380 621 Marcus.

1923 663 1939 679 '
2034 660 2335 717 ORPIIITO
2366 660 2450 715 ΕΤ
2480 658 2742 714 PRISCO.

2034 750 2423 807 GLABRIONE
2455 749 2542 804 ET
2572 748 2875 803 VETERE.

2034 841 2385 897 GORDIANO
2416 840 2503 894 ET
2530 838 2819 893 MAXIMO.

2033 930 2421 985 GLABRIONE
2455 930 2495 984 II
2525 930 2614 983 ET
2644 927 2947 982 ROMULO.

2034 1020 2413 1077 PRIESENTE
2446 1019 2533 1073 ET
2565 1016 2838 1072 RUFINO.

2031 1110 2361 1165 COMMODO
2390 1110 2476 1163 ET
2508 1107 2896 1163 LATERANO.

2034 1204 2218 1257 VERO
2247 1202 2336 1256 ET
2369 1199 2637 1256 SABINO.

2030 1293 2324 1349 SILVANO
2356 1292 2443 1346 ET
2469 1290 2847 1347 AUGURINO.

2030 1385 2355 1441 BARBARO
2385 1384 2473 1439 ET
2499 1383 2799 1440 REGULO.

2030 1474 2406 1531 Alexandrina:
2434 1474 2692 1529 Ecclesia:
2717 1472 2829 1527 VIII
2857 1470 3069 1541 prmfuit
3096 1469 3371 1527 Celadion.

2028 1565 2395 1623 TERTULLO
2426 1566 2514 1620 ET
2553 1564 2986 1622 SACERDOTE.

2027 1656 2290 1713 Crescens
2319 1655 2551 1727 Cynicus
2579 1657 2631 1709 in
2661 1655 2829 1709 nostri
2855 1653 3117 1722 dogmatis
3141 1649 3518 1721 philosophum

295 1752 561 1806 tellectnm
590 1761 642 1806 et
670 1724 966 1815 veritatem,
992 1724 1051 1804 et
1078 1747 1362 1817 protulisse
1391 1762 1570 1802 :eonas
1600 1755 1739 1801 octo.
1780 1746 1853 1799 De
1885 1724 1930 1782 Β
1957 1748 2245 1812 Iustinum,
2274 1763 2301 1799 a
2328 1724 2433 1816 quo
2462 1745 2530 1798 ob
2561 1744 2777 1799 nimiam
2801 1743 2976 1811 gulam
3006 1738 3389 1809 praevaricator
3413 1738 3532 1805 pln-

293 1842 562 1896 intellectu
589 1852 643 1896 et
680 1842 955 1895 voluntate
986 1838 1313 1909 processisse
1348 1837 1603 1903 Verbum,
1645 1847 1701 1893 et
1728 1852 1855 1907 pro-

294 1931 468 1985 tulisse
492 1945 677 1985 azonas
704 1930 908 1985 decem.
942 1930 1111 1984 Porro
1137 1928 1203 1983 de
1222 1928 1399 1983 Verbo
1424 1935 1479 1981 et
1501 1926 1605 1981 vita
1641 1943 1855 1996 proces-

291 2023 416 2076 sisse
446 2023 741 2088 hominem,
772 2031 826 2078 et
854 2023 1146 2077 Ecclesium
1179 2021 1462 2091 protulisse
1492 2035 1672 2075 manas
1716 2020 1852 2073 duo-

291 2112 474 2166 decim.
532 2112 717 2183 Itaque
757 2128 847 2166 vut
890 2122 942 2167 et
984 2130 1015 2165 ι
1057 2121 1112 2167 et
1150 2127 1223 2165 xu
1266 2111 1379 2165 fieri
1423 2112 1603 2165 tricies
1649 2124 1850 2175 arenas,

290 2201 535 2257 habentes
588 2203 899 2271 principium
946 2203 1013 2257 de
1063 2202 1329 2255 Proluudo
1374 2212 1428 2255 et
1479 2202 1545 2254 de
1603 2201 1849 2255 Silentia.

288 2292 549 2347 CbriStum
581 2304 755 2347 autem
784 2310 813 2347 a
845 2294 1002 2347 Patre
1030 2294 1273 2357 missum,
1306 2292 1354 2346 id
1390 2301 1474 2346 est
1499 2308 1528 2345 a
1556 2290 1850 2355 Profumlo,

290 2386 517 2453 spiritale
557 2386 641 2439 vel
685 2386 904 2441 cmleste
934 2400 1128 2451 corpus
1168 2400 1347 2439 secum
1392 2384 1633 2438 attulisse
1678 2399 1690 2436 :
1722 2382 1853 2436 nihil

289 2479 639 2547 assuzrpsisse
668 2478 735 2531 de
766 2477 981 2545 Virgine
1022 2476 1217 2542 Maria;
1265 2477 1358 2531 sed
1387 2491 1480 2545 per
1512 2476 1678 2539 illam,
1714 2481 1858 2530 tam—‘

288 2583 431 2634 quam
475 2584 578 2635 per
619 2566 786 2620 rivum
830 2576 922 2620 aut
966 2566 1217 2631 fistulam,
1247 2566 1364 2621 sine
1406 2568 1511 2621 ulla
1542 2567 1610 2621 de
1665 2567 1849 2620 eadem

287 2668 476 2727 sumpta
519 2673 691 2711 carne
716 2658 989 2711 transisse.
1020 2657 1187 2725 Negat
1217 2658 1378 2711 etiam
1418 2658 1577 2728 712
1609 2673 1852 2711 resurre-

288 2750 504 2802 ctionem
555 2747 753 2816 carnis,
804 2747 976 2801 solum
1026 2763 1121 2816 per
1154 2748 1421 2802 Christum
1474 2750 1716 2816 Spiritum
1766 2750 1852 2803 vel

288 2837 503 2891 animam
536 2836 769 2892 salutem
811 2837 1055 2906 accipere
1098 2836 1393 2893 afﬁrmans.
1418 2836 1445 2877 δ
1474 2837 1852 2909 Christumque

293 2930 447 2997 ipsum
476 2944 657 3000 neque
683 2940 861 2984 natum
889 2944 955 2984 ex
985 2928 1206 2995 femina,
1250 2946 1423 3000 neque
1450 2931 1699 2986 habuisse
1724 2946 1847 2986 car-

292 3034 417 3084 nem,
450 3035 557 3075 nec
588 3035 715 3075 vero
740 3030 1026 3083 mortuum,
1055 3019 1140 3074 vel
1167 3020 1454 3089 quidquam
1484 3036 1722 3087 passum,
1752 3022 1844 3076 sed

292 3110 563 3166 simulasse
584 3111 905 3178 passionem.
926 3108 1148 3176 Quidam
1170 3124 1261 3164 eos
1282 3110 1332 3164 in
1348 3110 1556 3166 duobus
1578 3110 1848 3179 principiis
1877 3089 1920 3151 C

290 3200 385 3253 suis
409 3200 479 3255 ita
510 3202 654 3255 duos
684 3200 965 3269 perhibent
990 3199 1121 3253 deos
1156 3199 1357 3265 dicere,
1387 3210 1445 3254 ut
1484 3214 1619 3254 unus
1661 3216 1847 3255 eorum

288 3290 347 3341 sit
372 3289 570 3351 bonus.
603 3289 741 3343 alter
763 3298 939 3344 autem
973 3290 1163 3342 malus.
1212 3288 1678 3345 Resurrectiunetn
1708 3304 1851 3343 mur-

287 3390 484 3434 tuorum
516 3389 742 3449 negant,
762 3391 1076 3448 Spernentes
1099 3396 1292 3435 novum
1314 3380 1741 3436 Testamentum.

350 3469 588 3534 Marcion
616 3485 844 3540 quoque,
874 3486 902 3523 a
933 3486 1038 3538 quo
1064 3470 1387 3525 Marcionita:
1421 3471 1693 3540 appellati,
1721 3469 1851 3524 Cer-

286 3562 428 3619 donis
457 3562 656 3634 dogma
687 3573 922 3617 sectatus
943 3577 1044 3628 eSt,
1072 3563 1173 3617 hoc
1210 3563 1490 3632 adjiciens,
1522 3574 1577 3617 ut
1608 3581 1711 3619 non
1741 3564 1851 3617 duo

287 3662 503 3719 tantum,
532 3651 634 3707 sed
666 3652 763 3705 tria
795 3662 1063 3707 assereret
1090 3668 1211 3708 esse
1238 3655 1518 3723 principia,
1551 3669 1713 3707 unum
1742 3653 1849 3707 sci-

287 3740 401 3795 licet
447 3742 685 3805 bonum,
750 3743 974 3795 alterum
1026 3744 1260 3811 justum,
1318 3744 1531 3797 tertium
1601 3760 1844 3811 pravum.

287 3833 526 3897 Quamvis
588 3831 732 3886 tertii
762 3832 1005 3902 principii
1030 3844 1297 3888 auctorem
1341 3834 1554 3899 quidam
1600 3835 1847 3889 Sirenum

287 3923 582 3990 quemdam,
611 3922 789 3991 potius
809 3938 969 3991 quant
995 3923 1311 3978 Marcionem
1339 3923 1501 3979 fuisse
1524 3926 1847 3979 existiment.

350 4012 697 4068 ANTONINO
728 4013 795 4067 III
823 4014 909 4067 ET
938 4012 1260 4069 AURELIO.

352 4104 583 4160 CRATO
618 4105 705 4160 ET
732 4104 1066 4162 SELEUCO.

351 4196 533 4252 Roma:
559 4197 633 4252 IX
664 4198 944 4266 episcopus
969 4199 1249 4253 ordinatur
1278 4200 1396 4253 Pius
1423 4212 1443 4238 ο
1480 4203 1631 4256 annis
1659 4220 1743 4256 xv.

353 4286 461 4342 IIoc
520 4298 765 4357 tempore
810 4288 1050 4344 Justinus
1108 4291 1455 4361 philosophus
1509 4294 1701 4347 librum
1757 4313 1854 4363 pro

286 4387 454 4431 nostra
502 4379 768 4451 religione
815 4382 1176 4451 conscriptum
1216 4384 1489 4440 Antonino
1539 4387 1849 4456 imperatori

288 4469 514 4523 tradidit.

349 4560 653 4616 Antiochia":
682 4561 724 4617 V
750 4561 1030 4633 episcopus
1058 4566 1402 4621 constituitur
1432 4567 1625 4623 Ileros.

348 4655 695 4712 ANTONINO
720 4655 785 4712 IV
819 4657 907 4712 ET
934 4657 1234 4714 AURELIO
1258 4658 1323 4715 II.

352 4838 375 4865 ⁸
399 4831 453 4883 1η
477 4831 603 4885 aliis
620 4832 911 4896 codicibus,
937 4850 1071 4902 quos
1095 4850 1153 4889 se
1181 4849 1289 4903 prae
1321 4835 1567 4890 manibus
1594 4838 1843 4894 habuisse

285 4909 499 4971 Ieslalus
532 4912 610 4953 est
643 4903 738 4955 Pb.
775 4904 1034 4967 Labbeus,
1065 4906 1143 4959 sic
1172 4906 1486 4971 exprimitur
1535 4911 1618 4961 Inc
1647 4911 1846 4962 articu-

284 4971 358 5050 lus
383 4989 408 5050 ε.
434 4970 737 5050 Valentinus
758 4973 1134 5050 Itwresiarahes,
1157 4970 1408 5050 etCerdo,
1435 4978 1674 5045 magister
1703 4978 1842 5031 Mar-

282 5040 457 5118 cionis,
488 5040 704 5118 Romam
720 5057 976 5118 uenerunt.
1013 5044 1313 5098 Valentinus
1336 5062 1503 5098 rerum
1521 5040 1723 5101 natura:
1740 5049 1843 5102 duo

282 5110 559 5186 t1i15t_esse
585 5113 857 5180 principia,
893 5112 1213 5186 Profundum
1243 5124 1290 5168 et
1324 5115 1618 5169 Silentium.
1663 5118 1706 5169 Α
1727 5122 1843 5186 qui-

280 5177 367 5230 bus
409 5180 477 5251 1’30
526 5177 646 5233 orta
673 5177 790 5233 sunt
818 5177 1023 5236 swcula'.
1072 5184 1395 5251 Profundum
1437 5196 1606 5237 autem
1640 5177 1845 5241 Putrem

279 5248 627 5328 esse-Christi,
650 5251 735 5319 qui
762 5248 1329 5328 spiritale_vel___cttl_este
1367 5272 1547 5322 corpus
1578 5257 1837 5321 habuerit,

280 5317 503 5397 nihilque
534 5320 601 5370 de
631 5317 811 5372 natura
859 5324 1034 5397 matris
1084 5323 1305 5397 Virginis
1353 5317 1703 5394 assumpserit,
1752 5317 1841 5382 sed

278 5402 363 5454 per
390 5394 583 5452 ipsum,
618 5399 869 5452 tamquam
898 5394 1055 5455 rivus,
1093 5394 1200 5445 sine
1226 5396 1396 5446 carnis
1427 5398 1663 5449 humanae
1709 5400 1838 5451 veri-

279 5458 678 5535 tatetrqnsierit.
719 5461 1154 5535 [resurrectionem
1196 5480 1395 5533 quoque
1422 5468 1589 5519 carnis
1630 5477 1839 5533 negant,

278 5532 478 5587 spiritui
519 5536 716 5580 tantum
742 5532 820 5582 sel
848 5534 1030 5582 auium:
1080 5536 1374 5597 promittunt
1401 5535 1637 5589 salutem.
1676 5532 1839 5591 Cerdo

280 5608 469 5676 quoque
515 5598 731 5676 duarum
777 5602 1176 5676 principiorum,
1220 5605 1271 5676 id
1301 5613 1408 5667 est,
1460 5608 1611 5658 unius
1646 5610 1761 5659 boui
1792 5618 1841 5661 et

281 5666 482 5721 ulterius
532 5668 654 5720 mali
698 5684 914 5725 assertor
948 5674 1089 5737 fuit:
1132 5685 1177 5726 et
1208 5673 1416 5728 Putrem
1459 5676 1643 5730 Christi
1676 5678 1838 5731 Deum

1957 1838 2215 1907 losophiae
2243 1835 2594 1905 arguebatur.
2635 1832 3067 1905 persecutionem
3116 1830 3424 1895 suscitavit,
3473 1828 3528 1880 in

1957 1947 2057 2000 qua
2087 1932 2173 1984 ille
2198 1930 2430 1998 gloriose
2456 1945 2557 1995 pro
2581 1927 2799 1982 Christo
2822 1925 3133 1996 sanguinem
3162 1923 3317 1979 fudit.

2028 2019 2394 2088 QUINTILLO
2425 2018 2514 2072 ET
2541 2015 2797 2072 musco.

2027 2111 2214 2167 VERO
2242 2112 2284 2165 I'l
2313 2110 2396 2166 ET
2428 2109 2731 2166 BRADUA.

2028 2204 2282 2259 Romanae
2304 2203 2563 2258 Ecclesia:
2586 2204 2951 2271 episcopatum
2967 2197 3011 2254 X
3028 2197 3251 2268 suscipit
3266 2199 3530 2253 Amemus

1955 2294 2111 2350 annis
2143 2312 2198 2360 ι,
2229 2295 2327 2349 sub
2349 2310 2452 2362 quo
2474 2294 2805 2365 Polycarpus
2832 2290 3059 2346 Romam
3085 2290 3309 2346 veniens
3333 2289 3529 2343 multos

1955 2390 2023 2444 ab
2050 2388 2304 2442 haeretico
2327 2400 2511 2442 errore
2531 2386 2782 2455 correxit.

2026 2478 2366 2536 ANTONINO
2398 2478 2465 2533 III
2495 2478 2581 2531 ET
2609 2475 2909 2531 AURELIO
2937 2474 3024 2528 III.

2030 2571 2090 2625 P.
2118 2569 2181 2625 C.
2212 2567 2532 2624 ANTONINI
2563 2567 2625 2621 III
2657 2566 2741 2620 ET
2769 2563 3047 2621 AURELII
3076 2562 3165 2616 III.

2026 2663 2375 2734 Jerosolyma:
2398 2660 2759 2729 episcopatum
2786 2666 2907 2727 post
2928 2655 3158 2709 Marcum
3180 2652 3323 2708 XVII
3345 2668 3529 2707 susce-

1957 2756 2034 2824 pit
2060 2756 2377 2817 Cassianus,
2406 2751 2570 2807 XVIII
2599 2749 2850 2813 Publius,
2885 2748 3146 2803 Maximus
3178 2745 3334 2810 XIX,
3366 2744 3527 2815 713

1954 2848 2145 2903 deinde
2172 2846 2271 2901 XX
2293 2846 2537 2901 Julianus
2554 2887 2567 2908 ,
2595 2844 2671 2897 sic
2687 2842 2805 2897 XXI
2828 2843 2855 2882 τι
2878 2840 3142 2909 Crajanus
3164 2882 3179 2907 ,
3203 2836 3347 2891 XXII
3373 2839 3527 2905 Sym-

1954 2942 2209 3005 machus,
2252 2950 2361 2994 tum
2392 2936 2554 2993 XXIII
2585 2936 2779 3001 Caius,
2831 2933 2998 2989 XXIV
3037 2932 3317 2995 Julianus,
3365 2942 3521 2999 athG

1954 3034 2078 3087 inde
2104 3032 2246 3085 ΧΧν
2270 3029 2478 3097 Capito.

2024 3121 2323 3176 Antaniuus
2368 3120 2489 3173 Pius
2517 3119 2654 3186 apud
2690 3117 2907 3171 Larium
2939 3118 2987 3168 iu
3036 3115 3161 3167 villa
3194 3129 3286 3165 sua
3311 3153 3324 3175 ,
3356 3128 3426 3165 xu
3460 3110 3527 3161 ab

1957 3212 2096 3267 Urbe
2124 3210 2371 3264 milliaria
2403 3210 2648 3273 moritur,
2683 3225 2822 3261 anno
2849 3208 2968 3260 vita:
2997 3220 3107 3260 sua:
3138 3218 3278 3259 Lxxu
3309 3212 3329 3238 °
3361 3202 3529 3273 [Alias

1956 3302 2181 3371 Luvui.

2027 3392 2095 3446 II.
2124 3392 2449 3457 ANTONINUS,
2481 3391 2567 3459 qui
2608 3402 2659 3443 et
2692 3389 2891 3451 Venus,
2925 3397 2978 3441 et
3005 3388 3063 3439 L.
3100 3388 3364 3440 Aunsuus
3389 3384 3529 3438 Con-

1955 3500 2141 3547 uonus,
2174 3484 2315 3547 XIV,
2349 3484 2591 3551 regnavit
2623 3482 2774 3535 annis
2804 3497 2888 3535 xix
2928 3491 2982 3535 et
3012 3494 3196 3534 mense
3223 3492 3346 3533 uno.

2017 3577 2292 3637 DUOBUS
2320 3575 2672 3631 AUGUSTIS.

2028 3668 2088 3720 IIi
2119 3667 2359 3734 primitus
2387 3682 2539 3734 sequo
2562 3665 2683 3731 jnte
2708 3663 2987 3731 imperium
3013 3660 3169 3714 simul
3190 3658 3527 3711 administra-

1955 3767 2161 3820 Verttttt,
2206 3772 2324 3809 cum
2360 3770 2525 3824 usque
2564 3755 2628 3807 ad
2676 3754 2777 3806 huc
2822 3764 3030 3821 tempus
3061 3749 3253 3819 singuli
3304 3750 3525 3817 Augusti

1957 3849 2171 3902 fuerint.

2029 3935 2313 3990 RUSTICO
2354 3933 2439 3988 ET
2480 3931 2756 4000 AQUILO.

2029 4025 2347 4080 [.IELIANO
2389 4024 2472 4078 ET
2513 4022 2846 4077 PAS'IORE.

2026 4116 2327 4172 MACRINO
2368 4116 2453 4169 ΕΤ
2493 4117 2532 4169 C
2545 4116 2733 4170 ELSO.

2026 4208 2325 4263 ORI’IIITO
2365 4208 2452 4262 ET
2492 4207 2577 4263 PU
2591 4206 2837 4261 DENTE.

2032 4304 2343 4361 PUDENTE
2382 4305 2419 4358 Il
2462 4304 2551 4358 ET
2592 4302 2949 4359 POLLIONE.

2030 4395 2363 4451 Alexandria:
2387 4394 2459 4450 IX
2491 4396 2695 4463 praefuit
2733 4396 3073 4463 Agrippinus.

1880 4460 1932 4517 D
2028 4488 2249 4551 Qusnn
2296 4502 2636 4541 PERSECUTIO.
2685 4486 3064 4541 Persecutioue
3113 4495 3231 4538 orta
3276 4484 3328 4537 in
3371 4485 3525 4547 Asia,

1957 4578 2279 4647 Pciycarpus
2308 4589 2361 4633 et
2385 4575 2403 4615 ί
2435 4579 2686 4632 Paeonius
2715 4578 2888 4631 fecere
2921 4576 3232 4645 martyrium
3256 4594 3269 4628 :
3298 4592 3525 4645 quorum

1943 4672 2164 4737 scripta:
2187 4683 2397 4738 quoque
2426 4666 2670 4721 feruntur
2697 4664 2997 4735 passiones.

1946 4858 2052 4893 esse
2078 4841 2202 4911 legis
2225 4859 2282 4895 ac
2305 4840 2665 4906 praphetarum
2697 4842 2919 4910 negavit.
2946 4839 3203 4896 Christum
3238 4841 3409 4910 ipsum
3435 4856 3525 4891 ne-

1946 4928 2043 4975 qtte
2064 4924 2238 4963 im'um
2265 4927 2326 4963 ex
2348 4913 2554 4974 femina,
2597 4928 2756 4979 neque
2784 4911 3023 4963 habuisse
3045 4927 3269 4970 carnem,
3293 4926 3385 4962 nec
3414 4926 3528 4962 vere

1951 4998 2173 5044 passum,
2208 4998 2297 5033 nec
2323 4997 2431 5033 vere
2457 4993 2709 5033 mortuum
2736 4983 2884 5033 dixit.
2917 4981 3354 5033 Resnrrectianem
3378 4980 3527 5031 etiam

1948 5053 2118 5105 curuis
2158 5054 2406 5113 refutans,
2431 5060 2477 5103 et
2508 5050 2878 5103 Testamentum
2904 5060 3040 5103 vetus
3063 5049 3401 5119 spernendum
3422 5065 3527 5102 esse

1949 5123 2243 5172 decertans.

2024 5190 2046 5225 ιι
2085 5190 2213 5252 Vox,
2250 5192 2458 5259 bonum,
2492 5192 2705 5245 additur
2734 5207 2795 5245 ex
2839 5188 3133 5258 Augustino
3163 5189 3255 5243 lib.
3290 5188 3365 5243 de
3408 5188 3525 5243 Hm-

1952 5276 2055 5313 res.
2094 5261 2221 5313 lner.
2256 5260 2347 5312 Ἡ.

2022 5340 2043 5367 ο
2074 5329 2169 5383 Ms.
2204 5345 2339 5384 unus
2362 5345 2427 5383 ex
2458 5329 2641 5398 Cttlb.,
2664 5332 2813 5382 armis
2840 5330 2922 5382 I0.
2952 5330 3076 5383 MSS.
3104 5337 3230 5387 tres.
3256 5328 3403 5381 annis
3434 5328 3520 5379 12.

1945 5400 2171 5465 Quintus
2201 5416 2299 5453 ms.
2335 5400 2601 5466 antiquior
2631 5411 2683 5453 et
2704 5401 2833 5453 edit.
2867 5400 3047 5466 Pont.,
3080 5400 3226 5452 annis
3259 5400 3347 5455 15.

2016 5469 2041 5505 ἀ
2078 5470 2129 5521 In
2167 5468 2381 5522 Eu-ebii
2415 5470 2700 5535 Chronico,
2736 5467 2989 5521 Gaianas.

2020 5550 2041 5576 ο
2073 5541 2248 5592 Etlitio
2282 5539 2495 5591 Pootar.
2540 5555 2657 5597 eum
2704 5555 2831 5591 mss.
2867 5550 3094 5608 quatuor
3123 5536 3275 5593 Coll).
3322 5538 3529 5590 habent

1950 5611 2042 5663 T7:
2069 5627 2170 5665 ins.
2204 5610 2359 5669 alius,
2386 5607 2510 5660 item
2542 5610 2719 5670 Colb.,
2755 5608 2843 5661 7‘2.

2021 5680 2036 5716 τ
2064 5679 2215 5747 Apud
2244 5678 2529 5733 Eusebium
2559 5678 2802 5747 Planius,
2830 5688 2920 5735 aut
2944 5677 3205 5749 Pyonius.
