3978 6178
448 257 559 315 563
654 302 657 303 ν

460 491 684 545 quorum
733 488 901 544 usque
949 474 1000 526 in
1052 481 1372 541 prtesentem
1421 469 1565 526 diem
1613 471 1827 527 condita
1887 472 2037 526 libris

458 567 746 621 certamina
783 574 1153 635 perseverant.

527 657 710 712 VERO
740 656 807 711 IV
836 657 922 711 ET
948 654 1347 723 QUADRATO.

525 746 920 802 APRONIANO
953 747 1037 801 ET
1076 745 1207 801 PAU
1219 746 1325 800 LO.

529 837 785 891 Romana:
826 836 1083 890 Ecclesia:
1115 836 1483 906 episcopatum
1514 833 1584 888 XI
1614 834 1836 905 suscipit
1862 836 2045 914 Somn

459 939 484 967 ⁸
514 931 669 984 annis
695 944 809 983 vnt.

528 1021 916 1076 APRONIANO
946 1021 1034 1075 ET
1067 1020 1311 1076 PAULO.

530 1113 829 1167 Antiochim
860 1112 928 1166 Vl
952 1112 1234 1181 episcopus
1264 1109 1543 1165 ordinatur
1569 1109 1921 1181 Theophilus,
1946 1110 2039 1166 cui-

452 1206 538 1274 ius
570 1206 797 1273 plurima
826 1204 1023 1273 ingenii
1051 1218 1214 1272 opera
1243 1210 1485 1257 exstant.

528 1293 765 1348 PRISCO
794 1294 881 1347 ET
908 1291 1411 1347 APPOLLINARE.

421 1447 427 1460 '
525 1384 850 1440 CE'I‘III‘LGO
886 1386 976 1439 ET
1002 1385 1249 1439 CLARO.

528 1474 726 1528 Lucius
754 1475 1047 1543 imperator
1072 1490 1214 1529 anno
1252 1473 1403 1543 regni
1431 1474 1511 1528 sui
1540 1489 1620 1541 ts,
1662 1475 1797 1541 sive,
1832 1482 1889 1529 ut
1916 1474 2037 1544 qui-

456 1566 579 1619 dam
613 1575 818 1634 putant,
848 1564 874 1603 b
903 1581 959 1631 ι,
995 1567 1135 1621 inter
1163 1564 1519 1621 Concordiam
1548 1574 1604 1622 et
1641 1566 1883 1621 Altinum
1906 1581 2038 1636 apo-

456 1658 634 1727 plexia
671 1658 970 1712 exstinctus
1003 1668 1104 1712 est.

662 304 663 307 η
1678 269 1736 325 S.
1779 270 2111 325 PROSI’ERI
2153 274 2193 327 A
2207 273 2485 341 QUITANI

523 383 579 436 In
605 382 777 437 Gallia
804 395 1014 453 quoque
1040 378 1255 451 plurimi
1285 379 1354 435 ob
1380 393 1574 435 nomen
1606 380 1702 435 Dei
1727 380 2027 436 interfecti:
2058 384 2109 441 Α
2205 380 2480 436 SEVERO
2509 382 2595 437 ET
2626 382 3092 441 IIERENNIANO.

3618 283 3717 340 σοι

2208 470 2235 509 ἀ
2263 472 2519 527 Tatianus
2561 473 2864 539 haereticus,
2897 491 2926 529 a
2955 492 3063 546 quo
3110 478 3360 547 appellati
3402 479 3718 546 Encratitze.

2136 575 2362 630 quorum
2394 562 2584 632 dogma
2616 573 2700 617 est
2732 580 2835 618 non
2880 566 3163 622 admittere
3190 569 3254 621 ad
3285 570 3724 624 communionem

2027 670 2041 686 ο
2137 665 2287 703 suam
2335 650 2439 704 nisi
2469 652 2833 717 continentes,
2865 667 2915 708 et
2946 670 3039 709 eos
3067 657 3157 723 qui
3189 658 3385 712 sancqu
3413 660 3486 713 ita
3515 674 3727 715 renun-

2141 741 2417 803 tiaverint,
2440 753 2497 796 ut
2522 743 2735 812 propria
2766 745 2909 798 nulla
2936 747 3263 814 possideant.

2212 840 2236 868 θ
2262 832 2592 888 Bardesanes
2609 849 2821 903 quoque
2842 835 3062 889 alterius
3083 846 3272 890 auctor
3288 839 3511 907 erroris,
3535 841 3727 897 eodem

2139 932 2384 992 tempore
2403 925 2653 990 innotuit,
2678 925 2732 981 in
2760 925 3027 981 Valentini
3049 926 3299 983 bteresim
3328 944 3393 985 ex
3417 942 3571 1001 parte
3600 946 3730 1003 pro-

2138 1014 2184 1069 Ia
2194 1031 2340 1085 psus.

2209 1107 2514 1164 ORPHITO
2545 1109 2636 1164 ET
2667 1110 2959 1166 MAXIMO.

2207 1197 2480 1252 SEVERO
2510 1198 2595 1252 ET
2623 1199 3014 1255 POMPEIANO

2210 1288 2267 1343 In
2295 1289 2513 1359 regione
2536 1289 2847 1357 Quadorum
2872 1291 3111 1346 exercitu
3142 1291 3398 1347 Antonini
3432 1292 3727 1364 imperato-

2140 1382 2216 1436 ris
2243 1381 2330 1435 siti
2356 1396 2638 1451 oppresso,
2673 1380 2693 1419 ί
2725 1382 2901 1451 pluvia
2949 1382 3204 1439 divinitus
3250 1385 3415 1439 missa
3448 1394 3569 1441 est:
3602 1402 3723 1442 cum

2140 1488 2172 1527 e
2196 1472 2465 1529 contrario
2486 1473 2782 1528 Germanos
2808 1482 2861 1529 et
2880 1473 3157 1529 Sarmatas
3188 1476 3407 1530 fulmina
3438 1492 3727 1547 perseque-

2142 1576 2349 1633 rentur,
2408 1574 2464 1621 et
2515 1566 2776 1636 plurimos
2827 1582 3013 1622 eorum
3070 1568 3457 1623 interlicerent.
3500 1570 3724 1625 Exstant

2143 1660 2336 1715 littera:
2376 1660 2539 1715 Marci
2569 1661 2769 1715 Aurelii
2806 1658 3105 1729 gravissimi
3138 1661 3500 1729 imperatoris,
3532 1663 3723 1729 quibus

527 1748 799 1801 Αηιοηίηο
849 1747 1157 1813 imperatori
1210 1746 1392 1802 Melilo
1457 1746 1690 1803 Asianus
1750 1738 2282 1817 episcopusBillam
2333 1753 2704 1807 Germanicam
2759 1752 2945 1818 sitim,
3004 1750 3437 1807 Christianorum
3497 1753 3721 1807 militum

458 1839 864 1910 Apologeticutn
900 1855 997 1909 pro
1020 1839 1339 1894 Christianis
1367 1839 1603 1893 tradidit.

525 1931 852 2003 Apollinaris
880 1933 1113 1987 Asianus
1156 1931 1591 2001 Ilierapolitanus
1620 1931 1907 2002 episcopus
1946 1933 2031 1988 in-

456 2028 623 2098 signis
656 2027 903 2081 habetur.

527 2119 731 2174 Eodem
780 2126 1020 2185 tempore
1069 2115 1354 2186 Dionysius
1394 2115 1679 2184 episcopus
1720 2113 2030 2170 Corinthio-

455 2229 573 2268 rum
598 2214 772 2267 clarus
801 2209 915 2279 fuit,
957 2217 1011 2264 et
1043 2208 1261 2279 Pinytus
1284 2205 1559 2263 Cretensis
1586 2207 1668 2262 vir
1706 2207 2034 2277 eloquentis-

454 2303 643 2357 simus.

528 2397 635 2449 Ilac
657 2398 976 2462 tempestate
1000 2388 1509 2461 pseudoprOpltetia,
1530 2403 1650 2459 qua:
1667 2387 2032 2460 Cataphrygas

455 2486 791 2553 nominatur,
847 2483 1055 2552 accepit
1107 2481 1415 2548 exordium,
1476 2482 1730 2536 Montano
1776 2492 2029 2547 auctore,

456 2589 479 2616 ε
511 2576 696 2632 Prisca
719 2575 1115 2641 Maximillaque
1138 2572 1341 2627 insanis
1360 2572 1595 2628 vatibus.
1627 2573 1835 2629 Nomen
1861 2575 2030 2628 errori

454 2666 726 2735 provincia
758 2665 982 2737 Phrygia
1019 2663 1181 2736 714
1204 2664 1354 2719 dedit
1382 2704 1397 2730 ,
1426 2665 1547 2734 quia
1578 2666 1886 2721 inventores
1914 2667 2033 2736 ejus

454 2759 561 2813 illic
590 2757 836 2827 primitus
865 2756 1215 2820 exstiterunt,
1263 2754 1444 2823 ibique
1488 2754 1762 2819 vixerunt,
1795 2766 1851 2811 et
1890 2773 2033 2811 nunc

452 2850 615 2904 etiam
648 2848 698 2901 in
721 2846 924 2901 eisdem
958 2844 1197 2914 partibus
1224 2845 1453 2912 pOpIIIOS
1479 2844 1698 2900 habent.
1730 2846 2029 2900 Adventum

451 2940 681 3009 Spiritus
735 2937 905 2991 sancti
936 2951 965 2990 a
1007 2936 1232 2989 Domino
1262 2936 1616 3004 promissum,
1662 2937 1715 2990 in
1758 2952 1815 2991 se
1857 2938 2032 3005 potius

451 3047 609 3100 quam
649 3029 701 3083 in
724 3028 997 3097 apostolos
1025 3026 1187 3081 fuisse
1213 3035 1498 3081 asserunt:
1529 3028 1791 3082 secundas
1819 3028 2029 3097 nuptias

454 3137 550 3191 pro
587 3120 1024 3175 fornicationibus
1053 3117 1279 3183 habent;
1310 3127 1367 3173 et
1408 3116 1529 3173 ideo
1571 3120 1755 3173 dicunt
1784 3134 1875 3174 eas
1905 3136 2022 3188 per-
2055 3108 2100 3168 (ἶ

452 3214 664 3267 misisse
692 3213 991 3280 apostolum
1023 3211 1269 3277 Paulum,
1301 3212 1423 3281 quia
1453 3227 1518 3267 ex
1562 3222 1710 3281 parte
1750 3214 1953 3269 sciebat
1979 3224 2032 3269 et

451 3322 518 3361 ex
550 3314 700 3374 parte
731 3303 1110 3373 prophetubat;
1160 3304 1396 3359 nondum
1443 3307 1585 3359 enim
1628 3316 1851 3359 venerat
1888 3307 2030 3375 quod

456 3396 748 3466 perfectum
789 3403 892 3450 est.
928 3396 1038 3450 lloc
1082 3405 1260 3449 autem
1295 3396 1585 3463 perfectum
1616 3397 1668 3451 in
1701 3398 2030 3465 Montanum,

452 3499 507 3543 et
535 3489 587 3542 in
634 3476 751 3557 ejus
796 3487 1164 3557 prephetissas
1215 3488 1425 3542 venisse
1473 3488 1722 3543 delirant.
1756 3488 2033 3547 Sacriﬁcia

454 3581 800 3649 perhibentur
823 3582 1021 3635 habere
1048 3581 1277 3635 funesta.
1305 3579 1437 3634 Nam
1467 3580 1535 3635 de
1556 3580 1776 3636 infantis
1796 3585 2033 3639 anniculi

451 3674 730 3745 sanguine.
755 3690 911 3745 quem
936 3674 1003 3728 de
1028 3682 1139 3728 toto
1160 3672 1278 3743 ejus
1301 3688 1527 3744 corpore
1549 3675 1767 3730 minutis
1792 3677 2034 3742 punctio-

450 3782 580 3823 num
626 3766 939 3822 vulneribus
1012 3773 1371 3836 extorquent,
1429 3767 1582 3835 quasi
1638 3765 2033 3824 Eucharistiam

449 3876 599 3916 suam
644 3860 910 3917 conﬁcere
937 3857 1309 3929 perhibentur,
1356 3859 1646 3914 miscentes
1671 3874 1791 3915 eum
1824 3861 2030 3931 larinre,

452 3969 749 4025 panemque
771 3952 893 4008 inde
916 3953 1191 4007 facientes.
1216 3952 1316 4018 Qui
1341 3968 1490 4022 puer,
1513 3952 1561 4007 si
1584 3962 1825 4009 mortuus
1849 3955 2027 4023 fuerit,

451 4062 547 4116 pro
577 4057 812 4117 martyre
844 4044 1099 4110 habetur;
1133 4047 1179 4100 si
1207 4052 1390 4100 autem
1424 4046 1637 4114 vixerit,
1662 4062 1764 4116 pro
1794 4048 2031 4105 maximo

450 4139 754 4193 sacerdote.

519 4321 545 4351 ⁸
577 4310 676 4366 Ms.
716 4309 870 4364 Cnlb.
901 4323 1053 4381 unus
1079 4308 1251 4361 :etatis
1281 4323 1386 4361 non
1418 4310 1848 4381 contemnenda},
1878 4313 2026 4368 annis

450 4380 536 4446 Μ,
560 4397 680 4436 cum
706 4381 792 4435 alii
816 4391 866 4434 et
892 4383 1019 4435 edit.
1047 4380 1298 4440 habeant,
1334 4381 1479 4432 annis
1507 4381 1559 4434 8.

518 4453 545 4491 ιι
575 4452 799 4508 Codices
838 4451 1118 4505 Eusebiani
1147 4449 1398 4503 Chronici
1429 4450 1626 4504 habent
1655 4452 1742 4506 II.

522 4534 544 4562 ο
574 4522 630 4576 In
662 4523 811 4577 libris
840 4521 1127 4577 Eusebiani
1160 4519 1429 4585 Chronici,
1477 4519 1741 4576 Priscilla.

518 4590 545 4630 ἀ
578 4595 799 4645 Auctior
830 4594 1019 4661 legitur
1046 4590 1304 4645 articulus
1334 4594 1430 4644 iste
1459 4592 1510 4644 in
1538 4594 1816 4648 codicibus
1853 4593 1969 4648 aliis
1999 4608 2025 4645 a

450 4664 545 4717 Pb.
574 4662 788 4734 Labbeo
806 4664 957 4734 visis.
985 4661 1230 4734 Tatianus
1255 4664 1515 4715 hereticus
1541 4667 1854 4729 agnoscitur,
1877 4683 1907 4717 a
1926 4681 2027 4734 quo

447 4732 695 4800 appellati
742 4731 1045 4803 Encratitw.
1082 4731 1308 4802 Nuptias
1350 4733 1619 4797 damnant,
1662 4752 1906 4803 paresque
1938 4731 2029 4788 eas

447 4803 777 4874 fornicationi
821 4814 868 4855 et
911 4802 1048 4855 omni
1102 4803 1408 4871 turpitudini
1464 4820 1571 4856 esse
1612 4802 1903 4874 deﬁniunt:
1938 4821 2029 4857 nec

446 4875 699 4941 recipiunt
728 4875 780 4945 in
807 4876 1121 4945 consortium
1150 4888 1344 4945 marem
1386 4875 1463 4926 vel
1510 4874 1752 4943 [cunnum
1785 4876 2027 4945 conjugio

449 4955 688 5001 utentem.
718 4943 1045 4997 Prolatiaues
1089 4943 1340 5013 quasdam
1384 4947 1684 4997 sa'rulorum
1729 4947 1790 4999 de
1840 4943 2027 5013 fabulis

455 5014 712 5068 Valentini
761 5023 1057 5082 sequuntur.
1109 5012 1282 5068 Saluti
1334 5014 1485 5083 primi
1543 5017 1763 5069 hominis
1820 5012 2019 5069 eontra-

445 5086 640 5138 dicunt.

519 5166 541 5193 ε
572 5154 813 5211 Articulo
844 5157 1087 5224 sequenti
1118 5152 1314 5207 ibidem
1339 5152 1599 5207 dilfusiori
1626 5169 1874 5209 sermone
1898 5155 2028 5221 legi-

448 5236 532 5279 tur
556 5244 566 5279 :
592 5226 914 5279 Burdesanes
952 5226 1161 5278 alterius
1194 5224 1441 5277 hereseos
1470 5226 1704 5293 princeps
1732 5227 2021 5293 inualescit,

442 5297 529 5366 qui
558 5296 893 5357 Bardesanes,
909 5312 1023 5347 cum
1049 5294 1368 5363 aliquamdiu
1393 5294 1444 5344 in
1465 5295 1566 5361 [ide
1588 5296 1763 5363 fuisset
1788 5296 2021 5362 insignis,

443 5378 618 5435 postea
641 5373 692 5421 in
725 5365 981 5419 Valentini
1002 5367 1230 5418 transivit
1252 5378 1468 5430 errores,
1488 5367 1710 5434 quautt'is
1732 5381 1831 5418 non
1855 5366 2023 5418 omnia

443 5440 556 5507 ejus
587 5445 788 5491 secutus
816 5437 899 5490 sit.

518 5505 537 5545 ί
573 5508 727 5562 Plura
759 5508 824 5561 de
859 5510 955 5561 liae
984 5505 1164 5575 pluvia
1203 5504 1459 5561 divinitus
1494 5505 1655 5559 missa
1687 5504 2021 5559 orationibus

442 5576 888 5641 Christianorum,
913 5577 1051 5645 apud
1076 5577 1322 5631 Otosinm
1346 5577 1437 5630 lib.
1470 5592 1539 5631 vn
1571 5591 1687 5646 cap.
1722 5578 1819 5641 15;
1850 5575 2019 5629 Ense:

442 5646 589 5699 biutn
624 5649 716 5702 lib.
748 5663 776 5698 v
804 5661 919 5712 esp.
952 5647 1004 5709 5,
1037 5649 1124 5715 qui
1159 5648 1243 5700 illa
1274 5646 1609 5714 transcrip‘it
1641 5663 1772 5712 pene
1801 5646 1865 5699 ad
1897 5661 2021 5699 ver—

441 5716 568 5772 bum
591 5732 653 5773 es
676 5718 1003 5774 Tertulbano
1026 5718 1077 5771 in
1104 5717 1325 5787 Apolog.
1345 5732 1464 5789 cap.
1485 5718 1516 5774 5
1538 5728 1591 5775 et
1610 5717 1675 5774 ad
1692 5716 2017 5789 Scapulam;

2137 1844 2433 1915 precationi
2454 1844 2627 1899 imbre
2654 1858 2935 1911 concesso,
2963 1842 3262 1899 discussam
3289 1851 3651 1899 contestatur.

2205 1934 2432 1991 GALLO
2465 1935 2550 1989 ET
2578 1933 2866 1989 FLACCO.

2207 2025 2449 2081 PISONE
2480 2025 2570 2080 ET
2598 2023 2915 2081 JULIANO.

2205 2117 2541 2173 POLLIONE
2573 2118 2661 2172 ET
2690 2117 2894 2172 APRO.

2204 2209 2533 2265 COMMODO
2565 2209 2651 2263 ET
2689 2207 3079 2277 QUINTILLO.

2207 2301 2505 2358 Antoninus
2559 2302 2913 2358 Commodum
2966 2301 3135 2356 ﬁlium
3189 2316 3344 2357 suum
3405 2312 3711 2360 consortem

2134 2395 2284 2464 regni
2316 2393 2458 2449 facit.

2205 2488 2504 2544 ORPIIITO
2544 2489 2629 2544 ET
2661 2488 2865 2545 RUFO.

2205 2582 2507 2634 Antoninus
2534 2596 2653 2634 eum
2682 2580 2792 2633 ﬁlio
2821 2582 2887 2636 de
2912 2578 3156 2633 hostibus
3186 2577 3562 2646 triumphavit,
3586 2592 3718 2647 quos

2136 2687 2230 2740 per
2252 2672 2537 2726 triennium
2560 2671 2699 2742 apud
2723 2681 2748 2720 ε
2773 2671 3099 2726 Carnuntum
3119 2672 3279 2742 715
3306 2670 3512 2726 habens
3531 2670 3719 2725 stativa

2134 2774 2308 2819 castra
2337 2776 2479 2818 vasta
2491 2772 2660 2819 verat.

2205 2855 2537 2911 COMMODO
2564 2856 2607 2910 II
2642 2856 2731 2910 ET
2760 2855 2942 2911 VERO
2972 2857 3037 2911 II.

2207 2947 2553 3002 Alexandria:
2586 2947 2633 3001 X
2662 2948 2942 3002 ordinatur
2969 2947 3251 3015 episcotius
3278 2946 3544 3003 Julianus.

2206 3041 2506 3094 Antoninus
2536 3041 2588 3092 in
2612 3039 2886 3094 Pannonia
2914 3039 3102 3094 morbo
3145 3039 3319 3107 periit.

2207 3134 2515 3198 Consonus,
2544 3133 2659 3195 XV,
2701 3133 2942 3201 regnavit
2971 3128 3140 3187 annos
3172 3147 3284 3186 xm.

2204 3224 2590 3281 I’R/ESENTE
2621 3224 2707 3278 ET
2749 3223 3002 3280 BURRO.

2208 3319 2441 3373 [tentus
2469 3316 2842 3386 Lugdunensis
2865 3317 3146 3385 episc0pus
3179 3313 3404 3383 insignis
3430 3312 3679 3369 habetur.

2205 3410 2533 3467 Commodus
2563 3409 2934 3478 Septembrem
2972 3421 3211 3463 mensem
3250 3405 3465 3463 nomine
3494 3420 3595 3462 suo
3622 3422 3721 3477 ap.

2140 3504 2383 3574 pellavit.

2210 3590 2619 3647 MAMERTINO
2649 3590 2737 3644 ET
2766 3590 2975 3647 RUFO.

2209 3682 2458 3738 Thermae
2483 3682 2877 3736 Commodiante
2902 3681 3088 3735 Romae
3116 3679 3289 3736 factm.

2207 3772 2538 3829 COMMODO
2570 3773 2637 3825 IV
2667 3773 2754 3827 ET
2784 3771 3169 3827 VIC'I'ORINO.

2209 3865 2561 3937 Jerosolymis
2579 3861 2749 3920 XXVI
2787 3865 3064 3918 ordinatur
3087 3864 3369 3931 episcopus
3391 3862 3417 3898 ιι
3438 3863 3717 3927 Mormius;

2140 3969 2432 4027 postquam
2462 3956 2658 4011 XXVII
2691 3957 3013 4020 Antoninus,
3046 3940 3263 4010 XXVIII
3290 3954 3506 4022 Valens,
3531 3953 3709 4009 XXIX

2142 4050 2463 4113 Dachianus,
2485 4047 2628 4104 XXX
2653 4047 2957 4111 Narcissus,
2985 4047 3158 4102 XXXI
3187 4047 3337 4114 Dius,
3363 4047 3556 4101 XXXII
3582 4047 3719 4103 Ger-

2139 4144 2342 4209 manio,
2366 4141 2584 4197 XXXIII
2613 4140 2864 4207 Gordius,
2881 4138 3097 4195 XXXIV
3119 4139 3254 4194 alius
3281 4139 3580 4195 Narcissus.

2134 4313 2512 4383 Nicephorum.
2544 4313 2638 4367 lib.
2670 4328 2725 4367 tv
2754 4328 2870 4379 cap.
2907 4314 3001 4379 l2;
3033 4313 3325 4380 Iustinum,
3361 4315 3411 4369 in
3450 4316 3719 4384 Apolog.;

2054 4386 2106 4445 D
2136 4385 2451 4447 Diaconum,
2476 4384 2547 4439 lib
2578 4399 2641 4448 x;
2677 4384 2921 4443 Dionem,
2954 4387 3041 4454 qui
3067 4386 3270 4439 artibus
3292 4386 3509 4455 magicis
3533 4387 3721 4440 tribuit

2138 4455 2272 4509 hanc
2307 4456 2571 4520 pluviam;
2616 4454 2991 4517 Capitolinum.
3027 4457 3115 4524 qui
3169 4456 3415 4520 precibus
3460 4458 3721 4509 Antooini

2133 4541 2255 4592 erga
2292 4527 2456 4579 Deum
2501 4535 2763 4578 extortam
2797 4527 2887 4580 ait.
2926 4525 3234 4584 Xipbilinus
3275 4526 3433 4578 tradit
3468 4524 3719 4593 legionem

2134 4594 2613 4669 (Christianorum)
2645 4596 2757 4669 ideo
2783 4604 3007 4669 vocatam
3051 4596 3625 4669 fuisseAlttpawo6olov,
3660 4596 3719 4649 id

2132 4677 2228 4726 est,
2258 4666 2680 4735 fulminutricem.
2705 4668 2859 4719 Anno
2889 4665 2955 4717 Μ
2976 4666 3231 4719 Antonini
3260 4665 3548 4733 contigisse
3575 4677 3722 4731 patet

2131 4751 2196 4789 ex
2231 4738 2423 4789 litteris
2455 4736 2620 4801 ipsius
2665 4736 3003 4798 imperatoris
3045 4737 3110 4789 ad
3155 4744 3420 4798 senatum,
3464 4737 3533 4791 de
3573 4746 3719 4789 tanta

2131 4807 2354 4859 victoria
2404 4806 2650 4871 precibus
2698 4803 3126 4859 Christianorum
3178 4808 3424 4870 obtenta,
3475 4823 3598 4874 qua:
3647 4823 3721 4861 ex

2132 4875 2456 4929 bibliotheca
2484 4874 2737 4928 Vaticana
2769 4876 3109 4942 reperiuntur
3129 4876 3268 4943 apud
3296 4877 3627 4943 Onupbrium
3661 4878 3717 4930 in

2136 4946 2306 5000 Fastis
2340 4963 2457 5014 pztu.
2491 4944 2616 5007 55.0,
2668 4946 2718 4997 itt
2765 4945 2958 5010 quibus
3008 4946 3336 5011 inscribitur,
3385 4948 3717 4999 Antoninum

2135 5018 2301 5070 fuisse
2339 5014 2629 5069 trihttnilite
2678 5016 2959 5083 potestatis
3002 5016 3101 5079 28,
3140 5024 3249 5069 Iunt
3295 5031 3359 5069 ex
3401 5017 3628 5069 nummis
3659 5025 3719 5070 et

2130 5088 2402 5140 veteribus
2428 5086 2881 5152 inscriptionibus,
2901 5100 2965 5138 ex
2989 5086 3181 5151 quibus
3202 5086 3532 5153 dignoscitur
3554 5086 3719 5142 fuisse

2134 5157 2199 5210 15
2231 5157 2564 5209 tribunitiam
2598 5166 2915 5221 potestatem
2947 5171 3012 5209 eo
3035 5171 3175 5208 anno
3205 5172 3312 5224 quo
3346 5157 3460 5225 ipse
3490 5158 3722 5211 Antoni-

2129 5242 2229 5279 nus
2256 5228 2489 5291 suscepit
2518 5227 2819 5292 imperium.
2857 5226 2978 5279 Ilaec
3010 5226 3294 5279 I’ontacus.

2202 5306 2226 5343 ε
2256 5296 2352 5351 Ms.
2403 5296 2613 5352 unicus.
2645 5296 2949 5349 Carnutum.
2994 5296 3329 5350 Carnuntum
3365 5296 3490 5349 urbs
3533 5304 3614 5349 est
3659 5296 3717 5350 in

2128 5366 2425 5431 Pannonia,
2458 5382 2522 5419 ex
2558 5366 2751 5419 Plinio.
2790 5367 2883 5419 lib.
2934 5381 2983 5418 tv
3011 5381 3130 5433 cap.
3172 5367 3264 5430 I2,
3308 5374 3360 5420 et
3406 5366 3498 5419 lib.
3533 5381 3717 5420 XXXVII

2127 5451 2247 5503 Cap.
2279 5439 2330 5497 5,
2364 5446 2417 5490 et
2441 5440 2638 5489 Anton.
2674 5438 2725 5489 in
2758 5437 2999 5490 itiner-ar.
3034 5436 3168 5491 Sunt
3198 5436 3294 5489 viri
3327 5437 3467 5488 docti
3494 5440 3579 5502 qui
3612 5452 3718 5502 pu-

2128 5516 2243 5560 tant
2297 5507 2439 5561 idcnt
2489 5521 2609 5559 esse
2661 5506 2803 5575 quod
2860 5506 3022 5560 hodie
3079 5506 3369 5558 Petroni/la
3414 5506 3603 5559 dicitur
3657 5506 3713 5558 in

2127 5579 2371 5642 Austria,
2432 5577 2520 5630 ubi
2579 5576 2823 5631 visuntur
2880 5577 3049 5630 moles
3098 5586 3153 5630 et
3203 5577 3336 5630 situs
3384 5585 3709 5630 castrorum.

2127 5645 2347 5701 Pontac.

2199 5714 2224 5754 ιι
2254 5717 2310 5772 In
2338 5718 2548 5776 Emebii
2568 5718 2792 5787 CIlI‘OIL,
2816 5716 3097 5785 Maximus,
3124 5716 3344 5772 XXXIX
3369 5715 3717 5772 Dulcitiautts.
