3978 6178
275 248 378 307 565

340 358 610 417 IIARULO
640 357 726 414 ET
758 358 1079 415 HELIANO.

339 447 658 506 MATERNO
697 448 787 503 ET
817 449 1118 505 BRAI)UA.

336 540 652 598 COMMODO
677 540 718 596 V
752 541 837 596 ET
866 540 1282 597 GLABRIONE.

333 633 632 691 CRISBINO
660 632 748 687 ET
781 633 1102 689 HELIANO.

333 721 664 778 FULCIANO
696 722 785 777 ET
814 722 1084 781 SILANO.
1540 775 1546 781 .

333 814 663 869 Alexandrize
681 812 757 869 XI
781 814 1125 870 constituitur
1144 815 1430 885 episcopus
1454 816 1835 873 Demetrianus

270 904 415 961 annis
445 920 597 960 thtt.

336 995 658 1051 Commodus
688 995 897 1052 Colossi
945 995 1119 1067 capite
1160 996 1397 1063 sublato,
1438 1012 1547 1052 suae
1597 997 1841 1066 imaginis

276 1098 423 1157 caput
443 1085 603 1156 jussit
628 1086 850 1155 imponi.

335 1177 587 1246 Serapion
619 1177 921 1233 Antiochia:
958 1177 1245 1249 episcopus
1288 1178 1399 1233 VIII
1425 1180 1729 1235 ordinatur.

335 1267 597 1325 DUOBUS
625 1268 907 1325 SILANIS.

330 1362 660 1418 COMMODO
687 1362 749 1416 VI
780 1361 866 1416 ET
898 1363 1334 1420 SEPTIMIANO.

330 1452 716 1509 APRONIANO
752 1453 838 1507 ET
878 1452 1179 1509 BRADUA.

329 1545 654 1602 Commodes
691 1547 888 1600 multos
918 1546 1171 1601 nobilium
1205 1547 1475 1604 interﬁcit.

329 1636 660 1692 COMMODO
692 1637 776 1693 VII
807 1638 893 1693 ET
926 1638 1338 1695 PERTINACE.

327 1728 645 1784 Commodes
677 1731 1042 1801 strangulatur
1071 1732 1122 1785 in
1157 1732 1319 1787 domo
1351 1734 1651 1789 Vesliliaui.

332 1823 557 1876 llavas
585 1822 878 1887 Pzn'rmax,
910 1821 1051 1889 XVI,
1081 1826 1322 1893 regnavit
1349 1841 1560 1881 menses
1590 1841 1683 1881 sex
1709 1843 1722 1880 :
1744 1826 1833 1896 qui

266 1928 374 1966 cum
404 1913 573 1982 major
597 1916 1013 1983 septuagenario
1043 1916 1416 1984 prtefecturam
1446 1918 1607 1975 Urbis
1630 1932 1833 1990 ageret,

268 2020 326 2060 ex
353 2014 567 2060 senatus
596 2008 847 2061 consulto
876 2008 1142 2078 imperare
1165 2010 1345 2080 jussus
1378 2022 1479 2067 est.

328 2096 504 2151 Romae
546 2097 924 2165 episcopatum
976 2102 1217 2167 suscepit
1267 2101 1387 2157 XIII
1434 2104 1640 2161 Vtcron
1685 2109 1839 2165 annis

270 2201 367 2249 xu;
412 2187 565 2256 cujus

268 2278 548 2333 volumina.

328 2369 595 2441 Pertinax,
653 2371 974 2429 obsecrante
1028 2384 1219 2431 senatu
1289 2384 1348 2432 ut
1401 2392 1624 2435 uxorem
1686 2396 1838 2438 suam

265 2462 561 2531 Augustam,
593 2472 648 2517 et
679 2462 846 2517 tilium
875 2480 1032 2520 suum
1057 2464 1329 2522 Caesarem
1365 2469 1587 2537 faceret,
1617 2483 1837 2528 contra-

267 2551 420 2607 dixit:
446 2552 700 2609 suflicere
732 2562 981 2623 testatus,
1022 2557 1164 2627 quod
1192 2557 1308 2627 ipse
1333 2571 1579 2628 regnaret
1616 2562 1837 2618 invitus.

328 2644 573 2701 Pertinax
602 2644 872 2701 occiditur
902 2649 952 2702 in
983 2647 1205 2717 palatio,
1229 2648 1432 2704 scelere
1462 2650 1659 2706 Juliani
1678 2654 1842 2722 juris-

268 2736 432 2806 periti,
477 2752 645 2808 quem
697 2748 884 2807 postea
931 2738 1165 2796 Severus
1212 2739 1279 2794 ad
1323 2739 1550 2798 Pontem
1601 2744 1840 2801 Milvium

267 2829 538 2888 interfecit.

324 2923 579 2988 SEVERUS,
610 2922 772 2988 XVII,
799 2924 1045 2994 regnavit
1069 2925 1225 2979 annis
1248 2941 1396 2982 xvru.
1421 2927 1519 2995 Qui
1541 2937 1690 2983 ortus
1718 2944 1841 2999 pro-

267 3014 437 3071 vincia:
488 3016 845 3084 Tripolitanae
888 3018 1089 3087 oppido
1117 3018 1290 3088 Lepti,
1340 3022 1487 3074 solus
1539 3036 1605 3076 ex
1656 3022 1837 3077 Africa

634 2196 661 2225 ι
711 2202 817 2243 non
861 2190 1157 2246 mediocria
1202 2190 1271 2247 de
1318 2192 1574 2264 religione
1625 2210 1839 2255 exstant

1482 247 1885 305 CIIRONICUM
1925 246 2305 307 INTEGRUM.

1869 362 2072 424 Adam
2132 366 2302 437 legem
2357 366 2558 439 Moysis
2609 367 2819 426 decima
2875 380 3063 440 quarta
3120 375 3322 432 mensis
3370 380 3531 448 primi

3398 272 3401 273 ⁷
3420 262 3529 320 566

1942 456 2148 513 Pascha
2194 459 2589 517 observandum
2638 473 2805 531 esset,
2856 464 3039 521 Victor
3084 467 3342 525 Romana:
3385 471 3533 528 urbis

1941 554 2245 624 episcOpus,
2280 565 2335 612 et
2377 556 2659 613 Narcissus
2688 558 3175 630 Jerosolymorum,
3218 561 3533 634 Polycrates

1882 672 1885 675 -
1941 658 2158 715 quoque
2178 654 2232 702 et
2264 647 2518 714 lrenmus,
2541 658 2594 704 et
2620 648 2895 717 Bachilus,
2920 651 3240 722 plurimique
3262 654 3535 712 Ecclesia-

1942 749 2060 790 rum
2105 746 2370 807 pastores,
2412 739 2542 810 quid
2583 741 2662 796 eis
2694 742 2975 812 probabile
3023 745 3195 799 visum
3244 744 3404 802 fuerit
3445 745 3536 803 lit-

1944 826 2073 881 teris
2118 827 2446 895 ediderunt,
2500 846 2729 900 quorum
2786 834 3045 889 memoria
3094 834 3161 890 ad
3214 850 3315 891 nos
3358 851 3532 906 usque

1944 917 2219 987 perdurat.

2013 1007 2204 1065 GETA
2245 1010 2331 1065 ET
2372 1010 2786 1071 PLAUTIANO.

2013 1099 2311 1158 CIIILONE
2353 1103 2439 1160 ET
2476 1104 2746 1164 LIBONE.

2013 1190 2199 1246 Romae
2228 1192 2346 1249 XIV
2386 1195 2674 1266 episcopus
2708 1197 2807 1253 fuit
2833 1198 3151 1257 ZEPIIBINUS
3179 1203 3335 1258 annis
3366 1213 3388 1243 ο
3416 1220 3525 1260 xiv.

2014 1282 2221 1350 Qum'rs
2244 1299 2588 1343 PERSECU’I‘IO.
2612 1286 2993 1346 Persecutioue
3018 1290 3338 1349 Christianis
3367 1294 3525 1362 facta,

1944 1373 2216 1432 Leonides
2268 1377 2519 1449 Origenis
2570 1387 2725 1453 pater
2780 1384 3014 1455 gloriosa
3067 1388 3308 1459 martyrii
3358 1399 3530 1446 morte

1946 1466 2238 1522 translatus
2264 1479 2368 1525 est.

2013 1559 2323 1616 Alexander
2359 1578 2572 1635 quoque
2596 1566 2666 1622 ob
2692 1567 3091 1627 confessionem
3135 1569 3397 1628 Dominici
3429 1588 3527 1627 no-

1945 1648 2109 1705 minis
2130 1651 2310 1709 clarus
2334 1656 2560 1712 exstitit.

1871 1732 1918 1790 Β
2014 1742 2129 1811 Qua
2160 1751 2479 1816 tempestate
2508 1750 2771 1821 Perpetua
2800 1762 2854 1810 et
2890 1754 3137 1812 Felicitas
3178 1772 3276 1827 pro
3314 1755 3529 1813 Christo

1942 1847 2116 1901 passa:
2153 1846 2311 1903 sunt,
2340 1839 2496 1894 nonis
2522 1841 2727 1909 Martii,
2758 1845 2900 1915 apud
2927 1845 3307 1919 Carthaginem
3333 1848 3530 1906 Africae

1943 1922 1997 1976 in
2028 1926 2220 1981 castris
2242 1927 2428 1983 bestiis
2461 1930 2751 2000 deputatm.

2012 2016 2363 2075 ANTONINO
2395 2021 2437 2075 II
2478 2022 2567 2077 ET
2605 2025 2811 2082 GETA.

2012 2107 2266 2165 ALBINO
2306 2110 2395 2167 ET
2434 2112 2733 2174 AELIANO.

2012 2200 2195 2257 APRO
2233 2202 2322 2258 ET
2350 2204 2637 2262 MAXIMO.

2014 2292 2266 2349 Clemens
2297 2296 2461 2352 multa
2487 2301 2798 2359 conscribit.

2014 2384 2363 2442 ANTONINO
2402 2389 2465 2444 III
2506 2390 2596 2445 ET
2633 2391 2817 2448 GETA
2858 2394 2945 2449 III.

2013 2475 2204 2533 Clodio
2230 2479 2460 2547 Albino,
2488 2481 2578 2549 qui
2607 2496 2666 2538 se
2696 2484 2749 2538 in
2789 2484 2961 2540 Callia
2989 2483 3259 2544 Caesarem
3306 2488 3527 2555 fecerat,

1944 2567 2226 2625 interfecto
2254 2570 2520 2642 Lugduni,
2547 2574 2779 2631 Severus
2804 2578 2869 2631 ad
2898 2578 3188 2636 Britannos
3216 2581 3529 2637 transfreta-

1943 2659 2039 2726 vit,
2070 2672 2125 2716 ut
2154 2672 2400 2734 receptas
2438 2666 2748 2735 provincias
2789 2668 2859 2723 ab
2900 2674 3209 2729 lncursione
3251 2674 3528 2731 barbarica

1942 2750 2143 2809 Iaceret
2168 2756 2415 2823 tutiores,
2441 2758 2640 2815 fossam
2662 2769 2716 2813 et
2737 2774 2985 2830 aggerem
3013 2778 3110 2831 per
3136 2778 3328 2819 cxxxn
3359 2767 3525 2822 millia

1943 2859 2197 2913 passuum
2218 2860 2248 2900 a
2276 2846 2413 2901 mari
2444 2847 2512 2901 ad
2539 2861 2692 2904 mare
2721 2848 2964 2917 deduxit,
2998 2862 3054 2908 et
3083 2868 3193 2910 non
3216 2857 3385 2912 multo
3406 2865 3527 2928 post

1944 2937 2078 2991 intra
2105 2938 2438 2994 Britanniam
2464 2939 2694 2995 Eboraci
2718 2942 2966 2998 moritur.

2012 3029 2407 3089 POMPEIANO
2444 3032 2534 3088 ET
2569 3033 2800 3091 AVITO.

265 3120 415 3175 usque
442 3107 491 3162 in
520 3118 850 3177 praesentem
876 3108 1017 3162 dietn
1047 3124 1111 3164 ex
1134 3108 1396 3166 Romanis
1424 3112 1837 3181 imperatoribus
1864 3100 1908 3163 C
2010 3121 2354 3179 FAUSTINO
2391 3124 2481 3180 ΕΤ
2518 3123 2801 3183 RUFINO,

264 3194 367 3263 fuit,
393 3209 444 3254 et
473 3201 523 3254 in
556 3201 823 3256 honorem
851 3199 1146 3257 Pertinacis
1190 3201 1525 3258 Pertinacem
1554 3216 1613 3259 se
1638 3217 1836 3273 cogno-

268 3286 440 3341 minari
464 3286 653 3357 jussit.

325 3377 636 3435 FALCONE
679 3380 766 3436 ET
803 3380 1057 3438 CLARO.

323 3471 585 3529 SEVERO
627 3473 717 3528 ET
758 3475 1033 3531 ALBINO.

322 3560 687 3619 TERTULLO
727 3563 813 3617 ET
852 3562 1253 3621 CLEMENTE.

324 3651 597 3711 DEXTRO
641 3654 731 3709 ET
769 3654 1036 3712 PRISCO.

321 3744 562 3804 Clemens
595 3748 976 3803 Alexandrinae
1024 3749 1278 3805 Ecclesiae
1325 3752 1628 3823 presbyter,
1673 3753 1836 3825 716

260 3845 310 3891 et
357 3838 643 3894 Pantmnus
697 3840 901 3895 stoicus
958 3840 1311 3910 philosophus
1375 3842 1428 3897 in
1475 3843 1835 3913 disputatione

260 3930 507 4000 dogmatis
538 3932 712 3989 nostri
743 3931 1083 3985 disertissimi
1114 3932 1400 3989 habentur.

321 4021 691 4079 LATERANO
729 4022 819 4078 ET
859 4022 1140 4079 RUFINO.

320 4112 590 4171 Narcissus
612 4115 1072 4186 Jerosolymorum
1096 4118 1404 4186 episcopus,
1425 4130 1480 4175 et
1496 4120 1831 4191 Theophilus

259 4201 611 4274 Czesariensis,
646 4207 973 4278 Polycarpus
1000 4225 1215 4280 quoque
1254 4220 1310 4266 et
1341 4212 1588 4267 Bachilus
1614 4213 1830 4272 Asiaute

261 4298 533 4363 provincia:
559 4298 871 4369 episcopus,
902 4299 1018 4355 haec
1058 4310 1297 4371 tempora
1330 4303 1754 4362 illustraverunt.

320 4387 705 4448 SATURNINO
734 4392 821 4447 ET
860 4392 1108 4449 GALLO.

326 4483 618 4541 ANULINO
659 4486 746 4541 ET
785 4486 1171 4544 FRONTONE.

318 4571 586 4632 SEVERO
625 4577 667 4632 II
704 4578 793 4633 ET
831 4577 1219 4637 VICTORINO.

322 4662 614 4722 FABIANO
653 4668 743 4723 ET
782 4669 1110 4726 MUCIANO.

320 4753 582 4813 SEVERO
619 4758 684 4813 IIl
726 4758 815 4813 ET
855 4761 1223 4819 ANTONINO.

323 4844 431 4902 Iloc
461 4857 700 4919 tempore
730 4851 928 4906 bellum
962 4853 1244 4910 Iudaicum
1287 4870 1341 4913 et
1367 4858 1393 4897 δ
1425 4858 1777 4919 Sarmaticum
1807 4883 1819 4917 :

259 4945 308 4991 ct
327 4938 553 4996 Severus
581 4942 648 4996 de
675 4946 982 5001 nominibus
1008 4950 1248 5017 gentium
1294 4956 1661 5023 subactarum,
1695 4959 1823 5014 Par-

261 5027 442 5099 thicus,
469 5035 751 5101 Arabicus,
794 5037 1151 5094 Adiabeuicus
1181 5045 1476 5111 appellatus
1504 5060 1607 5102 est.

320 5119 618 5189 Quaestione
644 5134 761 5181 orta
785 5129 837 5182 in
878 5130 1002 5184 Asia
1028 5133 1167 5188 inter
1192 5136 1494 5206 episcopos,
1526 5155 1591 5195 an
1626 5157 1821 5199 secun-

322 5284 529 5357 f‘Abest
559 5300 759 5357 negans
788 5288 1044 5356 particula
1076 5303 1106 5341 a
1137 5289 1413 5347 codicibus
1442 5294 1780 5351 Eusebianis.

318 5348 359 5437 ξ.
375 5352 515 5409 Libri
554 5348 1175 5437 (ξζιῖοηίςῖιΕυεθωειειὶἈ
1196 5361 1414 5432 dempto
1460 5348 1821 5437 manu-scripto

260 5420 399 5507 Eolb.
427 5441 554 5507 uno,
585 5428 963 5507 Samariticum,
1008 5430 1090 5507 vel
1138 5420 1546 5489 Samaritanum.
1599 5420 1820 5507 Deique

256 5491 507 5579 {lentae-us
538 5498 588 5550 in
617 5501 757 5579 notis
792 5517 805 5552 :
847 5491 1152 5579 Germanior
1193 5508 1474 5558 communis
1506 5509 1651 5561 lectio

264 5561 881 5648 Samaritic-umndicitur)
909 5582 954 5623 et
976 5587 1112 5648 _e_am
1160 5586 1463 5648 sequuntur,
1493 5561 1818 5648 prwteralirt

261 5633 577 5715 exemplaria,
609 5633 935 5715 Cantractus,
976 5633 1290 5705 Vincentius,
1323 5633 1629 5703 Antoninus.
1667 5633 1817 5715 Quod

263 5705 386 5757 enim
413 5705 623 5766 Severus
649 5711 833 5769 bellum
866 5713 1117 5769 Sarmatis
1150 5715 1410 5785 indixerit,
1441 5719 1633 5787 uultus,
1672 5705 1817 5790 quod

2011 3210 2321 3268 Auronmus
2362 3224 2721 3285 cognomento
2765 3215 3085 3276 Canscsus
3125 3217 3311 3278 Severi
3351 3219 3522 3290 filius,

1940 3298 2128 3365 XVIII,
2159 3303 2401 3372 regnavit
2421 3305 2585 3360 annis
2611 3320 2728 3362 sex.

2008 3389 2357 3449 GENTIANO
2396 3394 2484 3450 ET
2524 3395 2763 3454 BASSO.

2011 3482 2284 3541 DUOBUS
2324 3484 2582 3544 ASPRIS.

2011 3578 2310 3635 Antiochiae
2342 3580 2413 3635 IX
2445 3583 2727 3651 cpisropus
2760 3583 3105 3640 constituitur
3136 3585 3480 3656 Asclepiades
3507 3604 3522 3642 :

1937 3669 2287 3740 Jerosolymis
2316 3687 2447 3727 vero
2496 3673 2689 3728 XXXV
2718 3675 3044 3742 Alexander,
3087 3676 3263 3733 adhuc
3311 3679 3525 3736 vivente

1936 3763 2188 3817 Narcisso
2215 3779 2227 3814 :
2263 3770 2318 3816 et
2343 3778 2463 3818 cum
2495 3779 2562 3819 eo
2594 3766 2799 3834 pariter
2824 3767 3120 3824 Ecclesiam
3151 3770 3308 3839 regit.

2006 3854 2353 3910 ANTONINO
2392 3855 2459 3911 IV
2499 3857 2588 3911 ET
2628 3858 2940 3913 BALBINO.

2008 3948 2167 4019 717
2205 3946 2519 4004 MESSALA
2562 3948 2649 4003 ET
2687 3948 2955 4006 SABINO.

2008 4041 2157 4096 Finis
2183 4042 2318 4112 cycli
2349 4041 2593 4105 secundi,
2625 4052 2679 4098 et
2712 4043 2928 4099 initium
2960 4044 3123 4099 tertii.
3212 4038 3219 4045 ’

2006 4133 2212 4189 LETO
2253 4132 2340 4188 ET
2379 4133 2723 4194 CEREALE.

2006 4225 2253 4281 SABINO
2292 4225 2335 4280 II
2368 4226 2455 4281 ET
2497 4226 2831 4284 VENUSTO.

2008 4317 2309 4374 Antoninus
2350 4318 2672 4375 interficitur
2702 4320 2843 4376 inter
2876 4320 3132 4377 Edessam
3171 4329 3225 4378 et
3258 4321 3513 4391 Charras,

1933 4424 2076 4463 anno
2106 4410 2279 4464 aetatis
2308 4424 2421 4465 sua:
2451 4426 2599 4465 xuii.

1853 4471 1909 4530 Ι)
2006 4504 2302 4572 MACRINUS,
2334 4503 2478 4569 XIX,
2513 4512 2699 4573 regnat
2727 4519 2870 4559 anno
2901 4519 3028 4560 uno.

2004 4593 2388 4649 PRAESENTE
2420 4594 2506 4648 ET
2536 4593 2948 4650 EXTRICATO.

2004 4687 2304 4742 Antiochia:
2333 4687 2381 4741 X
2410 4687 2697 4756 episcOpus
2728 4687 3008 4743 ordinatur
3039 4687 3298 4744 Pliiletus.

2004 4778 2075 4833 Μ.
2128 4779 2401 4832 Αυιιειιυε
2448 4777 2792 4846 Anromuus,
2839 4776 2971 4847 XX,
3022 4776 3323 4850 regnavitd
3363 4783 3517 4836 annis

1932 4871 2124 4923 tribus.

2005 4961 2348 5017 ANTONINO
2380 4961 2466 5016 ET
2495 4961 2837 5019 ADVENTO.

2004 5056 2189 5110 Romae
2218 5056 2585 5125 episcopatum
2628 5057 2868 5127 suscepit
2895 5055 2989 5112 XV
3028 5055 3326 5112 CALLIS‘I’US
3358 5064 3382 5093 ο
3411 5071 3511 5110 an-

1933 5162 2015 5201 IIIS
2045 5159 2164 5200 58X.
3026 5158 3029 5167 ‘

1927 5300 2108 5363 sciam,
2142 5301 2795 5372 scripsittEruditissimus
2837 5316 2914 5353 vir
2946 5299 3017 5351 ait
3048 5314 3102 5352 se
3128 5313 3403 5372 numquam
3430 5298 3515 5352 in-

1926 5374 2120 5424 venisse
2149 5369 2336 5426 bctl'um
2366 5371 2647 5427 Judaicum
2674 5388 2707 5425 a
2734 5373 2921 5428 Severo
2967 5378 3184 5441 gestum.
3218 5369 3281 5422 At
3312 5377 3513 5439 poterat

1927 5441 2173 5521 illud_h.i.c
2187 5443 2500 5521 _ad_uertere._
2515 5515 2544 5521 _
2788 5520 2791 5521 ν
2920 5510 2954 5521 _
2996 5509 3029 5521 __
3137 5509 3149 5521 ,

2003 5523 2024 5551 ε
2062 5512 2237 5567 Editio
2269 5514 2445 5577 Pont.,
2480 5514 2583 5566 I7:
2615 5527 2745 5567 mss.
2781 5520 2888 5566 tres
2915 5509 3173 5569 Colberti.
3208 5510 3293 5566 I8.

1998 5580 2024 5620 ἀ
2060 5584 2112 5636 lu
2155 5584 2430 5637 codicibus
2459 5583 2773 5637 Eusebianis
2800 5589 3087 5647 notantur,
3120 5582 3242 5633 anni
3265 5588 3509 5651 quatuor.

2000 5663 2023 5690 °
2059 5653 2197 5707 EIIII.
2234 5654 2496 5719 Pontaci.,
2525 5654 2673 5709 annis
2700 5654 2752 5710 5.
2784 5654 2879 5710 Ms.
2914 5664 3043 5722 tres,
3066 5654 3215 5708 armis
3247 5664 3467 5722 quatuor
3494 5662 3514 5707 .‘

1929 5739 2061 5780 unus~
2093 5726 2175 5791 I5,
2207 5726 2339 5780 alius
2364 5726 2415 5779 5.
