4028 6176
431 251 541 315 567
1655 251 1711 305 S.
1754 250 2091 307 PROSPERI
2133 252 2458 321 AQUITANI
3579 265 3685 321 568

500 368 771 428 Macrinus
798 366 1058 423 occiditur
1087 366 1139 420 in
1170 364 1511 420 Archelaide.
2030 369 2079 426 A
2180 370 2486 426 Alexander
2537 371 2676 441 apud
2728 372 3121 443 Mogontiacum
3174 372 3402 430 tumultu
3464 374 3683 430 militari

503 463 803 520 Antoninus
839 459 1028 516 Roma:
1074 459 1337 513 Thermas
1378 458 1609 513 nominis
1650 459 1734 512 sui
1776 456 2008 511 ardilica-
2110 463 2393 516 occiditur,

431 558 533 613 vit.
2182 552 2454 608 MAXIMO
2485 554 2574 609 ET
2607 555 2948 611 PATERNO.

498 643 843 703 ANTONINO
874 642 917 696 ll
947 642 1034 696 ΕΤ
1064 641 1493 698 SACERDOTE.
2193 642 2515 713 MAXIIIINUS,
2545 645 2711 714 XXII,
2744 658 2930 716 regnat
2959 648 3112 704 annis
3143 649 3336 705 tribus.

497 733 843 791 ANTONINO
872 733 939 787 IlI
970 733 1055 786 ET
1085 731 1523 787 COMAZONTE.
2180 733 2448 789 MAXIMO
2478 736 2521 790 II
2551 737 2639 790 ET
2672 736 2970 793 URBANO.

497 824 730 882 ΕΒΑΤο
760 825 849 879 ΕΤ
878 822 1213 879 SELEUCO.
2177 822 2451 879 SEVERO
2482 826 2570 880 ET
2600 827 2994 892 QUINTIANO.
3068 874 3071 875 ,

496 918 800 974 Antoninus
826 916 1011 970 Romae
1041 916 1271 969 tumultu
1302 914 1516 968 militari
1547 912 1834 967 occiditur.
2178 913 2518 971 MAXIMINO
2549 918 2637 971 ET
2668 918 3033 974 AFRICANO.

496 1009 825 1065 ALsxmnsa
860 1006 1149 1060 Mammreae
1182 1005 1346 1071 Illius,
1380 1004 1531 1071 XXI,
1564 1004 1807 1073 regnavit
1834 1017 2005 1058 annos
2178 1004 2363 1060 Sun
2394 1022 2739 1063 PERSECUTIO.
2771 1009 3092 1064 Maximinus
3125 1008 3388 1065 adversus
3412 1008 3687 1068 Ecclesia-

428 1117 541 1169 xtu,
574 1108 790 1171 sumpto
821 1098 1038 1153 nomine
1068 1098 1138 1151 ab
1164 1098 1492 1166 imperatore
1516 1097 1841 1151 Alexandro.
2108 1112 2222 1150 rum
2256 1097 2564 1153 sacerdotes
2588 1100 3016 1166 persecutionem
3047 1110 3247 1154 movet.

496 1191 807 1247 Alexander
864 1188 1098 1245 Xerxem
1170 1204 1356 1260 regem
1420 1188 1707 1242 Persarum
1770 1187 2005 1257 gloriose
2177 1187 2492 1243 Maximinus
2523 1189 2839 1253 Aquileiaea
2872 1190 3111 1259 Pupieno
3134 1190 3419 1245 occiditur.

428 1286 611 1341 vincit.
2182 1275 2512 1339 GORDIANUS,
2548 1278 2731 1344 XXIII,
2767 1278 3007 1348 regnavit
3039 1280 3196 1334 annis
3236 1295 3351 1334 sex.

496 1376 770 1432 MAXIMO
801 1376 888 1431 ET
917 1373 1220 1430 ELIANO.
2177 1367 2541 1423 PERPETL'O
2574 1370 2658 1423 ET
2688 1369 3150 1425 CORNELIANO.

494 1466 780 1523 JULIANO
809 1467 899 1520 ET
928 1464 1260 1521 CRISPINO.
1424 1536 1427 1539 Α
2179 1458 2366 1513 Roma:
2411 1459 2579 1514 XVIII
2628 1461 2687 1513 Iit
2731 1462 3017 1529 episcopus
3059 1460 3313 1514 Aurenus
3346 1477 3358 1512 :
3393 1466 3509 1528 post
3537 1461 3691 1529 cujus

491 1556 678 1612 Romae
707 1556 825 1612 XVI
855 1557 1140 1624 episcOpus
1168 1562 1382 1610 creatur
1412 1554 1660 1610 URBANUS
1690 1552 1846 1608 annis
1875 1567 1951 1606 ιι.
2108 1566 2273 1605 unum
2304 1566 2543 1605 mensem
2575 1550 2694 1605 XIX
2723 1551 3066 1608 constituitur
3092 1551 3357 1607 Fumus
3385 1552 3539 1607 annis
3569 1567 3689 1606 xm.

497 1659 525 1687 ι
584 1650 678 1704 IIis
737 1648 1067 1717 temporibus
1125 1648 1391 1703 Sabellius
1449 1646 1615 1701 fuisse
1668 1646 2001 1715 perhibetur.
2178 1642 2287 1697 PIO
2320 1643 2405 1697 ET
2437 1643 2772 1699 PROCULO.

426 1741 586 1811 Cujus
614 1756 770 1795 error
797 1750 910 1805 est,
939 1750 996 1793 ut
1027 1740 1079 1793 in
1111 1738 1371 1793 Trinitate
1399 1738 1609 1805 divina,
1641 1753 1799 1808 quem
1832 1737 2002 1791 nomi-
2038 1728 2087 1788 B
2182 1734 2532 1790 GORDIANO
2563 1736 2647 1790 ET
2678 1734 2955 1791 AVIOLA.

424 1843 514 1887 nat
543 1832 785 1900 Patrem,
816 1830 1061 1887 eumdem
1094 1829 1287 1884 Filium
1312 1872 1326 1896 ,
1358 1830 1606 1884 eumdem
1647 1838 1859 1884 asserat
1887 1828 2007 1897 Spi-
2180 1826 2423 1882 SABINO
2455 1826 2543 1881 ET
2580 1827 2915 1883 VENUSTO.

428 1924 589 1978 ritum
637 1932 902 1976 sanctum.
950 1920 1100 1976 Unde
1149 1920 1440 1988 impietatis
1487 1920 1641 1974 istius
1682 1920 2007 1988 impostores
2180 1917 2531 1973 GORDIANO
2563 1918 2604 1972 Il
2639 1920 2722 1973 ET
2755 1919 3163 1975 POMPEIANO.

426 2014 622 2068 merito
663 2014 825 2067 etiam
866 2012 1259 2079 I’atropassiani
1292 2019 1547 2065 Vocantur
1578 2028 1590 2063 :
1623 2010 1713 2080 qui
1754 2011 1855 2065 hoc
1884 2024 2005 2065 sen-
2179 2009 2427 2065 ATTICO
2459 2010 2543 2065 ET
2574 2009 3083 2065 PRETEXTATO.

425 2106 643 2171 tientes,
668 2104 971 2172 passionem
994 2102 1207 2157 Domini
1240 2103 1408 2156 nostri
1431 2103 1559 2157 .Iesu
1590 2102 1809 2167 Christi,
1842 2117 2002 2171 quam
2178 2100 2483 2154 Gordianus
2525 2115 2647 2155 cum
2692 2100 3017 2154 Parthorum
3064 2102 3279 2156 natione
3318 2112 3563 2171 superata
3608 2104 3687 2154 vi.

426 2210 523 2265 pro
546 2195 763 2248 humani
793 2192 1005 2264 generis
1037 2194 1210 2247 salute
1242 2194 1477 2262 pertulit,
1505 2194 1650 2247 Patri
1680 2193 2007 2248 convincan—
2106 2201 2224 2248 etor
2254 2194 2549 2247 revertitur
2578 2193 2647 2246 ad
2681 2195 2929 2261 patriam,
2962 2192 3153 2249 fraude
3193 2195 3417 2264 Philippi
3452 2196 3685 2264 prmieeti

426 2296 513 2339 tur
533 2299 798 2340 asserere.
2115 2284 2368 2352 praetorio
2399 2282 2536 2337 haud
2571 2284 2727 2353 longe
2754 2298 2784 2338 a
2816 2284 3063 2338 Romano
3093 2286 3209 2340 solo
3240 2265 3552 2341 inierfecms
3581 2299 3685 2341 est.

496 2376 754 2445 Ulpianus
777 2375 1191 2445 jurisconsultus
1222 2375 1446 2445 insignis
1473 2374 1720 2430 habetur.
2178 2375 2483 2437 Pmuprus,
2511 2373 2703 2438 XXIV,
2732 2374 2976 2444 regnavit
2999 2378 3154 2431 annis
3182 2384 3410 2446 septem.

496 2465 721 2522 FUSCO
749 2466 838 2520 ΕΤ
868 2465 1169 2520 ΒΕΧἸἪΟ.
2175 2464 2431 2518 AIIIANO
2462 2466 2546 2517 ΕΤ
2576 2464 2813 2519 PAPPO.

496 2560 745 2615 Thermas
776 2559 1155 2614 Alexandrinae
1188 2559 1371 2612 Romae
1402 2558 1699 2612 :edilicatre.
2177 2555 2450 2624 Philippus
2480 2555 2780 2624 Philippum
2810 2556 2974 2610 [ilium
3007 2572 3161 2610 suum
3186 2566 3488 2611 consortem
3523 2560 3672 2625 regni

495 2648 918 2704 ALEXANDRO
961 2650 997 2702 ll
1035 2650 1119 2703 ΕΤ
1151 2648 1541 2703 MARCELLO.
2104 2648 2234 2703 facit
2277 2666 2289 2702 :
2338 2650 2540 2717 primus
2583 2649 2821 2703 omnium
2864 2664 2929 2703 ex
2975 2650 3230 2704 Romanis
3276 2651 3684 2720 imperatoribus

493 2742 748 2797 ANIANO
790 2743 873 2795 ET
913 2742 1206 2797 MAXIMO.
2104 2737 2440 2793 CltrISIianus
2472 2738 2585 2792 fuit.

491 2831 741 2887 ALBINO
772 2832 859 2886 ΕΤ
891 2833 1180 2887 MAXIMO.
2176 2830 2567 2884 PEREGRINO
2598 2830 2684 2884 ET
2714 2829 3093 2884 IEMILIANO.

496 2925 523 2963 ¹³
554 2926 812 2981 Geminus
842 2926 1122 2994 presbyter
1151 2928 1514 2979 Antiocliettus
1537 2971 1550 2993 ,
1584 2941 1636 2983 et
1668 2928 1999 2997 Hippolytus,
2176 2921 2551 2976 PRIESENTE
2586 2923 2669 2975 ET
2700 2922 2967 2976 ALBINO.

426 3028 479 3073 et
511 3019 749 3089 Beryllus
788 3018 1068 3087 episcopus
1118 3019 1326 3072 Araba:
1365 3019 1661 3077 BOaII‘CIIUS
1703 3023 1829 3075 clari
1873 3020 2004 3075 scri-
2060 3088 2065 3089 ί
2176 3013 2486 3068 ΡΙΙΙΙΛΡΡΟ
2518 3015 2559 3069 II
2596 3015 2680 3068 ET
2714 3014 3042 3068 PIIILIPPO.

426 3088 922 3181 ptnresiltahentur.
2032 3088 2076 3147 (ἶ
2182 3106 2547 3175 Βιιεηοιιιὶὺυδ
2598 3104 2859 3174 Philippis
2905 3105 3219 3159 millesimus
3257 3102 3508 3156 Romanu:
3538 3102 3682 3158 urbis

494 3204 796 3259 Antiochia:
826 3203 893 3258 XI
924 3204 1206 3273 episcopus
1241 3207 1299 3260 lit
1330 3208 1634 3262 Zebennus.
2110 3212 2280 3250 almus
2311 3198 2573 3265 expletur.

497 3293 820 3348 MODESTO
854 3294 936 3347 ET
972 3296 1219 3350 PROBO.
2182 3288 2457 3356 Philippus
2498 3289 2683 3342 urbem
2730 3288 2808 3340 sui
2842 3288 3072 3341 nominis
3116 3290 3167 3341 in
3200 3288 3397 3343 Achaia
3427 3286 3681 3341 condidit.

499 3382 877 3437 Alexandrinae
909 3384 1161 3439 Ecclesia:
1193 3386 1285 3440 XII
1316 3396 1511 3455 prmest
1533 3386 1814 3456 cpisc0pus
1842 3388 2004 3441 IIera-
2182 3382 2489 3436 PIIILIPPO
2524 3381 2585 3434 lll
2624 3382 2709 3435 ET
2740 3380 3046 3435 PlllLIPPO
3076 3380 3135 3434 II.

426 3477 556 3530 clas.
2181 3472 2536 3529 )EMILIANO
2568 3474 2655 3527 ΕΤ
2686 3472 3030 3539 AQUILINO.

498 3566 612 3621 Iloc
654 3576 894 3634 tempore
945 3566 1206 3637 Origenes
1238 3570 1579 3624 Alexandria:
1628 3571 1805 3625 clarus
1860 3570 2005 3625 vide-
2180 3564 2519 3619 Alexandria:
2551 3563 2668 3618 XIII
2697 3566 2975 3617 ordinatur
3005 3565 3289 3632 episc0pus
3316 3562 3617 3631 Dionysius.

426 3659 603 3713 batur.
658 3668 680 3695 ο
730 3658 828 3712 IIic
873 3658 963 3727 qui
1010 3674 1105 3727 per
1141 3662 1358 3713 multam
1411 3661 1607 3729 eloquii
1653 3659 1958 3715 facultatem
1987 3702 2001 3725 ,
2044 3712 2047 3717 ,
2181 3657 2460 3726 Philippus
2508 3658 2689 3710 senior
2746 3655 3010 3721 Verontn,
3070 3656 3253 3709 Romae
3301 3653 3480 3721 junior
3533 3650 3682 3705 occi-

428 3764 680 3817 perversa
749 3749 992 3818 quzcdam
1072 3759 1156 3804 est
1224 3762 1447 3804 conatus
1515 3762 1803 3815 astruere.
1874 3767 2003 3806 con-
2108 3752 2265 3804 ditur.

425 3842 747 3896 denslibros
778 3858 1005 3912 quorum
1059 3850 1143 3897 est
1173 3843 1355 3897 titulus
1393 3847 1509 3919 Περὶ
1538 3846 1772 3919 Ἀρχῶν,
1808 3845 1857 3897 in
1887 3845 2005 3912 qni-
2182 3843 2396 3906 IIECIUS,
2454 3839 2619 3904 XXV,
2675 3850 2865 3910 regnat
2913 3854 3054 3893 anno
3106 3853 3245 3904 uno,
3304 3847 3359 3893 ct
3412 3827 3694 3890 mensibus

424 3934 557 3998 bus,
600 3940 796 4001 praeter
826 3936 990 3987 multa
1033 3948 1200 3988 sacra:
1243 3934 1503 3989 doctrina:
1549 3938 1806 4000 adversa,
1841 3936 2004 4006 718
2109 3932 2297 3988 tribus.

423 4024 583 4077 etiam
611 4022 691 4077 de‘
719 4023 1141 4080 commutatione
1188 4025 1288 4079 hoc
1332 4029 1495 4079 totius
1538 4027 1813 4081 rationalis
1844 4042 2001 4081 crca-
2178 4027 2340 4096 719
2383 4026 2580 4081 DECIO
2620 4026 2705 4080 ΕΤ
2743 4022 2989 4078 CRATO.

425 4120 557 4167 tura:
587 4112 807 4177 asserit,
839 4114 979 4182 quod
1013 4129 1115 4167 non
1144 4116 1317 4168 solum
1350 4116 1632 4184 impiorum
1665 4117 1878 4183 animm,
1905 4116 2001 4171 sed
2182 4115 2379 4172 IIECIO
2420 4117 2460 4170 lI
2499 4116 2589 4170 ET
2628 4115 2938 4170 RUSTICO.

425 4214 480 4258 et
518 4205 633 4272 ipse
673 4218 883 4273 quoque
926 4204 1201 4271 diabolus,
1248 4206 1401 4275 longa
1434 4208 1805 4273 puriﬁcatione
1846 4222 2003 4260 revo-
2177 4209 2413 4264 Senum
2444 4224 2790 4264 PERSECUTIO.
2817 4208 3008 4263 Decius
3036 4222 3154 4261 cum
3182 4206 3453 4275 Philippos
3479 4214 3684 4273 patrem

428 4294 635 4349 candus
664 4294 734 4347 sit
760 4294 813 4348 in
840 4308 951 4348 sua:
981 4294 1201 4363 originis
1225 4295 1557 4363 dignitatem,
1590 4298 2000 4351 succedentibus
2108 4312 2160 4355 et
2192 4300 2354 4354 ﬁlium
2392 4302 2781 4365 interfecisset,
2816 4303 2885 4353 ob
2914 4299 3098 4353 odium
3128 4313 3315 4353 eorum
3357 4298 3683 4366 persecutio~

421 4388 523 4443 sibi
564 4401 777 4457 semper
807 4386 1228 4441 revolutionibus
1273 4387 1339 4440 de
1371 4386 1522 4440 bonis
1552 4387 1617 4441 ad
1648 4388 1807 4453 mala,
1850 4398 1904 4442 et
1933 4388 2000 4443 de
2042 4456 2047 4457 γ
2110 4408 2229 4447 nem
2259 4393 2312 4446 in
2344 4394 2674 4447 Christianos
2705 4400 2902 4445 movet.

425 4480 581 4533 malis
611 4478 678 4533 ad
717 4479 877 4533 bona.
910 4478 1044 4544 Quia
1074 4479 1187 4532 hmo
1226 4478 1507 4531 alternatio
1539 4494 1641 4532 non
1682 4478 1850 4547 possit
1893 4493 1998 4532 non
2032 4456 2077 4513 Ῑ)
2177 4486 2441 4539 Antonius
2472 4487 2765 4539 mnmchus
2797 4481 3050 4537 nascitur.

423 4583 544 4624 esse
575 4579 851 4637 perpetua,
884 4577 939 4623 et
964 4568 1193 4623 vicissim
1227 4579 1283 4623 ut
1320 4569 1387 4623 de
1417 4570 1630 4625 miseris
1658 4570 1820 4637 beati,
1851 4581 1903 4625 et
1932 4571 1999 4626 de
2176 4578 2484 4637 Alexandro
2509 4577 2966 4647 Jerosolymorum
2992 4576 3243 4643 episcopo
3266 4572 3336 4625 ob
3365 4571 3683 4641 martyrium

421 4663 592 4718 beatis
624 4662 826 4717 miseri.
2104 4668 2388 4722 interfecto
2429 4667 2565 4735 apud
2599 4667 2896 4720 Cresaream
2932 4665 3229 4718 Palaestinae
3251 4704 3266 4727 ,
3300 4670 3355 4717 et
3383 4660 3683 4715 Antiochiae

488 4754 914 4809 ALEXANDRO
944 4756 1009 4811 III
1040 4757 1129 4810 ET
1161 4755 1365 4811 DIONE
2104 4758 2299 4828 Bahyla
2331 4758 2515 4811 eadem
2546 4759 2711 4825 gloria
2738 4756 2941 4821 occiso,
2979 4765 3002 4793 ο
3034 4755 3372 4809 Mazabamus
3395 4760 3450 4808 et
3478 4751 3684 4809 Fabius

489 4842 722 4899 GRATO
754 4845 838 4898 ET
867 4844 1198 4900 SELEUCO.
2100 4847 2334 4915 episcopi
2362 4847 2777 4900 constituuntur.

487 4933 879 4988 POMPEIANO
911 4936 996 4989 ET
1026 4936 1404 4992 FELICIANO.
2173 4941 2364 4995 Decius
2394 4954 2513 4993 cum
2542 4939 2651 4993 lilio
2690 4936 2709 4975 ί
2744 4937 2797 4991 in
2827 4937 3053 5004 Ahritto,
3089 4950 3209 5007 quae
3239 4945 3323 4991 est
3349 4933 3537 4991 civitas
3566 4934 3684 5005 My-

481 5022 663 5079 LUPO
693 5024 781 5078 ET
810 5024 1099 5081 MAXIMO.
2097 5034 2223 5095 size,
2253 5030 2533 5084 occiditur.

481 5114 669 5169 Roma:
700 5114 836 5169 XVII
867 5117 1228 5186 episcopatum
1252 5119 1486 5188 suscepit
1513 5119 1813 5175 PONTIANUS
1836 5121 1990 5176 annis
2168 5121 2383 5175 GALLUS
2417 5136 2483 5174 er
2518 5120 2848 5175 Vowsutvus
2877 5119 3013 5174 Galli
3044 5118 3204 5183 lilins,
3237 5115 3444 5185 XXVI,
3488 5128 3682 5185 regna-

410 5203 441 5246 ⁸
467 5205 726 5277 (ΙυῘηίΙυθο
2098 5214 2176 5268 vit
2205 5223 2229 5259 κ
2260 5215 2415 5266 annis
2443 5214 2611 5267 tribus
2639 5225 2691 5267 et
2718 5213 2993 5267 mensibus
3025 5220 3277 5280 quatuor.

485 5328 511 5355 ιι
540 5318 669 5389 Ilaec
705 5315 1059 5389 addunturgin
1103 5330 1282 5374 nostra
1314 5322 1549 5377 editione
1581 5340 1646 5379 ex
1696 5327 1988 5380 Anctuario
2163 5326 2189 5362 ει
2229 5327 2284 5379 In
2318 5342 2418 5379 ms.
2447 5325 2599 5381 Colb.
2633 5342 2758 5389 uno,
2791 5344 2990 5379 norem.

410 5388 551 5469 quod
596 5386 698 5469 Ph.
724 5388 921 5469 .Labbe
964 5387 1231 5446 Chronico
1280 5393 1581 5449 Ensebiano
1625 5404 1679 5448 et
1728 5395 1990 5467 Hierony-
2098 5468 2117 5469 ί
2167 5406 2189 5433 ο
2220 5396 2500 5469 Μέεβωιιξ.
2533 5414 2704 5465 unus,
2738 5386 3019 5450 Arabanes.
3066 5397 3305 5464 Quatuor
3334 5394 3423 5448 alii
3462 5400 3517 5448 et
3542 5392 3676 5449 edit.

409 5459 588 5515 miano
617 5459 915 5527 subiunxit.
1931 5459 1947 5467 ”
2095 5468 2276 5527 Pont.,
2308 5466 2648 5521 Maznbaima.
2691 5459 2701 5465 ’
3078 5459 3107 5464 γ’
3555 5503 3564 5511 -

478 5528 504 5619 ξ
535 5530 759 5619 (Illuidam
794 5546 946 5591 mss..
983 5531 1291 5612 Germinus;
1324 5533 1431 5619 :I‘III,
1460 5533 1759 5619 (llr-trifariam
2105 5607 2126 5619 _
2172 5536 2188 5573 ί
2225 5539 2321 5590 Ms.
2354 5537 2503 5590 Coll).
2547 5551 2713 5598 unus.
2764 5539 2815 5589 iu
2843 5537 3069 5591 Abrulio.
3110 5536 3237 5590 Mss,
3272 5534 3427 5590 Colb.
3458 5542 3567 5587 tres
3590 5575 3604 5599 ,
3642 5550 3679 5587 α

482 5610 504 5635 ο
545 5600 667 5652 Ilzec
695 5615 813 5667 qua:
845 5615 1139 5667 sequuntur
1169 5603 1393 5655 articulo
1424 5605 1601 5656 addita
1637 5606 1666 5656 Il
1689 5607 1903 5661 lbcntur
1926 5624 1990 5663 ex
2096 5607 2279 5661 Bruto.

408 5666 822 5728 Auctuario’Ph.
856 5666 1035 5727 Lttbbc
1064 5684 1191 5727 tom.
1229 5674 1245 5726 ι
1288 5674 1539 5729 Βὼιὶυιιι.
1576 5691 1749 5729 ιιονω.
2176 5690 2198 5724 8
2236 5678 2381 5748 Apud
2420 5678 2635 5733 Eusebii
2663 5675 2966 5733 Chronicon
3014 5676 3227 5747 ubique,
3263 5676 3411 5729 annis
3451 5671 3675 5729 duobus.
