3978 6178
233 248 322 311 εει)

1420 229 1811 289 CIIRONICUM
1850 232 2228 291 INTEGRUM.

3348 240 3453 297 570

292 363 516 416 Romanae.
554 350 810 408 Ecclesia:
838 349 1205 419 episcopatum
1253 356 1373 418 post
1406 349 1623 405 Fabiani
1653 351 1770 420 glo-
1797 354 1845 411 Α
1877 351 1960 404 liis
1986 350 2039 405 in
2065 351 2271 405 Italiam
2304 351 2589 407 transiere.
2613 349 2843 421 Grmcia,
2874 350 3208 419 Macedonia,
3252 352 3457 412 Pontus

227 439 400 515 iriosam
440 458 657 505 mortem
702 444 804 500 XX
848 444 1074 513 suscipit
1101 441 1402 499 Conneuns
1441 445 1596 498 annis
1636 444 1772 498 duo—

231 548 333 613 bus,
360 541 439 612 qui
475 546 590 610 post
632 536 905 592 biennium
935 534 1425 604 eodemmartyrio
1455 543 1768 590 coronatur.

290 634 492 696 GALLO
519 631 605 687 ET
639 626 1047 684 VOLUSIANO.

289 721 645 786 VOLUSIANO
672 721 719 776 II
750 720 836 775 ET
867 716 1159 774 MAXIMO.

287 821 497 877 Novatus
526 813 806 885 presbyter
832 810 1086 881 Cypriani
1116 808 1341 863 Romam
1374 808 1624 875 veniens,
1668 806 1773 861 No-

230 914 466 969 vatianum
496 917 547 964 et
568 915 793 961 carteros
824 902 1166 957 conl‘essores
1191 900 1293 955 sibi
1322 898 1507 964 sociat,
1537 913 1603 953 eo
1632 897 1774 969 quod

226 1003 475 1062 Cornelius
521 996 841 1068 poeniteutes
881 1000 1155 1062 apostatas
1199 994 1513 1059 recepisset.
1546 977 1627 1044 Ab
1674 989 1776 1043 huc

226 1096 425 1150 Ineresis
445 1087 859 1144 Novatianorum
881 1082 1113 1150 sumpsit
1142 1081 1444 1149 exordium,
1469 1079 1559 1145 qui
1576 1093 1634 1134 se
1653 1093 1778 1148 pro-

226 1196 329 1257 pter
366 1182 670 1259 munditiam
716 1193 876 1249 quam
921 1178 1024 1233 sibi
1066 1176 1453 1246 superbissime
1499 1182 1773 1243 arrogant,

224 1276 456 1332 Catharos
495 1272 751 1342 appellari
789 1269 979 1325 volunt
1009 1286 1022 1322 :
1056 1268 1321 1322 secundas
1364 1268 1579 1335 nuptias
1615 1273 1640 1301 ι
1670 1280 1775 1318 non

224 1368 505 1432 admittunt,
538 1362 1035 1419 reconciliationem
1071 1359 1457 1429 ptenitentibus
1486 1366 1699 1427 negant.

283 1458 562 1514 Antiochia:
609 1453 637 1495 ιι
682 1452 799 1509 XIV
849 1451 1195 1508 constituitur
1244 1451 1528 1519 episcopus
1585 1448 1777 1502 Deme-

228 1551 427 1605 lrianus.

262 1643 522 1697 ‘Ilotnanm
578 1637 837 1693 Ecclesiae
885 1637 1254 1706 episcopatum
1308 1640 1453 1686 tenet
1497 1629 1621 1685 XXI
1672 1629 1777 1683 Lu-

1873 453 1926 496 et
1955 442 2081 497 Asia
2111 457 2206 511 per
2244 441 2445 497 Gothos
2486 442 2828 511 depopulata:
2871 450 3015 497 sunt.
3046 442 3215 511 Quadi
3254 452 3310 498 et
3332 444 3459 501 Sar-

1875 544 2031 589 matzr.
2061 533 2362 590 Pannonias
2392 546 2811 606 occupaverunt.
2851 536 3137 592 Germanis
3172 538 3459 607 Hispanias

1874 627 2258 694 obtinentibus,
2293 628 2527 682 Tarraco
2572 638 2870 697 expugnata
2903 638 3009 685 est.
3045 629 3232 684 Parthi
3279 629 3458 686 Meso-

1878 719 2166 786 potamiam
2200 729 2443 773 tenentes
2475 720 2685 789 Syriam
2716 722 3145 776 incursaverunt.

1950 808 2295 863 GALLIENO
2328 809 2367 863 V
2398 808 2487 862 ΕΤ
2515 807 2901 864 VICTORINO.

1951 899 2198 955 ALBINO
2231 902 2315 956 ET
2348 902 2641 956 MAXIMO.

1948 992 2283 1046 Alexandria:
2315 992 2428 1047 XIV
2458 996 2744 1063 episcopus
2767 994 3051 1050 ordinatur
3082 994 3365 1051 Maximus.

1950 1084 2135 1138 Roma:
2161 1083 2330 1140 XXIV
2359 1085 2647 1153 praeﬁcitur
2686 1086 2974 1156 episcopus
3005 1086 3288 1143 DIONYSIUS
3314 1086 3332 1125 ί
3367 1104 3463 1144 an‘

1878 1175 1958 1227 nis
1990 1190 2062 1227 xl.

1952 1264 2295 1319 GALLIENO
2326 1265 2389 1319 VI
2423 1265 2508 1319 ET
2547 1266 2959 1321 SATURNINO.

1957 1353 2351 1409 VALERIANO
2390 1354 2486 1408 ET
2540 1355 2851 1412 LUCILLO.

1951 1444 2412 1517 Jcrosolymorum
2444 1448 2814 1518 episc0patum
2846 1459 2991 1506 tenet
3019 1448 3246 1506 XXXVI
3275 1451 3471 1522 Ilyme-

1884 1551 2049 1589 nurus.

1902 1692 1905 1697 ⁴
1954 1626 2301 1682 GALLIENO
2331 1627 2420 1683 VII
2450 1628 2538 1682 ET
2569 1628 2948 1684 SABINILLO.

223 1748 324 1789 ctus
349 1730 622 1787 mensibus
653 1740 677 1771 ο
708 1738 852 1783 octo.
896 1726 1027 1781 Post
1070 1740 1228 1795 quem
1280 1722 1424 1778 XXII
1472 1722 1786 1777 Srernmns
1818 1720 1865 1779 B
1963 1715 2160 1772 Paulus
2205 1719 2592 1774 Samosatenus
2640 1735 2672 1774 a
2719 1732 3033 1777 cunctorum
3091 1722 3474 1793 praedicatione

224 1824 359 1880 annis
399 1823 588 1879 tribus.
637 1820 869 1877 Exstant
920 1818 987 1874 ad
1036 1826 1322 1886 utrumque
1354 1814 1621 1887 'Cypriani
1672 1816 1785 1881 epi-

222 1916 374 1971 stolte.

284 2007 452 2062 Gallus
481 2014 534 2061 et
557 2003 883 2059 Volusianus
911 2001 1168 2057 adversus
1194 1998 1543 2054 IEmilianum
1576 2011 1664 2052 res
1690 2011 1786 2049 no-

221 2112 307 2153 vas
332 2098 379 2152 in
407 2096 593 2153 Maesia
612 2094 925 2151 molientem
951 2092 1121 2146 Roma
1148 2088 1397 2161 proiecti,
1421 2085 1448 2125 ἀ
1470 2088 1787 2143 Interamnae

225 2188 366 2243 occisi
390 2174 530 2242 sunt.

283 2277 593 2335 Emilianus
625 2277 786 2333 tertio
817 2289 1003 2332 mense
1043 2280 1321 2341 occupatas
1352 2267 1649 2341 tyrannidis
1690 2283 1789 2323 ex-

226 2373 425 2425 stinctus
452 2379 554 2425 est.

287 2460 617 2515 VALERIANUS
665 2466 721 2514 et
770 2457 1110 2522 GALLIENUS,
1161 2453 1369 2519 XXVI,
1426 2458 1791 2521 regnaverunt

224 2565 356 2605 IIIIIIS
384 2568 470 2606 XV.

253 2566 667 2698 “VIAITERIANO
700 2641 785 2695 ET
816 2638 1187 2696 GALLIENO.

279 2734 563 2804 Cyprianus
610 2735 843 2803 primum
890 2733 1096 2796 rhetor,
1128 2729 1324 2786 deinde
1368 2729 1672 2800 presbyter,
1723 2727 1790 2782 ad

223 2832 496 2880 extremum
530 2824 983 2894 Carthaginensis
1012 2822 1315 2892 episcopus,
1350 2819 1607 2890 martyrio
1628 2832 1789 2873 coro-

223 2923 378 2968 natur.

278 3008 546 3090 atumo
579 3008 671 3062 ET
699 3004 1113 3062 GLABRIONE.

1887 1807 2160 1874 desciscit,
2189 1811 2499 1865 Artemonis
2531 1810 2779 1866 Itzeresim
2812 1816 3108 1879 suscitans,
3137 1830 3256 1883 qua:
3280 1816 3475 1870 asserit

1887 1897 2158 1953 Christum
2186 1916 2290 1953 nou
2321 1915 2537 1970 semper
2562 1902 2751 1969 fuisse,
2785 1902 2878 1956 sed
2903 1903 3110 1957 initium
3132 1903 3247 1972 ejus
3270 1919 3341 1959 ex
3370 1920 3477 1973 quo

1887 1989 1954 2043 de
1982 1989 2143 2043 Maria
2174 2001 2333 2044 natus
2378 2001 2460 2045 est
2502 1992 2784 2061 praedicat,
2819 2009 2920 2049 nec
2955 2010 3080 2049 eum
3117 1996 3318 2064 aliquid
3363 2011 3477 2050 am-

1890 2081 2025 2149 plius
2062 2097 2219 2151 quam
2269 2082 2543 2137 hominem
2601 2095 2769 2153 putat.
2801 2095 2823 2133 8
2855 2087 3022 2155 Hujus
3070 2090 3270 2143 erroris
3312 2090 3477 2144 etiam

1890 2171 2152 2227 Photinus
2179 2183 2417 2227 assertor
2445 2173 2579 2241 fuit,
2612 2177 2701 2245 qui
2734 2174 3142 2232 vehementiore
3170 2179 3351 2233 studio
3375 2220 3391 2247 ,
3419 2190 3479 2234 ut

1889 2271 2185 2319 sectatores
2230 2265 2520 2333 impietatis
2564 2265 2721 2336 hujus
2766 2267 3069 2322 Photiniani
3103 2272 3280 2337 potius
3319 2285 3480 2337 quam

1892 2354 2133 2409 Pauliani
2161 2354 2475 2411 dicerentur
2501 2358 2752 2413 obtinuit.
2790 2359 2898 2414 llos
2926 2360 3181 2429 baptizari
3210 2361 3263 2414 in
3291 2362 3479 2415 Eccle-

1891 2448 1971 2502 sia
2014 2448 2275 2504 catholica
2317 2450 2554 2520 synodus
2580 2450 2798 2506 Nicaena
2847 2455 3145 2508 constituit.
3175 2453 3329 2509 Unde
3355 2469 3478 2509 cre-

1892 2538 2127 2594 dendum
2158 2549 2242 2594 est
2268 2555 2360 2595 eos
2388 2543 2626 2610 regulam
2658 2542 2907 2612 baptismi
2941 2559 3044 2599 non
3074 2544 3298 2600 habere.

1966 2633 2268 2687 Antiochia:
2293 2633 2347 2687 in
2376 2633 2551 2687 locum
2580 2634 3160 2691 PauliXVIordinatur
3191 2636 3480 2707 episcopus

1894 2724 2154 2780 Domnus.
2792 2724 2816 2745 '

1967 2814 2287 2869 PATERNO
2318 2815 2404 2871 ET
2433 2816 2889 2874 ARCIIESILAO.

1965 2907 2290 2962 PATERNO
2320 2910 2362 2962 II
2395 2909 2481 2962 ET
2512 2908 2748 2963 MARIO.

1966 3002 2266 3066 CLAUDIUS,
2303 3000 2560 3069 XXVIII,
2607 3011 2796 3073 regnat
2839 3018 2981 3058 anno
3031 3019 3160 3071 uno,
3206 3008 3483 3065 mensibus

281 3096 453 3153 Romae
476 3097 650 3153 XXIII
695 3096 1037 3151 constituitur
1082 3094 1367 3163 episcopus
1396 3091 1592 3145 th'ros
1636 3090 1793 3143 annis
1821 3092 1863 3152 C
1899 3104 2114 3144 novem.

226 3192 247 3223 ⁸
273 3200 488 3257 septem.

280 3279 488 3334 Ocuvtt
519 3294 874 3336 PERSECUTIO.
898 3278 1213 3333 Valerianus
1236 3277 1287 3330 itt
1315 3275 1650 3330 Christianos
1674 3287 1797 3343 per-

220 3372 535 3427 secutionem
570 3381 781 3427 movet.

284 3463 680 3519 VALERIANO
709 3464 777 3518 III
807 3464 893 3517 ET
924 3461 1271 3519 GALLIENO
1305 3460 1371 3514 Il.

293 3554 605 3612 Valerianus
632 3572 664 3610 a
697 3572 824 3625 rege
846 3557 1127 3611 Persarum
1156 3555 1359 3622 Sapore
1386 3554 1611 3623 capitur,
1636 3551 1798 3622 720

224 3646 389 3717 ibique
415 3652 685 3703 servitute
715 3647 911 3701 misera
942 3645 1301 3701 consenescit.

282 3740 492 3796 TUSCO
522 3742 615 3796 ET
645 3740 883 3795 BASSO.

283 3833 565 3890 Valeriano
584 3835 639 3888 in
668 3832 860 3887 Persas
888 3830 1071 3898 ducto,
1092 3830 1367 3887 Gallienus
1387 3829 1585 3883 nostris
1613 3843 1797 3897 pacem

220 3925 455 3979 reddidit.

279 4018 582 4073 Antiochiae
613 4016 712 4071 XV
741 4016 1024 4071 ordinatur
1053 4014 1338 4085 episcopus
1387 4012 1583 4068 Paulus
1610 4011 1800 4067 Samo-

220 4116 443 4162 satenus.

283 4198 647 4253 AEMILIANO
677 4196 766 4251 ET
796 4195 1030 4251 BASSO.

283 4292 683 4349 SIECULARE
716 4291 803 4344 ET
836 4291 1132 4344 DONATO.

277 4361 630 4442 GALLIENO
664 4386 730 4439 tv
764 4385 850 4439 ET
880 4384 1254 4440 GENTIANO.

1971 3181 2269 3238 CLAUDIO
2297 3182 2383 3236 ET
2414 3183 2753 3240 PATERNO.

1971 3277 2223 3330 Claudius
2252 3275 2456 3331 Gothos
2491 3278 2756 3349 Illyricum
2790 3288 2844 3333 et
2875 3280 3243 3337 Macedoniam
3273 3292 3487 3339 vastan-

1904 3383 1983 3426 tes
2012 3380 2264 3439 superat:
2295 3373 2364 3427 ob
2396 3388 2515 3442 qua)
2544 3373 2620 3427 illi
2648 3374 2696 3427 in
2728 3372 2886 3428 Curia
2917 3376 3141 3446 clypeus
3174 3393 3405 3448 aureus,
3430 3387 3489 3435 et

1903 3465 1956 3519 in
1989 3464 2254 3532 Capitolio
2280 3473 2455 3517 statua
2483 3480 2643 3519 aurea
2675 3467 2991 3522 collocatur.

1974 3554 2438 3610 ANTIOCIIIANO
2474 3555 2557 3609 ET
2588 3544 2911 3613 ORPIIITO.

1972 3643 2229 3699 Claudius
2258 3644 2437 3699 Sirmii
2470 3649 2694 3700 moritur
2719 3689 2733 3712 ,
2762 3648 2914 3717 cujus
2966 3649 3135 3704 frater
3173 3650 3486 3717 Quintillus.

1973 3737 2002 3773 ιι
2033 3737 2285 3791 Claudius
2326 3752 2355 3790 a
2404 3751 2593 3790 senatu
2638 3740 2911 3807 Augustus
2957 3742 3279 3808 appellatus,
3321 3742 3483 3812 721

1901 3830 2132 3898 septimo
2162 3827 2371 3881 decimo
2396 3828 2481 3881 die
2511 3827 2718 3896 imperii
2744 3832 2823 3883 sui
2863 3832 3121 3899 Aquileiae
3148 3831 3431 3887 occiditur.

1974 3924 2337 3986 Annsumos,
2358 3917 2554 3985 XXIX,
2579 3931 2767 3990 regnat
2794 3937 2965 3979 annos
2984 3922 3249 3995 quinque,
3271 3939 3487 3980 menses

1900 4025 1993 4067 86X
2002 4050 2017 4065 .

1978 4102 2372 4160 VALERIANO
2398 4102 2483 4157 ET
2519 4102 2759 4158 BASSO.

1973 4197 2275 4252 Antiochiae
2304 4195 2445 4250 XVII
2477 4196 2758 4250 ordinatur
2785 4198 3075 4269 episcopus
3110 4198 3123 4236 ί
3162 4199 3419 4256 Timaeus.

1974 4290 2329 4353 Aurelianus,
2390 4288 2607 4344 Tetrico
2653 4290 2792 4358 apud
2843 4292 3167 4346 Catalaunos
3214 4295 3485 4363 prodente

1905 4380 2208 4436 exercitum
2247 4393 2426 4438 suum,
2459 4378 2661 4432 Gallias
2691 4380 2913 4446 recepit.

281 4476 528 4532 Gallieno
561 4478 623 4532 in
654 4492 869 4531 omnem
910 4476 1186 4530 lasciviam
1220 4474 1514 4541 dissoluto,
1548 4474 1800 4530 Germani
1831 4457 1877 4514 θ
1976 4469 2234 4537 QUIETO
2268 4470 2355 4524 ET
2384 4468 2852 4524 \‘OLDUlIIANO.

217 4569 524 4626 Ravennam
560 4586 738 4640 usque
782 4578 1058 4624 venerunt.
1099 4569 1384 4624 Alamanni
1432 4570 1652 4623 vastatis
1684 4567 1809 4623 Gal-

280 4718 305 4747 α
337 4710 467 4766 Ilzec
490 4712 687 4777 verba,
721 4728 822 4766 non
850 4714 1124 4767 admittunt
1156 4731 1175 4768 :
1204 4715 1664 4770 reconciliationem
1700 4732 1803 4782 pae-

215 4780 485 4851 nitentibus
516 4791 747 4851 negant,
779 4799 848 4836 ex
888 4785 1162 4838 codicibus
1201 4788 1250 4839 in
1283 4790 1570 4840 Auctuario
1610 4780 1738 4840 tom.
1783 4785 1801 4839 I

220 4848 719 4926 bibliotb.__Labbei
754 4857 1050 4926 expressis,
1086 4856 1460 4910 substituimus
1504 4872 1598 4926 pro
1626 4856 1805 4910 verbis

214 4918 654 4997 fere_similibus,
676 4918 865 4997 quibus
887 4918 1047 4980 antea
1064 4926 1357 4996 legebatur,
1384 4918 1707 4997 denegantem,
1736 4926 1804 4979 ad

215 4992 568 5055 penitentiam
596 5010 701 5046 non
730 4995 1070 5049 admittentes.

284 5058 310 5095 δ
336 5060 679 5117 Numeratur
714 5064 781 5118 15
812 5067 867 5118 in
907 5066 1144 5121 editione
1178 5066 1392 5122 Pontaci
1435 5076 1489 5121 et
1514 5082 1618 5122 ms.
1649 5066 1800 5123 Colb.

218 5130 393 5187 unico.
426 5131 489 5189 In
522 5134 655 5188 aliis
682 5135 875 5189 dicitur
906 5135 992 5191 14.

287 5212 308 5274 ξ
342 5202 401 5258 In
434 5218 544 5259 ms.
578 5203 738 5259 Colb.
773 5205 949 5269 unico,
975 5214 1179 5274 septem.

282 5268 309 5308 ά
338 5276 499 5345 Apud
544 5275 873 5345 Eusebium,
922 5268 988 5329 In
1019 5268 1156 5329 Foro
1186 5274 1461 5343 Flaminii,
1491 5278 1570 5331 vel
1618 5287 1671 5331 ut
1717 5278 1808 5331 alii

216 5352 417 5412 putant,
452 5344 801 5399 Interamnae.

286 5424 309 5449 ο
342 5413 400 5468 In
432 5415 575 5469 edit.
616 5415 833 5469 Pontaci
877 5426 931 5470 et
994 5433 1093 5471 ms.
1123 5417 1301 5482 Colb.,
1343 5419 1492 5471 annis
1539 5428 1670 5471 octo.
1707 5419 1804 5474 Ms.

217 5499 350 5558 unus
377 5486 591 5558 omittit
626 5486 854 5541 Sixtum.
885 5488 1016 5541 Mss.
1054 5498 1163 5543 tres
1188 5487 1274 5541 alii
1301 5490 1453 5542 Sixto
1492 5489 1804 5558 Dionysium

217 5556 403 5620 ιιι-δεῖτε
429 5556 659 5615 volunt.
682 5558 846 5623 priori
863 5573 1034 5612 annos
1060 5561 1144 5623 Il,
1174 5561 1454 5626 posteriori
1478 5560 1510 5614 9
1536 5556 1812 5629 assignau-

222 5632 316 5678 tes.

293 5694 307 5731 ί
342 5693 404 5751 In
436 5695 574 5753 edit.
608 5694 767 5754 Pent.
802 5699 957 5755 annis
984 5698 1066 5756 12.
1099 5700 1225 5755 MSS.
1252 5700 1405 5756 Colb.
1434 5701 1580 5754 armis
1603 5700 1658 5756 9.

1978 4564 2256 4620 Zenobiai
2306 4565 2445 4634 apud
2490 4565 2681 4618 Immas
2715 4565 2852 4618 haud
2895 4564 3053 4636 longe
3095 4567 3164 4620 ab
3206 4568 3494 4625 Antiochia

1981 4723 2006 4758 κ
2040 4714 2094 4768 In
2147 4713 2437 4767 Auctuurio
2479 4714 2609 4766 torni
2658 4713 2673 4766 I
2726 4715 2975 4770 Biblioth.
3026 4719 3152 4771 Mss.
3188 4719 3386 4773 Labbt-i
3429 4733 3495 4771 ex

1908 4800 2037 4840 mss.
2068 4803 2080 4838 :
2114 4783 2244 4839 Ilwc
2270 4786 2473 4857 [ueretris
2516 4786 2657 4857 prius
2710 4788 2996 4839 Artemonis
3032 4790 3156 4857 fuit,
3198 4794 3285 4840 sed
3329 4789 3497 4856 r/ﬁca-

1908 4859 2043 4909 ciore
2072 4857 2291 4909 versutia
2320 4853 2515 4906 Paulus
2544 4855 2907 4909 Samosatenus
2938 4858 2987 4911 in
3015 4853 3070 4910 ett
3106 4860 3321 4911 obtinuit
3352 4853 3497 4923 prin-

1908 4928 2154 4994 cipatum;
2184 4927 2452 4979 accedente
2472 4935 2654 4995 postea
2699 4929 3089 4992 pra’varicatorc
3131 4928 3376 4989 Pltotino,
3410 4927 3494 4995 fa-

1908 5007 2043 5049 ctum
2075 5008 2145 5047 est
2180 5006 2231 5048 ut
2256 4994 2494 5060 discipuli
2527 5012 2702 5048 eorum
2736 4996 3033 5049 Pltott'niani
3063 5015 3216 5065 quant
3251 4994 3494 5049 Pauliani

1908 5066 2147 5120 celebrius
2175 5076 2549 5125 nuncupentur.
2587 5065 2693 5117 llos
2719 5068 2986 5134 baptizari,
3013 5078 3144 5132 etc.,
3180 5079 3233 5121 ut
3263 5082 3448 5133 supra.

1986 5134 2016 5172 h
2046 5137 2214 5190 Aliter
2244 5140 2292 5189 in
2334 5136 2602 5190 Chronico
2650 5139 2861 5190 Ettsrbii
2894 5147 2998 5191 t-m
3044 5139 3092 5189 in
3137 5140 3301 5199 edito,
3334 5150 3495 5204 quam

1911 5208 1963 5277 iu
2012 5224 2141 5259 mss.
2191 5208 2343 5261 Coll).
2378 5208 2505 5273 post
2546 5211 2666 5271 ista,
2715 5210 2909 5277 Syrmii
2932 5208 3166 5261 moritur.
3214 5205 3499 5274 Quintilius

1912 5276 2117 5329 Claudii
2146 5282 2306 5345 frater
2332 5296 2361 5329 α
2392 5278 2610 5339 Senatu,
2640 5276 2769 5341 etc.,
2806 5292 2902 5331 nec
2925 5278 3189 5345 repetitur
3216 5294 3317 5332 vox
3352 5279 3494 5344 haec,

1913 5347 2181 5401 Claudius.

1990 5416 2004 5454 ί
2039 5418 2163 5471 Mss.
2197 5429 2331 5480 tres,
2376 5418 2709 5479 Timotheus;
2741 5417 2876 5468 alius
2904 5460 2917 5479 ,
2950 5416 3252 5471 Timotheus
3294 5418 3369 5472 vel
3404 5416 3492 5471 T5-

1912 5504 2103 5550 mwus;
2136 5490 2273 5541 alius
2306 5488 2543 5545 Thurrus.
2577 5503 2696 5540 cum
2723 5488 2850 5541 edit.
2886 5488 3131 5542 Pontaci.

1990 5558 2003 5608 t'
2045 5559 2168 5611 Mss.
2200 5559 2354 5630 Colb.
2386 5556 2854 5630 quatuor,Tintas.
2893 5560 3091 5613 Deinde
3116 5573 3212 5626 pro
3229 5556 3496 5630 Odoacro,

1917 5644 2105 5685 omnes
2134 5629 2348 5684 Eusebii
2375 5628 2583 5683 codices
2614 5628 2872 5698 Odenato,
2901 5630 2985 5685 vel
3014 5630 3233 5687 Denata.
