4028 6176
465 257 564 315 871
1692 254 1751 311 S.
1795 253 2132 311 PROSPERI
2176 252 2501 345 AQUITANI
3634 254 3744 309 5T2

467 372 724 438 vincitur,
754 386 874 440 qua:
903 370 1084 426 occiso
1107 370 1354 426 Odoacro
1387 370 1581 424 marito
1618 370 1860 425 Orientis
1895 381 2048 426 tene-
2075 378 2129 434 Α
2224 369 2409 424 Romae
2464 367 2635 424 XXVI
2693 368 2975 424 ordinatur
3026 368 3309 439 episc0pus
3359 369 3745 432 Eurvcatutns

469 464 562 519 bat
603 464 911 532 imperium.
946 463 1004 518 In
1031 479 1134 533 qua
1177 478 1349 533 pugna
1386 462 1758 518 strenuissime
1791 462 2051 517 adversus
2164 460 2443 516 mensibus
2473 467 2596 514 octo
2625 476 2638 513 :
2666 469 2789 530 post
2825 475 2983 530 quem
3012 455 3173 515 CAIUS
3198 459 3393 516 XXVII
3417 472 3629 518 creatur
3647 479 3747 519 an.

468 574 589 614 eam
626 558 905 613 dimicavit
948 558 1312 627 Pompeianus
1348 557 1455 612 dux
1484 566 1844 627 cognomento
1883 556 2048 611 Fran-

466 662 586 705 COS.

541 739 794 795 TACITO
825 740 911 795 ET
945 740 1378 797 PLACIDIANO.

540 831 808 887 Eusebius
846 831 1182 886 Laodicenus
1221 833 1508 901 episcopus
1538 831 1763 901 insignis
1802 830 2048 885 habetur.

540 923 888 979 Aurelianum
916 922 1103 977 Romae
1136 923 1559 992 triumphantem
1599 923 1843 977 Tetricus
1870 931 1923 977 et
1956 921 2055 977 Ze-

471 1012 633 1067 nobia
677 1020 1093 1082 praecesserunt.
1137 1012 1221 1067 Ex
1260 1013 1455 1083 quibus
1482 1012 1732 1068 Tetricus
1767 1014 2054 1067 Corrector

470 1114 655 1174 pOSIea
682 1103 930 1159 Lucania:
960 1103 1077 1169 fuit,
1109 1113 1162 1158 et
1191 1103 1430 1158 Zenobia
1460 1105 1513 1158 in
1545 1102 1693 1158 Urbe
1719 1117 1933 1157 summo
1957 1101 2055 1156 ho-

452 1200 603 1252 'nore
625 1197 928 1263 consenuit,
954 1212 983 1251 a
1011 1213 1114 1267 qua
1138 1195 1405 1267 hodieque
1432 1196 1615 1251 Romae
1639 1194 1874 1250 Zenobia
1902 1193 2055 1248 fami-

471 1291 539 1344 lia
567 1300 924 1359 nuncupatur.

543 1381 945 1436 AURELIANO
975 1382 1059 1436 ET
1086 1378 1521 1436 CAPITOLINO.

545 1470 729 1525 Romae
780 1470 923 1525 XXV
967 1473 1335 1541 episcOpatum
1402 1472 1643 1541 suscepit
1686 1468 1853 1525 Fr:th
1898 1469 2054 1524 annis

570 1579 727 1616 naue.

570 1580 596 1614 ιι
643 1579 669 1613 ιι
713 1603 727 1616 .

472 1577 939 1711 αυλὲηθειλιΑΝο
965 1652 1008 1708 II
1033 1654 1119 1707 ET
1146 1652 1537 1707 MARCELLO.

2156 552 2239 605 nis
2267 565 2353 604 xv.

2228 642 2452 697 PROBO
2479 640 2548 696 IV
2581 641 2669 696 ET
2700 640 3091 698 TIBERIANO.

2227 732 2449 787 I'ROBO
2480 732 2516 786 ν
2551 732 2639 786 ET
2668 731 3055 787 VICTORINO.

2226 824 2562 880 Alexandriae
2588 823 2682 880 XV
2708 826 2993 895 cpiscopus
3023 824 3239 893 praefuit
3264 824 3535 882 Theonas.

2226 914 2433 970 Probus
2474 915 2704 969 tumultu
2734 914 2953 968 militari
2996 913 3135 982 apud
3164 914 3419 970 Sirmium
3470 917 3522 971 in
3561 915 3744 983 Turri,

2155 1020 2274 1076 qua:
2306 1005 2504 1061 ferrata
2532 1006 2843 1069 vocabatur,
2876 1004 3164 1061 occiditur.

2228 1100 2403 1155 Canus
2450 1116 2570 1156 cum
2603 1100 2727 1156 [iliis
2765 1099 2969 1156 Csamo
3001 1110 3057 1157 et
3088 1100 3408 1156 NUIBRIANO
3429 1142 3443 1169 ,
3488 1101 3743 1168 XXXIII,

2157 1194 2399 1262 regnavit
2427 1196 2583 1249 annis
2612 1195 2844 1249 duobus.

2229 1285 2411 1341 (ΖΑΒο
2440 1286 2525 1340 ΕΤ
2553 1286 2828 1341 CARINO.

2227 1374 2412 1433 CARO
2442 1377 2483 1431 lI
2518 1378 2603 1432 ET
2638 1376 3065 1433 NUMERIANO.

2230 1468 2403 1523 Carus
2429 1470 2821 1535 Narbonensis,
2850 1486 2973 1525 cum
3002 1471 3148 1525 omni
3180 1469 3501 1524 Parthorum
3530 1470 3745 1540 regione

2158 1571 2386 1628 vaSIata,
2424 1559 2639 1615 Cochen
2674 1569 2729 1616 et
2764 1561 3175 1629 Ctesiphontem
3210 1561 3573 1615 nobilissimas
3619 1561 3745 1614 hos-

2161 1652 2291 1705 tium
2318 1652 2551 1719 cepisset
2573 1653 2755 1717 urbes,
2782 1668 2944 1721 super
2967 1652 3151 1722 Tigrin
3182 1661 3359 1706 castra
3390 1666 3616 1720 ponens,
3646 1652 3749 1705 ful-

544 1748 865 1801 Aurelianus
892 1762 1012 1800 cum
1049 1746 1309 1799 adversus
1340 1760 1438 1799 nos
1469 1743 1893 1813 persecutionem
1938 1756 2054 1796 mo-
2088 1771 2133 1830 Β
2163 1744 2304 1799 mine
2333 1745 2470 1799 ictus
2497 1745 2723 1799 interiit.
2761 1744 3121 1799 Numerianus
3159 1754 3336 1797 autem
3369 1757 3489 1796 cum
3518 1742 3588 1796 ob
3615 1757 3747 1797 ocu-

472 1838 668 1901 visset,
704 1836 905 1891 fulmen
955 1837 1107 1906 juxta
1135 1851 1260 1891 eum
1302 1837 1635 1904 comitesque
1674 1835 1789 1904 ejus
1818 1836 1918 1888 ruit
1952 1848 2056 1887 :ac
2163 1839 2338 1893 lorum
2378 1838 2621 1892 dolorem
2657 1835 2902 1892 lecticula
2931 1838 3242 1899 veheretur,
3268 1834 3479 1890 insidiis
3504 1837 3630 1904 Apri
3662 1849 3752 1889 so-

478 1942 583 1982 non
606 1927 772 1981 multo
799 1939 922 1997 post
945 1927 1087 1981 inter
1110 1926 1635 1995 Constantinopolim
1659 1934 1714 1979 et
1740 1924 2056 1979 lleracleam

474 2018 528 2072 in
557 2026 582 2054 ⁸
614 2017 1003 2088 Coenophrurio
1035 2019 1131 2072 ria:
1161 2018 1360 2072 veteris
1387 2018 1674 2072 occiditur.

543 2109 801 2176 TACITUS,
838 2107 1024 2175 XXX,
1058 2118 1247 2177 regnat
1292 2109 1564 2163 mensibus
1592 2122 1683 2162 sex
1721 2124 1733 2159 :
1768 2121 1873 2176 quo
1917 2104 2058 2175 apud

474 2200 703 2256 Pontum
717 2200 917 2265 occiso,
934 2199 1258 2268 FLORIANUS,
1283 2197 1478 2266 XXXI,
1503 2199 1733 2255 obtinuit
1750 2197 2057 2268 imperium,

476 2291 826 2361 rcgnavitque
854 2289 1042 2345 diebus
1074 2306 1292 2345 xxcvm.

551 2382 804 2437 Floriano
828 2382 967 2452 apud
997 2382 1223 2437 Tarsum
1250 2381 1555 2451 interfecto,
1576 2383 1807 2451 Pnosus,
1836 2382 2058 2452 XXXII,

478 2485 665 2544 regnat
693 2476 847 2530 annis
878 2490 995 2541 sex,
1026 2477 1299 2531 mensibus
1329 2485 1472 2544 octo,
1498 2478 1631 2532 alias
1654 2486 1907 2547 quatuor.

551 2565 776 2621 PROBO
802 2566 890 2620 ET
915 2566 1236 2623 PAULINO.

552 2658 833 2712 Anatolius
871 2656 1205 2714 Laodicenus
1245 2659 1565 2731 episcopus,
1617 2661 2059 2732 philosophorum

480 2747 782 2817 disciplinis
811 2749 1061 2805 eruditus
1081 2793 1094 2815 ,
1120 2752 1352 2821 plurimo
1382 2767 1633 2808 sermone
1658 2755 1989 2809 celebratur.

552 2838 743 2893 Insana
790 2839 1203 2894 Manichaeorum
1268 2843 1493 2897 haeresis
1541 2852 1760 2911 exorta,
1804 2842 1832 2882 δ
1899 2845 2061 2899 Persa

481 2929 735 2999 quodam,
761 2931 853 3000 qui
884 2930 1062 2985 Manes
1089 2932 1402 3001 vocabatur,
1429 2944 1668 2989 auctore.
1699 2935 1936 3003 Quorum
1966 2938 2065 2991 im-

486 3020 713 3087 pietates
750 3031 805 3076 et
851 3022 1131 3092 sacrilegia
1185 3038 1247 3078 ac
1291 3025 1648 3093 turpitudines
1693 3028 1962 3097 explicare
2012 3032 2062 3083 in

2160 1932 2268 1985 ceri
2300 1931 2382 1985 sui
2410 1930 2624 1985 occisus
2652 1939 2757 1985 est.
2785 1929 2953 1984 Porro
2982 1929 3213 1984 Carinas
3236 1928 3420 1997 pra:lio
3442 1929 3584 1998 apud
3612 1927 3753 1981 Mar-

2160 2038 2284 2094 gum
2317 2023 2488 2078 victus
2518 2024 2791 2078 occubuit.

2232 2116 2646 2180 DIOCLETIANUS,
2679 2114 2923 2181 XXXIV,
2956 2113 3203 2185 regnavit
3224 2114 3379 2169 annis
3408 2125 3501 2169 sx.

2237 2205 2696 2261 DIOCLETIANO
2725 2206 2812 2261 ET
2844 2204 3299 2261 ARISTOBULO.

2233 2297 2505 2353 MAXIMO
2538 2298 2623 2351 ET
2651 2296 2996 2363 AQUILINO.

2238 2389 2608 2444 Diocletianus
2636 2388 2689 2443 in
2716 2389 3045 2444 consortium
3069 2390 3217 2459 regni
3244 2388 3560 2444 HERCULICI
3583 2388 3757 2443 Mut-

2164 2497 2368 2538 IIIANUII
2400 2482 2643 2537 assumit.
2678 2480 2779 2548 Qui
2806 2481 3133 2536 rusticorum
3158 2481 3504 2535 multitudine
3531 2495 3760 2549 oppres-

2164 2588 2245 2638 sa,
2266 2587 2383 2641 qua:
2402 2571 2651 2627 seditioni
2674 2587 2785 2625 suae
2813 2580 2835 2609 °
2859 2571 3227 2628 Bacaudarum
3244 2586 3440 2625 nomen
3464 2570 3759 2634 indiderat,

2164 2678 2354 2734 pacem
2382 2663 2571 2719 Galliis
2594 2663 2848 2720 reddidit.

2236 2753 2521 2809 Carausius
2552 2763 2769 2823 sumpta
2802 2769 3034 2824 purpura
3067 2754 3367 2810 Britannias
3390 2753 3693 2823 occupavit.

2237 2845 2695 2902 DIOCLETIANO
2728 2847 2767 2901 ΙΙ
2802 2846 2888 2901 ΕΤ
2916 2846 3325 2901 MAXIMIANO.

2238 2936 2621 2992 MAXIMIANO
2646 2938 2689 2991 II
2720 2936 2807 2992 ET
2838 2936 3202 2993 JANUARIO.

2238 3026 2588 3083 Constantius
2630 3036 2686 3083 et
2725 3028 2971 3083 Galerius
3008 3028 3365 3083 Maximianus
3404 3036 3763 3082 assumuntur

484 3109 587 3164 hoc
608 3125 772 3180 opere
795 3113 954 3167 nimis
982 3114 1196 3182 longum
1223 3123 1323 3169 est.
1350 3115 1562 3171 Sufﬁcit
1584 3118 1727 3172 enim
1751 3119 2060 3190 sciri,quod
2092 3133 2135 3193 ο
2169 3118 2221 3173 in
2263 3133 2507 3187 regnum.
2559 3117 2705 3183 Quos
2754 3118 3121 3173 Diocletianus
3172 3127 3232 3173 ut
3278 3120 3439 3173 etiam
3494 3116 3763 3171 affinitate

484 3202 593 3255 duo
622 3200 845 3256 adversa
870 3202 975 3256 sibi
999 3214 1053 3258 et
1082 3215 1350 3259 comterua
1378 3207 1657 3277 principia,
1690 3219 1742 3263 et
1773 3210 1908 3265 duas
1938 3212 2063 3266 boni
2168 3209 2537 3278 coujungeret,
2566 3206 2882 3262 Constantio
2912 3208 3210 3277 privignam
3241 3207 3473 3261 Herculii
3502 3206 3763 3260 Theodo-

485 3292 690 3347 scilicet
730 3302 785 3347 et
830 3294 953 3347 mali
1004 3308 1250 3350 asserunt
1289 3312 1411 3353 esse
1456 3298 1698 3354 naturas.
1746 3299 1823 3356 De
1851 3300 2067 3358 Christo

490 3384 621 3438 nihil
652 3386 947 3441 secundum
980 3390 1266 3443 veritatem
1307 3391 1567 3445 sentiunt.
1602 3392 1769 3461 Cujus
1816 3396 2067 3449 nativita-

490 3485 597 3529 tem
631 3491 696 3529 ex
737 3477 902 3532 Maria
950 3480 1245 3533 secundum
1291 3495 1541 3548 carnem,
1588 3492 1641 3536 et
1684 3487 1984 3552 passionem
2017 3496 2071 3541 et

488 3567 970 3630 resurrectionem,
1000 3569 1373 3626 simulationes
1401 3573 1583 3627 dicunt
1609 3573 1797 3643 fuisse,
1834 3592 1936 3632 nec
1972 3578 2069 3643 ita,

491 3662 549 3709 ut
577 3656 937 3725 praedicantur
970 3657 1180 3715 effecta.
1221 3661 1385 3717 Vetus
1425 3662 1829 3721 Testamentum
1861 3676 1918 3723 et
1945 3668 2071 3724 Pro-

489 3750 681 3819 phetas
708 3749 963 3821 refutant,
993 3753 1500 3826 Scripturarumque
1528 3756 1741 3812 illarum
1769 3774 1875 3814 non
1900 3761 2069 3815 Deum

490 3838 690 3894 bonum
717 3882 733 3909 ,
774 3841 869 3895 sed
899 3841 1052 3896 malae
1080 3853 1287 3898 natura:
1318 3845 1611 3915 principem
1654 3856 1928 3903 auctorem
1956 3849 2074 3917 opi-

490 3941 707 3989 nantur.
744 3934 817 3991 De
838 3936 999 4007 722
1038 3952 1179 3993 novo
1195 3938 1544 3997 Testamento
1568 3956 1630 3997 ea
1659 3943 1930 4011 accipiunt
1954 3960 2072 4014 quae

492 4032 683 4092 putant
707 4027 1029 4097 apocryphis
1056 4044 1377 4085 consonare.
1408 4032 1877 4090 Resurrectionem
1896 4037 2075 4091 carnis
2146 4020 2151 4023 Δ

495 4126 725 4187 negant,
776 4122 987 4187 nuptias
1040 4120 1332 4188 damnant,
1373 4122 1707 4179 adulterinos
1752 4126 2075 4181 concubitus

495 4222 593 4276 pro
632 4208 795 4262 licitis
836 4210 1068 4277 habent,
1112 4211 1438 4280 baptismum
1480 4216 1901 4283 regenerationis
1941 4217 2073 4271 nihil

496 4298 741 4353 conferre
758 4300 1088 4354 existimant.
1112 4300 1274 4356 Sacra
1304 4317 1489 4357 eorum
1522 4311 1628 4358 tam
1661 4306 1886 4361 nefanda
1915 4322 2073 4377 quam

496 4407 696 4447 DIOI‘CS.

566 4481 792 4537 PROBO
817 4481 860 4537 II
882 4481 970 4537 ET
999 4482 1316 4540 PATERNO
1341 4483 1407 4539 II.

566 4572 794 4629 PROBO
822 4575 886 4629 III
911 4575 999 4630 ET
1029 4576 1350 4633 PATERNO
1370 4577 1459 4634 III.

567 4666 885 4722 MESSALA
914 4669 1001 4723 ET
1026 4669 1276 4726 GRATO.

569 4760 869 4814 Antiochiae
898 4759 1060 4814 XVIII
1092 4764 1435 4817 constituitur
1465 4764 1750 4835 episcopus
1780 4764 2031 4838 Cyrillus.

570 4915 597 4945 ⁸
629 4905 897 4974 Interpres
943 4904 1169 4960 Cedreni
1198 4905 1478 4974 Xilantler,
1516 4908 1571 4960 in
1630 4906 1742 4961 loco
1770 4908 1857 4977 qui
1883 4907 2077 4961 dicitur

501 4976 968 5042 Novumcastrum,
1013 4980 1240 5045 ipsorum
1276 4977 1469 5047 lingua.
1511 4976 1789 5033 Ponlacus'
1825 4978 1879 5033 in
1934 4982 2078 5034 notis

498 5048 999 5172 pag'tﬁsguciuario
1029 5116 1225 5172 Labbei
1251 5118 1505 5172 Biblioth.
1539 5133 1689 5173 nova:
1712 5127 1842 5172 tom.
1867 5118 1887 5171 t
1913 5135 1925 5171 ε
1958 5118 2079 5171 Ma-

501 5188 711 5241 nichwis
745 5186 923 5258 Manes
950 5188 1163 5256 quidam
1199 5200 1379 5242 auctor
1415 5189 1775 5243 dementissimi
1822 5190 2075 5258 dagmatis

502 5259 629 5340 fuit.
654 5256 795 5340 apud
810 5274 937 5325 quos
964 5259 1066 5311 duo
1094 5260 1346 5340 principia
1365 5260 1731 5340 pradicantur,
1752 5258 1870 5340 boni
1885 5256 2075 5313 scilirrt

501 5338 549 5381 et
574 5329 695 5383 mari
716 5344 734 5381 :
755 5344 969 5398 quorum
999 5339 1198 5383 natura:
1221 5329 1449 5383 adversa:
1468 5330 1564 5383 sibi
1580 5338 1625 5383 et
1656 5338 1919 5383 cowterme
1940 5344 2076 5381 sem-

502 5414 593 5470 per
624 5400 924 5453 exstiterunt
948 5414 968 5465 ,'
1004 5400 1067 5453 de
1089 5415 1306 5469 quorum
1336 5401 1725 5470 compugnantia
1758 5400 2078 5469 prodigiosos

504 5468 705 5540 fabulas
736 5481 782 5523 et
810 5471 1077 5524 mendacia
1102 5468 1235 5523 uana
1262 5468 1529 5524 commenti
1558 5478 1698 5535 sunt,
1732 5468 2079 5540 promittentes

504 5538 772 5611 discipulis
800 5542 905 5611 suis
943 5543 1297 5611 purgationem
1338 5538 2075 5611 perrsacrilegasacramenta,

507 5607 562 5659 in
586 5609 764 5675 quibus
794 5610 924 5663 nihil
944 5607 1060 5673 est,
1099 5613 1201 5664 nisi
1227 5607 1549 5664 exsecrabilis
1590 5607 1852 5677 turpitudo
1887 5609 2079 5671 confat-

510 5678 783 5736 tlcratiom‘s
814 5679 1055 5735 obscena.
1085 5681 1458 5737 Testamentum
1485 5688 1625 5735 cetus
1653 5696 1753 5735 non
1789 5680 2041 5737 recipiunt
2060 5718 2077 5737 .

2167 3316 2282 3354 ram
2327 3315 2545 3355 uxorem
2586 3299 2772 3366 dedit,
2805 3300 3022 3355 Galerio
3065 3309 3244 3354 autem
3290 3299 3451 3353 tiliam
3481 3313 3631 3352 suam
3657 3296 3767 3349 Va-

2169 3392 2352 3447 leriam
2378 3391 2595 3445 tradidit
2620 3408 2631 3443 :
2666 3401 2830 3461 utque
2857 3390 2972 3445 haec
3000 3390 3250 3460 conjugia
3278 3390 3545 3453 ﬁrmaret,
3572 3388 3768 3441 ambos

2170 3484 2455 3554 repudiare
2486 3497 2681 3538 uxores
2719 3498 2878 3549 suas,
2922 3497 3053 3550 quas
3085 3483 3233 3551 prius
3265 3481 3537 3536 habebant
3561 3481 3769 3548 coegit.

2243 3574 2462 3631 BASSO
2496 3575 2579 3629 ET
2611 3574 3010 3642 QUINTIANO.

2244 3666 2701 3723 DIOCLETIANO
2723 3665 2789 3720 III
2822 3665 2910 3720 ΕΤ
2937 3662 3323 3721 MAXIMIANO
3347 3661 3441 3718 III.

2244 3762 2475 3817 TIBERI
2495 3760 2617 3816 \NO
2647 3761 2735 3816 ET
2765 3760 2995 3815 DIONE.

2246 3851 2759 3907 HANNIBALIANO
2789 3853 2874 3907 ET
2904 3850 3447 3907 ASCLEPIODOTO.

2246 3943 2695 4000 DIOCLETIANO
2724 3943 2791 3998 IV
2824 3944 2908 3999 ET
2938 3942 3327 3999 MAXIMIANO
3355 3942 3442 3996 ΙΙΙ.

2253 4035 2467 4091 Primus
2493 4035 2853 4091 Diocletianus
2873 4034 3088 4089 adorari
3117 4049 3177 4089 se
3216 4045 3275 4088 ut
3309 4035 3473 4089 Deum
3496 4033 3684 4102 jussit,
3710 4042 3771 4088 ct

2177 4141 2421 4197 gemmas
2447 4126 2689 4182 vestibus
2719 4125 3213 4193 calceamentisque
3241 4124 3405 4179 inseri
3440 4140 3456 4177 :
3489 4140 3609 4178 cum
3639 4136 3772 4179 ante

2177 4233 2300 4273 eum
2332 4218 2682 4290 imperatores
2710 4218 2763 4271 in
2801 4218 3016 4272 modum
3051 4217 3212 4289 723
3236 4215 3477 4285 judicum
3504 4212 3531 4252 ἀ
3554 4216 3772 4269 sollici-

2180 4318 2455 4375 tarentur,
2487 4317 2542 4365 et
2581 4308 2866 4381 chlamyde
2911 4317 3114 4364 tantum
3164 4321 3427 4378 purpurea
3477 4321 3507 4361 a
3548 4307 3763 4377 privato

2183 4401 2369 4456 habitu
2397 4401 2858 4457 discernerentur.

2103 4464 2157 4524 Ῑ)
2256 4492 2683 4548 CONS'I‘ANTIO
2714 4492 2802 4547 ET
2834 4491 3125 4548 MAXIMO.

2256 4582 2480 4640 TUSCO
2510 4584 2598 4638 ET
2628 4583 2716 4638 AN
2726 4582 2946 4640 ULINO.

2257 4676 2440 4732 Romae
2470 4675 2689 4732 XXVIII
2723 4677 3094 4748 episcopatum
3127 4685 3366 4747 suscepit
3393 4687 3416 4714 ε
3448 4677 3769 4734 MARCELLI-

2184 4783 2283 4825 NUS
2308 4782 2463 4823 annts
2484 4784 2559 4823 IX.

2184 4916 2565 4975 corrumpentes
2589 4923 2677 4976 per
2703 4906 2875 4976 omnia
2900 4903 3263 4975 Evangelicam
3291 4907 3572 4962 veritatem.

2260 4990 2281 5018 ο
2315 4979 2438 5032 Mss.
2464 4975 2595 5032 tres.
2625 4976 2801 5043 Colb.,
2827 4975 3219 5045 Bagaudarum.

2255 5046 2281 5086 ά
2310 5050 2464 5116 Apud
2494 5048 2780 5102 Eusebium
2812 5051 2869 5118 in»
2891 5046 3181 5110 Chronico,
3207 5056 3312 5101 tam
3336 5047 3505 5114 edito,
3527 5062 3688 5118 quam
3716 5048 3770 5103 in

2184 5133 2316 5174 mss.
2346 5120 2583 5187 quinque
2605 5118 2757 5172 Colb.
2792 5116 3160 5187 salutarentur.

2257 5198 2280 5226 ο
2314 5189 2367 5242 In
2394 5185 2507 5242 uno
2528 5187 2772 5242 ex’Colb.
2804 5188 3101 5249 codicibus,
3130 5185 3518 5240 Marcellianus.
3543 5188 3663 5240 Alia
3691 5198 3774 5240 ta-

2181 5276 2295 5313 men
2327 5260 2478 5312 lectio
2518 5259 2681 5326 magis
2719 5266 2791 5311 est
2822 5267 3048 5326 recepta,
3103 5266 3158 5309 ut
3200 5258 3451 5311 observat
3500 5257 3771 5311 Pontacus

2182 5331 2235 5383 in
2292 5329 2434 5382 notis
2489 5329 2543 5382 in
2602 5326 2820 5382 Eusebii
2876 5327 3237 5392 Chronicum,
3295 5327 3383 5381 ubi
3424 5330 3603 5379 statim
3649 5328 3767 5381 ltzec

2182 5399 2397 5453 subdit:
2434 5398 2626 5451 Mirum
2652 5404 2918 5467 autemest
2945 5394 3223 5467 Eusebium
3253 5398 3512 5467 prwterirc
3542 5396 3770 5450 Marcel-

2181 5472 2309 5532 lum,
2339 5484 2454 5521 cum
2491 5470 2555 5521 de
2596 5469 2749 5520 unico
2794 5465 3097 5519 Marcellino
3140 5465 3410 5533 loquatur,
3464 5468 3553 5519 sed
3583 5467 3768 5534 forsan

2180 5541 2422 5608 deceptus
2445 5540 2541 5608 fuit
2565 5537 2902 5608 similitudine
2922 5536 3160 5608 nominis.
3189 5536 3381 5608 Tamen
3402 5552 3464 5589 ex.
3485 5537 3769 5608 Augustino

2180 5604 2327 5679 epist.
2363 5604 2463 5679 165
2496 5608 2659 5679 (nunc
2685 5608 2799 5677 55),
2836 5606 3025 5679 Optato
3053 5604 3140 5659 lib.
3174 5622 3235 5679 tt,
3268 5604 3688 5679 Martyrologii_s_,
3718 5615 3769 5659 et

2181 5674 2411 5737 omnibus
2432 5674 2688 5735 historicis
2717 5674 2915 5733 cbnstat
2945 5678 3076 5732 duos
3111 5686 3157 5731 et
3184 5674 3590 5739 diversos'luissc
3617 5674 3771 5732 Har-
