3978 6178
230 288 324 346 8Ἱὸ

284 398 719 457 DIOCLETIANO
750 401 792 457 V
823 401 910 455 ET
937 400 1364 460 CONSTANTIO
1394 407 1457 461 Il.

282 488 614 560 Jerosolymis
645 491 883 545 XXXVII
914 493 1126 548 Zahdas
1151 498 1435 566 episcopus
1464 496 1762 552 ordinatur.

282 580 653 637 MAXIMIANO
691 580 757 636 IV
787 582 876 636 ET
903 583 1290 642 M.\XIMIANO
1323 582 1393 636 II.

278 672 531 728 FAUSTO
556 673 642 727 ET
672 673 919 730 GALLO.

278 766 516 821 Veturius
557 768 809 835 magister
862 768 1064 823 militia:
1113 769 1449 825 Christianos
1488 769 1763 840 persequi-

214 868 305 913 llII'.

275 946 409 1000 Finis
435 946 572 1018 cycli
605 949 768 1013 tertii,
796 951 1075 1019 quartique
1103 952 1443 1020 principium.

270 1037 709 1092 DIOCLETIINO
750 1039 809 1091 VI
840 1040 923 1092 ET
955 1041 1343 1096 MAXIMIANO
1373 1043 1438 1097 V.

268 1127 688 1183 CONSTANTIO
717 1128 782 1184 III
805 1130 890 1184 ET
919 1131 1303 1189 MAXIMIANO
1329 1133 1417 1187 III.

268 1220 503 1276 Thermas
533 1221 881 1277 Diocletianze
921 1224 1128 1291 Romae,
1161 1234 1216 1278 et
1240 1226 1566 1294 Carthagine
1596 1224 1761 1279 Maxi-

211 1312 383 1369 miana:
406 1314 703 1368 aediﬁcatae.

266 1401 601 1473 Jerosolyinis
642 1402 907 1458 XXXVIII
937 1405 1220 1474 episcopus
1254 1406 1467 1472 ρτωῐυίι
1497 1407 1755 1461 Hermon.

263 1491 554 1546 Antiochia:
592 1491 713 1545 XIX
750 1495 1095 1547 constituitur
1134 1494 1421 1563 episcopus
1450 1496 1756 1565 Tyrannus.

263 1581 630 1636 Alexandrina:
671 1584 915 1639 ecclesia:
969 1584 1086 1639 XVI
1129 1596 1247 1654 post
1286 1585 1564 1641 Theonam
1615 1588 1759 1641 ordi-

204 1683 342 1727 natur
383 1676 668 1745 episcopus
713 1677 941 1743 Petrus,
987 1680 1075 1747 qui
1126 1689 1313 1747 postea
1370 1674 1754 1749 persecutionis

203 1780 325 1818 anno
350 1779 485 1819 nono
505 1766 744 1834 gloriose
773 1767 1084 1838 martyrium
1112 1768 1464 1837 perpetravit.

259 1854 517 1910 TITIANO
556 1856 641 1910 ET
670 1855 1081 1911 NEPOTIANO.

258 1942 673 1998 CONSTANTIO
702 1944 766 1997 IV
801 1944 887 1998 ET
915 1943 1307 2001 MAXIMIANO
1336 1945 1422 2001 IV.

261 2033 608 2087 Diocletianus
625 2042 679 2087 et
700 2033 1052 2089 Maximianus
1074 2036 1299 2104 Augusti
1336 2035 1535 2105 ingenti
1560 2051 1751 2107 pompa

201 2123 359 2178 Roma:
386 2122 786 2193 triumpharunt
805 2164 819 2188 ,
856 2124 1296 2181 antecedentibus
1324 2139 1540 2179 currum
1563 2142 1749 2181 eorum

199 2215 355 2270 Narsei
411 2216 666 2285 conjuge,
717 2216 1013 2285 sororibus,
1054 2216 1238 2273 liberis
1278 2225 1331 2272 et
1368 2218 1514 2273 omni
1571 2220 1749 2289 praeda

199 2323 281 2362 oua
308 2307 518 2362 Parthos
557 2307 943 2377 spoliaverant.

254 2398 693 2453 DIOCLETIANO
719 2397 804 2453 VII
831 2398 921 2453 ET
947 2393 1331 2454 MAXIMIANO
1358 2389 1460 2446 VI.’
1534 2450 1538 2456 _

252 2490 380 2545 Non
403 2504 757 2545 esaszcorto.
799 2491 1017 2545 Decimo
1048 2505 1192 2544 nono
1228 2504 1369 2545 anno
1398 2489 1742 2559 Diocletiani,

195 2595 348 2635 tne-se
371 2581 545 2636 Martii
566 2622 581 2647 ,
620 2583 671 2636 in
714 2582 905 2638 diebus
945 2582 1166 2637 Pascha:
1193 2580 1445 2635 Ecclesia:
1475 2583 1745 2638 subversa:

193 2685 313 2727 Slllti.

250 2764 694 2823 DIOCLETIANO
726 2764 838 2821 VIII
875 2766 963 2820 ET
990 2763 1376 2820 MAXIMIANO
1406 2764 1518 2820 VII.

246 2855 471 2911 Secundo
494 2872 652 2912 anno
680 2858 1067 2926 persecutionis
1099 2856 1465 2909 Diocletianus
1500 2856 1745 2913 Nicome-

192 2948 292 3015 dia,
321 2950 666 3004 Maximianus
705 2949 992 3004 Mediolani
1029 2963 1322 3017 purpuram
1358 2948 1740 3017 deposuerunt.

248 3039 510 3106 GALEIIIUS,
536 3040 763 3110 XXXV,
794 3041 1015 3095 biennio
1062 3040 1210 3095 solus
1235 3041 1517 3110 imperium
1550 3044 1739 3109 tenuit,

193 3141 331 3187 'mox
358 3151 471 3188 cum
495 3137 603 3189 alio
637 3136 791 3187 annis
816 3149 933 3189 sex.

246 3223 649 3280 CONSTANTIO
677 3225 717 3281 V
752 3225 838 3280 ET
866 3224 1253 3279 MAXIMIANO
1286 3224 1344 3277 V.

246 3313 408 3369 Roma:
472 3314 655 3369 XXIX
703 3315 985 3386 episcopus
1032 3314 1373 3369 constituitur
1436 3314 1733 3369 Eusestus:

190 3414 284 3469 post
308 3406 451 3475 cujus
479 3410 773 3477 septimum
811 3421 1051 3461 mensem
1082 3404 1233 3460 XXX
1263 3404 1557 3460 Ecclesiam
1593 3415 1738 3461 tenet

187 3494 493 3553 Μειωιιωεε
520 3498 547 3537 δ
579 3500 739 3553 annis
774 3499 965 3552 tribus.

242 3589 383 3661 724
410 3590 841 3647 CONSTANTIO
866 3591 928 3645 VI
958 3590 1041 3644 ET
1064 3588 1452 3643 MAXIMIANO
1488 3588 1569 3641 VI.

242 3684 326 3735 llis
348 3686 654 3741 consulibus
692 3684 1003 3738 Titnmheus
1034 3682 1219 3735 Romae
1248 3697 1347 3750 pro
1374 3682 1589 3735 Christo
1616 3696 1735 3751 pas-

185 3785 258 3827 sus
276 3784 347 3829 est
366 3792 393 3830 x
419 3776 524 3831 kal.
550 3777 742 3833 Julias.
767 3778 1087 3832 Maximinus
1117 3787 1172 3831 et
1199 3777 1431 3831 Severus
1458 3792 1490 3831 a
1520 3777 1734 3832 Galerio

184 3864 470 3924 Maximiano
495 3869 746 3925 Caesares
773 3870 916 3923 tacti.

238 3952 560 4011 Constantius
602 3972 694 4010 xvi
736 3955 946 4025 imperii
1000 3954 1081 4009 sui
1126 3969 1269 4009 anno
1316 3954 1459 4008 diem
1505 3953 1637 4008 obiit
1672 3952 1729 4007 in

184 4040 422 4098 Britannia
455 4046 706 4101 Eboraci.
737 4045 862 4098 Post
896 4059 1052 4114 quem
1084 4044 1224 4097 Iilius
1251 4044 1370 4111 ejus
1401 4043 1728 4098 Consum:-

182 4146 261 4188 sus
282 4146 301 4175 ο
325 4152 384 4192 ex
404 4136 702 4192 concubina
738 4136 937 4190 Helena
962 4145 1273 4204 procreatus
1289 4178 1303 4202 ,
1329 4148 1551 4203 regnum
1581 4135 1731 4187 inva-

182 4224 261 4278 dit.
283 4224 431 4297 Cujus
465 4228 620 4299 regni
644 4226 796 4281 initio
821 4236 1045 4296 quartus
1068 4226 1179 4295 jam
1210 4224 1601 4295 persecutionis
1632 4240 1728 4283 an-

182 4334 265 4376 nus
286 4326 551 4395 agebatur.

1395 290 1797 347 CIIRONICUM
1837 287 2190 345 INTECBUM

1791 409 1845 469 Α
1942 405 2371 471 Consrxs'rnvos,
2404 401 2659 468 XXXVI,
2691 402 2935 472 regnavit
2960 400 3115 457 annis
3139 416 3272 468 xxx,
3295 416 3449 455 men-

3345 287 3452 341 δη

1870 497 2020 551 sibus
2048 511 2101 554 x.

1940 583 2399 641 DIOCLETIANO
2428 585 2497 639 IX
2529 586 2617 639 ET
2643 583 3137 640 CONSTANTINO.

1937 676 2237 729 Maxentius
2282 672 2518 726 Herculii
2566 673 2871 727 Maximiani
2906 674 3078 739 titius,
3112 688 3142 725 a
3171 671 3451 744 prmtorir

1866 768 1948 821 nis
1976 764 2233 817 militibus
2261 761 2446 816 Romae
2473 762 2750 827 Augustus
2780 763 3105 831 appellatur.

1937 854 2169 911 Severus
2217 852 2403 906 Caesar
2440 866 2469 905 a
2508 852 2728 907 Galerio
2764 852 3086 907 Maximiano
3127 858 3312 906 contra
3339 849 3452 904 Ma-

1865 943 2102 997 xentium
2133 943 2329 996 missus
2352 942 2682 1008 Ravennam,
2710 943 2950 998 secundo
2972 942 3181 1013 imperii
3204 942 3285 997 sui
3305 955 3450 997 anno

1864 1032 2203 1086 interlicitur.

1868 1186 1873 1191 η
1936 1124 2394 1182 DIOCLETIANO
2423 1126 2470 1181 Χ
2502 1126 2589 1182 ET
2611 1126 2999 1182 MAXIMIANO
3025 1126 3139 1183 VII.

1934 1217 2164 1273 LICINIUS
2195 1233 2224 1271 a
2256 1219 2472 1275 Galerio
2501 1219 2719 1275 Carnuti
2750 1221 3044 1287 imperator
3077 1220 3267 1273 Iactus.

1933 1309 2213 1365 Herculius
2238 1312 2587 1365 Maximianus
2608 1326 2636 1364 a
2664 1312 2772 1365 tilia
2798 1311 2992 1365 Fausta
3015 1309 3276 1373 detectus,
3302 1308 3443 1378 quod

1861 1398 2039 1452 dolum
2079 1402 2431 1457 Constantino
2478 1412 2692 1471 pararet
2722 1402 2837 1456 viro
2888 1400 3040 1469 ejus,
3080 1398 3331 1453 Massilia:
3359 1396 3443 1451 lu-

1861 1490 2009 1559 giens
2039 1491 2320 1545 occiditur.

1929 1580 2098 1636 POST
2125 1580 2589 1638 CONSULATUM
2613 1581 2660 1635 X
2686 1582 2771 1636 ΕΤ
2800 1580 2935 1637 VIII.

1928 1672 2183 1739 Quirinus
2213 1677 2497 1742 episcopus
2524 1673 2833 1727 Sciscianus
2860 1688 2983 1729 cum
3012 1670 3173 1728 sociis
3202 1669 3441 1742 glorioso

1783 1778 1831 1837 Β
1859 1780 1954 1831 pro
1980 1764 2196 1820 Christo
2224 1764 2567 1820 interﬁcitur.

1925 1854 2093 1910 ITEM
2123 1855 2283 1910 ANN.
2309 1855 2350 1909 II
2374 1856 2543 1911 POST
2574 1855 2619 1909 Χ
2652 1856 2741 1911 ΕΤ
2770 1855 2878 1910 VIII
2904 1855 3095 1912 COSS.

1924 1948 2167 2003 Galerius
2193 1949 2554 2005 Maximianus
2575 1950 2802 2004 moritur
2825 1946 2850 1985 ά
2874 1966 2962 2003 xxi
2987 1951 3196 2019 imperii
3228 1954 3308 2007 sul
3338 1969 3435 2007 an-

1853 2055 1954 2108 no,
1981 2041 2120 2110 quod
2149 2041 2341 2108 partim
2376 2041 2575 2107 Ctesar,
2611 2041 2803 2110 partim
2832 2042 3101 2109 Augustus
3126 2044 3326 2112 exegit.

1923 2130 2110 2186 Roma
2141 2131 2311 2186 XXXI
2338 2132 2623 2187 ordinatur
2651 2132 2939 2201 episcOpus
2962 2132 3261 2186 SILVESTER
3282 2134 3438 2188 annis

1852 2236 1983 2277 XXII.

1922 2310 2255 2368 MAXIMINO
2282 2316 2396 2371 VIII
2479 2312 2567 2367 ET
2592 2310 2864 2367 LICINIO.

1920 2402 2239 2457 Maximinus
2266 2383 2644 2472 persecuiione
2673 2404 2729 2460 in
2756 2404 3098 2459 Christianos
3127 2404 3288 2472 facta,
3314 2420 3437 2463 cum

1844 2495 1953 2564 jam
1984 2511 2013 2548 a
2049 2494 2258 2550 Licinio
2287 2496 2590 2564 puniendus
2633 2505 2806 2562 esset,
2836 2497 2975 2567 apud
3005 2496 3234 2551 Tarsum
3271 2499 3435 2553 mori-

1849 2598 1958 2652 tur,
1986 2602 2129 2641 anno
2150 2588 2357 2655 imperii
2389 2590 2468 2642 sui
2493 2596 2667 2643 sexto.

1917 2678 2396 2734 CONSTANTINO
2422 2679 2465 2733 II
2496 2679 2581 2733 ET
2608 2678 2853 2734 LICINIO
2883 2679 2946 2733 II.

1915 2770 2391 2827 CONSTANTINO
2422 2770 2486 2825 III
2520 2771 2605 2824 ΕΤ
2634 2770 2877 2826 LICINIO
2910 2771 2995 2826 III.

1916 2864 2259 2919 Alexandriae
2281 2863 2427 2919 XVII
2454 2864 2733 2918 ordinatur
2756 2865 3041 2934 episcopus
3070 2864 3332 2921 Achillas.

1918 2957 2211 3012 Maxentius
2243 2958 2395 3026 juxta
2438 2956 2661 3012 Pontem
2704 2956 2949 3013 Milvium
2993 2972 3024 3012 a
3072 2956 3429 3013 Constantino

1844 3057 2127 3114 superatus
2152 3048 2434 3102 occiditur.

1775 3134 1819 3195 C
1925 3138 2307 3193 VOLUSIANO
2336 3138 2423 3192 ET
2451 3137 2723 3193 ANIANO.

1914 3230 2264 3299 Jerosolyma:
2314 3228 2537 3282 XXXIX
2586 3228 2933 3283 constituitur
2973 3229 3257 3299 episcopus
3312 3228 3425 3285 Ma-

1843 3321 2383 3466 0ὴὲῗὶιὲῗέΐλὶΝἹΊΝΟ
2404 3409 2469 3463 IV
2500 3408 2584 3463 ET
2611 3408 2858 3463 LICINIO
2883 3409 2971 3464 IV.

1914 3503 2021 3557 Pax
2053 3504 2249 3557 nostris
2270 3517 2298 3555 a
2330 3502 2684 3557 Constantino
2710 3502 2935 3556 reddita.

1913 3597 2075 3667 725
2119 3594 2476 3650 Diocletianus
2519 3594 2660 3648 haud
2692 3595 2878 3665 procul
2916 3610 2945 3649 a
2974 3594 3185 3651 Salonis
3211 3595 3265 3651 in
3292 3594 3416 3650 villa

1841 3701 1933 3741 sua
1961 3686 2178 3754 Spalato
2206 3686 2450 3738 moritur.

1901 3774 2148 3831 SABINO
2179 3774 2265 3827 ET
2295 3772 2570 3828 RUFINO.

1910 3863 2133 3931 CriSpus
2164 3871 2218 3917 et
2243 3860 2633 3917 Constantinus
2673 3863 2766 3917 Illii
2800 3860 3163 3927 Constantini,
3190 3872 3244 3917 et
3282 3864 3419 3918 Lici-

1839 3954 1959 4011 nius
1982 3954 2294 4014 adolescens
2324 3953 2512 4008 Licinii
2543 3953 2767 4022 Augusti
2801 3953 2940 4008 Illius
2967 3970 3032 4009 ex
3064 3971 3249 4008 sorore
3277 3955 3419 4009 Cott-

1836 4046 2081 4110 stantini,
2114 4046 2355 4100 Caesares
2382 4045 2739 4114 appellantur.
2768 4046 3003 4111 Quorum
3033 4044 3280 4114 Crispum
3316 4046 3418 4099 La-

1836 4139 2068 4196 ctantius
2097 4137 2329 4192 erudivit
2357 4137 2441 4189 vir
2471 4137 2710 4190 omnium
2758 4152 2857 4190 suo
2885 4144 3126 4204 tempore
3158 4137 3417 4206 eloquen~

1836 4232 2096 4295 tissimus,
2128 4230 2221 4285 sed
2248 4230 2384 4284 adeo
2414 4230 2466 4283 in
2496 4230 2595 4283 hac
2625 4230 2731 4284 vita
2764 4244 2986 4300 pauper,
3013 4242 3067 4285 ut
3099 4231 3415 4302 plerumque

1835 4324 1995 4379 etiam
2027 4323 2346 4379 necessariis
2372 4321 2685 4392 indiguerit.

181 4457 388 4536 cellinurn
413 4470 456 4513 et
476 4460 794 4536 Marcellum.
818 4462 1134 4536 Norttamen
1154 4459 1329 4536 celabo
1351 4461 1402 4513 in
1426 4458 1715 4536 Lodoitensi
1747 4477 1792 4536 ι)
1823 4459 1907 4536 16.
1931 4459 2061 4536 Vide
2079 4471 2255 4536 notam
2276 4460 2491 4514 Pontaci
2510 4458 2941 4536 (supratom.X
2958 4459 3083 4536 VII,
3106 4459 3203 4514 col.
3225 4458 3409 4536 ιιιβ).

182 4541 259 4578 ms.
276 4529 341 4582 ita
356 4529 520 4584 haberi
538 4534 607 4585 ad
624 4550 813 4587 annum
834 4535 898 4587 1'2
918 4533 1258 4586 Diocletiani:
1281 4532 1523 4584 Romana:
1540 4530 1715 4585 Eccle-

1896 4530 1920 4569 ι)
1952 4530 2046 4584 Ms.
2077 4529 2230 4584 Coll).
2259 4546 2415 4592 unus,
2449 4529 2599 4583 annis
2634 4540 2873 4597 quatuor.
2914 4531 3065 4584 Alius
3109 4545 3232 4585 cum
3273 4532 3407 4587 edit.

180 4598 253 4674 fit?
268 4598 475 4674 XXVIII
510 4605 861 4674 episcopatum
898 4604 1116 4669 suscepit
1141 4602 1532 4674 iMarce/lianus
1569 4603 1715 4654 annis
1822 4601 2006 4674 Pont.,
2042 4602 2191 4653 annis
2215 4615 2323 4652 sex.
2355 4600 2491 4674 Tres
2514 4600 2624 4674 alii,
2657 4600 3014 4674 ministrmus.

181 4664 233 4727 8,
261 4666 519 4725 Marcellus
542 4664 699 4727 'annis'
725 4674 784 4737 5,
819 4690 930 4725 cum
977 4676 1027 4725 in
1045 4664 1174 4725 aliis
1204 4674 1269 4725 sit
1297 4680 1491 4724 tantum
1512 4687 1718 4735 expres-

180 4750 274 4787 sum
301 4755 469 4794 nomen
499 4742 791 4796 Marcellini
816 4760 903 4797 seu
926 4742 1280 4806 Marcelliani,
1313 4750 1361 4793 et
1384 4743 1459 4794 illi
1490 4742 1718 4794 tribuan-

1897 4682 1919 4710 ο
1967 4672 2074 4725 Ilac
2130 4684 2262 4723 voce
2322 4685 2427 4723 non
2472 4669 2734 4722 indicatur
2792 4670 3043 4723 Ilelcnatn
3102 4670 3408 4728 Constantis

1820 4739 2004 4795 Chlori
2038 4741 2254 4792 minime
2288 4738 2450 4792 fuisse
2487 4753 2729 4791 uxorem.
2760 4740 2863 4792 Sed
2890 4740 3023 4793 alias
3054 4743 3131 4796 sic
3178 4746 3409 4797 vocaba-

182 4813 248 4885 tur
272 4810 382 4885 annui
406 4812 457 4865 9.
491 4812 646 4865 llum:
676 4812 1035 4867 Marcellinum
1064 4811 1363 4885 adAinfulas
1394 4812 1717 4885 ecclesiastici
1825 4820 1909 4864 tur
1936 4826 2074 4863 uxor
2110 4816 2223 4885 sive
2268 4809 2502 4885 indotata
2524 4851 2536 4872 ,
2570 4809 2681 4861 sive
2714 4810 2832 4885 aliis
2878 4812 3174 4885 insignibus
3210 4829 3401 4867 carens

180 4879 354 4950 imperii
382 4894 609 4934 vocatum
646 4885 688 4936 si
721 4886 842 4936 velis
882 4900 1012 4936 anno
1046 4886 1080 4937 9
1125 4879 1460 4945 Diocletiani,
1494 4881 1718 4949 allegare
1822 4898 1941 4947 qme
1974 4881 2233 4932 matribus
2257 4881 2495 4950 familias
2524 4881 2922 4944 competebant.
2960 4882 3106 4935 Licet
3134 4898 3262 4950 ergo
3295 4898 3399 4936 non

178 4948 361 5022 poteris,
398 4950 482 5022 0.7,
514 4952 615 5022 γέ..
637 4952 810 5019 Man;
838 4956 914 5005 sin
946 4969 1079 5004 anno
1106 4953 1193 5013 10,
1223 4951 1322 5003 Fa.
1352 4963 1397 5022 et
1420 4948 1721 5022 impressas;

183 5020 249 5087 sin
291 5034 417 5072 anno
448 5021 530 5085 II,
564 5021 682 5087 Pi.;
707 5026 787 5075 sin
830 5023 1032 5076 demum
1066 5038 1201 5075 anno
1234 5022 1317 5086 12,
1352 5020 1517 5081 Furta,
1546 5020 1716 5085 Puta.,

182 5078 258 5161 ίάῇ
305 5092 457 5161 (mss.
489 5078 612 5145 sunt
651 5078 785 5161 quiis
816 5110 925 5160 pra:
962 5093 1134 5147 oculis
1181 5078 1471 5159 habuerat)
1544 5078 1721 5157 quibui

179 5154 406 5233 odhtgreo.
436 5160 524 5214 Sic
549 5154 681 5213 enini
708 5154 913 5233 facilius
951 5165 1324 5230 compet'ientur
1352 5154 1475 5213 anni
1598 5161 1721 5233 (ἔτιἱὶ

178 5223 383 5304 truhCaii
401 5234 676 5304 superioris
700 5223 973 5304 pontiﬁcis,
1006 5223 1208 5285 et'anni
1234 5234 1285 5294 9,
1320 5233 1405 5301 qui
1432 5233 1563 5283 inter
1586 5232 1721 5304 (tunc

181 5300 218 5339 et
242 5289 497 5369 Eusebium
525 5302 634 5369 ejus
654 5289 985 5355 siiccessoretit
1014 5289 1369 5367 interponémli
1399 5312 1538 5354 sunt.
1573 5302 1718 5354 Adde

180 5366 295 5442 ηιξοᾷ
326 5369 484 5442 minus
519 5366 717 5425 recedes
752 5392 784 5425 ιι
825 5374 1034 5425 summis
1072 5366 1190 5425 viris
1223 5372 1446 5425 Baronio
1486 5383 1530 5423 et
1573 5371 1711 5423 Ouu-

182 5429 327 5513 phrio,
354 5440 434 5504 qui
457 5442 589 5493 sedis
627 5443 761 5495 illius
793 5443 992 5496 initium
1020 5461 1050 5495 a
1090 5444 1287 5495 decimo
1320 5444 1467 5496 tertio
1512 5442 1713 5493 Diocle-

184 5506 287 5553 ltani
312 5520 589 5563 numerant.
1336 5560 1337 5563 η

242 5579 263 5605 ⁸
292 5573 403 5629 Hac
427 5578 611 5632 desunt
639 5582 686 5634 in
708 5582 980 5636 codicibus
1008 5581 1209 5635 Chron.
1244 5580 1550 5644 Eusebiani,
1584 5597 1713 5645 prsc-

186 5643 519 5721 Ieynlsmnum
542 5650 715 5715 Colb.,
734 5654 820 5721 qui
847 5662 964 5720 post
990 5653 1124 5717 ltaac,
1149 5650 1383 5705 Galerius
1410 5643 1548 5705 solus
1570 5643 1708 5703 sien—

1825 4952 1941 5019 ejus
1966 4958 2111 5003 esset
2136 4949 2300 5002 sortis
2334 4950 2554 5010 IIelena,
2584 4964 2703 5017 qua:
2726 4952 2877 5017 juxta
2912 4952 3056 5013 leues
3082 4949 3251 5005 viro'c
3277 4952 3403 5006 Stir-

1825 5036 1889 5088 pe
1916 5021 2254 5087 imperatoria
2280 5019 2589 5086 Ve~pasiani
2618 5021 2867 5088 oriundo,
2900 5033 2953 5075 et
2975 5022 3194 5075 Claudio
3225 5022 3268 5075 II
3300 5025 3397 5075 int-

1826 5092 2056 5159 peratori
2090 5090 2489 5155 trinisangttineo
2518 5090 2834 5157 jungeretur
2864 5110 2875 5143 :
2913 5100 3058 5158 patet
3105 5104 3279 5145 tamen
3331 5109 3395 5147 ex

1824 5158 2237 5213 numismatibus
2264 5160 2517 5226 antiquis.
2553 5160 2721 5226 ipsam
2758 5177 2821 5215 ex
2854 5162 3091 5229 legitimo
3128 5164 3403 5214 matrimo-

1823 5231 1894 5283 nii
1942 5231 2152 5282 vinculo
2190 5230 2509 5284 Constanlio
2545 5232 2745 5284 Cliloro
2775 5231 3066 5285 adhaesisse
3102 5249 3112 5282 :
3144 5231 3398 5300 quidquid

1822 5302 1874 5355 in
1908 5301 2233 5354 contrarium
2287 5302 2607 5363 protulerint
2652 5302 2865 5368 quidam
2921 5302 3016 5354 lilii
3058 5300 3398 5355 Constantini

1818 5373 2001 5435 gloriae
2033 5372 2229 5434 aemuli,
2263 5380 2353 5423 aut
2393 5374 2551 5424 etiam
2584 5371 2797 5438 quidam
2833 5387 2863 5422 e
2907 5370 3109 5425 sanctis
3151 5370 3396 5425 I’atrilnts

1816 5442 1957 5494 fatua
2003 5458 2030 5493 a
2078 5442 2355 5493 tnaledicis
2395 5442 2636 5510 dispersa
2674 5441 2923 5509 decepti,
2974 5442 3025 5494 in
3065 5440 3396 5497 contrarium

1817 5514 2057 5566 sensisse
2084 5512 2383 5563 vidcantur.

1885 5580 1909 5618 ιλ
1939 5583 2035 5635 Ms.
2064 5580 2219 5635 Colb.
2248 5595 2386 5633 unus
2407 5581 2476 5635 ‘20
2506 5582 2673 5648 ponit.
2707 5580 2955 5648 Idemque
2982 5580 3116 5635 infra
3147 5582 3394 5638 Silvestri

1816 5652 2149 5719 pontiticatui
2193 5666 2361 5706 annos
2386 5654 2623 5722 assignat
2662 5650 2725 5706 2t
2754 5692 2769 5720 ,
2811 5666 2933 5707 cum
2970 5653 3061 5707 alii
3092 5653 3164 5708 22
3207 5668 3393 5711 nume-

184 5707 257 5762 uio
278 5710 515 5783 Augustus
538 5707 809 5788 imperium
834 5707 1022 5789 ienuit,
1055 5707 1229 5789 addit,
1264 5738 1385 5778 mox
1413 5739 1524 5777 eum
1556 5724 1707 5777 annis
1813 5707 1951 5777 rent.
