3978 6178
561 224 667 283 575

626 330 1012 391 GALLICANO
1041 332 1127 387 ET
1156 331 1396 390 BASSO.

624 423 872 480 LICINIO
900 425 942 478 V
974 424 1060 478 ET
1090 423 1352 479 CRISPO.

623 515 1101 572 CONSTANTINO
1129 514 1174 570 ν
1209 516 1299 570 ET
1328 512 1575 571 LICINIO
1606 514 1780 572 (ΗΕΒ.

628 609 869 664 Licinius
893 608 1227 664 Christianos
1252 609 1319 663 de
1350 608 1546 677 palatio
1572 623 1671 663 suo
1702 608 1872 674 pellit.

621 696 1098 755 CONSTANTINO
1129 699 1195 754 Vl
1225 700 1313 754 ET
1343 698 1823 754 CONSTANTINO
1854 698 2030 756 (ΖΕΒ.

625 789 869 846 Basileus
896 792 1128 847 Amasiae
1156 792 1311 846 Ponti
1340 793 1626 863 episcopus
1647 792 1747 847 sub
1767 792 1973 848 Licinio
1997 807 2138 847 mar-

551 883 690 954 tyrio
715 893 1026 939 coronatur.

620 976 969 1032 Alexandria)
1012 976 1180 1032 XVIII
1222 976 1505 1032 ordinatur
1554 976 1853 1047 episcopus
1901 976 2133 1032 Alexan-

550 1069 670 1124 der.

605 1157 863 1213 ‘CRISPO
889 1158 935 1213 II
963 1158 1051 1213 ET
1078 1157 1507 1214 CONSTANTIO
1538 1158 1602 1214 II.

624 1256 650 1284 ⁸
679 1251 841 1304 Arius
869 1250 1170 1322 presbyter,
1192 1251 1257 1305 ab
1276 1250 1581 1306 Alexandro
1608 1251 1865 1320 episcopo
1885 1250 1953 1304 de
1968 1249 2133 1304 Alex-

550 1336 776 1391 andrina
807 1338 1046 1393 Ecclesia
1078 1340 1306 1408 ejectus,
1354 1340 1555 1394 multos
1597 1354 1709 1395 sua:
1753 1340 2013 1406 impietati
2048 1354 2136 1393 so-

552 1429 679 1493 ciat,
714 1431 1015 1500 praedicans
1046 1432 1260 1485 Patrem
1306 1440 1361 1485 et
1406 1430 1602 1485 Filium
1643 1442 1696 1486 et
1727 1432 1983 1500 Spiritum
2010 1446 2134 1485 san-

553 1531 698 1574 ctum
744 1536 850 1575 non
896 1537 1015 1576 esse
1055 1524 1211 1577 unius
1256 1522 1607 1593 ejusdemque
1637 1533 1879 1586 natura),
1909 1531 2031 1587 aut,
2078 1532 2135 1577 ut

551 1615 866 1682 expressius
918 1616 1150 1682 dicitur,
1211 1617 1502 1681 essentiae;
1557 1626 1741 1685 utpote
1793 1627 2128 1670 creaturam:

1790 224 1850 282 S.
1890 222 2222 281 PROSPERI
2260 221 2585 292 AQUITANI

2165 340 2218 396 Α
2247 334 2489 400 probata,
2520 342 2576 388 et
2602 333 2856 399 maxime,
2883 334 3023 403 quod
3068 349 3096 389 a
3134 336 3483 394 traditoribus
3526 339 3811 397 divinarum

3698 214 3818 286 ‘576

2243 422 2637 493 Scripturarum
2667 424 2837 479 fuerat
2860 425 3156 481 ordinatus.
3180 428 3284 483 Sed
3317 438 3439 498 post
3458 443 3675 485 causam
3701 449 3812 487 con-

2241 512 2432 566 victam
2464 524 2626 584 atque
2651 514 2873 581 ﬁnitam,
2906 516 3163 585 pertinaci
3186 518 3456 574 discordia
3484 522 3539 574 in
3572 520 3806 581 heresim

2242 604 2565 658 transierunt
2597 621 2612 657 :
2657 604 2973 660 deﬁnientes
3020 617 3235 676 propter
3260 607 3534 664 Caeciliani
3571 613 3803 681 crimina,

2238 707 2330 747 seu
2359 709 2505 760 vera,
2535 710 2649 761 seu,
2670 696 2810 766 quod
2840 698 3006 767 magis
3031 700 3298 767 apparuit,
3329 700 3484 767 falsa,
3517 701 3799 761 Ecclesiaut

2239 782 2436 840 Christi
2468 786 2519 840 in
2553 794 2664 841 toto
2690 787 2822 842 orbe
2850 795 3113 842 terrarum
3144 791 3462 859 contagione
3483 795 3804 848 communio-

2238 873 2321 929 nis
2349 879 2690 945 exstinctam,
2723 878 2775 931 in
2806 878 2921 932 sola
2950 878 3144 933 Donati
3172 889 3324 949 parte
3348 892 3662 951 superesse.
3706 883 3804 939 Au-

2236 967 2365 1023 dent
2408 970 2569 1024 etiam
2614 971 2950 1040 rebaptizare
3002 974 3296 1027 catholicos
3334 992 3347 1027 :
3400 990 3522 1029 cum
3574 976 3806 1031 Ecclesiae

2236 1060 2516 1115 catholica:
2547 1061 2827 1131 placuerit,
2872 1076 2969 1117 nec
2998 1061 3050 1116 in
3094 1063 3224 1133 ipsis
3254 1062 3529 1120 haereticis
3555 1065 3803 1137 baptisma

2235 1166 2520 1209 commune
2544 1155 2875 1210 rescindere.

2306 1246 2627 1313 Antiochiae,
2658 1256 2779 1317 post
2802 1248 3133 1319 Tyrannum,
3173 1247 3274 1304 XX
3293 1249 3573 1306 ordinatur
3612 1253 3802 1321 episco-

2234 1352 2335 1408 pus
2381 1338 2609 1403 Vitalis;
2668 1350 2787 1406 post
2824 1356 3020 1410 quem,
3086 1341 3210 1397 XXI
3261 1353 3283 1382 ο
3333 1344 3689 1415 Philogonns;
3727 1348 3798 1402 cui

2234 1429 2493 1482 successit
2558 1429 2703 1484 XXII
2757 1431 3009 1484 Paulinus
3055 1449 3069 1486 :
3137 1442 3256 1503 post
3300 1449 3457 1503 quem
3512 1436 3683 1495 XXIII
3719 1437 3800 1494 fuit

2236 1519 2565 1573 Eustathius.
2620 1520 2738 1587 Quo
2787 1522 2836 1573 in
2884 1522 3131 1575 exsilium
3183 1523 3252 1576 ob
3301 1524 3460 1577 ﬁdem
3495 1536 3687 1593 trnso,
3728 1544 3798 1581 us-

2194 1646 2205 1656 -
2234 1625 2340 1679 que
2370 1611 2420 1665 iu
2469 1623 2788 1681 praesentem
2834 1613 2973 1668 diem
3008 1615 3301 1670 Ecclesiam
3332 1616 3518 1672 Ariani
3569 1620 3797 1676 obtinue-

549 1704 810 1773 Spiritum
836 1721 964 1761 vero
992 1719 1234 1761 sanctum
1276 1718 1577 1762 creaturam
1609 1719 1899 1774 creaturae;
1952 1708 2001 1761 id
2047 1718 2129 1764 est
2160 1707 2206 1766 B
2234 1713 2379 1757 ru"!-

546 1798 616 1850 ab
642 1798 757 1866 ipso
789 1798 921 1853 FIIIO
946 1811 1203 1854 creatum.
1234 1800 1315 1856 Ad
1346 1817 1504 1871 quam
1538 1802 1811 1872 perfidiam
1833 1820 2129 1873 coarguen-

547 1887 669 1943 dam
702 1890 936 1962 synodus
964 1899 1325 1947 trecentorum
1355 1895 1539 1949 decem
1589 1904 1645 1948 et
1687 1908 1811 1949 octo
1853 1898 2134 1965 episcopo-

547 1996 666 2035 rum
697 1980 750 2036 in
774 1981 1004 2037 Nicaeam
1035 1984 1221 2038 urbem
1255 1985 1519 2055 Bithynia:
1549 1998 1868 2055 congregata
1896 2030 1909 2053 ,
1943 2002 2131 2042 omnes

546 2070 924 2129 htcreticorum
969 2076 1245 2130 machinas
1308 2076 1584 2132 Ilomousii
1631 2079 1974 2149 Oppositione
2026 2079 2127 2134 dc-

541 2162 691 2233 jecit.

614 2254 957 2312 PltOBIANO
985 2257 1073 2313 ET
1098 2258 1401 2314 JULIANO.
1432 2314 1454 2331 ,

615 2345 890 2403 SEVERO
923 2348 1008 2404 ΕΤ
1033 2350 1308 2405 RUFINO.

618 2436 964 2494 Constantius
989 2441 1329 2495 Constantini
1363 2441 1503 2495 ﬁlius
1531 2442 1712 2498 Caesar
1743 2442 1933 2499 factus.

615 2532 859 2588 CRISPO
884 2532 952 2587 III
980 2532 1068 2587 ET
1098 2533 1577 2591 CONSTANTINO
1607 2536 1689 2592 III.

616 2621 852 2678 Licinius
883 2623 1281 2680 Thessalonicae
1311 2628 1593 2682 occiditur.

614 2714 912 2770 PAULINO
940 2716 1027 2771 ET
1053 2716 1360 2774 .IULIANO.

614 2801 839 2874 Crispus
879 2806 1019 2860 ﬁlius
1045 2806 1381 2863 Constantini
1426 2817 1481 2864 et
1508 2809 1743 2864 Licinius
1775 2810 1956 2879 junior
1981 2810 2125 2866 Con-

539 2898 751 2952 stantire
777 2896 1110 2953 Constantini
1134 2902 1339 2956 sororis
1367 2912 1417 2955 et
1448 2901 1639 2956 Licinii
1673 2903 1965 2971 superioris
1986 2901 2126 2958 ﬁlius

538 2989 829 3045 interfecti.

608 3080 826 3136 CONS'I
834 3081 1086 3137 ΑΝΤΙΝο
1120 3083 1211 3137 VII
1243 3083 1327 3137 ET
1355 3081 1803 3140 CONSTANTIO.

608 3172 922 3228 Vicenualia
942 3173 1280 3230 Constantini
1298 3174 1621 3231 Nicomediae
1645 3186 1783 3242 acta,
1806 3184 1861 3232 et
1876 3175 2120 3247 sequenti

534 3277 679 3317 anno
707 3264 892 3318 Romae
919 3265 1082 3321 edita.

608 3351 1087 3408 CONSTANTINO
1116 3354 1160 3408 II
1192 3355 1281 3409 ET
1307 3355 1597 3411 MAXIMO.

606 3442 896 3513 [lucusque
923 3446 1202 3500 historiam
1236 3446 1485 3517 perduxit
1516 3448 1799 3515 Eusebius,
1833 3448 2117 3520 Pamphyli

534 3536 787 3605 martyris
811 3537 1235 3593 contubernalis.
1265 3538 1391 3594 Post
1417 3538 1532 3593 huic
1564 3540 1871 3610 Hieronymi
1898 3541 2118 3611 presby-

534 3629 632 3684 teri
658 3630 899 3685 succedit
927 3630 1241 3686 auctoritas.

605 3721 903 3790 Drepanam
937 3724 1202 3796 Bithynia:
1233 3727 1500 3781 civitatem
1526 3727 1577 3780 in
1610 3727 1867 3782 honorem
1898 3727 2115 3809 Luciani

533 3819 785 3888 martyris
812 3818 883 3873 ibi
912 3820 1113 3875 conditi
1144 3819 1528 3876 Constantinus
1561 3823 1886 3884 instaurans.
1916 3840 1983 3878 ex
2026 3840 2111 3878 voc

530 3907 722 3961 eabulo
750 3912 934 3965 matris
962 3927 1072 3966 sua:
1114 3913 1484 3983 Helenopolim
1524 3915 1863 3984 nuncupavit.

602 3995 938 4055 JANUARIO
964 4002 1049 4056 ET
1073 4002 1304 4058 IUSTO.
1732 3998 1735 4001 ’

606 4088 770 4157 726
799 4090 823 4129 δ
858 4091 1088 4146 Donatus
1118 4094 1427 4162 agnoscitur
1449 4134 1465 4161 ,
1516 4109 1544 4147 a
1589 4110 1695 4164 quo
1743 4110 1840 4164 per
1877 4095 2111 4163 Al‘riram

529 4186 842 4249 Donatista},
866 4185 953 4253 qui
977 4184 1204 4254 primum
1230 4194 1445 4255 propter
1465 4187 1768 4241 ordinatum
1800 4196 1985 4242 contra
2019 4203 2115 4242 vo-

530 4277 784 4331 luntatem
827 4291 976 4329 suam
1017 4275 1361 4331 Caecilianum
1392 4277 1645 4332 Ecclesiae
1672 4277 2111 4348 Carthaginensis

527 4370 838 4438 episcopum
851 4367 1082 4423 schisma
1099 4366 1361 4436 fecerunt,
1376 4367 1693 4438 objicientes
1705 4368 1753 4424 ei
1768 4368 1989 4424 crimina
2006 4384 2109 4425 non

2303 1792 2775 1851 CONSTAN'I'INO
2829 1797 2939 1852 VIII
2986 1797 3072 1852 ET
3120 1797 3605 1857 CONSTANTINO
3646 1804 3795 1860 CrES.

2234 1884 2323 1939 IV.

2303 1976 2732 2034 CONSTANTIO
2761 1981 2826 2036 III
2857 1981 2945 2036 ET
2975 1982 3372 2039 SYMIIACIIO.

2304 2069 2639 2123 Alexandriaa
2670 2070 2793 2124 XIX
2820 2073 3102 2127 ordinatur
3128 2075 3416 2145 episcOpus
3467 2078 3794 2133 Athanasius.

2304 2157 2520 2214 BASSO
2550 2160 2636 2213 ET
2665 2165 2701 2213 A
2715 2160 2980 2217 BLABIO.

2304 2249 2663 2319 Ilieronymus
2690 2254 2948 2308 nascitur.

2305 2343 2692 2398 PACATIANO
2733 2344 2816 2397 ET
2844 2345 3236 2401 IIILARIANO.

2302 2434 2486 2487 Roma:
2516 2435 2712 2491 XXXII
2742 2438 3022 2493 ordinatur
3041 2440 3323 2510 episcopus
3350 2441 3573 2497 Manccs
3622 2445 3795 2499 mensi-

2230 2524 2329 2579 bus
2355 2535 2496 2580 octo.

2303 2616 2428 2671 Post
2457 2634 2615 2687 quem
2638 2618 2857 2673 XXXIII
2889 2620 3167 2676 ordinatus
3196 2631 3281 2677 est
3309 2622 3496 2677 Justus
3521 2626 3677 2678 aunis
3702 2639 3797 2696 ιη,

2231 2710 2511 2765 mensibus
2540 2720 2790 2780 quatuor.

2302 2799 2491 2856 Edicto
2550 2800 2887 2859 Constantini
2946 2805 3239 2862 Gentilium
3307 2809 3507 2876 templa
3559 2810 3797 2865 subversa

2228 2901 2375 2946 SIIIII.

2302 2985 2526 3042 Romani
2557 2988 2764 3045 Gothos
2796 2991 2847 3046 in
2883 2991 3253 3047 Sarmatarum
3302 2993 3525 3062 regione
3551 2995 3796 3051 vicerunt.

2154 3073 2199 3134 C
2302 3075 2567 3135 Constans
2596 3081 2736 3136 ﬁlius
2760 3080 3097 3135 Constantini
3126 3082 3439 3151 provehitur
3467 3085 3536 3139 ad
3566 3102 3797 3156 regnum.

2304 3168 2653 3228 DALMATIO
2683 3174 2772 3228 ET
2802 3174 3214 3228 XENOPIIILO.

2293 3264 2567 3320 OPTATO
2598 3264 2683 3318 ET
2709 3264 3026 3319 PAULINO.

2291 3357 2723 3414 CONSTANTIO
2754 3357 2843 3412 ET
2876 3356 3142 3412 ALBINO.

2291 3450 2678 3505 Constantinus
2706 3463 2828 3503 cum
2862 3448 3046 3503 liberis
3081 3448 3195 3501 suis
3225 3445 3526 3506 honoriﬁce
3553 3454 3618 3503 ad
3642 3453 3798 3506 Anto-

2220 3546 2367 3600 nium
2394 3544 2715 3597 monachum
2738 3542 2945 3597 litteras
2986 3542 3167 3597 mittit.

2289 3633 2680 3689 NEPOTIANO
2706 3633 2793 3687 ET
2821 3631 3165 3688 FACUNDO.

2288 3724 2697 3780 Tricennalibus
2724 3723 3059 3778 Constantini
3092 3724 3388 3780 Dalmatius
3417 3724 3602 3781 Cmsar
3629 3726 3794 3798 appel-

2216 3820 2374 3873 latur.

2286 3909 2492 3963 Nazarii
2524 3908 2777 3962 Rhetoris
2810 3908 2913 3962 ﬁlia
2940 3907 3204 3963 Eunomia
3230 3908 3540 3965 Christiana
3578 3911 3723 3983 virgo
3747 3913 3789 3965 in

2216 4000 2519 4070 eloquentia
2554 4001 2690 4069 patri
2721 4011 3055 4070 comquatur.

2285 4091 2311 4130 ίι
2345 4093 2662 4147 Eustachius
2688 4092 3206 4160 Constantinopolita
3218 4108 3319 4147 nus
3341 4095 3629 4165 presbyter
3654 4097 3790 4149 inno-

2213 4184 2393 4251 tescit,
2426 4184 2580 4253 cujus
2603 4182 2861 4237 industria
2891 4183 3245 4254 Jerosolymis
3277 4193 3301 4221 ι’
3333 4186 3651 4255 martyrium
3674 4202 3791 4241 con-

2212 4285 2417 4333 ειῑιιεῑιι
2427 4290 2473 4328 m
2503 4284 2607 4329 est.

2282 4368 2438 4439 727
2472 4365 2491 4405 ί
2540 4365 2922 4420 Constantmus
2968 4375 3212 4420 extremo
3254 4366 3375 4419 vim
3406 4380 3522 4421 sure
3564 4380 3788 4437 tempore

595 4550 619 4577 α
668 4542 721 4595 In
747 4542 1039 4598 Auctuario
1083 4544 1211 4599 tomi
1242 4544 1261 4598 I
1288 4543 1541 4599 Biblioth.
1571 4542 1814 4599 Mss.Ph.
1851 4543 2049 4599 Labbei
2082 4559 2097 4600 :
2127 4543 2179 4604 D
2278 4554 2300 4582 ε
2330 4542 2554 4610 Quidam
2584 4541 2796 4595 codices
2825 4539 3027 4610 Chron.
3060 4539 3371 4603 Eusebiani,
3434 4539 3785 4610 Pliitogonius.

523 4611 675 4664 Arius
700 4610 905 4667 Patrem
934 4626 978 4667 et
1007 4616 1207 4668 Filium
1244 4624 1292 4668 et
1336 4614 1589 4681 Spiritum
1631 4625 1864 4668 sanctum
1910 4631 2101 4681 negans

518 4683 667 4756 unius
698 4697 805 4756 esse
828 4693 1046 4756 natum,
1070 4685 1149 4756 υει
1178 4693 1232 4737 ut
1255 4686 1540 4756 expressius
1569 4686 1822 4747 dicamus,
1846 4686 2096 4756 assentire,

517 4751 587 4826 ita
610 4762 661 4804 ut
696 4750 867 4826 ("itius
901 4753 1057 4826 Patre
1086 4755 1270 4826 minor:
1292 4750 1519 4826 Spiritus
1540 4766 1707 4809 autem
1729 4765 1932 4809 sanctus
1961 4755 2101 4809 Filio

516 4823 669 4894 etiam
696 4820 948 4875 habeatur
971 4825 1203 4891 inferior.
1226 4820 1431 4880 Caetera
1464 4836 1519 4880 ut
1547 4841 1728 4894 supra.

590 4890 615 4929 ι)
644 4892 990 4946 Auctuarium
1025 4890 1151 4948 tomi
1182 4896 1197 4947 1
1232 4895 1484 4950 Biblimh.
1513 4890 1641 4951 mss.
1674 4911 1823 4949 novae
1854 4896 2050 4951 Labbei
2083 4915 2095 4950 :

518 4961 750 5035 Donatus
778 4964 1091 5035 agnoscitur,
1110 4981 1140 5015 α
1160 4980 1258 5030 quo
1274 4983 1370 5035 per
1395 4967 1621 5035 Africam
1652 4965 1932 5033 Donatista:
1956 4976 2093 5021 sunt.

519 5032 619 5106 Qui
658 5045 864 5103 propter
893 5032 1223 5087 C(erilianum
1254 5032 1584 5106 Carthaginis
1612 5032 1903 5105 episcopum
1929 5077 1942 5100 ,
1974 5039 2095 5104 quia

513 5103 638 5172 ipsis
658 5106 988 5157 renitentibus
1020 5105 1287 5158 ordinatus
1317 5115 1410 5167 est,
1443 5103 1495 5159 in
1526 5106 1748 5159 scltisma
1776 5103 1924 5159 divisi
1953 5103 2090 5172 sunt,

514 5174 745 5245 principe
768 5184 812 5226 et
842 5184 1051 5227 auctore
1078 5174 1303 5239 Donato,
1338 5177 1625 5244 objicientes
1654 5176 1928 5229 ()wciliano
1954 5193 2095 5245 qum—

516 5243 636 5297 dam
685 5246 897 5298 crimina
926 5262 1140 5313 quorum
1182 5243 1709 5315 nullumprobarunt.
1756 5245 1903 5299 Unde
1931 5243 2094 5311 pervi-

512 5316 657 5386 cacia
694 5332 790 5369 sua
808 5318 970 5386 etiam
1012 5317 1234 5370 hwretici
1265 5317 1388 5386 facti
1429 5324 1576 5380 sunt,
1612 5316 1897 5382 baptizatos
1927 5318 1977 5369 in
2006 5334 2091 5370 ca-

513 5384 705 5439 tholica
740 5385 1147 5449 rebaptizantes,
1184 5397 1231 5440 et
1266 5384 1333 5440 in
1384 5386 1636 5440 Trinitate
1685 5388 1889 5439 deitatis
1937 5404 2092 5440 unam

510 5456 713 5574 7ttidem
737 5458 1071 5510 substantiam
1092 5459 1407 5526 conﬁtentes,
1432 5458 1521 5511 sed
1564 5453 1763 5509 Filium
1790 5473 1890 5508 non
1920 5472 2091 5525 aequa-

533 5540 612 5574 ειη
642 5524 824 5574 Patri-
858 5537 905 5574 et
948 5530 1198 5574 Sniritum
1240 5537 1471 5574 sanctum
1526 5527 1768 5574 minorem
1803 5526 1939 5574 Filio
1976 5544 2091 5574 sen-

533 5540 612 5595 em
641 5524 825 5591 Patri,
858 5537 905 5581 et
947 5524 1198 5595 Spiritum
1240 5537 1471 5581 sanctum
1526 5527 1768 5580 minorem
1802 5526 1939 5580 Filio
1976 5524 2093 5580 sen-

510 5594 707 5667 ﬁentes.
738 5596 800 5648 In
830 5594 1320 5666 quamimpietutem
1360 5599 1480 5652 illos
1521 5597 1656 5653 alius
1700 5598 1935 5653 Donatus
1963 5640 1975 5666 ,
2006 5597 2091 5667 qui

512 5664 575 5716 ab
605 5665 696 5719 illo
724 5668 899 5721 tertius
920 5669 1017 5737 [uit
1038 5664 1303 5736 impulisse
1331 5668 1537 5724 dicitur.

2276 4613 2303 4650 ά
2334 4613 2390 4666 In
2422 4628 2520 4665 ms.
2548 4611 2922 4675 antiquissimo
2950 4609 3103 4664 Coll).
3154 4612 3414 4666 Bibliolh.
3465 4623 3521 4666 et
3561 4609 3785 4667 editione

2205 4684 2362 4739 Pont.
2389 4694 2608 4736 vocatur
2643 4681 2959 4737 Eustathius.

2277 4764 2301 4791 θ
2336 4753 2614 4821 Templum
2653 4752 2909 4819 iutellige.
2935 4750 3115 4817 Quare
3134 4761 3312 4805 autem
3341 4751 3443 4804 hoc
3459 4751 3716 4818 templum
3739 4751 3786 4805 in

2203 4824 2462 4878 honorem
2478 4821 2851 4889 gloriosissimi
2866 4823 3093 4878 sepulcri
3112 4822 3410 4875 Salvatoris
3427 4831 3785 4876 constructum

2202 4910 2269 4949 ex
2311 4893 2576 4961 quinque,
2616 4907 2734 4960 qua:
2784 4892 2896 4955 ipse
2925 4890 3305 4945 Constantinus
3351 4892 3783 4961 :ediﬁcarijnssit

2201 4964 2571 5033 Jerosolytnis,
2608 4974 2965 5028 nuneupatum
3004 4962 3162 5033 fuerit
3196 4961 3531 5033 Martyrium,
3565 4963 3785 5028 explicat

2200 5031 2432 5105 Cyrillus
2462 5032 2940 5105 Jerosolymitanus
2984 5032 3203 5105 catech.
3234 5031 3331 5105 II,
3367 5035 3520 5105 quasi
3558 5034 3781 5105 testimo-

2202 5101 2343 5158 nium
2402 5112 2449 5156 et
2500 5104 2868 5155 monimentum
2922 5103 3329 5156 resurrectionis
3382 5101 3605 5157 Christi:
3681 5103 3783 5156 Hoc

2202 5178 2371 5240 ipsum
2405 5182 2623 5226 vocatur
2649 5171 2861 5225 basilica
2886 5170 3307 5225 Constantiniana
3327 5176 3540 5227 actione
3570 5174 3604 5227 4
3630 5188 3781 5228 conc.

2198 5245 2313 5300 Nic.
2345 5261 2402 5299 ll.
2431 5244 2693 5298 Pontacus
2724 5246 2773 5296 in
2808 5253 2917 5295 not.
2952 5242 3003 5294 in
3032 5241 3212 5297 Chron
3263 5243 3500 5305 Eusebii.

2275 5314 2293 5353 τ
2331 5316 2505 5368 Prima
2538 5328 2659 5380 pars
2692 5313 2845 5367 istius
2873 5313 3109 5371 articuli.
3138 5312 3278 5382 quod
3310 5311 3679 5366 Constantinus
3703 5328 3782 5366 επ·

2198 5394 2356 5439 tremo
2384 5385 2496 5437 vita:
2522 5399 2628 5436 sine
2655 5393 2878 5453 tempore
2906 5385 3058 5452 fuerit
3087 5382 3374 5453 baptizatus
3393 5424 3407 5443 ,
3440 5382 3782 5453 conﬁrmatur

2200 5455 2504 5510 testimonio
2534 5453 2771 5508 Socratis
2811 5454 2948 5508 libro
2981 5452 3159 5520 primo
3180 5468 3296 5520 cap.
3338 5454 3442 5520 '59,
3497 5452 3779 5510 Sozomnni

2201 5527 2337 5580 libro
2365 5524 2599 5580 secundo
2628 5538 2748 5590 cnp.
2782 5522 2872 5587 34,
2903 5522 3229 5577 Theodoreti
3271 5522 3407 5575 libro
3456 5526 3627 5591 primo
3656 5538 3775 5589 cap.

2198 5596 2288 5659 51,
2324 5595 2551 5649 Frcculﬁ
2585 5595 2719 5647 libro
2746 5594 2903 5647 tertio
2937 5608 3053 5660 cap.
3084 5593 3172 5655 20,
3213 5593 3428 5646 Mariaui
3470 5604 3524 5647 ot
3567 5594 3777 5645 Eu~ehii

2199 5668 2295 5723 lib.
2326 5682 2374 5722 tv
2391 5665 2459 5722 de
2488 5664 2603 5721 Vita
2627 5663 2964 5719 Constantini
2989 5679 3111 5733 cap.
3140 5663 3232 5730 2i,
3266 5663 3327 5719 tit
3361 5672 3413 5719 et
3437 5662 3536 5732 62,
3578 5674 3630 5719 et
3661 5672 3778 5733 post
