4028 6176
216 291 278 346 ’Π

1369 288 1772 347 CIIRONICUM
1812 292 2192 352 INTEGRUM.

3332 296 3437 363 578

180 411 245 463 ab
289 406 513 461 Eusebio
554 403 945 461 Nicomediensi
1001 404 1253 475 episcopo
1302 405 1638 477 baptizatus,
1689 408 1739 462 in
1772 411 1823 471 Α
1918 410 2285 481 Hermogenes
2346 410 2602 483 magister
2654 412 2863 469 militiai
2913 411 3438 490 Constantinopolim

179 498 425 556 Arianum
456 498 638 567 dogma
665 496 973 552 declinavit.

247 591 604 646 FELICIANO
635 590 723 644 ET
754 589 1057 645 TITIANO.

245 682 617 738 Constantinus
646 696 765 735 cum
805 680 1003 735 bellum
1052 690 1268 750 pararet
1315 680 1367 735 in
1416 680 1606 735 Persas
1634 720 1648 744 ,
1698 680 1750 734 in

180 776 458 845 Ancyrone
488 773 608 826 villa
658 771 866 839 publica
907 770 1061 841 juxta
1110 770 1477 825 Nicomediam
1505 770 1749 836 moritur,

182 881 313 919 anno
340 866 511 918 aetatis
533 878 643 918 suae
671 877 798 916 vai
824 880 838 928 ;
872 872 991 931 post
1015 878 1170 932 quem
1207 874 1313 917 tres
1358 863 1508 917 liberi
1540 862 1657 932 ejus
1686 878 1751 917 ex

181 958 477 1014 Catsaribus
503 958 725 1026 Augusti
755 957 1111 1027 appellantur.

246 1051 662 1112 Cossrssrtsus,
686 1048 1055 1104 CONSTANTIUS
1082 1057 1137 1103 et
1163 1047 1461 1111 Consum,
1491 1046 1752 1116 XXXVII,

184 1143 410 1212 regnavit
436 1144 591 1195 annis
623 1156 777 1209 xxiv,
822 1141 1095 1196 mensibus
1125 1138 1377 1210 quinque,
1405 1138 1594 1193 diebus
1623 1139 1756 1192 duo-

185 1236 364 1288 decim.

250 1327 421 1381 L'RSO
457 1325 544 1378 ET
579 1324 894 1379 PULEMIO.

250 1417 539 1471 Dalmatius
572 1418 768 1478 Ctesar,
797 1432 951 1485 quem
980 1424 1198 1482 patruus
1224 1414 1606 1469 Constantinus
1624 1429 1753 1469 con.

188 1518 373 1563 sortem
404 1509 553 1577 regni
581 1524 699 1561 cum
729 1508 849 1562 filiis
867 1508 1176 1578 reliquerat,
1205 1506 1436 1562 factione
1457 1506 1754 1560 Constantii

189 1602 428 1670 patruelis
452 1602 735 1655 occiditur.

249 1692 471 1747 Iacobus
502 1691 789 1745 Nisibenus
813 1692 1138 1761 agnoscitur,
1169 1692 1235 1745 ad
1266 1691 1417 1760 cujus
1446 1706 1632 1759 preces
1653 1706 1756 1745 sae-

1856 500 1882 539 ἀ
1908 512 2109 557 tractus
2134 520 2163 557 a
2192 504 2395 573 populo
2423 505 2492 559 ob
2522 505 2829 575 epise0pum
2863 507 3082 562 Paulum
3111 552 3126 577 ,
3156 526 3314 580 quem
3344 530 3442 571 re-

1854 598 1935 666 gis
1962 598 2187 666 imperio
2214 608 2269 652 et
2297 599 2617 653 Arianorum
2647 599 2877 656 factione
2910 603 3167 671 pellebat.

1928 688 2092 759 728
2138 697 2161 726 ε
2216 688 2556 745 Macedonius
2622 693 2754 746 artis
2820 694 3095 760 plumaria:
3150 696 3203 750 in
3261 697 3437 754 locum

1859 777 2005 831 Pauli
2053 779 2121 831 ab
2168 778 2383 833 Arianis
2432 780 2718 849 episcopus
2760 783 3110 851 subrogatur,
3138 800 3168 839 a
3195 801 3299 855 quo
3329 786 3441 842 ha!—

1857 870 1995 923 resis
2040 868 2425 923 Macedoniana
2452 913 2467 936 ,
2510 869 2666 938 cujus
2688 870 2880 940 dogma
2913 883 3025 940 est,
3070 873 3279 929 Patrem
3321 879 3441 947 qui-

1856 960 1979 1013 dem
2027 970 2083 1015 et
2130 960 2323 1015 Filium
2373 960 2530 1014 unius
2573 961 2866 1017 divinitatis
2922 965 3268 1037 ejusdemque
3312 970 3439 1025 sub-

1856 1051 2069 1106 stantiae
2096 1052 2366 1118 confiteri,
2398 1052 2492 1106 sed
2519 1052 2777 1122 Spiritum
2805 1063 3046 1110 sanctum
3078 1058 3262 1113 dicens
3289 1075 3440 1116 crea-

1858 1154 2053 1198 turam.

1929 1237 2123 1291 Paulus
2170 1236 2487 1292 crudelitate
2534 1236 2773 1307 pra:fecti
2807 1238 3077 1309 Philippi,
3112 1257 3233 1295 nam
3266 1242 3442 1299 fautor

1858 1326 2157 1381 Macedonii
2189 1329 2417 1397 partium
2445 1338 2581 1393 erat,
2605 1340 2658 1384 et
2685 1329 3006 1385 Arianorum
3033 1332 3239 1389 insidiis
3260 1345 3440 1390 stran-

1856 1417 2084 1486 gulatur.

1928 1510 2218 1565 PLACIDO
2246 1511 2331 1565 ET
2361 1511 2663 1568 ROMULO.

1932 1600 2256 1658 Maximinus
2305 1603 2667 1659 Treverorum
2713 1606 2998 1676 episcopus
3051 1608 3227 1663 clarus
3280 1609 3444 1665 babe-

1862 1696 2057 1767 batnr,
2107 1713 2137 1751 a
2190 1715 2298 1769 quo
2348 1700 2671 1756 Athanasius
2712 1703 3105 1759 Alexandrinus
3135 1706 3440 1775 epise0pns,

187 1799 243 1852 pe
270 1784 387 1838 urbs
415 1782 725 1838 disCrimine
754 1780 978 1836 liberata
1005 1789 1108 1849 est,
1150 1796 1269 1835 cum
1299 1789 1695 1851 oppugnaretur
1722 1795 1753 1834 a
1785 1778 1827 1836 Β
1858 1804 1978 1843 cum
2011 1805 2040 1843 a
2070 1790 2389 1846 Constantio
2418 1803 2748 1861 quaareretur
2771 1793 2837 1848 ad
2871 1809 3083 1863 poenam
3102 1837 3117 1863 ,
3149 1795 3444 1851 honorifice

184 1879 365 1945 Sapore
387 1891 517 1946 rege
545 1876 851 1929 Persarum.
1241 1896 1249 1905 ο

244 1967 668 2022 CONSTANTIO
701 1968 739 2021 II
769 1967 853 2022 ET
876 1964 1308 2022 CONSTANTE.

244 2060 313 2115 Ex
344 2060 442 2115 hoc
468 2070 714 2130 tempore
742 2060 988 2128 impietas
1019 2062 1213 2115 Ariana
1256 2069 1281 2097 ⁸
1309 2059 1602 2116 Constantii
1651 2061 1751 2115 im-

186 2152 421 2217 peratoris
474 2152 610 2205 fulta
670 2152 958 2222 praesidio,
1022 2151 1270 2218 exsiliis,
1328 2152 1637 2207 carceribus
1700 2164 1754 2209 et

185 2242 324 2297 variis
376 2243 736 2297 afflictionum
795 2242 1011 2309 modis,
1068 2242 1296 2311 primum
1361 2243 1748 2309 Athanasium,

186 2336 355 2393 deinde
401 2352 603 2393 omnes
645 2353 751 2391 non
799 2352 912 2391 sure
962 2336 1129 2405 partis
1160 2336 1443 2406 episcopos
1474 2346 1751 2405 persecuta

186 2437 272 2483 est.

247 2519 581 2575 ACYNDINO
606 2520 692 2573 ET
725 2517 1066 2576 PROCULO.

246 2605 619 2666 Constantinus
674 2609 874 2664 bellum
923 2609 1072 2663 fratri
1118 2608 1354 2663 inferens
1391 2608 1541 2678 juxta
1586 2609 1755 2677 Aqui-

186 2702 339 2767 leiam,
360 2701 386 2739 ι’
424 2702 578 2756 Alszc
604 2701 886 2765 occiditur,
915 2717 1056 2753 anno
1087 2700 1296 2771 imperii
1329 2701 1409 2755 sui
1442 2717 1592 2755 xxiii.

243 2794 672 2849 MARCELLINO
702 2794 789 2849 ET
822 2794 1138 2849 PROBINO.

245 2886 461 2941 Andazus
513 2887 571 2941 in
613 2886 769 2956 Syria
818 2888 1160 2956 agnoscitur,
1194 2901 1221 2939 a
1255 2902 1360 2955 quo
1396 2888 1616 2943 haeresis
1648 2875 1753 2940 An-

188 2976 345 3033 deana
369 3020 384 3047 ,
418 2990 440 3019 α
474 2988 537 3034 et
582 2979 838 3033 Audaaani
866 3019 880 3043 ,
913 2994 1047 3047 quos
1077 2988 1133 3033 et
1179 2979 1754 3050 Anthropotnorphitas

188 3082 392 3126 vocant:
438 3071 569 3143 quia
620 3072 785 3125 Deum
836 3052 1083 3126 humana:
1114 3071 1328 3140 imagini
1360 3072 1585 3125 credunt
1634 3090 1753 3127 esse

187 3160 517 3215 conformem.
561 3159 618 3213 In
669 3159 862 3227 quibus
913 3159 1073 3213 etiam
1122 3160 1250 3213 illud
1292 3162 1569 3229 arguitur,
1600 3165 1742 3231 quod
1774 3150 1817 3209 (ἶ

189 3248 363 3305 Pascha
389 3250 756 3305 Christianum
786 3248 1004 3304 Judaica
1022 3249 1376 3319 perhibentur
1400 3252 1740 3308 observantia

188 3342 447 3397 celebrare.

241 3431 657 3489 CONSTANTIO
688 3429 757 3485 III
786 3431 871 3485 ET
900 3429 1307 3487 CONSTANTE
1333 3431 1396 3486 II.

187 3564 284 3599 cum
326 3546 589 3602 Ambrosii
643 3545 698 3598 in
740 3554 880 3598 orat.
911 3544 980 3597 de
1027 3544 1173 3597 obitu
1219 3543 1529 3598 Theodosii.
1585 3545 1737 3612 Quod

187 3621 386 3682 pertinet
414 3620 474 3671 ad
505 3621 733 3670 alteram
766 3625 968 3684 partem
996 3654 1011 3677 ,
1059 3614 1305 3668 videlicet
1350 3615 1739 3669 Constantmum

187 3691 438 3743 declinasse
483 3690 546 3741 in
588 3687 835 3738 Arianuut
882 3687 1067 3754 dogma
1090 3686 1287 3754 ,solus
1316 3685 1527 3739 Lucifer
1553 3703 1615 3739 ex
1651 3704 1737 3742 νῦν

188 3762 360 3812 terihus
402 3762 492 3813 lib.
546 3772 559 3809 t
608 3757 675 3809 de
703 3757 831 3824 lleg.
878 3753 1052 3823 apust.
1084 3753 1225 3808 idem
1267 3757 1466 3809 sentire
1509 3758 1736 3821 videtur,

189 3828 293 3881 hinc
322 3832 490 3883 forsan
527 3826 852 3894 suspicionis
879 3840 1060 3877 ausam
1086 3836 1326 3890 eaptans,
1358 3826 1496 3893 quod
1525 3830 1735 3893 episco-

189 3913 267 3961 tos
295 3900 603 3962 catholicos,
648 3905 707 3950 ut
732 3897 1081 3949 Athanasium
1110 3906 1164 3948 et
1205 3896 1359 3959 alios,
1392 3896 1441 3949 in
1491 3897 1737 3950 exsilunn

188 3970 453 4023 amandarit
482 3970 632 4021 circa
658 3968 873 4020 ultimos
903 3966 1025 4017 vitae
1052 3980 1243 4019 annos.
1273 3966 1379 4019 Sed
1415 3971 1513 4019 hoc
1540 3966 1739 4019 factum

189 4053 275 4089 non
298 4040 536 4106 provenit
562 4053 627 4090 ex
670 4038 771 4091 fide
801 4044 1051 4104 corrupta
1072 4078 1086 4100 ,
1117 4034 1211 4088 sed
1242 4037 1359 4106 quia
1394 4037 1508 4103 ipse
1537 4040 1741 4089 artibus

190 4118 233 4159 et
261 4104 468 4164 fallaciis
497 4108 920 4162 Eusebianornm
952 4109 1206 4173 deceptus
1235 4104 1345 4176 (qui
1375 4106 1496 4160 licet
1523 4106 1739 4159 simula-

190 4189 289 4231 rent
313 4196 367 4234 se
391 4180 707 4244 catholicos,
741 4179 950 4231 Arianis
984 4187 1159 4230 tamen
1188 4176 1396 4230 occulte
1429 4176 1695 4244 favebant)
1722 4220 1736 4241 ,

189 4247 497 4303 existimabat
525 4264 593 4303 ex
625 4263 690 4303 eo
738 4247 1051 4302 eﬂ‘ectnrum
1079 4255 1136 4299 ut
1167 4246 1269 4298 hoc
1324 4256 1476 4314 pacto
1504 4248 1743 4300 Athana-

189 4320 282 4371 sius
322 4321 454 4374 liber
481 4328 629 4375 esset
667 4320 734 4373 ab
763 4333 947 4372 eorum
988 4317 1335 4378 crudelitate,
1381 4317 1472 4385 qui
1527 4317 1599 4371 illi
1648 4332 1740 4384 per

188 4385 383 4481 insidias
411 4389 785 4472 imminebant,
823 4391 959 4443 sicut
989 4387 1555 4481 loquitnrAthana'sius
1577 4398 1737 4481 enisi.
1769 4421 1821 4481 Β

189 4458 245 4529 ad
271 4460 551 4513 solitariam
601 4461 761 4513 vitam
809 4468 1066 4529 agentes;
1120 4458 1205 4509 ubi
1241 4472 1343 4509 non
1376 4458 1545 4529 solum
1587 4457 1733 4511 illum

188 4523 245 4574 tle
266 4542 355 4584 suo
380 4532 572 4586 exsilio
598 4523 961 4587 exensatfsed
983 4530 1142 4582 etiam
1176 4536 1354 4580 tuetur
1392 4528 1459 4579 ab
1485 4528 1582 4580 hac
1621 4530 1738 4583 labe

190 4592 448 4671 liquescas.
480 4602 624 4654 Idem
672 4602 795 4653 facit
833 4600 1098 4671 Epiphan.
1142 4596 1343 4671 haeresi
1374 4598 1464 4671 φρ,
1508 4598 1739 4671 Hilarius

188 4661 271 4719 lib.
300 4684 315 4721 ι
356 4672 416 4723 ad
448 4672 845 4735 Constantium,
880 4661 948 4723 ἐί
970 4668 1341 4721 Theodorctus
1389 4669 1484 4721 lib.
1517 4684 1552 4721 ιι
1600 4670 1736 4722 lIist.

188 4750 295 4809 cap.
322 4739 373 4795 5.
420 4741 510 4795 llis
536 4742 673 4794 adde
703 4740 841 4809 quod
873 4754 1022 4792 sacra
1054 4738 1341 4805 antiquitas
1364 4749 1614 4793 venerata
1657 4749 1739 4793 est

189 4806 572 4863 Constantinum
620 4820 677 4863 ut
721 4806 1077 4864 orthodoxum
1106 4849 1121 4871 ,
1168 4820 1221 4861 et
1265 4811 1575 4863 memoriam
1624 4811 1740 4878 ejus

195 4881 357 4947 recolit
387 4882 622 4935 Ecclesia
643 4881 825 4935 Grzcca
855 4882 916 4933 2t
953 4879 1093 4932 Maii.
1136 4878 1260 4933 llaec
1291 4894 1451 4947 pauca
1484 4896 1547 4933 cx
1574 4882 1735 4947 pluri-

194 4943 297 5017 lius,
343 4964 458 5017 qua:
507 4952 721 5005 disserit
774 4952 967 5003 illustr.
1010 4943 1371 5003 Pontacus'in
1420 4943 1584 5002 notis.
1613 4951 1741 5016 Qui-

196 5014 278 5089 bus
322 5014 489 5088 aliqua
542 5021 813 5089 subjungit
854 5020 919 5074 ad
976 5019 1297 5073 fulciendam
1337 5020 1618 5072 lectionem
1640 5014 1743 5073 co-

194 5083 518 5160 dicis_un"tus,
555 5083 656 5160 qui
689 5083 946 5157 inlegram
976 5093 1305 5160 sententiam
1337 5090 1567 5142 refertad
1601 5090 1743 5143 Con-

194 5158 443 5229 stantium.
494 5158 727 5229 Denique
791 5161 914 5214 licet
965 5159 1189 5213 fateatur
1239 5175 1342 5212 non
1388 5160 1558 5212 videri
1607 5175 1740 5228 quo-

195 5227 336 5299 ljtodo
384 5232 547 5297 possit
587 5227 691 5285 dici
740 5232 1099 5299 Hieronymus
1152 5230 1265 5282 haec
1314 5227 1643 5284 intellexisse
1673 5230 1743 5283 de

193 5291 481 5365 Constantio
502 5343 515 5365 ,
544 5316 662 5354 cum
694 5302 813 5354 talia
847 5302 915 5353 ab
944 5291 1192 5353 omnibus
1241 5300 1388 5353 libris
1439 5302 1742 5352 referantur

197 5362 252 5415 ad
269 5379 451 5421 annum
476 5362 539 5424 3i
563 5370 914 5428 Constantini.
943 5370 1087 5422 nullo
1104 5369 1262 5422 modo
1293 5382 1468 5423 autem
1502 5372 1567 5423 ad
1600 5380 1739 5422 tem-

198 5444 308 5513 ῐιρτει
331 5435 656 5513 Constantii,
676 5512 682 5513 γ
701 5444 1002 5513 suspicatur
1027 5440 1131 5513 dici
1172 5454 1331 5513 posse
1361 5442 1588 5513 Arianos
1630 5441 1739 5507 jam

199 5499 257 5577 ab
280 5503 417 5577 initio
441 5499 685 5567 Chronici
732 5499 982 5564 in'lucem
1008 5499 1296 5572 editifhaéc
1322 5525 1439 5577 qua:
1488 5499 1741 5563 diceban-

200 5576 273 5648 tur
293 5575 353 5628 de
376 5577 709 5645 Constantio,
743 5580 1135 5648 transposuisse
1182 5580 1231 5633 in
1267 5575 1513 5633 ultimum
1540 5597 1737 5633 annum

200 5634 522 5719 Constantini.
577 5650 651 5703 Ex
696 5634 1188 5716 quibusomnibus
1246 5650 1448 5719 colligit
1516 5651 1631 5704 acri
1687 5659 1741 5702 ct

202 5719 384 5768 maturo
420 5718 615 5785 judicio
658 5721 939 5776 Barchium
996 5731 1124 5775 to.u.
1159 5720 1223 5774 III
1256 5718 1447 5775 Annal.
1492 5722 1738 5791 pag.2l0

1857 1891 2137 1950 susceptus
2164 1892 2264 1937 est.

1931 1972 2228 2027 LEONTIO
2252 1973 2340 2028 ET
2372 1973 2729 2030 SALUSTIO.

1929 2063 2101 2133 Sapor
2126 2063 2411 2118 Persarum
2444 2080 2537 2118 rex
2568 2063 2904 2121 Christianos
2934 2066 3293 2137 persequitur.

1926 2155 2356 2210 CONSTANTIO
2388 2154 2454 2209 IV
2484 2156 2571 2210 ET
2600 2155 3006 2212 CONSTANTE
3034 2157 3121 2212 III.

1928 2248 2253 2303 Athanasius
2270 2246 2335 2302 ad
2363 2246 2668 2303 Constantis
2701 2249 2904 2304 litteras
2946 2249 3323 2310 Alexandriam
3351 2264 3442 2306 re-

1857 2340 2114 2409 greditur.

1928 2432 2233 2487 AMANTIO
2258 2432 2347 2487 ET
2376 2432 2645 2489 ALBINO.

1926 2522 2095 2598 ΡυὶξΤ
2122 2523 2315 2578 CONS.
2346 2524 2629 2579 ASHNTII
2661 2526 2746 2583 ET
2772 2527 3016 2583 ALBINI.

1927 2612 2177 2667 RUFINO
2206 2614 2295 2667 ΕΤ
2324 2614 2633 2670 EUSEBIO.

1929 2704 2385 2771 Quadragesimus
2413 2706 2675 2761 Maximus
2705 2716 2825 2776 post
2853 2709 3141 2764 Macarium
3173 2711 3442 2785 Jerosoly-

1856 2808 2065 2847 morum
2099 2796 2383 2864 episcopus
2410 2797 2636 2850 moritur
2668 2815 2680 2851 :
2708 2806 2826 2867 post
2852 2814 3008 2868 quem
3038 2800 3220 2856 Ariani
3252 2802 3438 2859 Eccle-

1856 2887 1987 2940 siam
2022 2888 2295 2941 invadunt.

1929 2978 2244 3033 PIIILIPPO
2276 2978 2363 3033 ET
2395 2978 2613 3033 SALIA.

1927 3070 2183 3123 Romanae
2233 3071 2489 3125 Ecclesia:
2545 3070 2767 3126 XXXIV
2816 3074 3102 3145 episcopus
3164 3077 3442 3134 ordinatur

1852 3162 2121 3226 LIBERIUS,
2146 3176 2252 3231 quo
2284 3162 2335 3215 in
2368 3162 2613 3215 exsilium
2648 3178 2789 3218 uono
2812 3166 3154 3235 episcopatus
3184 3169 3265 3222 sui
3296 3185 3440 3226 anno

1852 3254 1921 3306 ob
1950 3253 2107 3306 fidem
2141 3260 2310 3315 truso,
2341 3267 2532 3307 omnes
2561 3253 2743 3308 clerici
2770 3256 3271 3335 juraveruntguod
3323 3262 3441 3315 nul-

1849 3346 1956 3398 lum
1987 3346 2150 3399 alium
2172 3344 2531 3413 susciperent.
2560 3344 2759 3399 Verum
2799 3361 2919 3400 cum
2945 3347 3097 3402 Felix
3127 3350 3194 3401 ab
3222 3351 3440 3406 Arianis

1850 3434 2036 3490 fuisset
2051 3436 2100 3489 in
2116 3434 2418 3489 sacerdotio
2430 3435 2772 3501 substitutus,
2792 3437 3005 3505 plurimi
3022 3437 3435 3507 perjuraverunt

1850 3546 2146 3601 exclusisse
2193 3546 2334 3617 hunc
2386 3546 2805 3616 paragraphum,
2856 3557 3125 3617 tamquam
3183 3552 3440 3607 adulteri-

1849 3634 1973 3669 num
2004 3657 2019 3681 ,
2069 3624 2125 3670 et
2186 3617 2247 3669 ab
2278 3616 2381 3669 alio
2411 3619 2734 3687 appositum,
2787 3628 2937 3685 atque
2986 3616 3142 3671 iotius
3194 3621 3437 3677 Ecclesia

1845 3689 2175 3740 consensione
2199 3695 2245 3738 et
2275 3703 2370 3739 usu
2395 3688 2691 3739 continuato
2716 3690 3056 3757 improbatum
3079 3700 3125 3740 et
3163 3694 3427 3757 rejectum.

1846 3760 2013 3821 Quem
2050 3758 2397 3810 nihilominus
2426 3760 2494 3809 ob
2516 3758 2757 3809 codicum
2792 3768 2897 3810 tam
2919 3773 3050 3811 mss.
3079 3773 3238 3826 quam
3260 3776 3429 3816 excu-

1847 3842 2027 3880 sorum
2054 3828 2428 3880 auctoritatem
2454 3842 2557 3879 non
2584 3828 2827 3879 mutavit.

1922 3907 1945 3931 ι
1977 3896 2178 3951 Unicus
2223 3910 2287 3948 ex
2340 3910 2469 3949 mss.
2502 3896 2658 3949 Colb.
2716 3896 2875 3949 habet
2926 3896 3269 3953 Constantini.
3323 3902 3429 3956 Alii

1848 3982 2036 4020 omnes
2063 3981 2181 4019 cum
2210 3966 2340 4018 edit.
2372 3966 2527 4018 Pont.
2549 4006 2564 4029 ,
2594 3964 2895 4019 Constantii.

1920 4035 1946 4074 ¹³
1977 4036 2336 4106 Ειηθηιιαᾷῐηιιε
2366 4050 2462 4102 pro
2491 4037 2628 4088 Asia:
2656 4051 2721 4106 ex
2756 4050 2884 4090 mss.
2913 4037 3149 4106 quinque
3194 4037 3347 4094 Coll).
3378 4054 3435 4097 et

1845 4106 1976 4159 edit.
2009 4107 2164 4160 Pont.
2194 4104 2389 4164 Chron.
2422 4106 2623 4159 Euseb.
2653 4105 2782 4159 Nam
2806 4114 3021 4159 constat
3047 4104 3114 4161 ex
3146 4111 3431 4168 Aurelioin

1848 4176 2093 4247 Epitome
2123 4177 2531 4230 Constantinum
2563 4177 2725 4230 fuisse
2753 4177 3048 4246 projectum
3089 4177 3143 4231 in
3182 4180 3429 4247 fluvium,

1846 4246 1933 4298 cui
1966 4261 2162 4300 nomen
2204 4246 2353 4311 Alsa,
2384 4261 2487 4300 non
2521 4247 2675 4314 longe
2700 4248 2768 4300 ab
2804 4248 3071 4313 Aquileia;
3103 4259 3155 4303 et
3208 4246 3434 4307 Rufinus

1845 4318 1938 4388 lib.
1972 4332 1989 4369 ι
2020 4330 2140 4388 cap.
2171 4315 2607 4380 15,Constantino
2628 4333 2728 4370 non
2751 4316 2900 4386 longe
2928 4319 2992 4371 ab
3022 4320 3260 4388 Aquileia
3288 4324 3435 4387 apud

1846 4387 2022 4439 Ais-am
2049 4387 2265 4453 ﬂuvium
2290 4388 2594 4457 a_militibus
2649 4390 2951 4457 interfecto;
2980 4398 3031 4442 et
3051 4405 3116 4441 eo
3142 4402 3302 4443 satisu
3326 4393 3433 4446 Ett-

1848 4452 2215 4528 sebius'vocat
2247 4452 2546 4524 Aqﬂileiam
2576 4458 2741 4528 Alste,
2777 4452 2877 4528 hoc
2911 4452 3015 4519 est,
3057 4474 3176 4526 quae
3220 4460 3431 4528 adjacet

1846 4529 1988 4580 Alszl!
2019 4527 2204 4589 fluvio,
2238 4538 2293 4581 ut
2324 4535 2549 4581 testatur
2575 4524 2781 4580 Plinius
2812 4527 2905 4580 lib.
2940 4542 2997 4580 tu
3024 4524 3141 4596 cap.
3168 4528 3251 4584 l8.
3284 4524 3426 4585 Pono

1845 4605 1994 4650 lacus
2020 4600 2070 4649 in
2099 4599 2237 4649 notis
2267 4598 2468 4650 Chron.
2496 4596 2691 4649 Euseb.

1876 4684 1877 4687 ‘
1918 4678 1939 4705 ο
1972 4667 2027 4719 In
2075 4670 2364 4720 Attctttario
2395 4677 2433 4719 t.
2468 4666 2485 4719 I
2529 4666 2779 4719 Bibliotlt.
2820 4681 2945 4720 nov.
2978 4681 3107 4721 mss.
3141 4666 3243 4722 Ph.
3291 4668 3432 4723 Lab-

1842 4737 1967 4792 liei:
2001 4738 2249 4791 Audwani
2278 4739 2339 4791 ab
2378 4738 2571 4790 Λαάωο
2606 4736 2831 4805 quodam
2879 4740 3243 4807 cognominati,
3297 4753 3428 4808 etc.,

1843 4818 1899 4861 ut
1932 4825 2113 4862 supra.

1932 4826 1989 4859 su
2037 4825 2113 4862 ra.

1913 4876 1939 4913 ει
1966 4825 2202 4945 duorum
2227 4878 2509 4932 verborum
2542 4876 2587 4928 is
2619 4891 2808 4929 sensus
2839 4884 2954 4930 est:
2980 4878 3095 4931 Non
3122 4878 3263 4944 quod
3288 4878 3429 4930 Con-

1843 4951 2248 5016 stantinopolim
2287 4949 2575 5017 perductus
2599 4949 2686 5010 sit,
2732 4948 2824 5000 scd
2858 4950 3021 5014 quod,
3056 4964 3177 5002 eum
3209 4949 3259 5000 in
3301 4963 3424 5001 eum

1843 5021 2070 5087 populus
2121 5020 2456 5079 insiluisset.
2523 5028 2735 5083 captum
2789 5028 2843 5072 et
2904 5019 3243 5087 interfectum
3301 5018 3429 5071 fune

1845 5086 2086 5142 traxerit.
2132 5090 2220 5143 Sic
2242 5092 2387 5144 enim
2430 5088 2684 5143 Socrates
2714 5088 2807 5143 lib.
2848 5103 2864 5141 ι
2912 5104 3031 5158 cap.
3068 5086 3151 5140 I5.
3180 5088 3335 5141 I'onl.
3374 5087 3427 5142 in

1844 5164 2003 5211 notis.

1918 5238 1941 5265 ε
1969 5228 2311 5282 Auctuarium
2361 5228 2597 5281 Labbei:
2652 5228 3045 5281 Macedonianis
3093 5228 3430 5281 Macedonius

1844 5299 1939 5367 fuit
1969 5310 2147 5351 auctor
2177 5299 2382 5361 erroris,
2414 5315 2538 5366 quos
2575 5296 2743 5350 Graeci
2794 5298 3289 5367 [’nenmatomachos
3333 5316 3424 5350 vo~

1844 5366 1959 5421 rant
1984 5384 2003 5421 :
2037 5385 2093 5421 eo
2120 5372 2253 5437 quod
2284 5368 2504 5436 Spiritui
2554 5379 2741 5437 sango
2782 5366 2826 5417 ι)
2861 5382 2889 5418 0
2935 5366 3224 5435 conﬁtendo
3272 5384 3410 5435 repit.

1842 5449 2013 5505 gnent.
2078 5435 2217 5490 Nam
2246 5440 2307 5490 de
2342 5438 2495 5491 Patre
2535 5446 2583 5489 et
2640 5435 2776 5487 Filio
2818 5445 2951 5489 recte
2995 5438 3238 5497 sentiunt,
3289 5442 3426 5504 quod

1843 5510 1991 5561 unius
2017 5518 2133 5561 sunt
2158 5509 2481 5575 ejusdemque
2522 5506 2814 5559 substantitc
2845 5520 2862 5557 :
2892 5508 2978 5556 sed
3006 5507 3101 5557 hoc
3129 5506 3193 5559 de
3224 5507 3427 5573 Spiritu

1842 5589 2018 5630 sancto
2064 5580 2245 5632 uolunt
2282 5582 2504 5641 credere,
2558 5585 2845 5627 creaturam
2874 5592 2989 5627 eum
3016 5592 3123 5628 esse
3175 5578 3423 5632 dicentes.

1846 5650 2070 5711 Quidam
2116 5649 2205 5700 Iros
2252 5648 2597 5718 Semiariauos
2642 5655 2852 5709 vocant,
2884 5646 3020 5712 quod
3058 5647 3123 5718 in
3168 5647 3263 5699 hac
3284 5663 3427 5718 qut:-

1842 5722 2005 5772 stione
2025 5734 2086 5773 ea:
2115 5725 2261 5786 parte
2282 5732 2395 5769 cum
2422 5718 2523 5770 illis
2552 5717 2672 5775 sint,
2704 5731 2766 5768 ex
2796 5727 2938 5784 parte
2981 5716 3265 5771 nobiscum.
