4028 6176
518 225 626 285 879

1747 214 1801 270 S.
1844 211 2176 269 PROSPERI
2215 211 2543 282 AQUITANI

3674 220 3789 277 580

537 349 594 395 et
621 344 743 408 post
768 348 962 389 annum
990 343 1213 387 reverso
1257 328 1312 385 in
1342 328 1543 386 Urbem
1573 326 1807 391 Libet-iu,
1840 342 1959 381 cum
2006 325 2105 379 Fe-
2133 327 2183 384 A
2281 327 2580 383 DATIANO
2610 328 2696 383 ET
2717 327 3064 385 CEREALE.

521 427 630 484 lice
657 425 813 495 ejecti
841 431 981 477 sunt.

598 513 882 577 LIMENIO
907 513 993 568 ET
1015 511 1195 567 CATU
1206 507 1379 565 LINO.

596 606 896 679 Magnentio
934 604 1073 673 apud
1114 601 1563 671 Augustodunum
1606 599 1895 668 arripiente
1937 596 2109 662 impe-

526 697 970 765 rium,Constans
998 694 1135 748 haud
1164 693 1319 760 longe
1346 692 1412 745 ab
1444 691 1718 758 Hispania,
1744 690 1793 743 in
1824 698 1999 742 castro
2023 690 2105 743 cui

522 790 724 845 Helena
769 802 961 840 nomen
993 794 1094 847 est,
1136 782 1457 837 interﬁcitur
1497 798 1510 835 :
1559 781 1628 834 ob
1658 795 1815 848 quam
1855 795 1967 833 rem
1998 789 2107 831 tur-

523 883 645 938 bata
672 879 939 949 republica
965 919 981 943 ,
1015 877 1267 933 Vetranio
1296 877 1486 929 Mursze
1508 914 1524 941 ,
1571 873 1897 943 Nepotianus
1923 871 2108 925 [lentae

522 977 875 1044 imperatores
902 972 1047 1026 facti.

592 1066 756 1137 729
783 1061 1031 1119 SERGIO
1063 1060 1149 1113 ET
1177 1058 1527 1114 NlGiilANO.

598 1154 880 1225 Nepotiani
913 1159 1074 1221 caput
1104 1151 1210 1219 pilo
1237 1165 1332 1218 per
1359 1149 1560 1206 Urbem
1593 1146 1989 1202 circumlatum.

596 1247 910 1304 Vetranioni
940 1244 1077 1313 apud
1106 1242 1353 1297 Naissum
1385 1259 1411 1294 a
1443 1239 1758 1295 Constantio
1789 1239 1990 1306 regium
2022 1234 2105 1288 in-

524 1342 678 1411 signe
714 1340 1038 1400 detractum,
1081 1344 1135 1388 et
1175 1334 1511 1403 Magnentius
1542 1332 1733 1386 Mursze
1774 1343 1966 1398 magna
2005 1327 2109 1381 rei-

524 1428 753 1500 publicae
780 1425 932 1482 clade
962 1432 1245 1493 superatus
1279 1430 1379 1476 est.

592 1520 765 1577 POST
789 1517 982 1574 CONS.
1017 1516 1244 1573 SERGII
1271 1516 1359 1570 ET
1390 1513 1712 1569 NIGRIANI.

2279 417 2526 487 Synodus
2571 418 2710 488 apud
2769 420 3065 474 Ariminum
3115 428 3169 475 et
3219 420 3515 476 Seleuciam
3566 424 3784 478 lsanriai

2207 509 2371 575 facta,
2420 510 2477 565 in
2524 526 2627 579 qua
2690 512 2907 580 antiqua
2949 512 3170 566 Patrum
3213 511 3347 567 ﬁdes
3392 513 3553 585 730
3594 514 3782 570 decem

2210 600 2385 668 primo
2432 601 2752 671 legatorum,
2798 602 2996 658 dehinc
3039 604 3277 658 omnium
3312 605 3611 673 proditione
3640 605 3787 661 dam‘

2207 701 2331 745 nata
2361 700 2464 745 εει.

2281 780 2570 836 EUSEBIO
2599 781 2687 836 ET
2715 780 3034 836 IIYPATIO.

2280 871 2588 937 Gratianus,
2637 872 2728 941 qui
2776 881 2961 942 postea
3003 873 3292 942 imperator
3332 872 3503 929 factus
3548 884 3651 943 est,
3697 894 3796 930 na-

2208 960 2394 1015 scitur.

2280 1051 2513 1107 Hilarius
2553 1052 2860 1123 episcopus,
2912 1068 3033 1108 eum
3082 1054 3221 1122 apud
3268 1055 3786 1127 Constantinopolin

2208 1140 2402 1196 librum
2431 1157 2526 1212 pro
2556 1157 2615 1198 se
2641 1140 2953 1198 Constantio
2983 1145 3330 1214 porrexisset,
3372 1145 3439 1201 ad
3470 1146 3670 1203 Gallias
3702 1165 3791 1203 re-

2207 1232 2325 1288 diit.

2278 1322 2481 1377 Omnes
2509 1337 2646 1393 pene
2678 1324 2927 1379 Ecclesia:
2970 1333 3082 1381 toto
3112 1326 3242 1382 orbe
3268 1328 3368 1383 sub
3398 1331 3612 1386 nomine
3636 1334 3789 1402 pacis

2208 1420 2266 1468 et
2288 1414 2449 1483 regis,
2476 1414 2800 1469 Arianorum
2825 1417 3100 1471 consortio
3132 1418 3463 1486 polluuntur.

2280 1503 2450 1559 Gallia
2503 1520 2596 1573 per
2637 1505 2899 1561 Hilarium
2947 1506 3302 1564 Aritninensis
3349 1512 3589 1582 perﬁdiae
3635 1514 3793 1570 dolos

593 1613 804 1677 Gallus,
852 1611 942 1680 qui
990 1618 1045 1664 et
1087 1606 1458 1672 Constantius,
1506 1603 1805 1659 Constantii
1852 1600 2108 1671 patruelis
2212 1593 2448 1649 damnat.

525 1706 706 1761 Caesar
739 1703 929 1756 factus.

590 1790 1023 1849 CONSTANTIO
1054 1788 1099 1844 V
1128 1788 1217 1843 ET
1246 1785 1675 1843 CONSTANTIO
1704 1784 1874 1840 CASS.

590 1880 1023 1939 CONSTANTIO
1058 1879 1120 1933 Vl
1155 1878 1241 1932 ET
1268 1876 1696 1932 CUNSTANTIO
1723 1874 1899 1929 C/ES.
1934 1873 1997 1928 II.

590 1973 1023 2032 CONSTANTIO
1061 1971 1147 2025 VII
1295 1968 1730 2025 CONSTANTIO
1762 1966 1936 2022 CASS.
1969 1965 2056 2020 III.

596 2066 927 2138 Magnentius
954 2062 1198 2133 Lugduni
1222 2062 1272 2116 itt
1307 2061 1503 2129 palatio
1534 2066 1747 2131 propria
1780 2074 1938 2112 manu
1965 2058 2108 2127 seip-

522 2178 640 2218 sum
688 2157 963 2223 interﬁcit,
1012 2166 1065 2211 et
1110 2155 1394 2208 Deeentius
1442 2152 1607 2207 frater
1657 2152 1792 2222 ejus,
1833 2167 1992 2221 quem
2039 2151 2103 2205 ad

522 2251 781 2307 tenendas
828 2248 1031 2303 Gallias
1077 2246 1343 2300 Caesarem
1392 2245 1634 2308 miserat,
1680 2244 1819 2313 apud
1866 2245 2107 2299 Senonas

524 2328 716 2410 laqueo
749 2338 910 2391 vitam
942 2335 1096 2389 ﬁniit.

594 2432 782 2489 Gallus
826 2429 1009 2485 Caesar
1046 2426 1363 2483 sollicitatus
1409 2442 1441 2481 a
1481 2426 1797 2482 Constantio
1842 2425 2104 2495 patruele,

521 2525 611 2581 cui
647 2525 700 2578 in
741 2521 1101 2592 suspicionem
1131 2529 1158 2556 ιι
1182 2519 1253 2574 ob
1281 2518 1483 2589 regiam
1513 2517 1749 2573 indolem
1774 2525 2016 2583 venerat,
2051 2516 2105 2571 in

523 2619 680 2673 Istria
706 2616 990 2672 occiditur.

594 2711 849 2765 Paulinus
879 2717 933 2763 et
961 2705 1250 2762 Rhodanus
1282 2704 1576 2761 Galliarum
1609 2703 1847 2774 episcopi
1879 2702 1933 2757 in
1964 2702 2108 2758 exsi-

523 2802 652 2857 lium
680 2800 748 2853 ob
780 2799 935 2853 ﬁdem
966 2796 1122 2853 trusi.

598 2890 860 2945 Eusebius
882 2902 1092 2957 quoque
1114 2885 1473 2942 Vercellensis
1497 2884 1803 2954 episcopus,
1824 2893 1877 2937 et
1897 2883 2107 2938 Lucifer

519 2981 843 3037 Calaritante
874 2978 1155 3046 Ecclesite,
1183 2986 1237 3031 et
1261 2974 1673 3031 Mediolanensis
1696 2973 1955 3028 Ecclesia:
1983 2974 2106 3026 Dio-

2137 1683 2185 1743 B
2282 1685 2717 1743 CONSTANTIO
2746 1687 2791 1742 X
2820 1688 2909 1743 ET
2934 1688 3222 1745 JULIANO
3252 1690 3341 1746 III.

2283 1776 2626 1832 Constantius
2656 1778 3022 1848 Mopsocrenis
3054 1782 3191 1837 inter
3229 1782 3469 1838 Ciliciam
3515 1784 3795 1857 Cappado-

2211 1872 2458 1941 ciamque
2490 1875 2734 1931 moritur.

2281 1962 2562 2033 Jt'Lmtus,
2587 1964 2874 2033 XXXVIII,
2907 1975 3093 2037 regnat
3114 1964 3138 2003 ἀ
3158 1968 3312 2023 annis
3336 1968 3545 2026 duobus
3566 1980 3620 2027 et
3643 1987 3795 2028 men-

2212 2055 2360 2111 sibus
2386 2065 2530 2111 octo.

2281 2146 2500 2203 Juliano
2523 2148 2588 2204 ad
2619 2149 2883 2205 idolorum
2907 2150 3109 2207 cultum
3138 2167 3420 2221 converso,
3450 2156 3645 2212 blanda
3673 2174 3795 2228 per-

2211 2238 2419 2293 secutio
2451 2238 2571 2307 fuit,
2598 2239 2827 2296 illiciens
2852 2247 3021 2313 magls
3047 2258 3205 2311 quam
3232 2245 3512 2315 impellens
3540 2249 3608 2303 ad
3629 2251 3797 2305 sacri-

2211 2330 2500 2397 ﬁcandum,
2525 2330 2577 2386 in
2609 2347 2712 2403 qua
2743 2334 2894 2390 multi
2937 2350 3003 2389 ex
3036 2337 3237 2391 nostris
3263 2338 3538 2395 voluntate
3580 2344 3795 2413 propria

2211 2433 2551 2477 COI‘I’IJPI'UIII.

2282 2511 2369 2567 TA
2380 2512 2517 2569 υΒο
2545 2513 2629 2569 ET
2660 2514 3070 2571 FLORENTIO.

2282 2606 2514 2677 Georgio
2547 2622 2643 2676 per
2668 2609 2987 2665 seditionem
3011 2609 3188 2679 populi
3219 2610 3461 2679 incenso,
3485 2613 3571 2683 qui
3596 2615 3646 2668 in
3674 2614 3796 2671 loco

2212 2697 2491 2753 Athanasii
2542 2699 2611 2754 ab
2655 2699 2864 2754 Arianis
2913 2699 3088 2756 fuerat
3117 2701 3419 2770 ordinatus,
3467 2703 3799 2763 Athanasius

2210 2790 2393 2846 rediit.

2281 2881 2549 2937 Eusebius
2575 2890 2633 2938 et
2662 2882 2876 2939 Lucifer
2914 2884 3151 2954 episcopi
3182 2884 3251 2943 de
3279 2887 3470 2943 exsilio
3507 2897 3797 2944 revertun-

2211 2980 2314 3040 tur,
2348 2990 2380 3030 e
2403 2974 2595 3047 quibus
2623 2975 2857 3043 Lucifer,
2887 2976 3109 3034 adscitis
3135 2977 3254 3034 aliis
3277 2979 3485 3036 duobus
3512 2982 3799 3039 confesso-

523 3075 707 3145 nysius
737 3073 1045 3141 episcOpus,
1100 3068 1521 3135 Pancratiusque
1565 3064 1838 3119 Romanus
1884 3064 2103 3135 presby-
2132 3056 2177 3120 C
2211 3067 2382 3136 ribus,
2434 3067 2713 3123 Paulinum
2772 3069 3039 3124 Eustbatii
3078 3072 3315 3141 episcopi
3370 3074 3747 3145 presbyterum
3776 3119 3793 3143 ,

523 3174 629 3230 ter,
678 3173 732 3218 et
780 3160 1016 3215 Ililarius
1050 3158 1337 3223 diaconus,
1382 3156 1702 3211 distantibus
1741 3156 1883 3210 inter
1921 3170 2001 3223 se,
2036 3155 2105 3210 ab

522 3254 736 3309 Arianis
765 3261 818 3306 et
845 3251 1164 3307 Constantio
1191 3249 1515 3304 damnantur
1543 3246 1766 3301 exsiliis.

596 3342 981 3400 ARBETIANO
1006 3341 1090 3396 ET
1120 3337 1481 3396 LOLLIANO.

590 3433 836 3488 Julianus
867 3431 1032 3485 frater
1060 3429 1197 3484 Galli
1231 3426 1512 3482 Mediolani
1559 3423 1739 3480 Caesar
1782 3425 2102 3497 appellatur.

589 3521 1021 3579 CONSTANTIO
1051 3520 1167 3576 Vlll
1197 3519 1282 3574 ET
1309 3518 1596 3574 JULIANO
1623 3517 1796 3574 CASS.

591 3618 855 3670 Antonius
884 3612 1179 3667 monachus
1222 3609 1250 3649 ι’
1277 3612 1572 3666 centesimo
1613 3626 1754 3665 anno
1785 3611 1961 3665 mtatis
1993 3626 2104 3665 suae

519 3706 572 3762 in
614 3720 799 3762 eremo
841 3705 1086 3767 moritur,
1120 3702 1313 3757 solitus
1344 3702 1527 3756 multis
1556 3702 1621 3756 ad
1664 3716 1724 3757 se
1764 3702 2103 3756 venientibus

517 3801 587 3854 de
627 3798 791 3853 Paulo
834 3796 1064 3867 quodam
1111 3793 1345 3849 Thebzeo
1394 3793 1543 3848 mira:
1591 3792 1939 3848 beatitudinis
1985 3793 2102 3848 viro

518 3893 748 3965 plurima
776 3904 1096 3946 memorare.

597 3983 829 4038 Ililarius
858 3979 1208 4035 Pictaviensis
1247 3979 1532 4047 episcopus
1564 3977 1795 4032 factione
1825 3976 2099 4033 Saturnini

517 4073 847 4129 Arelatensis
894 4070 1155 4139 episcopi,
1206 4064 1644 4137 reliquorumque
1689 4068 1777 4136 qui
1830 4082 1953 4120 cum
2007 4069 2098 4123 illo

517 4171 670 4217 erant
699 4162 1046 4223 Arianorum,
1093 4159 1143 4210 in
1195 4156 1478 4226 Phrygiam
1521 4168 1541 4195 ε
1584 4160 1786 4225 pulsus,
1832 4158 1999 4213 libros
2031 4160 2099 4214 de

516 4264 703 4309 nostra
732 4252 990 4322 religione
1017 4251 1338 4318 composuit.

585 4342 847 4413 Reliquiae
890 4338 1159 4396 Timothei
1198 4338 1428 4408 apo.~toli
1469 4337 1981 4411 Constantinopolim
2013 4341 2096 4396 in-

514 4448 701 4494 νθοιω.

586 4530 853 4593 Sarmata,
884 4526 1162 4596 Amathas,
1195 4534 1249 4581 et
1292 4523 1552 4579 Macarius
1582 4522 1830 4592 discipuli
1872 4525 2096 4579 Antonii

514 4621 751 4688 insignes
785 4618 1070 4673 habentur.

584 4709 829 4763 Liherius
859 4709 1142 4777 episcopus
1180 4709 1453 4763 Romanus
1479 4707 1530 4761 in
1562 4707 1809 4762 exsilium
1843 4708 2094 4765 mittitur.

582 4798 1010 4855 CONSTANTIO
1041 4798 1111 4852 ιχ
1143 4798 1229 4852 ET
1259 4798 1548 4853 JULIANO
1577 4786 1753 4854 Cass.
1790 4800 1854 4855 ll.

582 4891 713 4946 Ossa
744 4889 972 4944 Andreze
1017 4890 1241 4957 apostoli
1289 4900 1343 4943 et
1381 4889 1724 4959 evangelisue
1754 4890 1912 4948 Luca:
1954 4893 2095 4949 Con-

512 4983 917 5052 stantinopolim
950 4982 1138 5035 inlata.

584 5073 837 5127 Paulinus
859 5071 1215 5126 Treverorum
1255 5071 1538 5141 episcopus
1568 5072 1623 5126 in
1657 5071 1887 5146 Phrygia
1934 5091 2095 5131 exsu-

512 5167 628 5221 lans
659 5166 903 5220 moritur.

584 5352 608 5380 ⁸
638 5342 815 5397 Editio
844 5342 1002 5398 Pont.
1030 5351 1082 5399 et
1113 5357 1239 5397 mss.
1274 5341 1427 5397 Coll).
1460 5339 1968 5413 duoaobegregiam
2008 5345 2089 5397 in-

511 5414 698 5467 dolem.
747 5415 879 5468 Cum
921 5430 1047 5468 vero
1088 5414 1285 5468 dicitur
1330 5427 1486 5480 supra
1534 5410 1847 5464 sollicitatus
1883 5430 1914 5465 α
1956 5413 2090 5465 Con-

511 5485 723 5548 stantio,
748 5483 1078 5554 significatur
1104 5484 1473 5554 Constantium
1510 5482 1680 5554 variis
1708 5482 1911 5554 artibus
1956 5483 2087 5537 Gal-

512 5554 619 5607 Iunt
658 5553 723 5606 ad
755 5550 1149 5621 se'pellexisse,
1180 5569 1241 5606 ac
1267 5553 1481 5607 demum
1508 5550 1735 5604 interﬁci
1764 5565 2002 5621 curasse,
2035 5561 2093 5608 ut

515 5629 775 5676 testantur
812 5620 1147 5690 Ammianus,
1178 5623 1461 5688 Zozimus,
1500 5620 1707 5688 Victor,
1754 5620 2006 5679 Socrates
2037 5636 2089 5679 et

2210 3158 2301 3227 qui
2344 3174 2405 3214 se
2462 3175 2755 3230 numquam
2806 3161 3185 3217 hmreticorum
3238 3166 3617 3221 communione
3667 3168 3795 3236 pol-

2206 3248 2416 3315 luerat,
2475 3250 2527 3305 in
2597 3261 2747 3320 parte
2808 3251 3073 3306 catholica
3125 3252 3428 3308 Antiochia:
3480 3255 3792 3327 episcopum

2206 3336 2359 3395 facit.

2275 3432 2643 3490 Prohteresius
2710 3433 2951 3504 sophista
2997 3433 3362 3501 Atheniensis,
3394 3436 3512 3507 lege
3556 3436 3679 3492 data
3726 3453 3798 3493 ne

2204 3523 2496 3580 Christiani
2532 3526 2834 3581 liberalium
2861 3527 3264 3596 disciplinarum
3298 3527 3551 3582 doctores
3578 3540 3759 3583 essent
3780 3570 3795 3589 ,

2204 3630 2325 3670 cum
2356 3616 2457 3671 sibi
2497 3617 2800 3686 specialiter
2848 3618 3092 3673 Julianus
3149 3619 3471 3674 concederet
3520 3630 3575 3675 ut
3603 3620 3795 3675 Chris-

2206 3705 2382 3759 tianos
2412 3706 2649 3769 doceret,
2682 3707 2922 3762 scholam
2953 3719 3147 3776 sponte
3175 3708 3437 3764 deseruit.

2276 3797 2688 3853 MAMERTINO
2714 3798 2802 3852 ET
2829 3798 3155 3853 NEVITTA.

2275 3889 2598 3945 IEmilianus
2637 3890 2708 3945 ob
2754 3906 2969 3946 ararum
3005 3891 3413 3949 subversionem
3444 3892 3723 3949 Dorostori
3766 3911 3799 3949 a

2204 3979 2416 4035 Virario
2440 3981 2771 4036 incenditur.

2270 4072 2561 4128 JULIANO
2584 4075 2651 4129 ΙΙΙ
2676 4074 2763 4128 ΕΤ
2790 4074 3147 4132 SALUSTIO.

2271 4172 2533 4228 Ecclesiae
2572 4174 2873 4229 Antiochiae
2900 4176 3096 4229 clausa:
3125 4191 3141 4229 :
3175 4183 3228 4230 et
3256 4176 3570 4246 gravissima
3611 4176 3799 4232 immi-

2199 4273 2375 4326 nentis
2399 4274 2794 4341 persecutionis
2818 4274 3053 4342 procella
3080 4274 3177 4329 Dei
3200 4276 3472 4330 voluntate
3492 4276 3663 4346 sOpita
3684 4288 3797 4332 est.

2210 4372 2340 4428 Nam
2372 4373 2615 4428 Julianus
2644 4374 2698 4428 in
2730 4374 2922 4430 Persas
2951 4374 3245 4455 profectus,
3276 4384 3518 4431 nostrum
3544 4376 3650 4432 diis
3677 4381 3799 4433 suis

2210 4482 2333 4542 post
2367 4474 2649 4528 victoriam
2694 4474 3011 4545 sanguinem
3059 4460 3306 4541 voverat,
3355 4476 3445 4531 ubi
3481 4490 3513 4530 a
3555 4476 3797 4546 quodam

2205 4572 2455 4628 simulato
2480 4573 2699 4644 perfuga
2730 4574 2797 4628 ad
2820 4574 3032 4631 deserta
3062 4575 3373 4643 perductus,
3416 4591 3536 4631 cum
3566 4575 3711 4630 fame
3739 4588 3798 4632 et

2205 4674 2292 4727 siti
2336 4689 2583 4742 magnam
2628 4684 2836 4744 partem
2882 4675 3155 4732 exercitus
3185 4675 3530 4746 perdidisset,
3572 4676 3794 4733 occisus

2205 4780 2308 4827 est.

2274 4872 2550 4939 Jovttttvus,
2578 4873 2823 4940 XXXIX,
2856 4883 3045 4944 regnat
3068 4890 3286 4933 menses
3314 4893 3391 4943 vt,
3422 4875 3560 4932 alias
3580 4891 3694 4931 rm.

2271 4971 2561 5027 JOVIANO
2592 4973 2678 5027 ET
2707 4972 3172 5031 VARRONIANO.

2269 5072 2517 5144 Synodus
2547 5088 2575 5126 a
2606 5074 2820 5129 Meletio
2851 5084 2906 5129 et
2933 5076 3043 5130 suis
3074 5075 3377 5132 Antiochite
3405 5077 3565 5147 facta,
3591 5076 3647 5131 in
3682 5092 3789 5146 qua

2201 5171 2494 5228 Homousio
2536 5171 2903 5244 Anomteoque
2941 5174 3164 5245 rejecto,
3215 5176 3451 5233 medium
3492 5177 3638 5232 inter
3668 5178 3789 5231 hac

2194 5347 2304 5405 alii.
2334 5347 2623 5403 Pontacus.

2267 5416 2294 5455 δ
2322 5419 2378 5491 l_n
2403 5419 2669 5491 Chronico
2693 5420 3002 5491 IIieronymi
3023 5464 3038 5487 ,
3071 5424 3341 5476 centesimo
3369 5422 3568 5491 quinto.

2270 5499 2292 5561 οξ
2320 5487 2628 5561 Chronicon
2654 5487 2961 5561 Hieronymi
3007 5492 3185 5559 addit,
3215 5503 3332 5545 ante
3358 5487 3660 5548 triennium.

2265 5556 2293 5594 ά
2318 5558 2451 5633 Huic
2482 5561 2695 5615 codices
2717 5556 2967 5615 Chro'nici
2994 5556 3394 5633 Ilieronyntiani
3419 5579 3791 5633 annuntunum

2196 5627 2411 5699 imperii
2436 5633 2849 5702 assignantcum
2882 5632 3156 5689 mensibus
3177 5627 3311 5701 octo,
3333 5632 3548 5704 quidam
3567 5644 3787 5702 septem.
