3978 6178
456 274 564 334 5-83

1666 267 1723 322 s.
1766 261 2105 322 muscam
2146 260 2474 333 AQlIlTANI

3637 256 3748 308 584

526 387 659 443 Post
678 384 927 440 Auxentii
957 396 1130 439 seram
1160 389 1409 447 mortem,
1433 380 1718 435 Mediolani
1749 381 2033 434 Ambrosio

2211 360 2625 433 Alemannorum
2674 377 2840 431 multa
2897 376 3058 431 millia
3106 387 3130 414 ιι
3182 378 3320 448 apud
3372 379 3753 449 Argenariam

459 481 713 551 episcopo
760 478 1074 542 cousdtuto,
1119 475 1296 530 omnis
1331 476 1397 529 ad
1452 475 1611 529 (idem
1652 482 1851 529 rectam
1898 473 2049 527 Italia

460 573 815 629 convertitur.

537 664 913 734 Aquileienses
951 661 1136 718 clerici
1187 658 1343 731 quasi
1387 659 1589 714 chorus
1630 659 1907 715 beatorum
1959 658 2054 713 ha-

462 754 681 809 bentur.

538 844 938 899 Valentinianus
990 842 1167 897 subita
1221 841 1499 910 sanguinis
1560 841 1873 909 eruptione,
1934 855 2054 911 qua:

463 936 649 991 Graece
674 934 951 1001 apoplexia
979 944 1223 996 vocatur,
1254 932 1545 1001 Brigitione
1573 932 1822 985 moritur.

536 1026 665 1081 Post
686 1040 844 1095 quem
879 1024 1191 1080 GRATIANUS
1232 1030 1508 1091 assumpto
1539 1023 1591 1076 in
1620 1022 1904 1091 imperium
1944 1020 2055 1076 Va-

466 1132 791 1175 LENTINIANO
824 1119 987 1171 fratre
1011 1133 1130 1171 cum
1160 1125 1353 1187 patruo
1382 1115 1604 1169 Valente
1627 1123 1834 1184 regnat.

540 1212 735 1264 Valens
782 1211 951 1278 legem
998 1210 1146 1264 dedit
1192 1218 1251 1264 ut
1291 1206 1538 1263 Monachi
1605 1208 1922 1275 militarent,
1952 1222 2052 1262 no-

467 1300 641 1356 lentes
673 1298 900 1353 fustibus
928 1307 1270 1354 necarentur.

540 1390 860 1445 VALENTE
896 1390 933 1443 V
969 1391 1055 1443 ET
1090 1386 1621 1444 VALENTINIANO.

540 1482 800 1537 Photinus
832 1484 882 1537 in
933 1482 1140 1537 Galatia
1174 1484 1421 1547 moritur,
1453 1497 1480 1533 a
1524 1496 1631 1552 quo
1673 1481 2050 1536 Photinianum

468 1576 660 1645 dogma
702 1576 997 1636 inductum,
1050 1573 1215 1627 Paulo
1253 1572 1605 1628 Satnosateno
1646 1580 1701 1626 et
1733 1570 2049 1640 Artemone,

469 1668 539 1723 de
560 1667 749 1736 quibus
771 1680 931 1736 supra
952 1666 1151 1719 dietum
1175 1675 1276 1727 est,
1308 1674 1627 1732 conceptum
1657 1663 1986 1719 auctoribus.

540 1756 888 1813 GRATMNO
916 1756 979 1811 IV
1012 1755 1100 1810 ET
1132 1754 1573 1810 MEROBAUDE.

543 1884 569 1911 ει
599 1874 725 1929 Mss.
754 1873 908 1927 Colb.
934 1874 986 1932 5.
1015 1872 1215 1924 circiter
1238 1871 1458 1932 50.000.
1486 1871 1683 1925 Locum
1714 1887 1841 1926 vero
1867 1882 2045 1926 certa-

470 1945 629 2001 minis
658 1944 1054 1998 eruditissimus
1087 1942 1246 1994 Andr.
1283 1941 1538 1995 Srhottus
1570 1951 1723 2010 putat
1751 1957 1870 1997 esse
1896 1943 2049 2008 appi-

471 2016 597 2069 dum
628 2017 677 2068 in
709 2014 902 2067 ﬁnibus
926 2012 1569 2081 Lemovircnsiuut.quod
1594 2013 2045 2081 Argentonvulgo.

470 2085 579 2139 Sed
629 2084 953 2153 probabilius
994 2092 1138 2153 putat
1184 2080 1449 2153 Pontacus
1488 2097 1609 2135 esse
1660 2080 1846 2136 urbem
1892 2085 2048 2135 sitam

471 2150 640 2224 supra
667 2154 937 2218 Rhenum,
977 2150 1135 2221 vulgo
1173 2150 1526 2222 Strasbourg:
1564 2167 1682 2219 quae
1712 2154 1779 2205 ab
1824 2152 2053 2207 Eusebio

2160 471 2320 541 733
2342 471 2597 541 oppidum
2622 470 2915 525 Galliarum
2957 471 3024 524 ab
3052 472 3289 525 exercitu
3317 472 3552 527 Gratiani
3581 489 3751 526 causa.

2229 563 2373 617 Gens
2422 562 2735 617 Hunnorum
2780 560 2986 617 Gothos
3038 574 3234 629 vaszat,
3280 564 3433 631 quia
3489 563 3751 619 llomanis

2160 652 2279 709 sine
2304 668 2576 707 armorum
2605 652 2946 721 depositione
2968 655 3204 721 suscepti
3229 654 3513 709 rebellant.

2232 744 2554 800 VALENTE
2594 744 2662 799 VI
2702 743 2788 798 ET
2828 743 3345 800 VALENTINIANO
3389 746 3454 799 ll.

2231 836 2509 906 Superatis
2540 836 2833 905 Romanis,
2880 837 3041 892 Gothi
3084 836 3381 891 funduntur
3411 839 3463 893 in
3496 838 3759 897 Thracia.

2228 927 2428 982 Valens
2451 928 2520 982 de
2551 928 2835 983 Antiochia
2866 930 3015 983 exire
3048 930 3358 999 compulsus
3380 970 3396 995 ,
3434 945 3558 987 sera
3588 930 3760 1005 734

2155 1022 2470 1093 poenitentia
2498 1032 2713 1077 nostros
2739 1022 2807 1077 de
2834 1022 3027 1077 exsilio
3055 1031 3294 1077 revocat.

2229 1113 2603 1185 Lacrymabile
2634 1112 2832 1169 bellum
2862 1114 2911 1168 in
2941 1112 3173 1168 Thracia
3200 1131 3215 1167 :
3249 1116 3301 1168 in
3324 1129 3430 1183 quo
3458 1113 3758 1171 deserente

2157 1208 2394 1276 equitum
2428 1206 2698 1275 praesidio,
2727 1206 2982 1261 Romamn
3005 1206 3249 1277 legiones
3282 1222 3453 1276 usque
3482 1208 3546 1261 ad
3582 1209 3757 1263 inter-

2159 1300 2439 1353 necionem
2488 1312 2518 1351 a
2549 1297 2740 1353 Getbis
2778 1312 2937 1354 caste
2971 1305 3116 1352 sunt.
3164 1298 3282 1367 Ipse
3331 1308 3510 1353 autem
3554 1299 3755 1353 Valens

2154 1406 2273 1444 cum
2300 1390 2489 1459 sagitta
2522 1390 2735 1444 saucius
2766 1390 2993 1460 fugeret,
3042 1399 3097 1445 et
3123 1389 3193 1444 ob
3220 1389 3467 1444 dolorem
3513 1390 3744 1444 nimium

2153 1495 2300 1548 smpe
2335 1495 2475 1549 equo
2516 1479 2807 1546 laberetur,
2846 1480 2913 1534 ad
2944 1479 3226 1549 cujusdam
3258 1481 3398 1535 villa:
3435 1496 3616 1535 casam
3647 1481 3753 1535 de-

2154 1583 2399 1643 portatus
2424 1580 2528 1627 est.
2576 1571 2694 1640 Quo
2729 1573 3176 1643 persequentibus
3209 1573 3487 1637 barbaris,
3531 1573 3754 1628 incensa

2158 1678 2281 1719 cum
2310 1662 2503 1719 eodem
2531 1662 2713 1728 domo,
2740 1664 3014 1734 sepultura
3044 1678 3256 1735 quoque
3285 1664 3481 1718 caruit.

2156 1872 2297 1927 circa
2350 1872 2715 1943 Olympiadem
2753 1869 2860 1927 284
2900 1878 3129 1943 vocatur
3172 1872 3589 1943 Argentoratum,
3627 1870 3754 1943 dum

2160 1944 2226 1995 de
2256 1940 2423 1995 simili
2448 1945 2866 1997 Alemannorum
2899 1942 3047 1996 caule
3092 1940 3149 1993 lit
3192 1942 3415 2005 mentio,
3451 1949 3508 1993 ut
3531 1951 3582 1994 ct
3613 1942 3757 2005 apud

2161 2013 2293 2067 Mar.
2328 2012 2428 2067 hoc
2460 2013 2598 2065 loco.
2638 2012 2765 2065 Nam
2805 2027 2930 2066 raro
2960 2021 3052 2065 aut
3080 2012 3168 2064 vix
3207 2026 3433 2078 nsquam
3462 2014 3752 2074 constabit,

2162 2084 2489 2136 Alemaunos
2539 2091 2782 2150 tempore
2834 2082 3079 2153 priorum
3122 2080 3509 2149 imperatorum
3560 2081 3757 2136 Lemo-

2168 2167 2318 2207 vrcos
2348 2168 2517 2222 usque
2543 2167 2823 2222 Irrupisse.

1547 2342 1691 2457 S.
1767 2343 2694 2460 PROSPERI

1959 2515 2269 2577 AQUITANI

922 2557 3303 2785 CHRONICUMWINTEGRUM

1481 2844 1896 2950 PARS
1973 2845 2727 2950 SECUNDA.

534 3012 578 3064 Α
626 3006 843 3061 MORTE
894 3005 1206 3057 VALENTIS
1260 3006 1690 3057 IMPERATORIS
1784 3006 1993 3063 USQUE
2044 3005 2131 3054 AD
2184 3005 2429 3055 OBITUM
2480 3005 2938 3057 VALENTINIANI
2979 3005 3193 3058 TERTII
3239 3006 3319 3057 ΕΤ
3363 3006 3593 3059 ΒΟΜΔΜ
3648 3010 3695 3061 Δ

1797 3087 2115 3137 VANDALIS
2160 3086 2431 3136 CAPTAM.

543 3240 827 3307 [lucusque
859 3237 1217 3306 llieronymus
1260 3233 1541 3306 presbyter
1581 3234 1825 3289 ordinem
1856 3252 2057 3302 pracce-
2091 3239 2135 3296 B
2234 3232 2573 3303 Longobardi
2606 3233 2671 3289 ab
2699 3235 2956 3289 extremis
2986 3235 3289 3291 Germania:
3321 3235 3541 3299 ﬁnibus,
3584 3238 3756 3293 Ocea.

470 3330 711 3384 dentium
743 3328 966 3395 digessit
995 3340 1280 3380 annorum.
1318 3326 1427 3379 Nos
1457 3340 1575 3393 qua:
1614 3334 1901 3379 consecuta
1931 3332 2057 3378 sunt

470 3419 705 3488 adjicere
731 3415 1058 3471 curavimus.

542 3508 705 3578 Igitur
748 3506 975 3561 Valente
1016 3520 1045 3558 a
1089 3503 1280 3559 Gothis
1324 3505 1374 3556 in
1406 3502 1633 3556 Thracia
1684 3515 2051 3573 concremato,

472 3598 781 3654 Gttnuxus
810 3611 930 3651 cum
960 3594 1122 3650 fratre
1163 3592 1589 3658 VALENTINIANO,
1630 3592 1767 3661 XLI,
1810 3598 2057 3664 regnavit

471 3692 628 3746 annis
659 3706 729 3743 νι.

544 3781 837 3837 AUSONIO
876 3781 965 3835 ET
1002 3777 1298 3835 OLYBRIO
1342 3777 1535 3835 COSS.
1569 3788 1593 3816 η

544 3874 827 3928 Gratianus
856 3881 975 3940 post
1002 3881 1229 3925 mortem
1262 3871 1457 3939 patrui,
1486 3870 1849 3925 Theodosium
1881 3872 2057 3929 Theo-

472 3964 606 4018 dosii
640 3963 805 4017 lilium
838 3964 889 4016 iu
915 3965 1246 4017 consortium
1277 3963 1503 4018 assumit
1531 3965 1772 4033 imperii,
1802 3976 1857 4019 et
1880 3966 1929 4020 ci
1973 3982 2058 4020 rc-

472 4068 634 4121 gnum
667 4053 828 4106 tradit
856 4052 1113 4106 Orientis.

544 4140 572 4180 ι)
597 4142 930 4196 Theodosius
958 4155 1166 4195 summa
1190 4142 1444 4197 lelicitate
1472 4143 1657 4197 multis
1679 4154 1839 4215 atque
1866 4147 2055 4216 ingen-

476 4232 618 4286 \ibus
648 4233 843 4299 prteliis
868 4232 1073 4287 Gothos
1098 4241 1315 4301 superat
1341 4241 1395 4286 et
1422 4249 1453 4289 e
1479 4233 1709 4289 Thracia
1733 4239 1978 4307 expellit.

548 4355 571 4382 ⁸
597 4345 694 4401 Ms.
723 4346 900 4409 Colb.,
934 4342 1195 4399 Musonio.
1240 4346 1567 4401 Restituerat
1593 4349 1819 4404 Ausonio
1846 4352 2077 4407 Ponta-'

475 4432 570 4470 cus
589 4434 650 4470 ex
677 4431 804 4471 mss.
825 4416 1145 4483 Cuspiniano
1165 4417 1215 4470 in
1235 4417 1477 4472 Cassiod.
1502 4433 1618 4485 pag.
1646 4420 1769 4483 515,
1790 4431 1844 4475 et
1866 4423 2051 4479 Vasmo

475 4490 528 4542 in
560 4489 759 4542 Chron.
812 4487 1031 4555 Ilispan.
1066 4503 1185 4555 pag.
1218 4486 1343 4541 5:27.
1381 4487 1486 4542 Nec
1518 4489 1827 4546 hallucinari
1867 4497 2047 4549 existi-

476 4570 587 4611 mat
616 4557 907 4629 .losephum
930 4558 1253 4629 Scaligerum
1284 4569 1337 4611 et
1363 4560 1691 4626 Onuphrium
1724 4561 2045 4629 Panviuuut,

476 4643 595 4680 cum
631 4628 866 4680 indicant
895 4628 1036 4681 hunc
1060 4627 1354 4681 Ausonium
1387 4644 1505 4682 esse
1526 4630 1822 4685 Athonimn
1856 4627 2048 4688 Burdié

478 4698 746 4765 galcusem
780 4706 985 4764 poetam
1024 4698 1285 4765 insignem
1316 4716 1329 4754 :
1363 4700 1505 4766 quod
1549 4700 1945 4756 demonstratur
1984 4721 2047 4760 ex
2078 4746 2089 4761 -η

2160 3325 2324 3392 nique
2368 3325 2609 3392 protinus
2669 3324 2874 3389 littore.
2924 3326 3263 3397 Scandiaque
3314 3328 3512 3391 insula,
3561 3346 3756 3399 magna

2161 3416 2502 3470 multitudine
2531 3418 2755 3484 egressi,
2795 3426 2849 3471 et
2889 3432 3149 3472 novarum
3190 3418 3394 3472 sedium
3428 3420 3595 3489 avidi,
3629 3421 3759 3476 lbo-

2161 3523 2250 3562 rca
2276 3513 2332 3561 et
2361 3506 2530 3560 Aione
2553 3506 2780 3561 ducibus
2811 3508 3076 3563 Vandalus
3111 3510 3337 3577 primum
3369 3514 3643 3566 vicerunt.

2233 3600 2582 3667 Sempronius
2612 3602 2693 3653 vir
2718 3602 2958 3669 apprime
2981 3602 3224 3656 eruditus
3253 3604 3583 3672 agnoscitur.

2234 3691 2310 3744 Ea
2342 3700 2661 3758 tempestate
2700 3690 3068 3746 Priscillianus
3098 3692 3385 3762 episcopus
3418 3704 3440 3733 ο
3470 3694 3539 3749 de
3570 3695 3757 3749 Galle-

2092 3782 2095 3783 ⁷
2164 3784 2267 3847 cia,
2300 3799 2362 3837 ex
2389 3782 2801 3836 Manichaeorum
2830 3790 2887 3838 et
2912 3782 3287 3839 Gnosticorum
3321 3785 3603 3855 dogmate,
3638 3787 3756 3857 haec

2164 3878 2325 3933 resim
2359 3877 2590 3930 nominis
2615 3876 2697 3930 sui
2728 3876 2987 3930 condidit.

2234 3968 2588 4023 GIlA'I‘lANO
2634 3967 2671 4021 V
2720 3968 2807 4022 ΕΤ
2838 3968 3221 4023 TIIEODOSIO
3247 3968 3435 4024 COSS.

2232 4061 2259 4101 ά
2291 4065 2393 4118 Pro
2434 4063 2699 4119 catholica
2737 4064 2843 4119 ﬁde
2888 4064 3055 4119 multa
3097 4064 3400 4119 sublimiter
3431 4066 3753 4119 Ambrosius

2160 4154 2367 4210 scribit.

2235 4256 2259 4285 ο
2287 4246 2623 4301 Theodosius
2669 4262 2789 4301 cum
2835 4247 3234 4304 Thessalonica:
3277 4255 3589 4316 mgrotaret,
3634 4248 3753 4305 fab

2156 4360 2361 4415 Galatia
2395 4363 2613 4429 regione
2643 4362 2782 4415 Asia:
2813 4363 2877 4415 ad
2917 4362 3145 4416 Pontum
3189 4363 3485 4430 Euxinum,
3519 4380 3631 4418 tam
3665 4382 3739 4420 ex

2157 4431 2488 4501 Hieronymo
2521 4434 2681 4498 epist.
2714 4433 2803 4495 66,
2830 4432 3032 4487 Isidoro
3065 4434 3114 4485 in
3149 4435 3498 4503 Etymolngiis
3524 4435 3619 4488 lib.
3651 4451 3750 4491 vm

2156 4514 2277 4569 cap.
2310 4506 2361 4567 ti,
2397 4513 2456 4574 et
2482 4505 2777 4571 Augustino
2807 4504 2873 4557 de
2904 4502 3231 4556 llmresibus.
3265 4502 3414 4569 Quod
3446 4504 3603 4558 interit
3632 4509 3753 4574 epi-

2156 4584 2363 4643 scopus,
2399 4572 2688 4643 Hispania},
2737 4581 2880 4643 patet
2926 4588 2989 4625 ex
3033 4573 3268 4643 Sulpicio
3314 4576 3534 4639 Severo,
3582 4586 3638 4629 et
3670 4572 3751 4632 ex

2158 4640 2273 4712 ipso
2307 4642 2532 4696 Hieron.
2562 4642 2696 4695 libro
2726 4642 2794 4696 de
2824 4642 3018 4709 Script.
3079 4640 3312 4707 Ecclus,
3345 4648 3431 4712 qui
3480 4656 3751 4701 testantur

2156 4710 2329 4768 ipsum
2362 4713 2524 4765 fuisse
2567 4714 2875 4780 episeopum
2912 4713 3088 4775 Abilqa,
3120 4713 3279 4768 hodie
3301 4710 3477 4779 Aetla;
3503 4725 3558 4769 et
3581 4714 3745 4770 Jmn.

479 4768 610 4864 inps:
626 4768 868 4864 inionio.
908 4781 1027 4864 cum
1063 4768 1265 4864 “suo
1302 4771 1578 4864 consulatu
1624 4772 1866 4852 scribens
1912 4774 2052 4864 inter
2081 4802 2127 4864 Ο
2159 4780 2426 4864 Earini-inus
2457 4782 2551 4834 lib.
2582 4768 2633 4835 ii;
2672 4768 2791 4864 cap:
2824 4781 3013 4864 20,‘de
3044 4768 3223 4837 llebus
3255 4768 3556 4864 hispaniae,
3587 4768 3749 4841 vocat

479 4836 894 4905 Epigrammata.
942 4836 1206 4905 signiﬁcat
1249 4854 1369 4893 eum
1407 4840 1656 4895 incidisse
1697 4843 1748 4896 in
1790 4858 1988 4898 annum
2020 4847 2053 4900 '5

476 4906 793 4976 Olympiadis
814 4905 939 4960 989.

549 4978 581 5049 by
606 4978 891 5049 Sequenda
920 4990 1087 5041 usque
1113 4975 1493 5049 adarticulum
1531 4982 1617 5046 qui
1650 4981 1834 5049 incipit
1864 4986 1929 5041 ab
1969 4986 2051 5039 his

474 5045 760 5110 vcrbis,Ea
800 5055 1110 5111 tempestate,
1152 5047 1345 5101 absunt
1386 5052 1453 5101 ab
1497 5053 1731 5105 editione
1763 5045 1957 5110 Labbei
2000 5066 2053 5109 ct

478 5132 582 5171 ms.
612 5116 763 5169 Colb.
796 5132 859 5170 ac
899 5116 1037 5171 edita
1071 5117 1315 5184 Icguutur
1360 5118 1496 5185 apud
1538 5119 1829 5176 Ponlacum
1862 5127 2053 5178 chara-

475 5198 623 5241 ctere
661 5186 870 5251 Italico,
906 5202 1011 5255 quo
1040 5189 1251 5254 vulgato
1287 5188 1532 5255 Prosperi
1571 5190 1840 5246 Chronico
1870 5196 2048 5250 addita

476 5258 647 5334 poturi
672 5258 855 5334 voluit.
893 5256 1162 5334 [labentur
1191 5256 1351 5310 etiam
1390 5259 1441 5311 in
1472 5258 1705 5315 editione
1746 5263 1918 5334 Lugd.
1952 5266 2049 5319 Bi-

475 5325 664 5381 blionh.
697 5325 910 5379 Patrum
944 5325 1100 5379 1677.

552 5406 573 5433 ο
608 5396 965 5449 Emendamus
993 5410 1089 5462 pro
1109 5396 1170 5447 de
1191 5394 1418 5461 Galatia,
1441 5398 1581 5465 quod
1607 5398 1849 5456 Labbeus
1878 5414 1931 5459 et
1958 5405 2047 5458 Bi-

477 5465 666 5541 hlioth.
700 5465 913 5519 Patrum
951 5465 1403 5541 Lugdun._l677;
1447 5478 1539 5521 aut
1568 5470 1630 5520 de
1661 5469 1875 5536 Galliis,
1903 5476 2043 5541 quod

476 5539 816 5602 Augustanus
862 5550 961 5588 ms.
1019 5536 1376 5594 auctoritate.
1428 5546 1483 5591 et
1535 5542 1833 5595 rationibus
1874 5536 2042 5597 ill'ust.

479 5602 703 5677 I'o‘utaci
735 5606 787 5657 in
819 5608 959 5658 notis
994 5604 1058 5660 ad
1096 5605 1319 5677 iChron.
1351 5606 1622 5677 Prosperi.
1674 5611 1803 5664 Cum
1833 5625 2045 5667 ceustet

478 5671 869 5728 l'riscillianum
922 5688 1026 5729 non
1082 5676 1321 5731 Galatam
1370 5671 1651 5745 fuisse,“
1700 5682 1791 5736 illa
1840 5683 2044 5737 scilicet

2158 4848 2549 4903 Priscillianum
2597 4848 2867 4919 prwsnlem
2897 4852 3219 4907 Abulensem.
3255 4848 3408 4909 Unde
3435 4848 3581 4920 patet
3623 4872 3748 4910 cor-

2158 4930 2313 4993 rupte
2352 4921 2456 4993 legi
2480 4922 2636 4993 apud
2679 4922 2971 4988 Sulpicium
3008 4924 3060 4975 in
3092 4924 3279 4993 Oppido
3317 4922 3612 4985 Labilemi,
3646 4942 3744 4993 pro

2156 4989 2579 5044 Abilensi.’ldem
2614 4993 2742 5044 alias
2771 5001 3022 5059 corrupte
3054 4989 3353 5057 dicebatur,
3388 4989 3692 5049 Priscianus
3725 5015 3745 5050 :

2154 5060 2620 5135 quud‘correctum
2638 5065 2780 5135 jam,
2805 5072 2859 5117 et
2884 5076 2950 5116 ex
2978 5077 3109 5117 mss.
3135 5062 3290 5118 Colb.
3314 5065 3524 5119 duobus
3543 5066 3745 5135 corrigi

2154 5129 2405 5199 debuisse
2434 5133 2765 5199 agnoscitur.

2223 5197 2248 5235 ἀ
2277 5201 2373 5254 Ms.
2408 5197 2544 5255 mnis
2567 5202 2727 5273 Gnlh.
2750 5212 2802 5273 et
2829 5202 3189 5273 Augustanus,
3210 5203 3509 5258 Ambrosius
3540 5208 3745 5273 episco-

2153 5285 2258 5350 pus.
2283 5286 2376 5350 pro
2412 5272 2795 5350 catholica_ﬁde
2823 5271 2987 5325 multa
3020 5274 3299 5327 sublimiter
3326 5278 3549 5345 scripsit.
3570 5271 3740 5332 Pont.

2154 5344 2352 5411 omittit
2382 5355 2565 5394 vecem
2598 5344 2885 5411 episcopus.

2228 5417 2251 5481 ὲ
2282 5410 2377 5463 llic
2408 5410 2664 5481 articulus
2685 5426 2803 5465 cum
2835 5412 3047 5467 duobus
3073 5415 3422 5481 sequentibus
3454 5415 3645 5468 absunt
3670 5415 3739 5468 ab

2153 5478 2387 5555 editione
2421 5480 2637 5545 Labbei,
2656 5492 2723 5555 et
2744 5496 2875 5555 mss.
2902 5478 3209 5555 Augustano
3239 5494 3294 5538 et
3313 5484 3490 5550 Colb.,
3520 5496 3574 5539 et
3595 5488 3739 5555 apud

2155 5548 2445 5618 Pimtacum
2482 5565 2577 5618 pro
2605 5550 2799 5604 additis
2832 5548 3118 5606 habentur.

2231 5615 2262 5691 [Α
2304 5615 2550 5684 ΛΙίτις,ἠ
2611 5620 2826 5673 Basilio.
2874 5623 3006 5687 Qum
3060 5624 3220 5677 lectio
3276 5625 3374 5691 (ex
3414 5623 3653 5679 Pontaco
3688 5626 3739 5681 in

2156 5688 2316 5756 notis)
2350 5704 2453 5745 non
2484 5696 2692 5760 p’oterat
2713 5700 2964 5747 constare
2992 5708 3111 5748 cum
3152 5695 3216 5748 iis
3254 5688 3375 5764 qua)
3406 5697 3655 5762 leguntur
3688 5697 3737 5751 iu
