3978 6178
382 286 488 341 891
1592 274 1649 331 8.
1690 270 2003 329 PROSPER

2130 268 2398 338 QUITANI

388 405 484 456 tini
509 398 953 469 discipulus,cum
972 392 1272 450 Arelatensi
1297 390 1496 461 Oppido
1521 390 1807 460 episcopus
1826 402 1967 458 prae-
1995 392 2048 451 Α
2072 385 2325 454 suscipit,
2377 382 2403 421 ἀ
2453 397 2595 438 anno
2638 398 2687 450 ι,
2737 381 3012 438 mensibus
3053 396 3144 447 ιι.
3183 382 3375 437 diebus
3417 396 3495 439 rx.
3528 382 3656 450 Quo

388 494 611 558 sideret,
633 506 661 543 a
680 488 873 558 populo
892 487 1057 556 ipsius
1078 481 1768 555 civitatis7ﬁ0insons,et
1792 490 1819 517 ι
1840 477 1971 533 nulli
2074 487 2317 547 tempore
2344 474 2667 544 Pelagianis,
2693 473 2803 543 jam
2834 489 2862 526 a
2895 473 3145 542 pontiﬁce
3172 470 3481 527 Innocentio
3510 486 3654 539 prte-

394 580 779 637 ittsimulationi
803 577 1100 641 obnoxius,
1126 575 1309 644 pulsus
1330 581 1435 633 est,
1464 573 1625 639 inque
1653 570 1770 638 ejus
1796 570 1969 623 Iocttm
2072 570 2362 634 damnatis,
2392 566 2643 621 Afrorum
2684 564 2842 636 74],
2875 567 3083 632 vigore,
3120 573 3175 618 et
3201 565 3434 619 maxime
3473 564 3663 633 Augu-

397 672 676 728 Patroclus
694 668 994 733 ordinatus,
1022 667 1227 719 amicus
1264 672 1319 718 et
1344 661 1636 715 Iamaliaris
1667 658 1972 714 Constantii
2072 658 2199 714 stini
2230 657 2469 725 episcopi
2504 665 2527 692 ο
2553 654 2774 709 scientia
2810 654 3184 708 resistebatur.

399 762 637 835 magistri
665 761 911 823 militum,
951 758 1104 826 cujus
1132 772 1225 825 per
1264 755 1437 821 ipsum
1491 754 1663 823 gratia
1692 750 1975 821 quaereba-

396 865 500 908 tur.
525 852 655 919 Qutn
684 864 773 904 res
791 848 929 903 inter
957 847 1237 918 epi~copos
1267 842 1500 913 regionis
1550 842 1695 896 illius
1748 854 1973 910 magna-

398 958 515 999 rum
544 940 933 995 discordiarum
964 952 1121 992 causa
1146 936 1265 989 fuit.

470 1031 769 1090 LUCIANO
793 1029 951 1085 VIRO
979 1025 1389 1083 CLARISSIMO
1418 1023 1753 1080 CONSULE.

471 1126 639 1193 IIujus
665 1122 871 1191 collega
900 1121 951 1174 in
981 1119 1263 1174 consulatu
1306 1116 1407 1171 fuit
1454 1113 1801 1170 Heraclianus
1823 1152 1839 1177 ,
1882 1111 1975 1180 qui

402 1232 659 1274 novarum
690 1214 743 1268 in
771 1211 952 1268 Africa
981 1224 1160 1266 rerum
1188 1222 1316 1265 reus
1340 1252 1354 1279 ,
1395 1216 1449 1263 et
1495 1206 1753 1261 honorem
1800 1202 1981 1258 amisit

402 1321 456 1365 et
484 1310 664 1363 vitam.

481 1398 882 1469 Burgundiones
912 1403 1116 1465 partem
1147 1390 1335 1450 Galliae
1362 1390 1809 1460 propinquantem
1843 1386 1986 1440 Rhe—

406 1509 476 1549 no
502 1492 869 1548 obtinuerunt.

478 1585 505 1623 δ
533 1583 755 1638 Jovinus
782 1592 834 1635 ct
866 1577 1216 1635 Sebastianus
1246 1574 1438 1629 fratres
1489 1572 1543 1627 in
1588 1570 1775 1626 Galliis
1824 1584 1989 1639 regno

408 1687 621 1746 arrepto
648 1671 969 1741 interempti.

2146 749 2449 805 HONORIO
2487 746 2560 801 XI
2608 746 2695 800 ET
2740 744 3170 800 CONS'I‘ANTIO
3211 743 3248 796 ll
3294 742 3484 798 COSS.

2151 839 2422 895 Honorius
2455 835 2473 874 ί
2510 837 2845 904 triumphans
2888 835 3116 889 Romam
3153 834 3473 902 ingreditur,
3519 848 3665 904 prae-

2077 938 2239 984 eunte
2261 942 2479 981 currum
2503 926 2619 996 ejus
2643 925 2848 992 Attalo,
2877 939 3038 994 quem
3068 923 3278 994 Liparze
3299 924 3482 979 vivere
3505 938 3666 979 exsuo

2081 1016 2184 1072 Iern
2209 1018 2392 1086 jussit.

2153 1105 2455 1161 HONORIO
2494 1104 2587 1159 XII
2626 1104 2716 1159 ET
2744 1103 3128 1160 TIIEODOSIO
3176 1103 3286 1159 VIII
3328 1103 3519 1159 COSS.

2157 1200 2272 1254 IIoc
2294 1210 2534 1266 tempore
2563 1194 2912 1250 Constantius
2939 1210 3123 1249 servus
3150 1193 3374 1261 Christi,
3405 1211 3470 1249 ex
3504 1194 3663 1249 Vica-

2083 1290 2166 1345 rio
2197 1290 2382 1343 Romae
2430 1287 2703 1351 habitans,
2732 1294 2785 1340 et
2814 1300 2908 1355 pro
2954 1286 3123 1355 gratia
3169 1285 3261 1339 Dei
3310 1285 3664 1340 devotissime

2087 1381 2385 1450 Pelagianis
2416 1379 2699 1443 resistens,
2744 1377 2973 1432 factione
3001 1378 3313 1431 eorumdem
3346 1378 3513 1431 multa
3545 1392 3671 1446 per-

2089 1473 2230 1537 tulit,
2255 1485 2376 1541 qua:
2401 1470 2548 1525 illum
2572 1470 2771 1523 sanctis
2800 1467 3205 1523 confessOribus
3230 1468 3600 1523 sociaverunt.

2157 1560 2401 1617 Concilio
2421 1560 2559 1629 apud
2593 1560 2969 1629 Carthaginem
3010 1558 3194 1612 habito
3219 1568 3244 1606 tt
3272 1574 3429 1614 ccxtv
3459 1562 3673 1628 episco-

2092 1667 2299 1721 porum,
2333 1649 2363 1688 ιι
2398 1652 2462 1704 ad
2484 1666 2671 1719 papam
2695 1650 2965 1704 Zosimum
3012 1650 3204 1721 synodi
3232 1650 3446 1704 decreta
3472 1652 3675 1719 perlata

482 1742 589 1820 llac
619 1771 934 1831 tempestate
959 1756 1203 1827 Pelagius
1235 1755 1380 1809 Brito
1404 1752 1597 1822 dogma
1626 1751 1859 1805 nominis
1900 1748 1982 1802 sui
2022 1758 2063 1814 Β
2093 1756 2252 1799 sunt:
2277 1744 2472 1814 quibus
2502 1744 2762 1813 probatis,
2795 1760 2890 1812 per
2933 1752 3100 1798 totum
3151 1742 3407 1798 mundum
3451 1744 3677 1799 haeresis

408 1866 595 1913 contra
624 1852 851 1924 gratiam
876 1850 1094 1913 Christi,
1125 1846 1383 1902 Ctelestio
1412 1852 1468 1899 et
1493 1843 1706 1899 Juliauo
1734 1840 1993 1911 adjutori-

409 1946 530 2012 bus,
559 1942 813 2007 exseruit,
847 1939 1153 2008 multosque
1197 1936 1251 1990 in
1301 1950 1457 1989 suum
1505 1931 1667 1987 traxit
1710 1946 1948 1987 errorem
1974 1971 1988 1993 ,

416 2006 711 2105 praedicans
738 2006 1169 2099 unumquemque
1198 2025 1265 2080 ad
1286 2025 1547 2094 justitiam
1574 2023 1852 2077 Voluntate
1877 2006 2002 2092 pro;

417 2127 527 2196 pria
558 2124 702 2195 regi,
733 2130 1044 2190 tantumque
1069 2120 1317 2188 accipere
1342 2115 1550 2186 gratiae,
1583 2123 1838 2185 quantum
1882 2128 1994 2168 me-

414 2218 556 2273 ruit:
586 2215 708 2284 quia
738 2213 868 2268 Adin:
897 2220 1180 2281 peccatum
1210 2210 1381 2278 ipsum
1413 2207 1586 2262 solum
1621 2207 1823 2261 Imserit
1842 2249 1855 2273 ,
1893 2218 1995 2258 nec

413 2318 657 2379 posteros
684 2305 799 2374 ejus
828 2303 1207 2365 obstrinxerit;
1239 2299 1381 2355 unde
1406 2306 1463 2354 et
1491 2297 1795 2353 volentibus
1822 2296 1994 2365 possi-

412 2399 520 2457 bile
558 2398 631 2452 sit
672 2396 817 2450 omni
859 2407 1045 2449 carere
1094 2399 1353 2460 peccato:
1402 2401 1698 2456 omnesque
1742 2387 1995 2455 parvulos

414 2501 521 2544 tam
550 2490 786 2542 insontes
809 2484 953 2539 nasci
996 2496 1155 2552 quam
1180 2480 1385 2550 primus
1409 2480 1570 2533 homo
1591 2489 1717 2531 ante
1743 2477 1997 2546 praevari-

414 2581 680 2635 cationem
724 2576 863 2641 fuit,
920 2588 1019 2628 nec
1066 2572 1186 2626 ideo
1234 2567 1622 2637 baptizandus,
1672 2577 1731 2622 ut
1774 2580 1996 2636 peccato

415 2679 696 2733 exuantur,
728 2668 821 2721 sed
855 2675 911 2719 ut
940 2671 1277 2718 sacramento
1304 2660 1610 2728 adoptionis
1636 2659 1992 2713 honorentur.

490 2772 510 2800 ε
540 2756 967 2816 CONSTANTIO
994 2755 1059 2810 V.
1090 2754 1151 2808 C.
1182 2751 1515 2807 CONSULE.

488 2852 694 2905 Attalus
720 2850 1015 2903 Gothorum
1040 2846 1264 2900 consilio
1292 2854 1346 2897 et
1379 2841 1629 2912 pi-tesidio
1652 2839 1993 2912 tyrannidem

418 2943 635 2999 resumit
666 2943 715 2993 in
748 2938 956 2994 Galliis.

492 3031 785 3087 IIONORIO
814 3029 859 3083 Χ
893 3027 977 3082 ET
1003 3025 1386 3091 TIIEODOSIO
1418 3024 1485 3079 VI
1513 3023 1700 3080 COSS.

2095 1835 2383 1904 Pelagiana
2416 1835 2662 1888 damnata
2690 1842 2794 1889 est.

2167 1926 2570 1981 Valentinianus
2610 1923 2909 1981 Constantii
2937 1936 2991 1981 et
3033 1925 3281 1982 Placidia:
3320 1928 3460 1983 Iilius
3496 1930 3678 1983 nasci-

2096 2028 2201 2084 tur,
2234 2028 2390 2072 sexto
2412 2032 2579 2071 nonas
2609 2016 2800 2071 Julias.

2167 2109 2421 2162 Romana:
2466 2107 2724 2163 Ecclesia:
2764 2106 2857 2161 XL
2887 2107 3250 2177 episcopatum
3294 2110 3403 2180 agit
3450 2110 3678 2167 Butun-

2093 2215 2211 2256 crus
2248 2197 2260 2237 ί
2296 2200 2450 2253 annis
2484 2215 2560 2264 Ill,
2598 2199 2873 2255 mensibus
2898 2214 3016 2265 vnt,
3039 2200 3231 2254 diebus
3292 2216 3364 2256 νι.

2166 2292 2475 2348 MONAXIO
2517 2292 2604 2346 ET
2648 2292 2893 2346 PLINTA
2943 2291 3132 2348 COSS.

2167 2387 2279 2441 IIoc
2310 2396 2551 2451 tempore
2582 2384 2683 2438 fuit
2724 2383 2940 2438 tertium
2969 2382 3224 2450 schisnta,
3272 2384 3482 2439 Enlalio
3526 2386 3679 2439 Anti-

2097 2491 2229 2546 papa
2267 2492 2360 2543 per
2400 2475 2695 2529 Iloaorium
2726 2472 2993 2528 Caesarem
3031 2473 3226 2544 ejecto,
3258 2476 3401 2544 quod
3448 2474 3667 2529 duravit

2096 2569 2251 2623 annis
2279 2567 2513 2622 duobus.

2166 2659 2508 2716 Constantius
2540 2658 2794 2728 patricius
2837 2672 3019 2727 pacem
3065 2658 3239 2712 ﬁrmat
3285 2674 3408 2714 cum
3452 2659 3677 2726 Wallia,

2100 2752 2229 2805 data
2256 2751 2305 2806 ei
2337 2751 2404 2805 ad
2438 2750 2786 2805 habitandum
2819 2749 2833 2800 i
2865 2749 3099 2805 secunda
3131 2750 3434 2820 Aquitania,
3478 2762 3534 2807 et
3569 2753 3685 2822 qui~

2099 2844 2327 2899 busdam
2355 2842 2664 2898 civitatibus
2698 2843 2986 2897 conﬁnium
3016 2846 3433 2909 provinciarum.

2164 2934 2551 2991 THEODOSIO
2589 2932 2659 2987 IX
2705 2932 2790 2987 ET
2822 2930 3255 2988 CONSTANTIO
3294 2932 3357 2987 III
3404 2932 3597 2989 COSS.

2166 3023 2512 3081 Constantius
2553 3024 2620 3079 ab
2650 3022 2886 3078 Ilonorio
2928 3025 2983 3079 in
3019 3024 3356 3078 consortium
3408 3025 3559 3093 regni
3600 3040 3691 3079 as-

491 3124 699 3179 Attalus
726 3138 756 3175 a
784 3120 974 3176 Gothis
1003 3118 1069 3172 ad
1102 3118 1382 3186 Ilispattias
1428 3116 1779 3186 migrantibus
1819 3113 2004 3185 negie-
2033 3114 2078 3178 C
2110 3117 2360 3172 sumitur.

424 3228 561 3281 ctus,
589 3225 642 3271 et
672 3212 919 3283 prtesidio
948 3226 1155 3277 carens,
1189 3210 1399 3279 capitur
1418 3249 1433 3275 ,
1460 3219 1513 3263 ct
1548 3206 1864 3263 Constantio
1907 3222 2004 3276 pa-

422 3308 575 3363 tricio
606 3308 754 3359 vivus
785 3303 1029 3357 oﬂ'ertur.

493 3397 829 3461 Athanlpttus
856 3412 881 3446 a
911 3393 1139 3459 quodam
1166 3406 1383 3445 suorum
1419 3389 1733 3444 vulneratus
1774 3388 2001 3452 interiit,

422 3502 752 3559 regnumque
781 3485 896 3554 ejus
923 3482 1140 3547 Wallia,
1173 3481 1464 3551 peremptis
1489 3482 1576 3549 qui
1622 3480 1764 3534 idern
1810 3495 2005 3549 cupere

424 3580 879 3650 intelligebantur,
910 3575 1133 3629 invasit.

492 3667 878 3729 TIIEODOSIO
910 3664 1002 3720 VII
1034 3662 1124 3718 ET
1150 3659 1495 3717 PALLADIO
1523 3658 1716 3715 COSS.

495 3761 786 3819 Placidiam
811 3755 1101 3813 Theodosii
1129 3752 1471 3824 imperatoris
1502 3749 1688 3816 (Iliam,
1710 3764 1869 3819 quam
1891 3749 2006 3804 Ro-

429 3873 529 3912 ma:
558 3854 716 3910 Gothi
748 3859 1031 3919 ceperant,
1062 3860 1334 3917 quamque
1364 3843 1702 3913 Atltaulpbus
1726 3842 2008 3911 conjugem

428 3949 709 4013 habuerat,
752 3941 949 3997 Wallia
1000 3953 1188 4011 pacem
1238 3936 1460 3993 Honorii
1507 3942 1765 4003 expetens
1812 3933 2009 3998 reddit,

428 4041 648 4109 ejusque
670 4038 883 4104 nuptias
911 4031 1263 4087 Constantius
1292 4040 1649 4099 promeretur.

497 4130 723 4184 Zostuus
777 4122 996 4178 XXXIX
1038 4122 1297 4175 Romanae
1344 4120 1597 4175 Ecclesiae
1635 4121 2009 4191 episcopatum

473 4255 527 4328 ,ι
558 4244 615 4297 In
654 4237 970 4311 quibusdam
1004 4235 1177 4302 libris,
1208 4233 1369 4288 nullis
1406 4235 1874 4289 insimulationibus
1912 4250 2005 4288 no-

431 4332 647 4438 amifSic
675 4377 1104 4451 legenduttt__pro
1132 4372 1311 4451 Jovius
1350 4373 1540 4451 probat
1576 4373 1875 4451 Pont_acus._
1899 4373 2007 4451 Εκ-

432 4465 556 4512 vent
578 4469 706 4508 mss.
731 4443 849 4505 duo
878 4443 1031 4502 Colb.
1056 4461 1175 4501 cum
1201 4445 1322 4499 aliis
1344 4446 1410 4497 ab
1434 4445 1550 4511 ipso
1574 4443 1753 4498 citatis
1774 4487 1787 4512 ,
1823 4444 1912 4497 ubi
1957 4451 2013 4497 et

432 4534 628 4649 ίιᾎτιριο
654 4522 845 4577 melius
860 4519 963 4589 legi
982 4519 1098 4572 vult
1116 4530 1274 4586 quam
1301 4526 1523 4585 accepto.
1547 4515 1646 4569 Ms.
1671 4529 1808 4568 unus
1833 4514 2008 4579 Colb.,

432 4618 459 4649 lt
498 4605 661 4666 repit).
842 4660 874 4666 _
917 4659 948 4666 η
1038 4656 1053 4666 _
1197 4664 1203 4666 _
1448 4655 1479 4666 η
1773 4655 1807 4666 η

508 4646 657 4717 cTsie
678 4676 807 4715 mss.
834 4659 990 4714 Colb.
1023 4656 1130 4712 duo
1156 4664 1211 4711 et
1242 4656 1333 4710 alii
1362 4655 1577 4709 codices
1605 4670 1670 4708 ex
1698 4655 1894 4722 quibus
1925 4669 2009 4709 re.
2042 4646 2095 4706 D

432 4736 681 4793 stituerat
710 4732 998 4792 Pontacus,
1025 4742 1121 4795 pro
1143 4726 1477 4781 Constantino
1500 4741 1617 4779 vero
1645 4726 1873 4779 consule.

501 4808 525 4842 ιι
563 4804 615 4858 In
648 4802 885 4857 editione
918 4799 1113 4853 Labbei
1145 4807 1199 4851 et
1237 4813 1337 4850 tns.
1371 4795 1524 4851 Colb.
1583 4810 1710 4859 uno,
1742 4797 1892 4848 anuis
1923 4796 2018 4847 tri-

434 4877 545 4931 bus.
579 4874 634 4928 In
662 4874 833 4926 altero
865 4885 966 4924 ms.
995 4867 1151 4921 Colb.
1184 4868 1447 4929 Pontaco,
1480 4877 1533 4920 et
1560 4865 1712 4928 aliis,
1744 4874 1801 4918 ttt
1827 4881 2013 4933 supra.

508 4958 530 4983 ο
572 4946 670 5000 Ms.
705 4941 859 4997 Colb.
894 4955 1048 5001 unus,
1081 4938 1353 4993 industria.
1389 4937 1661 5005 Idemque,
1692 4951 1724 4987 a
1756 4952 1891 5003 papa
1922 4934 2018 4987 ln-

435 5017 686 5079 uocentio,
717 5028 836 5067 cum
870 5011 988 5063 aliis
1011 5025 1038 5061 a
1067 5009 1301 5063 Pontaco
1332 5007 1529 5061 citatis.
1558 5006 1811 5079 Aliilihri
1844 5007 2014 5079 habe-

437 5094 582 5151 bant,
613 5076 857 5153 Pelagius
883 5085 988 5141 iam
1012 5120 1026 5133 .
1054 5116 1069 5132 .
1090 5118 1106 5133 .
1134 5117 1147 5131 .
1170 5080 1550 5149 prazdamnatus
1577 5078 1625 5131 ei
1652 5076 1897 5146 Afrorum
1935 5076 2013 5128 ui-

472 5174 573 5209 ονε.
606 5169 709 5209 CIC.

437 5177 885 5280 ³1οςήιιῗιιξάίιίοηεξ
912 5219 1135 5282 Labbei,
1172 5218 1387 5272 Romam
1415 5233 1527 5270 cum
1555 5217 1833 5285 triumpho.

508 5307 533 5344 ις
570 5297 659 5351 Sic
684 5294 849 5348 editio
872 5290 1071 5347 Labbci
1097 5298 1150 5341 et
1176 5303 1304 5341 mss.
1331 5287 1485 5341 Colb.
1510 5302 1735 5354 quorum
1766 5299 1901 5339 unus
1924 5285 2017 5338 ad-

441 5370 533 5430 dit,
564 5377 609 5421 et
640 5365 881 5437 amplius.
910 5362 1011 5415 Alii
1041 5359 1275 5437 codices,
1300 5358 1436 5421 2H;
1469 5354 1658 5425 aliqui,
1690 5354 1795 5437 ⁸221
1830 5374 1840 5408 :
1870 5355 2015 5437 quod

439 5426 610 5505 magis
635 5426 963 5505 sequendum
992 5428 1481 5505 monetPontacns,
1515 5442 1635 5479 eum
1660 5434 1861 5505 auctor_
1878 5426 2016 5479 libro

440 5497 1057 5561 :iitv'ersus'Collatorem
1106 5498 1324 5553 totidem
1372 5507 1633 5560 numeret,
1667 5510 1762 5547 nec
1813 5497 2009 5561 plures.

446 5580 817 5631 Verumtamen
849 5573 1182 5627 Marcellinus
1217 5580 1269 5624 et
1304 5571 1624 5623 Contractus
1670 5566 1866 5620 habent
1894 5567 2013 5619 vul-

442 5660 617 5716 nglIlIl
653 5659 953 5716 numerum.

512 5716 538 5753 ιδ
580 5716 753 5770 Editio
800 5714 967 5780 Lugd.
1008 5712 1062 5765 in
1099 5710 1335 5777 margine
1380 5716 1527 5763 notat
1572 5708 1703 5762 alias
1743 5705 1936 5760 lectum
1984 5722 2015 5757 α

2178 3211 2538 3281 Hieronymus
2573 3209 2858 3280 presbyter
2882 3208 3115 3264 moritur
3140 3206 3168 3245 ¹ι
3198 3224 3339 3263 anno
3370 3208 3545 3263 aetatis
3579 3223 3699 3265 sua

2108 3318 2221 3367 ιρι,
2273 3303 2448 3371 pridie
2472 3300 2578 3355 kal.
2608 3300 2877 3355 Octobris.

2178 3392 2527 3450 ACRICOLA
2571 3393 2654 3446 ET
2695 3390 3077 3447 EUSTATIIIO
3114 3391 3304 3447 COSS.

2185 3484 2537 3539 Constantius
2570 3485 2860 3552 imperator
2884 3484 3129 3536 moritur.
3304 3470 3325 3479 ”

2188 3577 2491 3633 IIONORIO
2529 3576 2644 3632 XIII
2681 3577 2768 3631 ET
2804 3574 3193 3632 TIIEODOSIO
3222 3576 3268 3631 Χ
3293 3576 3473 3633 COSS.

2186 3669 2300 3724 Hoc
2340 3680 2579 3737 tempore
2610 3669 2881 3724 exercitus
2920 3669 2985 3721 ad
3018 3668 3299 3737 Hispanias
3327 3678 3515 3723 contra
3547 3668 3699 3721 Van-

2111 3761 2265 3815 dalos
2303 3761 2499 3815 missus
2528 3769 2631 3821 est,
2669 3760 2753 3813 cui
2795 3758 3053 3814 Cassinus
3086 3759 3191 3812 dux
3237 3757 3368 3827 t'nit,
3416 3758 3578 3830 742
3606 3760 3701 3827 qui

2114 3852 2443 3910 Bonifacium
2475 3854 2649 3907 virum
2683 3852 2890 3907 bellicis
2914 3851 3119 3905 artibus
3146 3851 3484 3920 prazclarum,
3516 3852 3703 3922 inepto

2113 3952 2169 3999 et
2205 3944 2467 4011 injurioso
2514 3941 2760 4012 imperio,
2798 3942 2866 3997 ab
2891 3941 3255 4011 expeditionis
3300 3957 3410 3995 suae
3438 3942 3705 3997 societate

2107 4038 2322 4091 avertit.
2366 4035 2498 4091 Nam
2544 4036 2635 4090 ille
2674 4033 3037 4104 periculosum
3078 4034 3177 4088 sibi
3220 4046 3379 4104 atque
3422 4034 3703 4104 indignum

2108 4135 2256 4181 ratus
2291 4141 2415 4182 eum
2449 4127 2603 4194 sequi
2641 4140 2800 4195 quem
2849 4125 3150 4179 discordem
3182 4124 3703 4196 superbientemquo

2106 4239 2348 4309 pontiﬁce
2377 4237 2584 4309 Zosimo
2615 4238 2817 4291 decreta
2843 4245 2960 4290 sunt
2986 4236 3206 4309 perlata.

2188 4308 2203 4347 ί
2250 4306 2403 4378 Apud
2440 4308 2711 4363 Labbeum
2745 4316 2800 4362 et
2842 4311 2893 4359 in
2927 4322 3060 4379 mss.
3104 4308 3257 4379 Col_b.
3290 4322 3396 4362 uno
3420 4316 3479 4362 et
3517 4306 3706 4379 Augtk

2112 4376 2471 4443 stano,’anuis
2503 4388 2746 4447 quatuor.
2780 4379 2879 4432 Ms.
2911 4378 3070 4441 alter,
3102 4388 3156 4431 et
3197 4376 3355 4447 Pont.
3403 4388 3460 4431 ut
3504 4376 3697 4447 supra.

2115 4449 2168 4503 Id
2193 4462 2370 4504 autem
2402 4446 2654 4502 Labbeus
2676 4462 2799 4501 cum
2825 4461 2956 4501 mss.
2984 4447 3193 4501 duobus
3212 4446 3365 4502 Colb.
3391 4458 3446 4501 et
3471 4446 3705 4517 August.

2115 4520 2327 4586 codice,
2359 4520 2560 4589 aliique
2590 4519 2640 4589 in
2666 4518 2887 4589 Pontaci
2906 4519 3062 4589 notis
3085 4518 3243 4589 citati
3260 4518 3509 4583 rejiciunt
3533 4518 3590 4572 in
3611 4536 3705 4574 se-

2117 4598 2367 4657 quentem
2424 4587 2784 4643 consulatum.
2833 4587 3073 4642 Priorem
3127 4588 3411 4641 lectionem
3462 4591 3707 4655 praetulit

2122 4659 2284 4725 idem,
2320 4669 2429 4713 tum
2476 4667 2697 4728 propter
2742 4657 3112 4728 auctoritatem
3154 4658 3400 4723 Baronii,
3427 4668 3538 4711 tum
3576 4674 3706 4725 pro-

2122 4742 2238 4797 pter
2271 4727 2488 4784 litteras
2506 4727 2813 4797 Symmachi
2852 4727 3089 4797 praafecti
3121 4728 3267 4781 urbis
3295 4728 3362 4781 ad
3400 4728 3700 4785 Honorium

2121 4802 2498 4868 imperatorem
2539 4798 2608 4854 de
2635 4800 2782 4868 obitu
2814 4799 3034 4868 Zosimi.
3061 4805 3116 4851 et
3154 4798 3398 4865 ingressu
3436 4799 3701 4856 Bonifacii

2118 4867 2271 4923 datas
2299 4870 2488 4924 eodem
2520 4884 2659 4922 anno
2686 4884 2735 4922 tv
2760 4867 2975 4922 kalend.
3001 4867 3262 4922 Januarii.

2193 4942 2206 4990 l
2260 4941 2539 5009 Adjectum
2570 4939 2794 4992 secunda
2820 4953 2886 4992 ex
2919 4952 3019 5009 ms.
3052 4937 3207 4993 Colb.
3239 4951 3345 4991 uno
3371 4945 3427 4993 et
3461 4938 3585 4994 aliis
3612 4953 3703 4994 cn-

2117 5008 2349 5063 dicibus.
2379 5009 2507 5063 Nam
2535 5010 2674 5077 quod
2704 5008 2987 5076 Aquitania
3008 5010 3059 5061 in
3078 5010 3305 5077 primam
3329 5015 3385 5061 et
3403 5009 3701 5065 secundam

2116 5079 2279 5134 fuerit
2308 5079 2476 5135 divisa
2506 5076 2701 5133 docent
2729 5078 2925 5134 Sextus
2952 5077 3120 5131 Rufus
3159 5088 3210 5131 et
3241 5076 3435 5132 Notitia
3479 5079 3706 5133 Provin-

2117 5150 2346 5213 ciarum,
2375 5150 2501 5203 dum
2531 5150 2638 5217 agit
2665 5149 2732 5204 de
2760 5148 3080 5216 prmsultbus
3108 5148 3406 5217 Aquitaniae
3437 5147 3627 5217 prima!
3645 5160 3705 5204 et

2119 5220 2420 5286 Aquitaniae
2450 5216 2724 5285 secundas,
2752 5228 2807 5273 et
2830 5218 2898 5273 de
2924 5218 3213 5287 provinciis
3253 5216 3550 5271 Galliarum
3592 5217 3660 5271 17
3682 5257 3704 5283 ,

2121 5292 2260 5343 inter
2285 5306 2416 5349 quas
2444 5299 2689 5343 numerat
2730 5286 3066 5352 Aquitaniam
3109 5288 3358 5351 primam,
3400 5298 3455 5341 et
3481 5286 3702 5352 Aquita-

2124 5356 2269 5407 niam
2296 5354 2593 5407 secundam
2618 5370 2631 5406 :
2657 5354 2746 5407 illa
2769 5369 2798 5407 a
2816 5353 3093 5423 Garumna
3117 5354 3343 5405 Ilumtne
3362 5361 3429 5423 ad
3454 5356 3699 5423 Ligerim

2124 5423 2241 5477 haec
2258 5439 2286 5476 a
2312 5423 2587 5491 Pyrenaeis
2610 5423 2892 5478 montibus
2914 5421 2982 5476 ad
2999 5421 3355 5476 Garumnam.
3378 5408 3610 5479 Pontac.
3703 5408 3725 5435 ⁹

2196 5496 2219 5534 ¹¹
2264 5498 2337 5551 De
2366 5512 2507 5551 anno
2543 5496 2735 5550 mortis
2766 5506 2815 5549 et
2844 5504 3000 5547 (etate
3031 5492 3336 5558 Ilieronymi
3366 5492 3487 5545 vide
3519 5500 3705 5546 notam

2123 5568 2507 5709 ﬁghmntaci
2534 5567 2641 5622 col.
2661 5566 2763 5623 778
2791 5573 2845 5621 ct
2863 5564 2966 5620 779
2996 5560 3166 5633 (Tomi
3195 5560 3358 5616 nostri
3379 5560 3568 5617 XXVII
3597 5563 3701 5618 ml.
