3978 6178
311 319 420 376 593

1514 315 1918 374 CIIRONICUM
1960 315 2338 373 INTEGRUM.

3479 318 3578 376 59‘

313 435 564 497 expertus
602 434 766 494 esset,
807 429 1060 486 celeriter
1087 443 1147 486 se
1176 427 1240 482 ad
1272 435 1483 498 portum
1521 425 1692 492 urbis,
1733 434 1892 484 atoue
1920 428 1969 487 A
2067 426 2350 482 Patroclus
2375 428 2709 483 Arelatensis
2731 429 3019 499 episcopus
3052 444 3082 484 ιι
3107 429 3323 485 tribuno
3350 432 3582 500 quodan.

315 521 439 576 inde
463 520 528 573 ad
556 518 789 575 Africam
824 522 1124 591 proripuit,
1170 519 1332 589 idque
1361 517 1668 588 reipublica
1700 516 1899 571 multo-

323 604 441 666 τι]πί
472 612 715 665 laborum
743 613 954 666 initium
989 613 1104 665 fuit.

388 701 769 757 MARINIANO
812 703 897 758 ET
936 699 1451 757 ASCLEPIODOTO
1486 697 1677 756 COSS.

390 791 624 845 Placidia
657 795 892 861 Augusta
919 809 943 843 a
969 793 1132 846 fratre
1161 791 1397 845 llonorio
1421 791 1596 858 pulsa,
1627 790 1690 843 ad
1718 789 1904 845 Orien-

319 889 426 935 tem
461 897 581 935 cum
609 882 843 936 Honorio
878 893 930 936 et
958 882 1330 937 Valentiniano
1369 880 1490 934 filiis
1519 881 1900 949 proficiscitur.

391 971 763 1039 CGLBSTINUS,
793 972 928 1040 XLI,
958 975 1208 1028 ﬂuuiana
1234 974 1484 1028 Ecclesia
1514 973 1766 1041 praesidet
1785 972 1902 1040 epi-

323 1080 519 1135 scopus
548 1067 704 1118 annis
733 1080 783 1119 ιι
817 1076 865 1118 ι.

392 1155 421 1195 δ
458 1155 930 1226 Langobardorum
959 1155 1030 1211 XI
1072 1157 1315 1227 regnavit
1342 1155 1618 1209 Lamissus
1660 1153 1905 1208 meretri-

323 1248 404 1302 cis
433 1246 572 1302 ﬁlius
591 1247 743 1300 annis
766 1262 846 1300 ιιι.

399 1339 662 1394 Honorius
688 1339 937 1402 moritur,
959 1348 1013 1394 et
1034 1356 1257 1408 regnum
1282 1338 1397 1410 ejus
1421 1339 1658 1394 Joannes
1683 1343 1907 1405 occupat

325 1432 672 1500 connivente,
690 1439 748 1484 ut
765 1431 1074 1500 putabatur,
1090 1431 1331 1497 Ca5tino,
1347 1431 1436 1500 qui
1457 1431 1714 1485 exercitui
1740 1427 1908 1497 magi-

328 1533 444 1578 ster
472 1523 703 1576 militum
736 1520 967 1590 prafuit.

403 1623 426 1651 ε
456 1611 812 1676 Tnnonosms,
873 1611 1052 1677 XLVI,
1083 1611 1382 1665 Romanum
1435 1610 1718 1679 imperium
1763 1617 1911 1664 tenet

326 1707 485 1760 annis
508 1720 644 1758 ιιι.
1137 1769 1146 1785 1

398 1793 687 1850 CASTINO
722 1793 811 1848 ET
831 1790 856 1831 ἀ
886 1791 1182 1848 VICTORE
1223 1792 1413 1848 COSS.

398 1891 736 1947 Theodosius
756 1889 1183 1944 Valentinianum
1207 1890 1385 1942 amita
1406 1903 1520 1942 sua
1545 1887 1708 1940 lilium
1732 1884 1911 1940 Casa-

325 1997 446 2038 rem
479 1979 630 2045 facit,
661 1990 713 2034 et
742 1995 861 2035 cum
895 1981 1134 2049 Augusta
1177 1990 1346 2033 matre
1377 1988 1400 2015 ο
1424 1993 1516 2032 sua
1553 1977 1618 2031 ad
1651 1975 1913 2044 recipien-

327 2075 458 2128 dum
477 2071 809 2127 occidentale
833 2071 996 2124 mittit
1017 2071 1296 2139 imperium
1322 2089 1333 2124 :
1355 2087 1464 2140 quo
1495 2081 1734 2138 tempore
1757 2068 1916 2123 Joan-

328 2177 452 2232 nes,
480 2163 605 2218 dum
635 2162 892 2228 Africam,
922 2178 1080 2231 quam
1106 2162 1412 2216 Bonifacius
1440 2162 1742 2226 obtinebat,
1769 2160 1911 2217 bello

333 2254 594 2323 reposcit,
628 2253 692 2306 ad
719 2253 1084 2307 defensionem
1115 2254 1191 2306 sui
1225 2253 1484 2307 infirmior
1511 2255 1678 2308 lactus
1702 2262 1804 2307 est.

399 2344 784 2400 THEODOSIO
825 2343 915 2398 XII
951 2344 1034 2398 ET
1084 2343 1593 2399 VALENTINIANO
1627 2343 1646 2383 τ
1677 2343 1867 2400 COSS.

407 2435 644 2491 Placidia
678 2435 938 2505 Augusta,
961 2445 1016 2488 et
1039 2434 1443 2490 Valentinianus
1465 2433 1645 2490 Casar
1671 2436 1805 2489 mira
1830 2435 1909 2491 fe-

328 2528 538 2584 licitate
582 2527 843 2583 Joannem
889 2539 1173 2598 tyrannum
1220 2530 1550 2598 opprimunt,
1592 2539 1644 2583 et
1688 2543 1908 2597 regnum

333 2621 572 2674 victores
615 2619 901 2688 recipiunt,
953 2619 1075 2672 data
1115 2620 1271 2673 venia
1316 2620 1502 2680 Aetio,
1544 2621 1686 2689 quod
1734 2620 1910 2673 Hunni

330 2727 470 2780 quos
500 2726 599 2780 per
626 2712 796 2780 ipsum
826 2710 1058 2765 Joannes
1089 2720 1114 2758 ε
1142 2711 1427 2777 acciverat,
1462 2711 1699 2778 ejusdem
1737 2710 1913 2764 studio

333 2802 401 2855 ad
426 2801 637 2870 propria
660 2801 865 2855 reversi
890 2810 1033 2854 sunt.
1060 2798 1088 2836 ιι
1111 2801 1359 2854 CaSIinus
1383 2810 1558 2853 autem
1586 2801 1638 2854 in
1664 2800 1910 2853 exsilium

333 2900 488 2945 actus
519 2899 638 2945 est:
671 2893 793 2961 quia
825 2891 1108 2946 videbatur
1138 2891 1396 2946 Joannem
1429 2891 1542 2946 siue
1575 2891 1914 2946 conniventia

331 2982 504 3051 ipsius
533 2997 756 3050 regnum
786 2997 890 3036 non
922 2983 1160 3052 potuisse
1191 2998 1488 3037 assumere.

410 3070 814 3125 Valentinianus
840 3071 1059 3126 decreto
1079 3071 1372 3126 Theodosii
1394 3073 1665 3140 Augustus
1683 3073 1915 3142 appella-

331 3168 446 3214 tur.

413 3253 431 3289 ι
473 3251 666 3306 Arelas
693 3251 871 3307 nobile
895 3252 1147 3323 oppidum
1185 3253 1474 3312 Ganarum
1493 3269 1518 3303 a
1543 3251 1704 3323 743
1727 3250 1916 3305 Gothis

333 3343 506 3398 multa
540 3345 590 3397 vi
622 3353 984 3413 oppugnatum
1033 3354 1137 3410 est,
1185 3343 1359 3399 donec
1396 3344 1712 3398 imminente
1759 3343 1914 3398 Aetio

332 3450 447 3490 non
479 3435 728 3502 impuniti
756 3436 1118 3492 discederent.

407 3526 791 3583 THEODOSIO
820 3528 914 3582 XII
946 3528 1034 3582 ET
1064 3528 1570 3584 VALENTINIANO
1603 3528 1618 3579 i
1655 3528 1698 3582 II
1726 3527 1910 3583 COSS.

410 3649 439 3678 ⁸
468 3641 593 3696 Mss.
626 3639 778 3696 Colb.
800 3652 854 3695 et
876 3642 1123 3709 August..
1153 3643 1399 3696 Romam:
1431 3641 1676 3695 Ecclesia
1706 3641 1768 3696 Η
1809 3641 1921 3710 epi-

333 3721 588 3782 copatumﬁ
631 3715 848 3782 suscepit
893 3712 1195 3766 Calestinus
1249 3715 1392 3766 annis
1443 3716 1497 3765 9.
1544 3711 1692 3766 Unas
1746 3712 1917 3776 addit,

336 3781 506 3834 mens.
535 3781 621 3844 10,
649 3781 828 3835 diebus
859 3784 945 3847 l7,
975 3793 1032 3836 ut
1053 3784 1105 3836 in
1131 3783 1336 3837 Chron.
1368 3784 1606 3837 Pontaei.

411 3859 441 3898 δ
482 3859 664 3914 Monet
692 3861 958 3915 Pontacus
982 3863 1032 3914 in
1059 3863 1197 3915 uotis
1226 3862 1339 3915 hac
1364 3861 1652 3915 desiderari
1684 3861 1736 3914 in
1783 3874 1912 3914 mss.

332 3929 754 4000 pluribus(non
807 3932 1054 3997 leguntur
1102 3933 1263 3986 etiam
1302 3934 1352 3985 in
1383 3933 1590 3985 duobus
1618 3929 1814 3999 Colb.)
1863 3939 1918 3984 et

332 4014 689 4068 quacumque
733 4003 784 4053 in
834 4002 934 4054 hoc
978 4002 1247 4055 Chronico
1297 4001 1543 4055 dicuntur
1591 4001 1660 4054 de
1705 4001 1914 4068 Longu-

333 4069 549 4129 bardis,
577 4069 743 4123 videri
772 4077 1014 4138 tempore
1048 4073 1364 4138 posteriora,
1388 4082 1440 4125 et
1461 4072 1676 4125 aliunde
1704 4081 1881 4124 assuta
1900 4113 1914 4134 ,

334 4150 399 4192 ut
427 4139 750 4208 exibiaeono
789 4140 882 4194 lib.
915 4142 1024 4195 tde
1062 4141 1428 4207 Longobardis
1464 4157 1582 4208 cap.
1632 4143 1699 4196 10
1727 4150 1781 4195 et
1818 4141 1915 4204 Il,

333 4209 432 4333 ῖιιέἱ
470 4207 768 4331 {:amissum
805 4210 892 4265 hic
932 4221 1295 4280 nuncupatum
1344 4207 1712 4264 Lamissionem
1733 4211 1916 4280 appel-

357 4295 390 4332 a
423 4317 435 4330 .
513 4289 690 4332 ontac.

357 4289 435 4332 at.
473 4289 690 4332 Pontac.

416 4367 438 4395 ⁸
481 4357 578 4411 Ms.
627 4358 780 4412 Colb.
829 4372 970 4413 unus
1009 4369 1060 4412 et
1100 4358 1299 4413 Chron.
1335 4358 1517 4425 Pont.,
1572 4359 1922 4413 Romanorum

332 4442 490 4487 XLVI,
520 4426 837 4482 Theodosius
865 4431 1094 4499 regnavit
1123 4430 1275 4482 annis
1305 4430 1396 4484 50.

332 4573 382 4629 C
412 4503 532 4628 ιῖὶιιι
575 4506 852 4561 codicibus
875 4509 1145 4562 nonnullis
1179 4507 1466 4574 Victorino,
1496 4523 1560 4563 ex
1591 4509 1783 4579 quibus
1812 4522 1914 4562 ms.

390 4589 421 4628 ο
463 4591 501 4627 ).
528 4591 688 4629 unus.

390 4589 501 4628 Oli).
528 4591 688 4630 unus.

418 4663 441 4689 θ
480 4652 650 4726 Abest
693 4670 798 4726 vox
847 4655 962 4710 hac
984 4673 1078 4711 sua
1103 4671 1133 4710 a
1165 4671 1265 4711 ms.
1302 4656 1456 4712 Colb.
1480 4671 1585 4711 uno
1607 4665 1661 4711 et
1690 4657 1916 4726 August.

335 4730 400 4778 et
424 4736 454 4775 a
491 4724 686 4778 Labbei
712 4725 997 4781 Chronico.

422 4799 442 4837 τ
485 4802 730 4868 Quidam,
771 4805 908 4857 inter
935 4820 1070 4871 quos
1095 4815 1226 4859 Lab.
1265 4806 1463 4857 addunt
1492 4802 1711 4869 Casare,
1739 4814 1797 4859 ut
1828 4805 1919 4861 ha-

335 4870 476 4927 bent
504 4888 690 4926 omnes
721 4873 897 4938 Fasti,
928 4870 1272 4929 Marcellinus
1299 4888 1352 4930 et
1381 4874 1626 4930 Cassiod.
1657 4877 1811 4930 Pont.

416 4959 445 4997 s
485 4949 582 5004 Ms.
608 4951 762 5006 Colb.
789 4967 941 5016 unus,
976 4963 1261 5024 acceperat.

415 5025 449 5066 ¹ι
484 5029 583 5084 Hic
610 5032 887 5094 articulus,
920 5032 1020 5084 etsi
1049 5047 1153 5084 non
1189 5032 1394 5099 legatur
1418 5032 1473 5085 in
1506 5031 1689 5084 multis
1713 5030 1918 5085 codici-

336 5099 471 5167 bus,
515 5109 568 5153 et
608 5116 702 5167 pro
729 5101 978 5154 addititiu
1031 5113 1305 5170 repuletur
1332 5103 1384 5154 in
1421 5101 1623 5155 Chron.
1656 5101 1875 5154 Pontaci
1903 5142 1919 5166 ,

335 5171 591 5223 firmatur
623 5179 798 5224 tamen
830 5172 1133 5224 testimonio
1170 5171 1387 5224 Diaconi
1418 5172 1512 5224 lib.
1557 5185 1632 5233 tv,
1679 5180 1732 5224 et
1780 5171 1920 5225 idem

335 5249 559 5292 constat
587 5253 651 5293 ex
679 5240 835 5307 epist.
871 5241 943 5295 IO-
967 5243 1017 5294 in
1045 5241 1338 5309 appendtee
1365 5241 1669 5307 Augustini.
1713 5241 1791 5297 Ad
1836 5257 1924 5296 su-

337 5309 613 5378 periorem
638 5320 813 5363 tamen
835 5312 1165 5363 consulatum
1186 5310 1373 5363 referri
1395 5315 1506 5364 vult
1532 5312 1693 5365 idem.

424 5387 442 5424 ί
486 5387 804 5442 Emendavit
823 5389 955 5442 Lab.
982 5397 1102 5457 post
1122 5388 1278 5442 Punt.
1301 5389 1501 5443 Chron.
1527 5404 1625 5457 pro
1646 5388 1924 5443 Archillas.

338 5458 504 5523 Quod
526 5458 688 5512 etiam
719 5459 997 5526 legendum
1025 5469 1232 5511 notarat
1262 5459 1326 5511 ad
1349 5473 1496 5512 oram
1523 5460 1645 5512 libri
1674 5461 1755 5513 sui
1787 5460 1922 5514 Hen.

339 5529 618 5597 Qanisius.
639 5527 873 5582 Lectioni
894 5538 1090 5582 nostra
1108 5527 1426 5597 suffragatur
1445 5529 1634 5582 Isidor.
1657 5531 1705 5582 in
1721 5531 1897 5583 Chron
1910 5570 1924 5584 .

341 5595 514 5652 60th.
549 5596 918 5662 Theodericus,
953 5600 1124 5667 inquit
1151 5595 1607 5666 (rex‘Gothorum
1630 5600 1649 5667 )
1673 5600 1926 5652 Arelatem

342 5668 720 5720 nobilissimum
766 5670 1010 5737 oppidum
1056 5666 1240 5721 Gallia:
1283 5670 1506 5734 obsidet,
1538 5686 1568 5720 a
1595 5666 1743 5738 cujus
1792 5669 1926 5722 obsi-

345 5738 504 5791 dione
546 5739 831 5791 imminente
871 5739 1046 5791 virtute
1091 5738 1220 5791 Aelii
1268 5738 1510 5792 Romana
1551 5739 1744 5793 militia
1783 5740 1926 5792 ducis

2003 519 2233 574 barbaro
2270 520 2456 575 multis
2485 521 2798 574 vulneribus
2833 521 3060 575 laniatus
3105 522 3364 576 occiditur
3398 541 3410 575 :
3442 522 3578 591 quod

2003 608 2210 664 facinus
2238 610 2305 663 ad
2331 609 2595 664 occultam
2623 611 2916 677 jussionem
2949 611 3142 666 Felicis
3173 613 3411 683 magistri
3442 615 3582 668 mili-

2004 706 2114 750 tum
2149 698 2486 753 referebatur
2523 699 2673 767 cujus
2716 699 2947 766 impulsu
2975 698 3001 737 ¹ι
3028 702 3265 755 creditus
3312 714 3392 756 est
3422 703 3579 758 etiam

2004 789 2158 843 'I‘itns
2183 790 2441 845 diaconus
2467 789 2548 843 vir
2570 800 2790 844 sanctus
2823 790 3011 846 Roma
3034 793 3287 861 pecunias
3325 795 3581 862 pauperi-

2006 880 2104 934 bus
2133 881 2464 936 distribuens
2501 882 2872 949 interemptus.

2077 972 2313 1026 HIERIO
2353 971 2440 1026 ET
2488 973 2864 1028 ARDABURE
2900 973 3087 1029 COSS.

2078 1063 2379 1130 Bonifacio,
2406 1063 2556 1133 cujus
2583 1065 2820 1134 potentia
2842 1067 3116 1134 gloriaque
3141 1063 3160 1102 ι
3188 1066 3326 1121 intra
3351 1067 3583 1121 Africam

2007 1157 2320 1226 augebatur,
2349 1157 2547 1212 bellum
2573 1158 2640 1212 ad
2670 1159 2948 1213 arbitrium
2980 1159 3198 1224 Felicis,
3230 1161 3354 1230 quia
3384 1160 3449 1214 ad
3483 1158 3585 1214 Ita-

2008 1249 2132 1301 liam
2161 1247 2402 1300 venirem
2427 1246 2708 1312 abnuerat,
2741 1247 2954 1315 publico
2991 1248 3207 1303 nomine
3235 1249 3438 1303 illatum
3480 1261 3585 1313 est,

2007 1340 2234 1395 ducibus
2261 1339 2541 1405 Mavortia,
2565 1348 2618 1392 et
2638 1337 2915 1405 Galbioue,
2939 1350 2994 1394 et
3021 1340 3221 1395 Sinoce
3247 1357 3262 1393 :
3285 1339 3438 1409 cujus
3460 1355 3586 1407 pro-

2008 1431 2209 1486 ditione
2236 1430 2525 1484 Mavortius
2544 1438 2599 1484 et
2618 1429 2833 1496 Galbio,
2861 1446 2979 1484 cum
3013 1431 3344 1486 Bonifacium
3368 1429 3586 1485 obside-

2008 1533 2148 1588 rent,
2183 1521 2492 1590 interempti
2518 1531 2644 1576 sunt
2666 1539 2680 1575 :
2705 1537 2933 1591 moxque
2955 1523 3070 1592 ipse
3097 1538 3128 1576 a
3161 1522 3433 1577 Bonifacio
3462 1523 3587 1578 dolo

2009 1624 2037 1651 ιι
2062 1613 2330 1679 detectus,
2356 1614 2566 1668 occisus
2594 1623 2697 1668 est.

2083 1705 2291 1761 Exinde
2313 1705 2584 1775 gentibus,
2606 1721 2724 1774 qua
2749 1706 2974 1762 navibus
3004 1705 3080 1760 uti
3107 1705 3437 1771 nesciebant,
3460 1704 3587 1760 dum

1943 1793 1991 1853 B
2016 1813 2045 1851 a
2089 1796 2526 1852 concertantibus
2557 1797 2606 1849 in
2638 1797 2896 1851 auxilium
2931 1805 3218 1863 vocantur,
3267 1811 3419 1852 mare
3462 1810 3587 1866 per-

2011 1889 2153 1942 vium
2189 1888 2382 1942 factum
2415 1895 2519 1953 est,
2564 1887 2799 1956 bellique
2843 1898 3030 1943 contra
3063 1887 3391 1944 Bonifacium
3427 1887 3589 1958 capti

2013 1981 2067 2035 in
2096 1979 2445 2050 Sigisvultum
2474 1980 2728 2034 comitem
2756 1995 2886 2034 cura
2916 1981 3172 2034 translata
3197 1988 3300 2037 est.

2081 2069 2224 2126 Gens
2245 2070 2604 2126 Vandalorunt
2630 2080 2654 2108 ο
2678 2071 2747 2125 ab
2769 2071 3020 2140 Hispania
3037 2073 3102 2126 ad
3123 2072 3358 2127 Africam
3378 2073 3590 2128 transit.

2083 2158 2330 2216 FELICE
2379 2161 2467 2215 ET
2510 2161 2748 2217 TAURO
2792 2161 2983 2218 COSS.

2081 2251 2362 2307 Nestorius
2389 2250 3017 2321 ConstantinOpolitanus
3062 2255 3348 2326 episcopus
3394 2238 3591 2311 novum

2012 2344 2270 2399 Ecclesiis
2299 2346 2521 2399 molitur
2540 2361 2780 2401 errorem
2806 2347 3077 2413 inducere,
3116 2349 3410 2417 praedicans
3438 2347 3594 2403 Chri-

2012 2446 2152 2491 stum
2183 2451 2250 2492 ex
2283 2437 2446 2492 Maria
2476 2439 2748 2493 hominem
2779 2448 3011 2505 tantum,
3047 2451 3073 2490 P
3096 2456 3198 2495 non
3229 2441 3390 2495 etiam
3425 2441 3592 2495 Deum

2015 2545 2219 2602 uatum,
2246 2537 2402 2606 eique
2449 2537 2780 2593 divinitatem
2810 2540 3060 2594 collatam
3092 2554 3212 2594 esse
3252 2555 3350 2609 pro
3376 2541 3590 2597 merito.

2013 2637 2106 2690 Cui
2140 2636 2397 2704 impietati
2428 2637 2694 2706 pracipua
2737 2637 2924 2706 Cyrilli
2953 2636 3301 2692 Alexandrini
3354 2637 3594 2708 episcopi

2015 2737 2300 2804 industria,
2332 2745 2386 2792 et
2407 2751 2556 2806 papa
2577 2735 2856 2792 Calestini
2885 2745 3148 2807 repugnat
3174 2737 3486 2792 auctoritas.

2089 2840 2218 2893 Pars
2232 2838 2523 2894 Galliarum
2541 2840 2838 2908 propinqua
2859 2839 3067 2903 ltheno,
3088 2854 3248 2909 quam
3264 2838 3455 2893 Franci
3470 2851 3593 2907 pos-

2016 2940 2296 2996 sidendam
2323 2938 2900 3008 occupaverunt.Aetii
2920 2939 3135 2994 comitis
3157 2940 3321 2993 armis
3350 2947 3592 3006 recepta.

2090 3040 2474 3096 FLORENTIO
2519 3039 2606 3094 ET
2654 3037 2966 3094 DIONYSIO
3007 3036 3198 3093 COSS.

1932 3173 1977 3234 Ο
2089 3139 2270 3195 Felice
2300 3140 2365 3194 ad
2397 3139 2672 3207 patriciam
2721 3139 3034 3206 dignitatem
3088 3147 3364 3205 provecw,
3410 3137 3599 3191 Aetius

2023 3240 2274 3308 magister
2309 3238 2534 3291 militum
2564 3236 2738 3291 factus
2761 3244 2844 3290 est
2874 3246 2923 3288 (ι.

2089 3337 2338 3406 Agricola
2386 3337 2740 3406 Pelagianos,
2789 3335 3069 3391 Severiani
3118 3336 3391 3406 Pelagiani
3435 3337 3601 3410 ⁸146

2019 3428 2256 3497 episcOpl
2289 3426 2465 3492 ﬁlius,
2510 3426 2784 3482 Ecclesias
2816 3437 2838 3464 ι’
2872 3426 3163 3482 Britannia
3212 3427 3478 3498 dagmatis
3519 3429 3601 3483 sui

2021 3529 2384 3585 insinuatione
2409 3529 2668 3598 corrupit.
2702 3528 2807 3584 Sed
2837 3529 2903 3583 ad
2932 3529 3197 3584 actionem
3221 3528 3445 3584 Palladii
3478 3531 3598 3583 Dia-

2024 3655 2245 3697 remotus
2265 3643 2504 3696 abscedit.
2529 3641 2752 3696 Accedit
2773 3641 3095 3696 Chronicum
3119 3641 3475 3696 Pithaanum.
3500 3643 3602 3698 Vix

2024 3727 2248 3790 usquam
2277 3714 2466 3779 legitur
2493 3711 2610 3765 ﬁeri
2641 3712 2844 3765 mentio
2873 3711 2940 3764 de
2965 3711 3194 3763 Archilla
3221 3712 3437 3790 oppido.

2097 3793 2112 3830 t
2163 3782 2308 3835 Edit.
2337 3782 2539 3834 Chron.
2569 3780 2702 3833 Lab.
2738 3781 2885 3832 addit
2916 3782 3165 3835 Auousto.
3195 3780 3327 3835 Vide
3349 3782 3488 3835 Pont

2097 3793 2112 3830 t
2164 3793 2308 3835 Edtt.
2337 3793 2539 3834 Ultron.
2569 3793 2702 3833 Lab.
2738 3793 2885 3832 audit
2916 3793 3165 3849 Augusto.
3200 3793 3327 3835 Viue
3349 3793 3503 3835 Pont.
3541 3798 3601 3852 ρ.

2023 3852 2121 3907 781
2157 3851 2306 3921 (Col.
2340 3851 2477 3904 H99
2504 3851 2664 3903 nostri
2689 3847 2919 3904 XXVII
2949 3859 3070 3902 tam.
3100 3849 3139 3918 ).

2091 3929 2116 3967 ¹ι
2155 3931 2323 3992 Alias,
2357 3931 2616 3994 traditur;
2659 3939 2713 3984 et
2742 3928 2899 3993 infra,
2940 3930 3252 3999 interfectus.
3297 3929 3398 3985 Ms.
3444 3929 3598 3986 Colb.

2021 4015 2179 4066 unus,
2212 4002 2433 4054 creditur
2453 4041 2465 4053 .
2495 4040 2509 4054 .
2530 4039 2546 4055 .
2567 4037 2582 4054 .
2605 4001 2954 4070 interemptus.

2095 4079 2113 4118 ι
2162 4081 2251 4135 Sic
2275 4096 2374 4135 ms.
2409 4079 2561 4134 Colb.
2590 4090 2644 4134 et
2684 4079 2776 4133 alii
2807 4079 3028 4149 aliquot.
3061 4078 3120 4132 In
3149 4078 3290 4144 aliis,
3318 4080 3371 4133 in
3399 4079 3598 4152 Africa.

2093 4168 2134 4196 ιιι
2172 4159 2273 4214 Ms.
2295 4159 2448 4214 Colb.
2477 4174 2632 4220 unus,
2664 4169 2932 4222 annueret,
2958 4158 3115 4222 alius,
3144 4159 3418 4212 annuebat.
3456 4160 3597 4214 Edit.

2020 4228 2152 4284 Lab.
2186 4240 2244 4284 ut
2270 4244 2451 4297 supra.
2477 4229 2695 4283 Rectius
2735 4228 2948 4295 quidem
2975 4245 2990 4282 :
3013 4243 3154 4293 cum,
3197 4236 3332 4283 teste
3364 4230 3600 4284 Diacono

2023 4300 2116 4352 lib.
2149 4315 2233 4354 ιιν
2259 4315 2420 4355 causa
2443 4301 2570 4354 belli
2602 4310 2786 4352 contra
2815 4297 3147 4352 Bonifaciutn
3170 4307 3332 4364 esset,
3361 4301 3494 4367 quod
3515 4316 3602 4353 ac-

2024 4372 2234 4423 cersitus
2264 4372 2326 4423 ab
2354 4371 2685 4436 imperatore,
2734 4369 2972 4422 accedere
3000 4367 3220 4420 distulit.
3270 4368 3423 4432 Quod
3467 4384 3599 4424 vero

1945 4454 2000 4514 D
2026 4443 2227 4514 Auctor
2242 4442 2464 4514 scribit,
2497 4440 2826 4514 ltocbellum
2859 4439 3062 4514 illatum
3089 4437 3153 4490 ad
3181 4438 3458 4514 arbitrium
3490 4439 3595 4493 Fe-

2024 4509 2160 4576 licis,
2192 4511 2458 4564 Diaconus
2486 4519 2536 4564 et
2561 4508 2869 4577 Sigebertus
2903 4508 3146 4562 tribuunt
3171 4504 3347 4562 Aetio.
3375 4508 3605 4565 Pontao.

2091 4598 2120 4625 ιι
2159 4590 2255 4643 Ms.
2299 4589 2452 4643 Colb.
2487 4603 2645 4654 unus,
2679 4588 2930 4641 detentus.

2093 4679 2119 4706 ο
2157 4671 2254 4723 Ms.
2277 4670 2430 4723 Colb.
2463 4683 2600 4723 unus
2626 4677 2681 4723 et
2706 4668 2794 4721 alii
2825 4667 3060 4735 codices,
3093 4666 3155 4720 ab
3178 4666 3468 4740 Hispaniis.

2092 4759 2120 4799 P
2158 4747 2214 4802 In
2246 4749 2366 4802 aliis
2395 4747 2693 4812 codicibus,
2724 4754 2770 4800 et
2798 4762 2901 4800 non
2929 4746 3113 4801 Deum.

2093 4838 2120 4877 tt
2173 4829 2266 4881 Hic
2295 4826 2542 4881 mendum
2566 4827 2858 4893 irrepserat
2884 4827 2933 4879 in
2965 4827 3140 4892 editis,
3175 4826 3266 4881 ubi
3294 4825 3595 4881 insinuaba-

2023 4908 2110 4951 tur
2134 4898 2609 4964 Aetius'smagistet‘
2653 4897 2878 4950 militum
2908 4896 3078 4951 factus
3103 4911 3171 4951 ex
3217 4896 3481 4965 agricola_:
3507 4895 3593 4965 cui

2024 4969 2194 5021 errori
2243 4963 2487 5020 favebant
2517 4967 2678 5022 etiam
2711 4982 2841 5020 mss.
2872 4977 2925 5021 et
2962 4967 3060 5022 hos
3104 4963 3388 5020 inter—ms.
3437 4963 3589 5018 Colb.

2023 5039 2092 5091 At
2119 5052 2219 5090 ms.
2253 5038 2404 5090 Colb.
2432 5038 2566 5090 alter
2599 5046 2821 5091 testatur
2855 5047 2999 5092 recte
3029 5036 3364 5090 emendatum
3393 5049 3420 5086 a
3447 5032 3591 5087 Pon-

2025 5117 2143 5160 taco
2172 5115 2226 5160 et
2256 5106 2730 5176 Labbeo,utsupra
2762 5107 2972 5175 legitur.
3005 5107 3136 5160 Cum
3160 5120 3418 5176 nusquam
3445 5103 3594 5176 ξιιιιιὶο

2027 5186 2137 5236 tum
2169 5176 2328 5230 fuerit
2358 5177 2564 5229 Aetium
2596 5173 2762 5231 fuisse
2791 5173 3112 5243 agricolam:
3137 5185 3191 5230 et
3229 5175 3406 5241 inepte
3449 5173 3535 5225 hic
3562 5189 3598 5227 a~

2027 5247 2290 5316 Prospero
2335 5246 2437 5300 hoc
2476 5247 2710 5300 additum
2760 5247 2914 5310 foret,
2970 5247 3056 5316 qui
3088 5245 3397 5316 dutnﬂsape
3448 5243 3592 5296 illius

2030 5314 2352 5371 mentionem
2398 5326 2554 5370 antea
2588 5316 2790 5381 fecerit,
2826 5316 2987 5381 priori
3021 5315 3136 5367 loco
3165 5314 3309 5366 illius
3343 5328 3514 5380 genus
3541 5323 3612 5367 et‘

2027 5387 2389 5440 conditionem
2422 5386 2660 5440 debuerit
2696 5398 3139 5438 commemorare.
3175 5383 3334 5437 Plura
3381 5382 3498 5437 vide
3542 5384 3593 5436 in

2029 5468 2151 5510 nota
2183 5456 2399 5512 Pontaci
2428 5458 2536 5510 col.
2559 5456 2662 5509 782
2687 5454 2706 5525 (
2734 5454 2830 5508 Ubi
2855 5452 3062 5525 supra).

2102 5526 2121 5549 '
2159 5528 2248 5582 Sic
2277 5526 2558 5595 legendum
2579 5565 2593 5588 ,
2629 5520 2754 5595 nou
2775 5520 3237 5595 vero-Brastaniw,
3261 5520 3596 5595 Δειιι-Ηιιὺεν-

2029 5598 2146 5658 nite,
2173 5592 2381 5650 constat
2414 5611 2478 5648 ex
2511 5609 2610 5647 ms.
2643 5592 2794 5646 Colb.
2829 5609 2934 5646 uno
2965 5603 3018 5646 et
3057 5593 3174 5646 aliis
3226 5592 3464 5659 pluribus
3497 5607 3510 5645 :
3542 5599 3598 5644 et

2030 5668 2258 5718 maxime
2286 5680 2350 5718 ex
2380 5679 2443 5716 eo
2472 5662 2610 5732 quod
2664 5673 2874 5716 constet
2904 5679 2972 5716 ex
3020 5663 3296 5732 Sigeberto
3343 5662 3396 5716 in
3426 5661 3595 5732 Chro-

2030 5737 2171 5799 nico,
2204 5730 2530 5788 Germanum
2579 5734 2888 5804 episcopum
2940 5730 3486 5796 Antis'siodorensem,
3527 5730 3593 5783 ds-
