4028 6176
376 306 482 363 597

1583 286 1980 346 CHRONICUM
2020 283 2400 345 INTEGRUM.
3544 288 3650 345 598

374 436 495 492 gem
519 422 656 473 intra
685 400 881 472 Gallias
902 410 1230 467 habitantem
1262 406 1448 464 Aetius
1476 414 1503 443 ιι
1528 404 1675 461 bello
1699 402 1949 468 obtinuit,
1981 410 2033 468 Α
2127 398 2511 457 rneooosm
2534 399 2652 455 xv:
2686 399 2773 455 ET
2805 382 3078 456 FAUS’I‘O
3108 386 3295 457 cess.

378 526 669 585 pacemque
697 511 747 566 ei
784 505 1101 578 supplicanti
1139 502 1327 566 dedit,
1350 516 1455 570 qua
1496 498 1716 553 non'diu
1758 495 1960 567 potitus

371 619 476 661 est.
507 601 788 674 Siquidem
811 600 959 654 illum
988 594 1017 635 ι)
1050 594 1228 651 Hunni
1250 608 1371 649 cum
1402 591 1599 663 pepulo
1616 589 1959 661 atquestirpe

371 714 466 753 sua
500 696 831 749 deleverunt.
1196 766 1199 771 ι

446 786 714 845 ISIDORO
746 783 831 840 ΕΤ
856 776 1227 842 SENATORE
1259 776 1451 835 COSS.

443 878 602 938 Gethi
633 878 779 950 pacis
808 874 1005 947 placita
1038 870 1376 945 perturbant,
1410 879 1460 925 et
1483 868 1741 940 pleraque
1780 867 1959 922 muni-

372 977 517 1043 cipia
547 971 768 1027 sedibus
794 968 970 1023 vicina
1002 967 1113 1021 suis
1136 970 1423 1033 occupant,
1453 958 1786 1016 Narbonensi
1807 959 1958 1028 Oppi—

367 1066 441 1119 do
472 1063 705 1119 maxime
730 1057 952 1123 infesti,
994 1054 1135 1126 quod
1169 1068 1289 1109 cum
1313 1054 1403 1107 diu
1435 1050 1715 1105 obsidione
1739 1059 1793 1105 et
1817 1048 1957 1104 fame

374 1157 671 1221 laboraret,
700 1167 798 1222 per
816 1149 1102 1208 Littorium
1125 1144 1374 1202 comitem
1390 1142 1457 1198 ab
1475 1152 1699 1212 utroque
1719 1140 1957 1212 periculo

370 1250 659 1305 liberatum
700 1256 804 1300 est.
852 1239 1127 1311 Siquidem
1159 1254 1254 1309 per
1290 1236 1529 1306 singulos
1556 1235 1765 1302 equites
1816 1232 1958 1287 binis

369 1338 536 1413 746
557 1336 724 1394 tritici
759 1329 957 1391 modiis
990 1332 1261 1396 advectis,
1286 1328 1659 1383 strenuissime
1688 1336 1742 1381 et
1775 1325 1958 1381 hostes

376 1435 435 1489 in
460 1434 635 1503 fugam
659 1429 841 1491 vertit,
869 1434 925 1482 et
952 1424 1223 1480 civitatem
1253 1436 1463 1475 annona
1497 1429 1519 1458 ο
1552 1417 1809 1488 implevit.

444 1510 648 1579 AETIO
698 1519 745 1575 ll
800 1517 891 1573 ET
931 1512 1339 1573 SIGISVULTO
1380 1510 1564 1567 COSS.

442 1614 647 1670 Bellum
678 1612 939 1667 adversus
966 1606 1171 1664 Gothos
1221 1604 1425 1661 Hunnis
1456 1602 1836 1659 auxiliantibus
1865 1615 1958 1671 ge-

364 1706 524 1760 ritur.

2135 497 2248 552 lloc
2287 510 2500 566 quoque
2546 511 2689 550 anno
2739 495 2901 550 iidem
2948 493 3136 564 pirata
3185 497 3379 552 multas
3427 493 3650 561 Insulas,

2062 586 2158 643 sed
2187 588 2460 658 praecipue
2480 586 2719 643 Siciliam
2747 589 3050 641 vastavere.

2131 678 2434 735 Adversum
2488 678 2695 736 Guthos
2739 679 2796 733 in
2858 676 3031 735 Gallia
3083 678 3325 748 quaedam
3392 678 3657 749 prospere

2062 780 2238 842 gesta.

2132 856 2519 919 resonosw
2550 860 2691 917 xvn
2720 860 2809 918 ΕΤ
2841 846 3080 918 FESTO
3118 858 3308 917 coss.

2135 954 2392 1010 Littorius
2450 954 2465 1006 l
2513 956 2602 1026 qui
2635 954 2871 1010 secunda
2905 953 2975 1010 ab
3006 955 3167 1009 Aetio
3212 952 3441 1023 patricio
3489 944 3649 1026 7&7

2064 1059 2326 1119 potestate
2374 1046 2583 1103 llunnis
2621 1048 2968 1103 auxiliaribus
3019 1057 3288 1115 prmerat,
3344 1045 3471 1102 dum
3513 1047 3649 1102 Aetii

2060 1144 2288 1211 gloriam
2343 1155 2605 1211 superare
2648 1141 2892 1213 appetit,
2948 1140 3184 1210 dumque
3224 1139 3531 1209 aruspicum
3566 1154 3652 1192 re-

2059 1235 2276 1303 sponsis
2304 1242 2359 1287 et
2402 1234 2708 1288 daemonum
2736 1233 3217 1304 signiﬁcationibus
3252 1232 3386 1302 ﬁdit,
3419 1246 3648 1302 pugnam

2061 1339 2181 1379 cum
2206 1325 2395 1380 Gothis
2426 1323 2793 1394 imprudenter
2821 1324 3118 1389 conseruit,
3153 1322 3385 1394 fecitque
3407 1324 3647 1393 intelligi,

2062 1426 2321 1487 quantum
2374 1418 2488 1485 illa,
2538 1432 2658 1488 quae
2688 1432 2811 1472 cum
2834 1415 3025 1473 eodem
3056 1417 3234 1486 periit,
3270 1432 3458 1471 manus
3488 1416 3650 1485 prod-

2061 1524 2183 1564 esse
2234 1509 2502 1579 potuerit,
2560 1510 2605 1563 si
2665 1507 2967 1578 potieribns
3034 1508 3279 1563 consiliis
3332 1524 3492 1578 quam
3551 1508 3648 1561 sua

2065 1602 2372 1656 temeritate
2403 1602 2478 1656 uti
2518 1600 2815 1669 maluisset,
2851 1602 3067 1668 quando
3097 1612 3298 1656 tantam
3334 1601 3448 1671 ipse
3476 1599 3649 1654 hosti-

2064 1691 2163 1745 bus
2195 1692 2404 1747 cladem
2437 1692 2648 1757 intulit,
2683 1702 2735 1745 ut
2770 1693 2871 1747 nisi
2907 1692 3366 1747 inconsiderantcr
3400 1692 3651 1761 pt-zelians

443 1796 497 1850 in
514 1792 689 1849 Africa
711 1790 1149 1854 Geisericus,rex
1172 1786 1560 1855 Vandalorum,
1585 1787 1724 1841 intra
1749 1785 1955 1841 habita-
1988 1785 2031 1843 Β
2063 1783 2114 1837 in
2148 1784 2509 1852 captivitatem
2541 1784 2837 1849 incidisset,
2861 1783 3215 1839 dubitandum
3251 1782 3407 1850 foret,
3438 1785 3523 1839 cui
3558 1799 3651 1854 po-

366 1887 529 1941 tionis
572 1899 684 1939 sua:
734 1882 932 1937 limites
974 1882 1161 1935 volens
1190 1879 1513 1934 catholicam
1558 1878 1716 1932 ﬁdem
1758 1878 1955 1932 Ariana

364 1976 643 2044 impietate
663 1972 1000 2040 subvertere,
1023 1968 1285 2041 quosdam
1315 1977 1624 2023 nostrorum
1673 1969 1957 2038 episeopo-

364 2080 513 2131 rum,
536 2062 563 2102 ά
593 2078 823 2134 quorum
852 2060 1145 2127 Possidius,
1176 2071 1231 2116 et
1257 2060 1515 2126 Novatus,
1541 2074 1604 2115 ac
1631 2060 1957 2117 Severianus

364 2159 625 2213 clariores
639 2165 813 2222 erant,
837 2166 1062 2211 eatenus
1085 2165 1397 2222 persecutus
1413 2164 1517 2218 est,
1538 2162 1594 2206 ut
1608 2154 1700 2208 eos
1718 2153 1956 2223 privatos

364 2256 488 2320 iure
518 2249 858 2305 basilicarum
890 2262 1141 2315 suarum,
1174 2246 1334 2301 etiam
1369 2245 1673 2301 civitatibus
1700 2247 1951 2317 pelleret,

366 2357 492 2399 cum
523 2344 761 2409 ipsorum
814 2336 1119 2395 constantia
1174 2338 1338 2394 nullis
1387 2338 1756 2409 superbissimi
1812 2339 1956 2410 regis

364 2434 665 2489 terroribus
695 2429 938 2487 cederet.

446 2522 849 2579 Valentinianus
878 2521 1152 2590 Augustus
1181 2518 1248 2575 ad
1266 2519 1628 2575 Theodosium
1657 2514 1952 2592 principem

366 2614 890 2683 Constantinopolim
928 2611 1316 2683 proﬁciscitur,
1388 2621 1410 2649 ο
1441 2612 1713 2683 ﬁliamque
1751 2615 1869 2683 ejus
1900 2616 1952 2669 in

368 2706 773 2761 matrimonium
814 2706 1030 2773 accipit.

446 2796 643 2851 Eodem
670 2810 810 2850 anno
828 2795 1103 2865 piraticam
1137 2792 1157 2832 ἲ
1190 2795 1541 2850 barbarorum
1572 2795 1951 2853 foederatorum

370 2886 681 2941 desertores
710 2896 1083 2941 exercuerunt.

440 2978 544 3034 Per
574 2979 716 3035 idem
756 2991 965 3050 tempus
990 2990 1220 3050 quatuor
1252 2979 1471 3052 llispani
1518 2982 1639 3049 viri,
1671 2984 1950 3050 Arcadius,

368 3072 617 3137 Probus,
666 3069 985 3127 Paschasius
1011 3115 1026 3140 ,
1068 3081 1122 3125 et
1152 3081 1174 3117 κ
1223 3072 1519 3143 Entychius
1558 3073 1755 3128 dudum
1810 3076 1951 3144 apud

367 3255 611 3324 darique
660 3255 996 3310 habebantur
1019 3271 1034 3312 :
1062 3270 1198 3325 quos
1224 3272 1339 3323 rex,
1372 3266 1428 3310 ut
1456 3257 1817 3326 copulatiores
1841 3260 1944 3314 sibi

365 3347 593 3409 faceret,
618 3348 671 3401 in
695 3348 947 3402 Arianam
979 3358 1179 3404 sectam
1214 3352 1446 3406 transire
1470 3354 1742 3421 praecepit.
1778 3356 1849 3409 At
1879 3354 1953 3408 illi

366 3438 576 3493 facinus
605 3437 1037 3495 constantissime
1078 3452 1411 3511 reSpuentes,
1458 3444 1692 3499 excitato
1727 3446 1779 3498 in
1814 3445 1955 3501 rabi-

364 3533 646 3587 dissimam
672 3534 805 3588 iram
833 3533 1085 3599 barbaro,
1138 3530 1366 3604 primum
1392 3538 1707 3606 proscripti,
1755 3530 1953 3596 deinde

364 3624 425 3679 in
443 3625 688 3679 exsilium
717 3625 865 3695 aeti',
896 3633 1006 3679 tum
1038 3627 1389 3681 atrocissitnis
1410 3628 1629 3683 cruciati
1655 3632 1950 3701 s‘uppliciis;

367 3714 440 3769 ad
474 3727 800 3784 postremum
828 3715 1059 3771 diversis
1087 3717 1350 3773 mortibus
1372 3717 1714 3790 interempti,
1760 3723 1953 3778 illustri

368 3806 635 3879 intartyrio
667 3807 985 3863 mirabiliter
1013 3808 1401 3863 occubuerunt.

449 3894 589 3955 Puer
610 3905 789 3955 autem
821 3898 1081 3955 Pauﬁllus
1113 3900 1362 3965 nomine,
1396 3900 1562 3957 frater
1592 3900 1866 3957 Paschasii
1904 3913 1956 3959 et

366 3993 641 4064 Entychii,
662 4007 759 4063 pro
778 3992 1038 4064 elegantia
1060 3991 1250 4048 formae
1267 4004 1428 4065 atque
1456 3995 1655 4067 ingenii
1668 3998 1952 4053 admodum

366 4103 385 4138 ι
403 4085 485 4155 cgi
512 4094 787 4154 acceptus,
818 4100 939 4140 cum
970 4099 999 4137 a
1029 4084 1363 4156 professione
1387 4094 1550 4157 atque
1566 4103 1752 4144 amore
1771 4092 1955 4146 catho-

368 4179 488 4230 lica:
517 4174 640 4230 ﬁdei
670 4177 831 4230 nullis
855 4176 1014 4230 minis
1040 4175 1312 4231 deturbari
1339 4185 1552 4246 posset,
1584 4179 1816 4237 fustibus
1865 4182 1958 4239 diu

364 4280 573 4333 caesus,
592 4264 621 4303 ιι
646 4268 711 4320 ad
734 4266 969 4321 inﬁmam
988 4266 1300 4322 servitutem
1323 4268 1610 4326 damnatus
1630 4282 1741 4327 est:
1766 4271 1782 4312 ί
1806 4274 1951 4344 ideo,

366 4358 431 4413 ut
460 4368 704 4427 apparet,
750 4375 856 4414 non
881 4360 1223 4427 interfectus,
1256 4376 1325 4416 ne
1368 4361 1437 4417 de
1465 4373 1717 4434 superata
1748 4368 1950 4423 saevitia

366 4451 521 4521 impii
550 4451 688 4521 regis
718 4450 880 4507 etiam
906 4450 993 4506 illa
1026 4460 1157 4508 tetas
1183 4450 1523 4524 gloriaretur.

2062 1876 2166 1931 tius
2194 1878 2329 1944 parti
2363 1877 2582 1931 victoria
2609 1877 2991 1931 ascriberetnr.

2132 1966 2241 2025 llac
2274 1979 2591 2039 tempestate
2638 1968 2878 2024 Julianus
2908 1967 2931 2006 ¹ί
2969 1969 3287 2025 Eclanensis
3316 1969 3649 2039 jactantissi-

2060 2076 2178 2116 mus
2203 2060 2472 2131 Pelagiani
2500 2061 2703 2116 erroris
2733 2069 3005 2127 assertor,
3037 2076 3197 2131 quem
3233 2060 3433 2115 dudum
3465 2062 3648 2117 amissi

2059 2152 2401 2223 episcopatus
2443 2154 2815 2224 intemperans
2851 2153 3048 2221 cupido
3078 2152 3334 2223 agitabat,
3382 2153 3651 2208 multimo-

2057 2246 2123 2300 da
2151 2260 2265 2300 arte
2297 2243 2515 2301 fallendi
2554 2246 2909 2301 correctionis
2953 2260 3103 2314 spem
3135 2245 3459 2315 praeferens,
3494 2245 3648 2301 moli-

2060 2347 2148 2393 tus
2176 2347 2260 2393 est
2286 2340 2338 2393 in
2369 2340 2803 2395 communionem
2839 2339 3095 2394 Ecclesiae
3118 2328 3380 2410 irrepere.
3431 2340 3537 2396 Sed
3568 2341 3650 2394 his

2058 2432 2270 2486 insidiis
2296 2432 2482 2487 Xistus
2505 2448 2639 2503 papa
2666 2433 2877 2487 diaconi
2907 2432 3102 2487 Leonis
3131 2432 3344 2486 hortatu
3369 2433 3650 2502 vigilanter

2057 2538 2368 2587 occurrens,
2400 2523 2601 2577 nullum
2626 2523 2826 2578 aditum
2860 2524 3128 2590 pestiferis
3151 2524 3430 2579 conatibus
3455 2535 3637 2595 patere

2058 2615 2301 2682 permisit
2333 2632 2345 2668 :
2378 2624 2432 2670 et
2465 2615 2533 2669 ita
2556 2629 2746 2669 omnes
2773 2615 3069 2669 catholicos
3104 2616 3174 2672 de
3203 2616 3499 2684 rejectione
3542 2612 3644 2671 fal-

2058 2706 2185 2760 lacis
2215 2706 2400 2761 bestiae
2420 2706 2654 2777 gaudere
2684 2705 2827 2771 fecit,
2859 2707 3011 2776 quasi
3044 2716 3169 2762 tunc
3196 2707 3426 2777 primum
3457 2722 3647 2777 super-

2056 2796 2332 2852 bissimam
2391 2797 2640 2852 haeresim
2671 2798 2995 2866 apostolicus
3011 2797 3220 2867 gladius
3246 2792 3644 2855 det‘runcasset.

2130 2888 2231 2942 Per
2252 2887 2393 2943 idem
2427 2896 2638 2957 tempus
2672 2887 2901 2943 Vitricus
2948 2888 3259 2958 reipublicae
3292 2898 3492 2944 nostra:
3519 2890 3649 2946 ﬁde-

2056 2979 2147 3044 lis,
2186 2987 2240 3034 et
2270 2978 2453 3033 multis
2473 2979 2812 3035 documentis
2843 2978 3050 3036 bellicis
3072 2980 3251 3034 clarus
3282 2979 3599 3036 habebatur.

2129 3073 2237 3129 Pax
2265 3090 2387 3133 cum
2420 3072 2610 3130 Gothis
2640 3073 2802 3142 facta,
2834 3088 2955 3128 cum
2982 3090 3099 3130 eam
3133 3083 3254 3142 post
3272 3073 3524 3143 ancipitis
3547 3090 3647 3145 pu-

260 3218 273 3221 _
367 3161 706 3217 Ceisericmn
743 3172 935 3216 merito
950 3162 1226 3232 sapientia:
1252 3172 1308 3217 et
1334 3164 1506 3218 ﬁdelis
1537 3165 1782 3234 obsequii
1805 3166 1949 3221 chari
1981 3169 2024 3230 C
2055 3184 2174 3238 gnze
2202 3168 2549 3240 lacrymabile
2573 3169 3028 3239 experimentum,
3053 3169 3312 3225 humilius
3338 3183 3502 3239 quam
3525 3186 3645 3226 um-

2054 3276 2213 3332 quam
2241 3273 2399 3316 antea
2446 3263 2840 3331 poposcissent.

2130 3352 2286 3407 Aetio
2314 3351 2474 3407 rebus
2495 3367 2615 3422 quae
2636 3351 2689 3407 in
2712 3351 2899 3408 Galliis
2917 3354 3385 3423 componebantur
3416 3355 3643 3413 intento.

2058 3457 2388 3521 Ceisericus,
2433 3457 2501 3513 de
2527 3457 2684 3527 cujus
2708 3457 2940 3512 amicitia
2976 3457 3107 3512 nihil
3149 3458 3487 3512 metuebatur
3510 3495 3526 3522 ,
3560 3472 3648 3510 διν

2055 3546 2313 3612 kalendas
2343 3554 2663 3613 Novembris
2685 3544 3059 3628 Carthaginem
3086 3558 3214 3614 dolo
3247 3544 3393 3628 pacis
3420 3557 3644 3623 invadit,

2056 3671 2351 3726 omnesque
2400 3664 2533 3726 opes
2560 3658 2699 3727 ejus,
2739 3657 3061 3712 excruciatis
3090 3657 3313 3712 diverso
3355 3664 3650 3712 tormento-

2059 3768 2174 3815 rum
2208 3756 2403 3829 genere
2429 3758 2655 3825 civibus,
2706 3757 2759 3812 in
2785 3758 2871 3828 jus
2895 3758 3050 3812 suum
3083 3761 3261 3820 Vertit,
3314 3771 3413 3812 nec
3440 3758 3507 3813 ab
3543 3756 3648 3813 Ec.-

2056 3862 2342 3918 clesiarum
2381 3858 2771 3929 despoliatione
2823 3858 3123 3923 abstinens,
3168 3872 3302 3927 quas
3351 3866 3408 3912 et
3474 3858 3647 3915 sacris

2060 3961 2204 4014 vasis
2232 3958 2555 4024 exinanitas,
2588 3966 2643 4013 et
2670 3957 3011 4013 sacerdotum
3045 3957 3515 4014 administratione
3546 3957 3651 4029 pri-

2056 4071 2207 4116 vatas
2231 4104 2246 4128 ,
2278 4075 2386 4115 non
2409 4059 2520 4129 jam
2543 4059 2709 4115 divini
2730 4059 2909 4117 cultus
2934 4059 3074 4126 loca,
3116 4058 3213 4115 sed
3238 4048 3461 4115 suorum
3488 4059 3651 4131 jussit

2064 4169 2185 4218 esse
2206 4159 2558 4227 habitacula;
2598 4161 2653 4216 in
2684 4162 2992 4217 universum
3023 4163 3225 4230 captivi
3277 4161 3463 4230 populi
3506 4160 3651 4218 ordi-

2064 4277 2186 4317 nem
2212 4275 2406 4328 smvus,
2436 4261 2532 4317 sed
2563 4261 2831 4333 praecipue
2878 4260 3143 4317 nobilitati
3174 4270 3230 4317 et
3277 4261 3525 4333 religioni
3563 4264 3652 4318 in-

2061 4366 2276 4433 fensus,
2329 4375 2388 4422 ut
2425 4381 2531 4422 non
2571 4366 2968 4425 discerneretur
2994 4367 3304 4424 hominibus
3331 4370 3535 4441 magis,
3583 4382 3656 4425 an

2060 4465 2172 4521 Deo
2202 4464 2402 4522 bellum
2428 4466 2696 4523 intulisset
2723 4464 2766 4521 ι.
3514 4470 3520 4475 ’

618 4650 719 4689 ms.
749 4634 902 4690 Colb.
932 4648 1092 4701 unus,
1126 4634 1256 4690 Lab.
1281 4645 1336 4691 et
1358 4637 1476 4707 Aug
1521 4636 1643 4692 cod.
1667 4636 1796 4704 Alii,
1821 4641 1953 4695 bello
1986 4645 2036 4705 D
2061 4653 2114 4699 et
2131 4648 2322 4754 pigritia
2349 4647 2405 4700 in
2432 4646 2678 4754 altricum):
2699 4647 2988 4754 pag/idiota.

366 4706 665 4829 “infitiata
694 4774 749 4829 in
784 4775 1010 4831 diversis
1047 4773 1319 4831 codicibus
1394 4774 1580 4832 Hunni
1621 4789 1715 4835 aut
1750 4781 1955 4838 Charini

364 4857 653 4901 vocantur.
696 4846 853 4899 Ρυιιι.

446 4927 467 4954 ε
500 4916 596 4970 Ms.
630 4916 784 4970 Colb.
808 4929 969 4984 unus,
995 4916 1305 4987 impleverit.
1329 4917 1502 4987 Alius,
1528 4920 1807 4989 adiuverit.
1838 4926 1952 4978 Au-

364 4996 513 5038 gust.
537 5027 552 5038 .
584 4985 804 5038 adiuvit.

364 4996 513 5058 gust.
537 5027 553 5050 ,
584 4994 804 5057 adjuvit.

440 5055 466 5094 ἀ
496 5057 625 5139 Haec
651 5056 837 5114 addita
863 5071 930 5115 ex
952 5056 1085 5114 edit.
1111 5056 1247 5115 Lab.
1278 5069 1333 5114 et
1365 5073 1467 5114 ms.
1491 5059 1625 5115 Lod.
1652 5077 1683 5115 a
1714 5062 1953 5120 Pontaco

361 5137 697 5279 ieieréi'égia
710 5198 917 5279 _scribit
945 5199 1136 5279 ethsub
1164 5198 1354 5255 iisdem
1370 5200 1700 5279 consulibus
1725 5203 1953 5279 Mareel-

362 5266 530 5322 linus.
579 5268 682 5321 Sed
708 5267 961 5324 Socrates
997 5267 1094 5324 lib.
1119 5285 1189 5322 vn
1211 5284 1331 5337 cap.
1355 5268 1448 5335 44,
1480 5268 1723 5327 Cassiod.
1752 5275 1846 5329 lib.
1878 5291 1952 5330 xu

367 5339 506 5413 _Ilist.
561 5337 795 5413 Tripart.
828 5353 948 5407 cap.
982 5340 1070 5413 i5,
1107 5340 1371 5413 Diaconus
1410 5341 1503 5413 lib.
1535 5357 1631 5396 IIV
1652 5384 1666 5406 ,
1698 5345 1954 5413 rejiciunt

363 5410 420 5460 in
446 5408 780 5476 superiorem
807 5411 1171 5464 consulatum.
1226 5410 1323 5465 Cui
1355 5412 1530 5477 potius
1558 5408 1837 5470 adhatreas
1866 5421 1950 5471 vix

361 5477 591 5548 indicari
619 5488 814 5548 potest.
869 5479 997 5535 Haec
1037 5489 1211 5534 autem
1256 5482 1363 5536 ﬁlia
1392 5483 1684 5539 vocabatur
1709 5485 1952 5543 Eudoxia

363 5549 469 5600 ﬁlia
491 5546 713 5606 alterius
744 5550 1024 5606 Eudoxiaz.
1050 5551 1277 5607 Pontac.

439 5614 459 5655 ι
490 5616 548 5672 in
577 5620 895 5698 quibusdam
924 5621 1223 5698 codicibus,
1251 5622 1473 5698 ﬂagitari
1496 5627 1777 5698 pyraticam
1800 5644 1947 5683 exer-

367 5699 598 5742 cuerunt.
634 5692 835 5747 flesunt
857 5693 975 5749 haec
998 5693 1137 5757 apud
1168 5693 1304 5749 Lab.
1336 5692 1540 5750 Chron.

438 5767 463 5806 8
496 5761 646 5820 Apud
678 5760 968 5831 Labbeum,
1020 5762 1373 5819 Euticlu‘mma.
1406 5766 1550 5822 idem
1592 5768 1735 5823 addit
1778 5771 1940 5837 chari,

2080 4766 2085 4771 .
2131 4714 2159 4754 ¹³
2190 4717 2281 4773 Sic
2304 4733 2406 4773 ms.
2434 4718 2552 4773 Col.
2585 4714 2986 4787 unus,August.
3013 4718 3182 4773 codex
3207 4727 3267 4774 et’
3287 4714 3491 4776 Chron.
3515 4720 3650 4779 Lab..

2061 4787 2167 4842 hei.
2204 4789 2258 4842 In
2289 4789 2430 4854 aliis,
2462 4788 2532 4841 ad
2559 4790 2827 4855 infamem.

2187 4861 2260 4933 ita
2278 4859 2479 4933 Chron.
2503 4858 2632 4913 Lab.
2651 4873 2772 4912 cum
2794 4874 2927 4933 mss.
2941 4858 3095 4933 Coll).
3121 4860 3330 4915 duobus
3344 4871 3396 4915 et
3416 4862 3641 4933 August.

2057 4927 2346 5001 Ali_bi,_nec
2369 4929 2504 4993 ideo,
2530 4935 2587 4981 ut
2610 4940 2823 4998 apparet
2840 4971 2854 4989 ,
2884 4930 3205 5001 interfectus.

2133 4998 2146 5047 i
2190 4998 2281 5072 Sic
2345 5008 2606 5072 mutatum
2652 5002 2973 5055 auctoritate
3020 4998 3149 5055 is'.
3195 5002 3467 5068 plurium,
3521 5017 3643 5072 pro,

2053 5071 2288 5144 secundm
2325 5069 2387 5121 ab
2417 5071 2563 5122 Aetio
2622 5072 2839 5144 patricio
2878 5072 3136 5139 potestati.
3193 5073 3320 5127 Item
3366 5080 3460 5142 pro
3482 5069 3645 5144 qitart-

2059 5148 2167 5213 tum
2188 5140 2283 5213 illa
2305 5155 2482 5213 eorum
2506 5154 2623 5213 qua!
2648 5143 2798 5213 periit
2828 5159 3034 5197 manus.
3308 5211 3318 5213 Α
3360 5140 3376 5213 ί
3492 5140 3500 5173 ³

2128 5207 2155 5281 'f
2187 5209 2242 5263 In
2268 5208 2389 5281 aliis
2417 5207 2697 5266 codicibus
2737 5213 3108 5267 AtheIancnsis.
3167 5211 3321 5281 Apud
3352 5212 3644 5267 Pontaenm

2055 5287 2104 5333 et
2132 5277 2268 5337 Lab.
2298 5279 2616 5336 Ectanensis.
2659 5283 2916 5338 Eclannm
2941 5286 3069 5339 urbs
3091 5294 3171 5338 est
3197 5277 3508 5350 Campania:
3538 5287 3643 5339 An-

2055 5352 2244 5421 tonino
2274 5360 2329 5405 et
2368 5350 2490 5407 aliis
2522 5368 2536 5405 :
2565 5364 2618 5408 et
2640 5352 2950 5408 Gennadius
2991 5355 3151 5407 tradit
3198 5352 3338 5421 hunc
3373 5355 3644 5409 .l‘ulianmn

2056 5419 2593 5485 fuissetlampannm.
2644 5425 2756 5490 Qua
2810 5425 2958 5477 dere
2984 5424 3207 5479 consule
3259 5419 3641 5481 Praefationem

2057 5491 2315 5564 librorum
2342 5491 2534 5564 Operis
2564 5493 2864 5559 Imperfecti
2905 5502 3093 5546 contra
3129 5494 3400 5551 Iulianum
3437 5502 3581 5551 tnmo
3612 5513 3643 5551 χ

2054 5563 2287 5623 ()perum
2332 5563 2402 5617 ὃ(
2434 5564 2714 5632 Augustini
2761 5564 3012 5617 editionis
3053 5567 3362 5623 novissima:
3393 5569 3508 5624 RR.
3540 5567 3644 5624 PP.

2054 5632 2522 5687 Benedictinorum
2559 5648 2677 5701 pag.
2708 5633 2812 5687 βδεῖ
2837 5642 2891 5687 et
2922 5644 3166 5700 seqne‘nl.

2132 5703 2148 5740 1
2188 5704 2276 5758 Sic
2296 5714 2689 5776 consequenter
2718 5702 2947 5759 habetur
2972 5706 3020 5759 in
3045 5705 3247 5761 Chron.
3281 5709 3497 5776 Labbei,
3521 5724 3635 5765 cunt

2058 5772 2107 5825 in
2135 5776 2449 5843 quibusdam
2480 5775 2695 5829 deficiat
2726 5777 2841 5831 hate
2883 5778 3147 5831 sententia
3171 5819 3186 5845 ,
3212 5782 3259 5834 in
3300 5781 3417 5835 aliis
3442 5772 3623 5835 articu
