3978 6178
459 257 564 315 599

1670 253 1732 311 s.
1778 250 2118 309 PHOSPERI
2155 251 2480 323 sommo

3619 254 3721 310 600

523 372 678 428 Hanc
726 379 907 428 autem
954 369 1318 438 captivitatem
1367 366 1637 438 Carthago
1677 367 1841 422 subiit
1891 382 2033 421 anno
2062 367 2108 424 Α
2136 368 2474 434 conﬁrmata,
2526 376 2581 423 et
2607 366 2773 423 certis
2817 367 3005 437 spatiis
3048 367 3228 425 Africa
3268 369 3409 425 inter
3434 377 3727 444 utrumque

452 471 735 536 postquam
759 461 928 520 Roma
954 474 1075 515 esse
1103 464 1343 529 caperat‘
1367 474 1609 513 ouxxv.

521 554 687 627 748
736 551 1240 609 VALENTINIANO
1279 550 1605 609 AUGUSTO
1660 551 1700 605 Υ
1751 550 1839 606 ΕΤ
1868 550 2037 606 ANA-

452 644 704 701 THOLIO
725 643 915 700 COSS.

524 737 784 794 Defuncto
815 735 969 792 Xisto
994 738 1284 804 episcopo,
1340 750 1411 790 ιι.
1438 734 1671 803 amplius
1707 733 1897 789 diebus
1925 732 2035 787 Ro-

449 845 607 886 mana
639 829 878 885 Ecclesia
908 829 1025 884 sine
1055 827 1295 882 antistite
1315 823 1436 891 fuit,
1471 826 1701 881 mirabili
1726 840 1853 895 pace
1873 833 2033 894 atque

448 919 705 991 patientia
732 928 759 957 ιι
792 918 1130 988 prasentiam
1186 917 1398 972 diaconi
1449 916 1645 971 Leonis
1689 926 2030 985 exspectans,

443 1025 604 1080 quem
634 1019 761 1065 tunc
803 1009 945 1065 inter
968 1007 1176 1063 Aetium
1198 1015 1253 1062 et
1280 1005 1530 1060 Albinum
1562 1006 1823 1060 amicitias
1850 1004 1877 1042 δ
1910 1006 2031 1059 red-

446 1103 802 1173 integrantem
842 1099 1035 1155 Gallia
1062 1098 1393 1153 detinebant.
1436 1096 1596 1165 Quasi
1622 1096 1741 1151 ideo
1767 1106 1787 1136 ο
1822 1098 2030 1165 longius

442 1204 589 1248 esset
616 1193 903 1257 abductus.
934 1202 995 1247 ut
1022 1202 1076 1247 et
1097 1190 1258 1246 electi
1287 1191 1539 1244 meritum
1559 1231 1573 1252 ,
1629 1202 1680 1245 et
1713 1191 2025 1260 eligentium

437 1285 699 1354 judicium
729 1284 1067 1354 probaretur.
1116 1282 1283 1353 Igitur
1323 1283 1431 1337 ιιεο
1460 1282 1721 1336 diaconus
1760 1283 2028 1353 legatione

442 1376 651 1444 publica
704 1377 943 1441 accitus,
1001 1384 1056 1429 et
1099 1374 1356 1444 gaudenti
1416 1375 1609 1443 patria
1650 1384 2021 1443 prasentatus,

440 1467 603 1524 XLIII
630 1468 887 1523 Romana
919 1467 1175 1522 Ecclesia
1206 1466 1494 1534 episcopus
1515 1465 1816 1520 ordinatur.

511 1560 818 1616 Geisericns
840 1559 1075 1614 Siciliam
1094 1556 1332 1627 graviter
1356 1556 1619 1627 afﬂigens,
1646 1567 1864 1626 accepto
1888 1574 2019 1612 nun-

440 1652 517 1706 tio
544 1649 571 1687 ά
600 1651 667 1706 de
700 1650 999 1705 Sebastiani
1029 1650 1096 1704 ab
1124 1648 1376 1718 Hispania
1406 1648 1471 1701 ad
1502 1647 1737 1703 Africam
1770 1649 2017 1714 transitu,

2141 456 2307 511 divisa
2338 468 2442 513 est.

2213 550 2267 604 In
2300 549 2631 607 Geisericum
2658 552 2818 607 etiam
2847 554 2987 623 apud
3013 568 3143 609 suos
3163 559 3231 610 de
3260 570 3515 612 successu
3542 576 3723 616 rerum

2138 646 2562 713 superbientem,
2595 648 2813 717 quidam
2857 650 3145 717 Optimates
3174 649 3341 717 ipsius
3374 644 3728 720 conspirave-

2139 744 2282 789 runt.
2344 736 2448 792 Sed
2479 738 2757 792 molitione
2783 738 3024 807 detecta,
3050 740 3232 794 multis
3254 742 3324 795 ab
3348 759 3415 797 eo
3439 746 3724 815 suppliciis

2136 828 2426 881 excruciati
2460 836 2621 897 atque
2665 829 2918 883 exstincti
2951 839 3096 883 sunt.
3128 830 3369 899 Cumque
3422 832 3568 887 idem
3619 851 3721 890 au-

2136 917 2365 972 dendum
2397 918 2558 971 etiam
2612 919 2678 974 ab
2719 920 2840 974 aliis
2868 920 3171 984 videretur,
3229 924 3413 977 multis
3454 926 3600 994 regis
3629 943 3723 980 su-

2134 1008 2303 1077 spicio
2332 1009 2497 1065 exitio
2528 1010 2646 1075 fuit,
2675 1021 2734 1065 ut
2760 1012 2859 1066 hac
2885 1013 2966 1066 sui
2999 1028 3126 1067 cura
3158 1013 3274 1083 plus
3304 1017 3498 1070 virium
3523 1018 3720 1087 perde-

2131 1108 2233 1158 ret,
2261 1115 2417 1166 quam
2444 1100 2486 1152 si
2512 1100 2655 1154 bello
2683 1111 3049 1169 superaretur.

2204 1191 2477 1246 MAXIMO
2516 1192 2557 1247 Il
2598 1192 2685 1246 ET
2719 1194 2735 1229 ί
2770 1190 3069 1248 PATEltIO
3106 1191 3293 1250 COSS.

2200 1282 2363 1353 749
2416 1284 2528 1337 Hoc
2578 1294 2819 1352 tempore
2869 1286 3128 1353 plurimOs
3189 1287 3517 1342 Mauicbaos
3572 1290 3714 1345 intra

2130 1372 2325 1428 Urbem
2357 1375 2523 1429 latere
2556 1374 2570 1425 ἱ
2611 1375 2885 1444 diligentia
2918 1391 3069 1445 papa
3112 1377 3302 1431 Leonis
3336 1380 3593 1443 innotuit,
3625 1384 3714 1451 qui

2128 1478 2221 1516 eos
2250 1466 2317 1518 de
2347 1466 2575 1519 secretis
2602 1465 2711 1519 suis
2733 1475 2935 1532 erutos,
2964 1476 3020 1519 et
3050 1468 3225 1521 oculis
3248 1469 3413 1524 totius
3452 1472 3713 1529 Ecclesia

2128 1553 2451 1621 publicatos,
2483 1569 2671 1609 omnes
2692 1555 2955 1626 dogmatis
2976 1554 3059 1610 sui
3092 1559 3451 1627 turpitudines
3480 1574 3536 1618 et
3562 1565 3713 1621 dam-

2126 1662 2257 1703 nare
2304 1648 2435 1702 fecit
2482 1659 2536 1702 et
2578 1649 2840 1717 prodere;
2887 1650 3118 1704 incensis
3164 1666 3351 1706 eorum
3398 1656 3711 1724 codicibus,

442 1751 466 1779 ο
498 1743 749 1798 celeriter
771 1739 1147 1811 Carthaginem
1165 1740 1343 1807 rediit,
1366 1748 1512 1794 ratus
1534 1741 1895 1809 periculosum
1919 1742 2018 1795 sibi
2053 1734 2098 1794 B
2126 1756 2351 1809 quorum
2384 1756 2590 1809 magna
2617 1742 2788 1797 moles
2815 1741 3026 1797 fuerant
3056 1743 3390 1813 intercepta.
3422 1748 3556 1815 Qua
3580 1765 3709 1806 cura

437 1848 501 1887 ac
530 1833 644 1887 suis
671 1833 803 1895 fore.
833 1833 877 1887 si
904 1834 987 1886 vir
1015 1829 1251 1887 bellandi
1280 1829 1484 1899 peritus
1534 1830 1859 1899 recipienda
1884 1831 2021 1885 Car-

439 1924 642 1995 thagini
690 1923 1044 1980 incubuisset.
1125 1922 1322 1977 Verum
1364 1922 1455 1977 ille
1491 1923 1719 1976 amicum
1766 1936 1825 1977 se
1853 1922 2023 1993 magis

435 2032 594 2085 quam
641 2016 846 2071 hostem
878 2014 1046 2069 videri
1088 2013 1315 2077 volens,
1344 2013 1557 2068 diversa
1595 2014 1773 2068 omnia
1828 2012 1847 2051 τ
1880 2015 2019 2084 apud

438 2107 648 2162 barbari
684 2107 921 2161 animum
954 2120 1112 2175 quam
1143 2112 1559 2173 prasumpserat
1582 2104 1783 2173 reperit
1807 2121 1822 2160 :
1850 2120 2020 2176 eaque

436 2215 563 2266 spes
599 2213 759 2253 causa
792 2197 871 2252 illi
908 2197 1139 2250 maxima
1170 2204 1226 2249 et
1253 2194 1574 2251 calamitatis
1612 2203 1668 2250 et
1715 2194 2022 2253 infelicissi-

434 2306 537 2345 ma
564 2289 754 2343 mortis
778 2286 899 2343 fuit.

502 2378 683 2436 CYRO
711 2378 772 2434 V.
801 2378 862 2433 C.
892 2376 1223 2434 CONSULE.

502 2480 839 2537 Theodosius
870 2481 1162 2551 imperator
1182 2478 1383 2534 bellum
1406 2487 1591 2534 contra
1612 2479 1885 2535 Vandalus
1903 2497 2017 2536 mo-

429 2592 520 2637 vet
547 2592 573 2629 κ
607 2584 912 2639 Areobinda
932 2624 947 2651 ,
978 2592 1034 2639 et
1062 2582 1340 2649 Anaxilla,
1378 2591 1539 2653 atque
1569 2584 1840 2639 Germano
1868 2586 2017 2640 duci-

429 2682 529 2737 bus
557 2697 679 2738 cum
709 2698 896 2753 magna
942 2683 1117 2737 classe
1160 2682 1379 2737 directis
1410 2700 1424 2736 :
1456 2682 1548 2751 qui
1583 2683 1759 2754 longis
1797 2695 2015 2739 cuncta-

428 2786 662 2840 tionibus
710 2786 980 2854 negotium
1009 2784 1343 2852 diﬂ‘erentes,
1393 2784 1589 2840 Sicilia
1631 2786 1800 2855 magis
1838 2786 2011 2851 oneri,

425 2900 586 2954 quam
616 2883 814 2939 Africa
845 2884 1099 2953 prasidio
1130 2884 1361 2938 fuerunt.

496 2983 833 3040 DiOSCORO
865 2983 928 3037 V.
962 2982 1024 3037 C.
1056 2983 1143 3036 ET
1178 2982 1261 3037 EU
1275 2980 1484 3036 DOXIO
1513 2980 1702 3037 COSS.

2126 1833 2241 1885 viro
2284 1843 2470 1887 sancto
2510 1832 2787 1898 divinitus,
2835 1843 2895 1886 ut
2942 1836 3212 1903 apparuit,
3265 1836 3550 1906 inspirata,
3594 1857 3704 1897 non

2123 1923 2295 1976 solum
2327 1922 2582 1975 Romana
2609 1922 2749 1987 urbi,
2781 1923 2874 1977 sed
2909 1923 3070 1977 etiam
3105 1925 3361 1979 universo
3391 1927 3509 1981 orbi
3542 1929 3710 1998 pluri-

2125 2030 2267 2067 mum
2323 2012 2546 2080 profuit.
2603 2013 2881 2081 Siquidem
2938 2014 3370 2070 confessionibus
3437 2020 3489 2072 in
3559 2020 3709 2078 Urbe

2122 2114 2397 2172 captorum
2418 2144 2433 2171 ,
2465 2104 2555 2175 qui
2585 2104 2839 2158 doctores
2868 2119 3055 2159 eorum
3075 2150 3089 2173 ,
3122 2108 3209 2175 qui
3237 2108 3509 2176 episc0pi,
3548 2112 3707 2179 quive

2124 2195 2461 2265 presbyteri,
2505 2195 2555 2248 in
2587 2194 2779 2264 quibus
2806 2195 3092 2263 provinciis
3123 2197 3208 2251 vel
3252 2198 3564 2254 civitatibus
3609 2202 3707 2257 de-

2120 2295 2338 2356 gerent,
2380 2286 2697 2354 patefactum
2733 2296 2837 2339 esu
2890 2284 3143 2355 Multique
3180 2286 3539 2343 Orientalium
3583 2306 3707 2359 par-

2121 2379 2252 2430 tium
2283 2376 2593 2430 sacerdotes
2637 2374 2956 2429 industriam
2995 2377 3273 2445 apostolici
3310 2382 3539 2436 rectoris
3584 2383 3704 2439 imi-

2122 2470 2213 2523 tati
2247 2477 2391 2521 sunt.

2191 2559 2575 2615 THEOliOSIO
2596 2558 2759 2614 XVIII
2793 2560 2879 2614 ET
2903 2560 3153 2615 ALBINO
3177 2561 3364 2618 COSS.

2190 2652 2301 2705 lloc
2333 2667 2475 2706 anno
2519 2652 2721 2706 Pascha
2765 2652 2976 2707 Domini
3019 2669 3071 2706 ιι
3102 2652 3362 2708 kalendas
3388 2654 3509 2709 Maii
3552 2657 3698 2712 cele-

2117 2744 2326 2797 bratum
2348 2754 2454 2806 est,
2501 2758 2601 2797 nec
2630 2752 2871 2797 erratum
2903 2754 3006 2797 est.
3048 2744 3183 2807 Quia
3216 2745 3266 2797 in
3292 2745 3382 2799 die
3411 2745 3699 2800 undecima

2116 2834 2465 2888 kalendarum
2508 2834 2766 2887 Maiarum
2811 2833 2928 2887 dies
2971 2833 3245 2887 Passionis
3282 2834 3401 2889 fuit.
3437 2836 3521 2889 Ob
3548 2838 3701 2906 cujus

2116 2928 2471 2982 reverentiam
2526 2926 2719 2981 natalis
2770 2926 2921 2981 urbis
2963 2926 3145 2981 Roma
3190 2928 3309 2982 sine
3357 2929 3546 2985 circen
3582 2932 3701 2987 ibus

2116 3022 2345 3076 transiit.

495 3083 701 3138 Ilunnis
724 3082 1010 3138 Thraciam
1032 3090 1086 3136 et
1111 3080 1382 3152 Illyricum
1412 3096 1552 3134 sava
1580 3081 2003 3152 depopulatione

2178 3113 2341 3167 Attila
2377 3126 2471 3166 rex
2502 3109 2822 3165 Hunnorum
2853 3108 3073 3163 Bledam
3110 3107 3329 3165 fratrem
3358 3122 3415 3166 et
3456 3080 3697 3173 consor-

422 3186 785 3251 \astantibus,
828 3185 1102 3241 exercitus
1131 3185 1221 3255 qui
1274 3184 1326 3237 in
1356 3184 1539 3240 Sicilia
1576 3188 1906 3256 morabatur,
1940 3191 2006 3245 ad

422 3286 793 3341 defensionem
824 3285 1164 3341 orientalium
1192 3282 1220 3322 ¹ι
1253 3286 1485 3354 partium
1516 3288 1824 3343 revertitur.

490 3384 627 3440 Cum
655 3383 931 3440 Geiserico
957 3392 1134 3439 autem
1162 3401 1191 3438 a
1224 3384 1598 3440 Valentiniano
1631 3386 1869 3455 Augusto
1901 3404 2004 3459 pax

421 3520 505 3591 lus
529 3534 699 3591 novus
741 3519 1099 3574 constituatur
1147 3519 1214 3572 ab
1240 3518 1321 3571 his
1351 3517 1643 3591 incipiens,
1676 3518 1935 3591 Carthago
1965 3538 1998 3574 a

432 3589 681 3644 Vandalis
719 3601 871 3655 capta
922 3606 1057 3643 anno
1094 3600 1362 3657 postquam
1410 3588 1575 3641 flama
1629 3604 1735 3642 esse
1779 3588 1999 3659 coeperat

420 3676 641 3719 tonent.
669 3659 800 3714 alias
826 3675 1022 3714 uxxcv.
1075 3660 1305 3713 Poniaco
1332 3673 1438 3712 non
1463 3659 1711 3712 videntur
1731 3675 1853 3715 esse
1883 3667 1998 3715 Au-

418 3734 604 3787 ctoris.
653 3730 805 3785 Prior
828 3741 1007 3785 autem
1036 3744 1289 3783 numerus
1314 3731 1513 3800 optime
1536 3729 1824 3800 respondet
1854 3745 1997 3787 anno

420 3806 455 3857 ὃ
481 3803 694 3872 Olymp.
747 3801 851 3856 158
873 3842 887 3865 ,
913 3816 1034 3872 Aqno
1080 3800 1351 3872 Eusebius
1379 3800 1581 3872 notavit
1612 3800 1995 3872 carthaginem

418 3869 585 3927 fuisse
616 3884 826 3940 captam
850 3888 878 3925 a
911 3870 1201 3925 Romanis:
1233 3870 1393 3925 modo
1432 3885 1536 3924 non
1569 3869 1827 3925 includas
1852 3873 1903 3925 in
1932 3888 1993 3927 ea

417 3944 753 3997 consulatum
787 3944 927 3996 hunc
952 3955 1275 4007 extremum,
1300 3957 1407 4011 quo
1427 3943 1635 4010 capitur
1659 3956 1691 3995 a
1718 3941 1992 3997 Vandalis.

417 4013 639 4069 Potttac.

488 4094 514 4121 ⁸
544 4084 599 4137 In
634 4082 754 4136 aliis
783 4082 1082 4141 codicibus,
1114 4081 1409 4134 adventum.

487 4152 515 4192 δ
548 4153 600 4206 In
632 4152 971 4223 quibusdam
991 4152 1170 4215 libris,
1202 4153 1442 4205 amicitia:
1479 4152 1889 4223 redintegranda:
1908 4152 2000 4209 de-

417 4224 641 4275 tinebant
672 4232 761 4273 aut
786 4222 1122 4273 detinebatur.

493 4303 516 4330 ε
546 4292 645 4345 Alii
674 4291 913 4351 codices.
940 4292 1119 4357 longus
1150 4299 1274 4341 esset
1306 4290 1569 4344 adventus.
1596 4291 1651 4344 In
1686 4290 1839 4349 Colb.
1864 4311 1993 4361 uno,

2119 3216 2225 3261 tem
2246 3207 2299 3259 in
2331 3220 2493 3274 regno
2520 3219 2671 3257 suum
2710 3202 2948 3272 perimit,
2981 3203 3202 3273 ejusque
3224 3204 3456 3273 populos
3478 3206 3583 3259 sibi
3608 3219 3700 3276 pa-

2114 3311 2238 3353 rere
2254 3294 2553 3363 compellit.

2186 3386 2695 3445 VALENTINIANO
2726 3385 2791 3440 Vl
2818 3385 2907 3441 ET
2930 3383 2957 3423 ιι
2987 3384 3173 3441 ΝΟΜΟ
3196 3386 3387 3444 COSS.

2101 3521 2434 3579 Geisericum
2465 3535 2525 3576 se
2552 3519 2799 3575 contulit.
2834 3519 3154 3589 Spondauus
3196 3528 3328 3573 tom.
3359 3520 3686 3591 lEpitomes

2104 3593 2569 3741 Ρῗῖᾞῗγῇθγῑεῃι
2595 3659 2853 3741 codices;
2887 3659 2978 3713 alii
3002 3659 3232 3741 habent,
3246 3662 3386 3730 apud
3413 3660 3687 3741 barbaros;

2100 3734 2211 3793 alii.
2235 3734 2375 3801 apud
2418 3731 2721 3795 barbarum;
2760 3731 2890 3795 alii,
2941 3731 3082 3796 apud
3122 3731 3399 3801 barbarum
3429 3739 3686 3788 animum.

2101 3800 2403 3859 Notandum
2436 3803 2650 3856 interim
2686 3804 2738 3854 in
2768 3801 2868 3854 hoc
2900 3802 3125 3855 articolo
3151 3812 3205 3855 et
3230 3804 3349 3857 aliis
3368 3800 3690 3858 Geism'cum

2102 3874 2207 3944 legi
2239 3882 2293 3928 et
2321 3872 2670 3944 Gensericam,
2711 3874 2763 3925 in
2811 3870 3039 3925 diversis
3080 3871 3231 3925 libris
3268 3881 3323 3927 et
3372 3876 3689 3930 auctoribus

2109 3942 2244 4013 quos
2268 3952 2545 3997 enumerat
2576 3942 2861 3996 Pontacus.

2182 4025 2207 4062 tr
2238 4015 2292 4067 In
2318 4012 2631 4081 quibusdam
2664 4012 2959 4065 Alriovinda
2985 4018 3031 4063 et
3061 4011 3261 4077 Ausila,
3310 4025 3410 4066 seu
3463 4013 3646 4070 Arist'la
3668 4056 3684 4081 ,

2103 4085 2323 4150 Ausilt'a,
2352 4094 2406 4137 et
2435 4083 2698 4136 Anaxilia.

2178 4153 2205 4193 δ
2243 4155 2298 4208 In
2329 4152 2647 4221 quibusdam
2674 4150 2968 4221 codicibus,
3001 4152 3401 4216 provinciarum.

2181 4235 2196 4262 ι
2240 4223 2314 4278 Ita
2355 4224 2485 4276 edit.
2536 4221 2738 4276 Chron.
2782 4220 3015 4283 Labbei,
3071 4236 3203 4274 mss.
3249 4222 3403 4276 Colb.
3447 4222 3591 4286 duo,
3631 4232 3687 4278 et

2102 4296 2239 4364 Aug.
2270 4293 2470 4347 codex.
2502 4293 2872 4364 Pontacus,ex
2905 4307 3031 4344 mss.
3055 4292 3378 4346 Cassiodoro
3400 4301 3457 4347 et
3483 4292 3681 4359 Fastis,

418 4363 620 4459 longius
644 4372 772 4417 esset
801 4363 1076 4427 adductus,
1109 4362 1159 4414 in
1203 4361 1322 4414 aliis
1347 4372 1401 4414 et
1439 4361 1577 4430 Aug.
1622 4363 1744 4418 cod.
1797 4367 1995 4420 desunt
2021 4398 2078 4459 Β
2104 4361 2271 4459 magis.
2301 4363 2641 4459 prpbatklegi,
2678 4361 2922 4459 Patt‘er'ito.

420 4437 600 4557 hacin
627 4502 948 4574 quibusdam
988 4500 1287 4566 codicibus,
1318 4501 1382 4555 de
1399 4500 1772 4557 Sebastiano...
1819 4516 1994 4559 trans-

415 4585 581 4627 eunte.

490 4654 513 4681 ι·
550 4644 681 4714 Erat
694 4641 1259 4714 autemASebastianus
1280 4641 1359 4714 (ut
1380 4644 1455 4696 ait
1481 4642 1664 4697 Victor
1684 4644 1749 4698 de
1770 4644 1988 4701 Perseo.

416 4714 642 4769 Vandal.
672 4712 763 4785 lib.
793 4710 853 4783 tt)
884 4711 1071 4767 famosi
1106 4714 1250 4766 illius
1275 4710 1486 4767 comitis
1519 4714 1771 4785 Bonifacii
1802 4732 1989 4785 gener,

414 4800 539 4838 acer
570 4784 781 4853 ingenio
808 4795 863 4837 et
902 4792 1152 4836 strenuus
1184 4786 1233 4836 in
1272 4785 1415 4839 bello
1445 4800 1458 4836 :
1492 4784 1647 4852 cujus
1684 4784 1992 4840 Geisericus

414 4856 557 4910 sicut
581 4854 808 4908 consilia
836 4856 1138 4907 necessaria
1190 4853 1418 4916 habens,
1450 4854 1525 4907 ita
1565 4864 1619 4907 et
1645 4857 1988 4923 prasentiatn

415 4924 726 4989 formidans,
752 4923 1091 4995 occasionem
1122 4924 1238 4995 ejus
1269 4926 1641 4993 exstinguendi
1672 4943 1701 4977 a
1731 4926 1991 4995 religione

413 4997 678 5064 quaesivit.
704 4996 808 5050 Sed
836 4994 976 5064 quod
1009 4994 1121 5059 ipse
1141 4993 1402 5049 Geiserici
1420 4995 1698 5050 suasiones
1721 4996 1793 5051 de
1817 4993 1993 5050 trans-

416 5066 668 5120 mutanda
702 5067 805 5119 lide
832 5065 1091 5120 catholica
1122 5066 1171 5116 in
1203 5065 1476 5136 perfidiam
1493 5064 1749 5118 Ariauam
1777 5069 1988 5136 egregia

412 5137 659 5191 elusisset
679 5136 1025 5207 similitudine
1045 5135 1195 5201 panis
1218 5134 1477 5190 similacei
1510 5134 1873 5207 mundissimi,
1897 5134 1989 5207 qui

412 5209 456 5260 si
511 5208 561 5261 in
612 5207 779 5261 frusta
809 5206 1140 5268 cmifractus,
1174 5216 1227 5259 et
1275 5222 1408 5270 aqua
1463 5206 1764 5259 madidatus
1796 5206 1988 5260 iterum

413 5288 698 5347 coquatur,
727 5277 982 5347 deterior,
1009 5276 1186 5329 evadit
1214 5294 1226 5328 :
1256 5277 1503 5329 eumdem
1534 5276 1753 5347 alterius
1775 5279 1991 5344 generis

412 5346 1099 5417 arg’nmentoVGeisericus
1136 5357 1318 5415 postea
1364 5347 1597 5417 occidit.
1626 5346 1820 5400 Narrat
1873 5347 1991 5401 hac

416 5416 618 5472 Vtetur.
658 5416 766 5474 Sed
809 5432 915 5485 quo
946 5416 1135 5470 tnortis
1176 5426 1490 5486 argumento
1520 5416 1602 5486 vel
1637 5431 1835 5483 genere
1859 5432 1987 5470 exs-

415 5490 612 5542 tinctus
651 5488 998 5543 SebaStiauus
1027 5486 1187 5542 fuerit
1215 5485 1319 5539 non
1349 5485 1531 5539 tradit.
1568 5485 1761 5539 Fuerat
1807 5495 1986 5539 autem

414 5560 505 5611 ille
555 5560 749 5612 invidia
800 5556 1170 5623 [traiecturum
1218 5557 1442 5611 Romani
1487 5558 1776 5617 exercitus,
1832 5556 1987 5623 quasi

412 5628 702 5695 perduellis
730 5628 1066 5681 existimatus
1106 5627 1331 5680 Romani
1374 5629 1612 5693 imperii;
1642 5626 1713 5681 ob
1757 5641 1987 5695 eamque

411 5713 632 5753 causam
666 5696 835 5752 factus
864 5696 1115 5761 extorris,
1168 5712 1235 5751 ex
1266 5698 1518 5766 Hispania
1551 5698 1605 5753 in
1634 5698 1868 5753 Africam
1915 5698 1981 5751 ad

2180 4430 2383 4499 {Apud
2416 4430 2723 4498 Lab.,’tnss.
2750 4430 2907 4485 Colb.
2941 4431 3073 4501 ducs
3099 4441 3152 4483 et
3172 4432 3397 4501 August.
3426 4433 3579 4497 cod.,
3602 4436 3684 4488 di-

2102 4506 2335 4577 tigentia.
2366 4505 2543 4577 Alibi,
2574 4502 2871 4577 diligentia.
2907 4501 2973 4555 Et
3002 4500 3143 4554 infra
3173 4504 3227 4556 in
3258 4503 3450 4557 eodem
3475 4504 3677 4559 Chron.

2102 4574 2325 4640 Labbei,
2356 4574 2740 4644 turpitudinem.

2174 4644 2197 4682 ¹ί
2225 4646 2324 4700 Ms.
2367 4640 2521 4697 Colb.
2565 4658 2723 4704 unus,
2762 4640 2951 4693 Nomo.
2988 4640 3084 4710 Sic
3123 4643 3311 4696 scribit
3351 4642 3678 4710 Spondauus

2102 4731 2221 4784 pag.
2270 4713 2368 4769 651
2393 4755 2405 4775 ,
2445 4727 2544 4784 nec
2579 4712 2681 4781 legi
2716 4713 2911 4784 patitur
2946 4709 3139 4784 Nonio.
3182 4709 3466 4777 Quomodo
3500 4726 3673 4768 tamen

2101 4780 2358 4839 scribitur
2410 4785 2461 4837 in
2496 4780 2710 4853 eum...
2762 4780 2994 4853 Labbei,_
3035 4783 3372 4853 etieditione
3420 4790 3671 4853 antiqua,

2103 4855 2464 4921 licetAugust.
2484 4850 2653 4905 Nonio
2677 4852 2946 4921 praferat.
2974 4851 3395 4919 Lecﬁonemque
3424 4850 3674 4908 nostram

2102 4935 2281 4979 tuetur
2312 4920 2455 4978 idem
2487 4922 2750 4976 Pontacus
2778 4920 2975 4974 ibidem
3003 4936 3073 4975 ex
3104 4938 3234 4975 mss.
3267 4924 3545 4990 pluribus,
3574 4923 3674 4977 Fa-

2098 4997 2198 5049 stis
2229 4995 2444 5057 Siculis,
2471 4993 2802 5054 Marcellino,
2837 4991 3185 5056 Cassiodoro,
3218 5001 3338 5061 po.~t
3368 4992 3564 5047 Fastos
3586 5009 3675 5048 ca-

2100 5066 2351 5134 pitolinos
2368 5105 2381 5125 .
2406 5063 2680 5131 Sigoniutn
2705 5071 2759 5115 et
2784 5061 3046 5134 actionem
3066 5062 3099 5134 Al
3137 5063 3350 5115 concilii
3375 5061 3672 5118 Chalcedo-

2098 5131 2301 5190 nensis.
2351 5134 2476 5188 PoSt
2522 5136 2635 5186 hzec
2693 5140 2872 5184 autem
2915 5131 2965 5201 iit
3013 5131 3143 5185 edit.
3188 5135 3408 5201 antiqua
3457 5147 3514 5188 et
3566 5150 3669 5187 ms.

2096 5207 2249 5259 Colb.
2283 5220 2389 5257 uno
2414 5203 2610 5257 desinit
2640 5202 2889 5269 Prosperi
2910 5199 3215 5256 Chronicon
3247 5205 3297 5254 in
3325 5199 3448 5256 hac
3480 5206 3668 5268 verba,

2096 5275 2200 5328 Hic
2236 5276 2348 5340 [init
2382 5272 2606 5340 Prosper
2646 5282 2757 5342 post
2788 5270 3179 5342 Hieronymum.
3213 5272 3481 5326 Nonnulla
3509 5278 3667 5328 etiam

2093 5346 2488 5413 subjunguntur
2523 5346 2574 5396 in
2617 5340 2724 5395 uno
2751 5357 2815 5413 ex
2845 5354 2975 5393 mss.
3012 5340 3341 5413 Colbertinis
3380 5346 3464 5411 (et
3497 5343 3667 5397 Lodo-

2093 5418 2266 5469 niensi
2294 5410 2325 5467 ἒ
2358 5414 2594 5468 Pontaco
2615 5410 2791 5477 lecto)
2824 5424 2993 5476 usque
3014 5410 3080 5463 ad
3109 5410 3444 5465 consulatum
3480 5413 3665 5467 Valen-

2092 5485 2282 5539 tiniani
2312 5499 2428 5548 \‘lll,
2464 5484 2691 5552 ejusque
2720 5495 2909 5535 necem
2936 5492 2989 5534 et
3020 5481 3221 5536 Urbem
3253 5495 3461 5549 captant
3486 5498 3514 5535 a
3546 5483 3661 5537 Gei-

2092 5558 2270 5609 serico
2301 5571 2315 5607 ι
2341 5556 2480 5608 inter
2502 5556 2636 5623 iqua
2678 5552 3035 5623 legonturAad
3077 5554 3281 5605 calcent
3316 5555 3503 5605 eadem
3551 5568 3669 5617 qua

2094 5628 2277 5679 itidem
2331 5634 2455 5677 sunt
2483 5621 2548 5675 ad
2603 5624 2804 5676 calcem
2845 5622 2897 5673 in
2936 5621 3203 5688 Prospero
3244 5624 3470 5686 Pitbtni,
3513 5625 3669 5687 idque

2092 5697 2281 5753 iisdem
2312 5694 2424 5751 fere
2446 5695 2621 5750 verbis
2635 5706 2849 5763 sumpto
2870 5692 3025 5747 initio
3050 5692 3120 5745 ab
3139 5708 3202 5749 ea
3231 5694 3472 5763 periodo,
3511 5694 3669 5746 Attila
