3978 6178
230 273 309 332 801
1383 267 1775 324 CHRONICUM

1876 268 2196 325 lTEGltUM.
3342 276 3447 333 σος

288 382 449 445 ,ΕἸΊΟ
485 378 552 434 111
608 378 694 433 ΕΤ
715 378 1121 437 SYMMACHO.
1796 388 1840 445 Α
1872 384 1959 439 nis
2002 385 2327 440 sententiam
2378 387 2545 441 tulit:
2596 389 2923 444 reclamante
2970 390 3173 444 ililario
3219 390 3451 445 diacono

289 470 647 533 I(SALLEPIO
678 471 765 525 ET
797 472 1199 529 ARDABURE.
1873 476 2138 530 Ecclesiae
2190 478 2480 542 Romamn,
2513 481 2599 545 qui
2648 482 2767 534 vice
2816 483 2987 536 sancti
3040 483 3237 538 Leonis
3276 500 3447 552 papa‘,

288 563 1012 641 [bEutycheshmresiarches
1049 564 1594 635 ConstantinOpoIitis
1645 581 1770 635 pre-
1871 582 1994 620 cum
2051 567 2196 620 Julio
2245 570 2502 638 episcopo
2546 570 2846 627 Puteolano
2886 589 2914 625 a
2955 576 3082 629 sede
3138 578 3447 643 Apostolica

226 664 413 732 sbyter,
450 658 611 712 fretus
637 655 930 711 Theodosii
974 656 1208 726 Augusti
1246 658 1513 719 amicitia,
1546 668 1769 711 conatus
1869 658 2414 713 fueratcdestinatus.
2513 661 2643 714 Nam
2693 678 2812 716 cum
2858 679 3046 719 omnes
3095 667 3335 734 episcopi
3394 670 3447 721 in

223 764 296 809 est
332 765 427 805 non
468 746 758 809 perfectum
804 746 1080 802 hominem
1130 746 1184 800 in
1230 747 1448 802 Christo
1499 762 1764 801 asserere.
1868 750 2099 804 concilio
2125 751 2427 815 constituti,
2458 753 2505 805 vi
2536 763 2590 806 et
2621 758 3168 823 metucomitum,vel
3194 759 3448 823 militum,

223 843 398 899 Contra
443 852 595 909 quem
641 836 934 891 Flavianus
984 836 1229 903 ejusdem
1288 838 1438 891 urbis
1482 838 1767 905 episcopus
1866 855 2003 910 quos
2026 840 2286 895 Dioscoro
2310 843 2690 897 Alexandrina:
2725 846 2874 899 urbis
2903 848 3159 916 episcopo
3187 852 3449 904 attribue-

219 933 610 1003 suscipiens....,
642 945 760 983 cum
791 927 1170 985 sacerdotibus
1195 927 1309 982 suis
1335 928 1617 982 damnatus
1648 937 1765 991 est,
1867 941 1950 985 rat
1985 932 2311 998 imperator.
2351 936 2809 1002 compellerentur
2848 937 2970 990 huic
3009 938 3199 992 ltreresi
3232 956 3447 995 accom-

218 1034 414 1079 auctore
443 1023 697 1075 DiOscoro
728 1019 1111 1074 Alexandrina:
1140 1018 1289 1073 urbis
1326 1019 1600 1087 episcopo.
1623 1019 1765 1072 Con-
1868 1025 2087 1077 modare
2130 1039 2489 1091 consensum;
2523 1040 2851 1082 memoratus
2896 1030 3153 1084 diaconus
3190 1033 3329 1085 inter
3370 1042 3447 1086 tot

218 1125 287 1169 tra
307 1128 454 1183 quem
481 1126 612 1180 papa
643 1110 802 1166 Urbis
824 1108 934 1163 Leo
960 1111 1107 1164 misit
1131 1109 1463 1178 episcopum,
1490 1109 1769 1180 presbyte-
1865 1112 1987 1166 vitae
2005 1116 2235 1180 pericula
2249 1115 2597 1173 constitutus.
2614 1133 2744 1171 voce
2758 1119 3201 1174 contradictionis
3224 1123 3442 1189 emissa,

217 1219 342 1269 rum,
370 1213 420 1257 et
447 1202 756 1257 diaconum.
790 1200 890 1266 Qui
936 1201 1180 1269 iniuriam
1226 1202 1404 1267 passi,
1451 1201 1763 1255 Flavianum
1863 1218 1985 1257 cum
2017 1206 2067 1255 in
2099 1203 2214 1272 ejus
2244 1214 2468 1273 propter
2498 1207 2599 1261 hoc
2642 1209 2937 1275 perniciem
2972 1210 3284 1276 saeviretur;
3316 1214 3445 1267 reli-

215 1296 443 1350 nuntiant
465 1295 516 1347 in
547 1292 865 1348 defensione
902 1292 1164 1347 catholica
1189 1307 1282 1361 per
1308 1290 1533 1361 injurias
1560 1292 1767 1361 gravis-
1864 1297 1965 1348 ctis
1995 1294 2106 1349 illic
2132 1297 2382 1349 omnibus
2409 1297 2542 1364 suis,
2577 1298 2805 1353 latenter
2826 1300 3111 1365 abscessit,
3139 1312 3196 1355 ut
3225 1304 3447 1369 prastato

213 1388 361 1440 simas
385 1383 663 1439 defecisse.
1865 1400 2037 1454 papae,
2085 1386 2169 1440 vel
2209 1388 2420 1441 caeteris
2451 1388 2617 1443 Italia:
2660 1391 3065 1456 sacerdotibus,
3110 1392 3341 1461 qualiter
3372 1394 3445 1447 ibi

275 1472 747 1530 POSTHUMIANO
780 1472 865 1527 ET
889 1471 1184 1527 ZENONE.
1864 1477 2129 1532 catholica
2172 1477 2304 1531 fides
2335 1478 2508 1533 fuerat
2537 1480 2767 1545 violata,
2799 1498 2893 1537 sua
2921 1483 3198 1541 delatione
3231 1501 3446 1557 prome-

272 1566 595 1622 Theodosius
623 1567 915 1631 imperator
947 1579 1043 1633 pro
1069 1563 1384 1618 defensione
1449 1564 1763 1635 Eutychetis
1864 1573 1969 1620 ret.

214 1658 426 1714 Leonem
450 1670 639 1727 papam
673 1655 830 1711 Urbis
863 1656 927 1710 ad
962 1671 1021 1709 se
1049 1667 1207 1709 vocat
1238 1672 1252 1708 :
1283 1655 1512 1724 quidam
1544 1659 1622 1710 ire
1650 1656 1764 1709 vel-
1932 1654 2165 1712 Sanctus
2194 1660 2337 1721 {vero
2382 1659 2673 1713 Flavianus
2694 1702 2709 1725 ,
2741 1662 2881 1716 inter
2928 1680 3119 1720 manus
3158 1681 3378 1734 eorum,
3412 1685 3442 1723 a

213 1751 294 1816 let,
323 1765 349 1803 a
378 1750 569 1819 populo
600 1748 926 1818 prohibitus,
950 1748 1116 1819 750
1144 1747 1492 1817 presbyteros
1510 1758 1561 1803 et
1582 1746 1763 1801 diaco-
1795 1753 1837 1810 Β
1866 1750 2061 1817 quibus
2084 1751 2135 1804 in
2170 1751 2419 1805 exsilium
2448 1752 2773 1819 ducebatur,
2806 1755 3044 1823 glorioso
3070 1757 3138 1812 ad
3167 1759 3442 1816 Christum

213 1855 296 1896 nes
319 1838 528 1894 direxit.
1864 1839 1971 1892 fine
1999 1840 2263 1893 transivit.
2286 1854 2287 1857 ‘

316 1928 608 1985 ASTURIO
640 1928 728 1983 ΕΤ
749 1926 1190 1984 PROTOGENE.
1937 1928 2453 1986 VALENTINIANU
2480 1932 2571 1987 νη
2601 1933 2687 1987 ΕΤ
2714 1934 2991 1990 AVIENO.

268 2019 447 2075 lterum
477 2019 653 2072 vocati
679 2018 934 2073 catholici
966 2016 1280 2089 audiendi.]
1931 2018 2268 2073 Prtevalente
2316 2022 2509 2075 iterum
2566 2038 2699 2091 papa
2754 2024 2973 2086 Leone,
3022 2026 3327 2096 diriguntur
3374 2031 3441 2085 ad

268 2111 369 2165 Hoc
395 2118 644 2180 tempore
688 2109 1020 2181 Entychiana
1050 2110 1275 2164 haeresis
1305 2118 1493 2162 cxorta
1522 2116 1640 2173 est,
1668 2122 1763 2161 au-
1860 2108 2135 2164 Orientem
2159 2108 2183 2146 ἀ
2207 2112 2504 2181 presbyteri
2521 2123 2572 2167 et
2601 2113 2880 2179 dracones,
2908 2117 2973 2169 ad
3005 2117 3161 2188 751
3190 2120 3439 2174 haeresim

211 2213 342 2257 ctare
366 2201 608 2273 Eutyche
628 2198 1475 2270 quodampresbytero,quiapud
1500 2197 1765 2253 Constan-
1859 2199 2263 2255 confutandam.
2320 2203 2390 2257 Et
2427 2205 2619 2259 eodem
2660 2220 2803 2260 anno
2856 2207 3054 2263 defecit
3097 2210 3443 2269 Theodosius

211 2293 456 2363 tinopolim
487 2293 826 2347 monasterio
854 2292 1211 2347 celeberrimo
1240 2292 1584 2360 przesidebat,
1627 2306 1765 2359 prae-
1862 2294 2151 2359 Augustus.

212 2385 369 2438 dicatis
402 2383 587 2439 Iesum
625 2372 902 2438 Christum
949 2382 1236 2436 Dominum
1286 2390 1560 2443 nostrum,
1594 2380 1762 2434 beatas
1901 2380 2241 2435 eTheodosio
2266 2382 2590 2452 imperatore
2616 2384 2759 2440 diem
2788 2386 2991 2454 functo,
3020 2398 3075 2443 et
3098 2388 3440 2461 Cbrysaphio

211 2472 367 2529 Maria
393 2473 629 2544 Virginis
657 2473 881 2537 Filium,
900 2472 1033 2527 nihil
1061 2481 1325 2525 materna:
1354 2472 1608 2525 habuisse
1634 2471 1764 2525 sub-
1863 2473 2181 2541 praposito,
2211 2474 2299 2541 qui
2331 2474 2565 2529 amicitia
2609 2476 2870 2545 principis
2899 2478 3042 2533 male
3072 2494 3199 2534 usus
3227 2480 3437 2547 fuerat,

212 2568 413 2634 stantia,
453 2568 551 2623 sed
585 2567 689 2621 sub
716 2570 898 2634 specie
939 2565 1173 2620 hominis
1202 2565 1374 2619 solam
1407 2563 1463 2618 in
1504 2578 1570 2618 eo
1600 2562 1760 2616 Verbi
1860 2560 2215 2629 interempto;
2240 2563 2553 2619 Mascunus
2580 2565 2942 2620 consensione
2971 2569 3139 2622 totius
3169 2571 3440 2625 exercitus

213 2660 291 2715 Dei
332 2663 491 2716 fuisse
532 2672 809 2715 naturam.
870 2660 953 2714 0b
986 2674 1144 2728 quam
1188 2657 1520 2725 impietatem
1565 2670 1595 2708 a
1640 2654 1762 2709 Fla-
1860 2655 2095 2720 suscepit
2146 2669 2393 2723 regnum,
2442 2657 2524 2710 vir
2572 2658 2956 2726 gravissimus,
3012 2670 3068 2714 et
3108 2677 3213 2714 non
3261 2661 3435 2716 solum

212 2752 349 2807 viano
371 2754 612 2821 ejusdem
656 2752 805 2807 urbis
833 2752 1121 2819 episcopo,
1153 2750 1276 2818 quia
1308 2747 1509 2816 corrigi
1552 2745 1756 2810 noluit,
1861 2742 2190 2812 reipublicze.
2224 2745 2318 2798 sed
2345 2745 2509 2800 etiam
2542 2748 2796 2801 Ecclesiae
2824 2752 3281 2817 pcrnecessarius.

212 2842 579 2898 condemnatus
607 2852 711 2897 est.
743 2840 852 2896 Sed
895 2841 1068 2894 fidens
1098 2842 1332 2893 amicitia
1368 2840 1510 2905 regia
1537 2844 1592 2889 et
1627 2837 1765 2891 auli-
1930 2832 2100 2903 Hujus
2127 2832 2318 2888 edictis
2340 2836 2657 2903 apostolica:
2688 2837 2834 2891 sedis
2869 2839 3246 2893 auctoritatem
3282 2854 3441 2894 secu-

212 2945 371 2986 eorum
401 2934 606 2998 favore,
638 2932 707 2987 ab
733 2931 1025 2986 universali
1065 2933 1274 3002 synodo
1299 2944 1358 2983 se
1385 2927 1631 2998 poposcit
1666 2942 1763 2980 au-
1864 2925 1952 2988 tis,
1981 2926 2220 2995 synodus
2254 2926 2528 2994 Ephesina
2551 2927 2864 2994 damnatus,
2892 2938 2945 2982 et
2972 2929 3110 2997 apud
3138 2928 3441 2985 Chalcedo-

211 3021 333 3075 diri:
359 3031 631 3077 annuente
660 3022 988 3089 imperatore
1012 3019 1342 3083 Theodosio,
1373 3018 1464 3087 qui
1501 3017 1572 3071 ob
1602 3015 1761 3083 hujus
1862 3030 1982 3070 nem
2018 3016 2281 3071 celebrari
2316 3018 2599 3074 concilium
2634 3018 2945 3087 episcopale
2985 3019 3300 3074 decernitur
3340 3038 3353 3071 :
3384 3030 3441 3074 ut

211 3127 364 3167 causa:
391 3114 832 3168 retractationem
869 3125 1058 3166 omnes
1078 3110 1362 3179 episcopos
1385 3109 1547 3177 jussit
1576 3105 1758 3175 Ephe-
1785 3104 1830 3164 C
1863 3107 2121 3162 correctis
2148 3109 2304 3162 venia
2328 3110 2657 3176 mederetur,
2687 3118 2742 3164 et
2772 3111 3072 3179 pertinaces
3098 3125 3219 3166 cum
3246 3111 3441 3167 haeresi

211 3215 309 3258 sunt
328 3207 642 3267 convenire.
1860 3199 2277 3268 depellerentur.

268 3294 317 3349 lo
337 3312 435 3365 quo
462 3295 706 3353 concilio
735 3294 1023 3349 Dioscorus
1047 3294 1447 3348 Alexandrinus
1469 3291 1758 3362 episcopus
1936 3289 2175 3344 Placidia
2203 3289 2454 3343 defuncta
2479 3299 2559 3343 est
2588 3306 2618 3342 v
2648 3290 2907 3345 kalendas
2938 3290 3277 3346 Decembris.

213 3384 471 3451 primatum
494 3385 604 3441 sibi
635 3384 933 3453 vindicans,
968 3384 1217 3438 absoluto
1256 3383 1521 3453 Eutyche,
1556 3380 1756 3442 inFla-
1934 3379 2286 3435 MARCIANO
2310 3380 2635 3437 AUGUSTO
2668 3382 2756 3436 ET
2792 3381 3044 3437 FLAVIO
3072 3383 3439 3439 ADELPHIO.

212 3476 400 3532 vianutn
426 3479 743 3548 episcopum
773 3475 1429 3545 Constantinopolitanum
1457 3474 1757 3530 damnatio—
1937 3471 1957 3511 ί
1987 3474 2151 3527 Attila
2197 3482 2317 3545 post
2362 3490 2549 3529 necem
2594 3475 2797 3547 fratris,
2826 3489 3019 3535 auctus
3047 3478 3243 3547 apibus
3272 3480 3442 3533 inter-

211 3654 254 3726 t'a
273 3653 460 3726 sedibus
487 3663 715 3722 mortuo,
749 3672 935 3726 magna
964 3664 1096 3709 inter
1138 3655 1272 3726 ﬁlios
1302 3656 1458 3726 ipsius
1488 3664 1764 3726 certamina
1871 3658 1957 3726 ter
1987 3651 2126 3707 tituli
2164 3653 2221 3709 S.
2264 3654 2591 3726 Clementis,
2634 3658 2722 3725 qui
2764 3658 2814 3710 in
2848 3657 2927 3710 via
2975 3655 3027 3710 in
3070 3657 3228 3710 Delos
3267 3658 3438 3712 insula

210 3724 263 3795 de
285 3724 537 3779 obtinendo
568 3720 729 3795 regno
753 3720 953 3791 exorta,
989 3736 1094 3782 etc.
1138 3720 1287 3781 Unde
1317 3720 1623 3795 certissime
1653 3727 1764 3777 col-
1864 3720 2333 3795 diemextremum
2362 3725 2513 3778 obixt.
2550 3720 2755 3791 Quibus
2783 3727 3067 3791 adjunctus
3089 3735 3143 3780 et
3176 3726 3440 3782 Dulcitius

209 3791 301 3861 ligo
326 3796 525 3862 (subdit
551 3790 958 3850 illustris-imus
977 3795 1319 3863 Vasatensis)
1346 3796 1496 3848 illutn
1518 3794 1761 3847 codicem
1865 3790 2061 3863 Leonis
2090 3797 2347 3854 notarios,
2372 3796 2454 3848 vir
2485 3790 2722 3863 probata:
2753 3790 2897 3848 fidei.

209 3858 300 3915 non
329 3858 495 3936 solum
526 3880 658 3920 esse
683 3880 1000 3936 germanum
1024 3865 1270 3936 Prosperi
1292 3858 1620 3936 Chronicon,
1639 3879 1758 3936 cum
1935 3858 1962 3896 ά
1988 3862 2096 3936 Hoc
2115 3878 2263 3936 anno
2292 3864 2350 3918 S.
2386 3858 2496 3936 Leo
2528 3865 2593 3917 ad
2632 3865 2991 3936 Theodosium
3020 3864 3242 3919 miserat
3267 3866 3438 3936 coepi-

210 3945 264 4003 ea
286 3935 456 4003 omnia
480 3932 817 4001 habeatque
852 3935 1055 4003 pridem
1084 3932 1395 3990 Gennadius
1432 3933 1758 4002 designavit.
1860 3946 2038 3996 scopas
2054 3932 2349 4003 _Abundium
2372 3946 2420 3988 et
2441 3934 2717 3997 Asterium,
2741 3935 2830 3986 sed
2857 3942 2902 3987 et
2927 3934 3181 3988 Basiliam
3202 3944 3249 3987 et
3267 3932 3432 3991 Sena-

207 4000 402 4075 Orditur
427 4007 569 4058 enim
595 4006 668 4059 ab
688 4000 916 4070 Adam-0,
947 4015 999 4060 et
1024 4006 1239 4059 tandem
1269 4008 1321 4058 in
1347 4020 1532 4059 necem
1562 4000 1760 4057 Valcn-
1862 4000 2395 4075 toremIfreskyteros,
2416 4021 2500 4068 per
2516 4020 2640 4074 quos
2662 4020 2775 4073 qua:
2804 4015 2975 4056 nostra
2998 4006 3093 4075 (ait
3121 4006 3171 4056 in
3202 4006 3435 4071 Epistola

209 4070 372 4143 tiniani
419 4075 657 4138 desinit,
703 4086 758 4129 et
799 4075 958 4131 Urbis
999 4076 1443 4143 expugnationem
1493 4076 1681 4128 factam
1730 4090 1759 4127 a
1864 4084 2005 4122 nunc
2026 4071 2135 4134 52)
2163 4070 2330 4139 {arma
2360 4070 2586 4143 suam.
2619 4070 2957 4142 manifestalis
2990 4070 3435 4139 instructionibus,

210 4139 480 4214 Geiserico.
522 4146 634 4200 Sed
670 4147 831 4199 etiam
863 4146 999 4199 illud
1032 4139 1226 4200 Pitb'azi
1262 4161 1380 4198 esse
1409 4146 1635 4197 alterius
1668 4161 1761 4196 an-
1862 4156 1989 4208 quas
2014 4145 2263 4205 misimus,
2289 4139 2491 4212 possit};
2514 4139 2779 4214 dignanter
2798 4160 3081 4214 agnoscere.
3112 4144 3183 4197 De
3196 4146 3439 4200 diaconis

207 4213 373 4276 ctoris,
402 4215 489 4283 qui
515 4215 763 4284 quasdam
794 4216 1079 4281 exscripsit
1105 4230 1169 4269 ex
1194 4214 1457 4269 Chronico
1484 4216 1754 4281 Prosperi,
1864 4221 2040 4284 tamen
2090 4214 2142 4265 in
2190 4228 2251 4265 ca
2293 4216 2435 4267 nulla
2467 4213 2689 4267 mentio.
2736 4215 2796 4267 Hi
2833 4213 3021 4267 autem
3071 4214 3435 4269 Theodosium

209 4290 255 4332 et
286 4277 664 4354 nostrum-seu
702 4277 1030 4340 Ulricianutn
1081 4286 1100 4354 (
1138 4290 1507 4352 Augustalium
1532 4277 1761 4354 vocavi;
1858 4277 1967 4346 jam
1992 4282 2306 4354 defunctum
2330 4286 2679 4354 advenientes
2711 4294 3053 4351 repererunt.

207 4350 337 4420 mus)
359 4363 409 4405 ct
436 4356 540 4408 alia
572 4354 881 4422 hujusmodi
907 4371 1029 4410 esse
1051 4350 1266 4424 quidem
1298 4352 1544 4421 Prosperi
1569 4355 1759 4417 majori
1863 4418 1875 4424 _
1936 4358 1959 4385 ο
1989 4350 2085 4406 l‘lic
2119 4355 2216 4407 loci
2253 4360 2302 4405 in
2335 4369 2434 4406 ms.
2469 4350 2785 4424 Golbertino
2811 4366 2865 4405 et
2899 4355 3088 4408 codice
3118 4355 3436 4423 Augustatto

208 4418 576 4524 ﬁs_pa_rtei;_sed
606 4418 857 4524 auctarab
886 4426 1024 4486 aliis,
1048 4418 1189 4524 vel:
1214 4418 1752 4524 Mileto's—eluﬂeli'tro,
1786 4464 1836 4524 Β
2136 4427 2410 4524 ερριιιθημὲι
2443 4423 2637 4524 quibus
2662 4441 2751 4524 resI
2779 4424 2915 4490 apud
2952 4418 3229 4524 Llabbienni
3262 4424 3436 4479 fusius

256 4506 284 4524 II
313 4506 427 4524 lima
457 4510 466 4524 ι
497 4509 558 4524 an
582 4506 727 4524 ιιι--.Ι
816 4499 1056 4524 ιιιυιιηέιιιιη
1107 4510 1149 4524 ει
1195 4510 1273 4524 nni
1328 4509 1387 4524 u-n
1436 4509 1461 4524 η
1492 4508 1639 4524 sanan
1716 4511 1755 4524 Ι..
1881 4506 1890 4524 I
2048 4510 2089 4524 nu
2118 4508 2215 4524 non
2243 4507 2275 4524 Λ
2302 4507 2328 4524 α
2361 4510 2370 4524 I
2402 4508 2463 4524 nl-
2519 4509 2575 4524 Ιιιι
2604 4510 2731 4524 ιιι-ειη
2761 4509 2829 4524 ιιι-
2899 4510 2973 4524 ωιη
3005 4508 3086 4524 ann
3140 4510 3155 4524 ο

209 4491 285 4555 qui
313 4492 558 4548 similiter
581 4497 729 4547 anxit
754 4495 1057 4548 Chronicon
1086 4495 1296 4559 Isidori,
1328 4495 1407 4546 vel
1436 4494 1639 4559 abipso
1667 4494 1757 4545 'l‘i-
1786 4491 1836 4524 υ
1862 4501 2089 4545 narrata:
2117 4498 2275 4561 paulo
2301 4493 2463 4545 aliter
2519 4494 2848 4552 referuntur,
2899 4493 3110 4546 scilicet
3138 4510 3155 4548 :

208 4572 351 4624 mne,
404 4565 557 4630 cujus
616 4565 833 4631 przrfert
894 4580 1114 4625 nomen,
1180 4580 1244 4618 ex
1304 4564 1497 4631 quibus
1543 4563 1756 4616 duobus
2097 4629 2103 4631 Α
2258 4563 2522 4616 Abeunte
2554 4562 2614 4615 V.
2646 4561 2705 4615 C.
2752 4577 3008 4616 CONSULE.

206 4629 523 4702 excerpsisSe
553 4629 628 4687 sei
647 4632 927 4702 profitetur
951 4636 1219 4687 Marianos
1253 4651 1265 4685 :
1297 4629 1455 4699 idque
1488 4632 1538 4684 in
1571 4632 1649 4685 eis
1682 4634 1754 4685 lo-
1928 4629 2247 4687 Theodosius
2274 4647 2387 4682 cum
2419 4649 2601 4700 magna
2640 4648 2823 4700 pompa
2869 4649 2899 4683 a
2932 4632 3169 4684 Placidia
3192 4642 3237 4685 et
3272 4632 3435 4687 Leone

205 4697 273 4771 gis
307 4715 422 4766 qua:
464 4697 769 4755 notavimus
814 4704 1113 4757 desiderari
1159 4697 1429 4758 consensu
1472 4703 1751 4756 librorum.
1857 4716 1903 4756 et
1929 4704 2066 4755 omni
2091 4714 2272 4752 senatu
2293 4697 2560 4765 deductus,
2600 4697 2648 4754 et
2685 4703 2735 4753 in
2759 4697 3033 4755 'mausoleo
3055 4704 3121 4755 ad
3147 4706 3435 4771 apostolum

206 4764 454 4824 Hactenus
487 4773 760 4827 Arualdus
795 4774 1080 4826 Pontanus.
1860 4772 2067 4826 Petrum
2091 4773 2355 4833 depositus
2384 4784 2476 4823 est.

267 4845 291 4910 ξ
316 4838 401 4910 sic
429 4853 585 4895 vocat
610 4842 809 4895 Chron.
837 4841 1057 4896 Labbei.
1077 4842 1173 4895 Ms.
1201 4842 1355 4895 Colh.
1369 4882 1383 4903 ,
1402 4841 1586 4894 Alibio.
1617 4844 1750 4907 Aug.
1930 4843 1981 4895 Ν
1990 4842 2237 4900 untiatur,
2256 4840 2495 4907 defuncto
2512 4839 2823 4902 Theodosio,
2842 4857 3053 4910 regnare
3071 4840 3393 4894 Marcianum
3415 4859 3433 4893 :

203 4905 335 4982 φά),
362 4909 531 4982 Albia.
557 4911 767 4977 Spond.
797 4914 863 4965 ad
890 4927 1086 4965 annum
1116 4913 1253 4975 447,
1283 4911 1465 4981 Alypio
1495 4912 1598 4982 riae
1631 4905 1751 4982 βαι·
1856 4923 1903 4964 et
1933 4910 2207 4982 Pulcherta
2250 4905 2361 4976 ejus
2409 4912 2599 4982 conjua:
2631 4910 2861 4982 Angusta
2899 4905 3046 4982 '[acta
3090 4921 3179 4963 est.
3238 4912 3278 4963 Α
3335 4927 3435 4977 quo

202 4973 327 5050 tyrio
346 4988 391 5031 et
423 4973 735 5050 Ardaburio.
769 4982 1040 5035 Articulus
1074 4973 1392 5048 subjttttcttis
1421 4996 1525 5034 non
1556 4980 1755 5049 legitur
1855 4984 2149 5033 damnatur.
2170 4981 2222 5032 In
2245 4973 2403 5050 Aug"
2426 4973 2536 5048 ejus
2564 4973 2833 5049 conju'gem
2853 4973 3133 5050 Augustam
3155 4973 3363 5049 factam.
3393 4983 3431 5031 Α

203 5043 248 5094 in
264 5043 462 5121 Chron.
488 5049 712 5121 Labbei,
738 5052 830 5121 sed
858 5052 910 5121 in
941 5066 1071 5104 mss.
1101 5043 1258 5121 Coll).
1284 5062 1335 5105 et
1357 5050 1502 5121 _Aug.
1574 5119 1584 5121 ᾉ
1612 5043 1634 5049 ⁷
1853 5068 1956 5119 quo
1985 5058 2257 5103 damnatur
2285 5043 2539 5119 Eutycius
2557 5058 2604 5103 et
2627 5043 2798 5103 omnes
2828 5043 2955 5121 ejue'
2969 5043 3213 5120 fautores.
3248 5050 3303 5105 In
3330 5067 3435 5103 ms.

264 5112 287 5151 δ
322 5116 448 5184 Quae
495 5119 588 5173 hic
625 5112 830 5174 duabus
872 5120 953 5173 his
990 5121 1158 5188 signis
1192 5119 1213 5191 [
1356 5119 1375 5190 ]
1411 5112 1753 5173 includuntur
1852 5112 2047 5175 Colb.:

201 5181 374 5258 absunt
398 5191 623 5242 omnino
660 5204 686 5241 a
718 5191 902 5244 codice
931 5181 1126 5244 Lat-hei
1161 5181 1457 5258 :‘lcgun'tur
1486 5202 1664 5242 autem
1699 5192 1748 5244 in
1924 5193 2229 5245 MARCIANUS
2257 5204 2555 5243 tursns'roa
2582 5188 2742 5244 XLV.
2774 5189 3044 5246 llecmvrr
3068 5206 3216 5245 usus
3246 5206 3360 5243 vut.

201 5265 293 5327 tus.
339 5253 654 5313 Colbertino
696 5271 747 5313 et
788 5264 1103 5327 Augustano
1142 5253 1358 5325 codice,
1398 5276 1519 5312 cum
1562 5261 1747 5314 eadem
1925 5260 1982 5312 In
2016 5265 2239 5321 August.
2283 5261 2490 5322 codice,
2540 5259 2604 5311 Et
2638 5262 2826 5313 levatus
2870 5269 2941 5313 est
2984 5263 3262 5327 imperator
3287 5260 3428 5312 Mar-

202 5320 406 5398 ljtcuna,
461 5344 626 5391 quam
677 5344 807 5383 mss.
848 5320 1058 5383 d'efectu
1110 5331 1319 5398 replere
1347 5320 1747 5396 'nequivitnus.
1852 5331 2031 5383 cianus
2053 5329 2271 5383 XLVII
2298 5331 2446 5382 armis
2481 5320 2617 5381 VIII

201 5391 338 5467 :Kpud
376 5395 652 5451 Labbeum
681 5414 806 5453 vero
839 5400 1147 5453 indicantur
1173 5391 1375 5453 iantum
1409 5391 1523 5451 tres
1555 5414 1752 5453 consu-
1928 5398 1946 5437 τ
1974 5401 2075 5453 Ms.
2106 5401 2257 5453 Colb.
2282 5411 2337 5454 et
2364 5403 2589 5467 August.
2624 5398 2794 5467 codex
2828 5395 3061 5463 brevius,
3091 5396 3277 5467 Pugna
3295 5401 3433 5466 facta

202 5456 326 5515 latus
348 5479 513 5537 supra
551 5467 715 5530 editi,
757 5469 959 5537 absque
995 5470 1100 5522 ttlla
1141 5470 1363 5523 historia
1393 5469 1524 5532 alia;
1555 5480 1751 5536 praster
1852 5470 1903 5522 in
1936 5467 2120 5523 Galliis
2146 5473 2274 5522 inter
2301 5456 2501 5523 Aelium
2540 5476 2585 5519 et
2628 5466 2839 5537 Attilam
2878 5456 3059 5534 regem'
3096 5456 3433 5537 Hunnorum,

201 5535 508 5609 exactiorem
538 5533 921 5609 Euthyphianae
951 5538 1177 5592 hznrcsis
1208 5533 1603 5600 narrationem.
1630 5555 1751 5609 qua:
1850 5557 1967 5593 cunt
1992 5542 2249 5606 utriusque
2287 5539 2463 5609 populi
2504 5538 2657 5590 crede.
2691 5535 2845 5592 Attila
2887 5533 3095 5607 fugatus
3138 5538 3190 5591 in
3237 5533 3433 5593 Gallias

202 5604 290 5652 sub
314 5602 513 5679 astutia
532 5616 579 5679 et
610 5602 889 5679 Protogene
917 5610 1235 5663 consulibus
1259 5611 1512 5663 refertur.
1648 5602 1661 5609 ’
1850 5616 2159 5679 superiores.

267 5680 285 5707 ε
312 5670 511 5730 Praeter
537 5674 645 5730 hos
670 5670 969 5733 desiinatus
991 5679 1163 5733 fuerat
1192 5690 1243 5734 et
1264 5679 1500 5734 Renatus
1527 5679 1752 5749 presby-
