4040 6178
534 250 635 309 501

1486 254 1569 312 ΑΙ)
1608 254 1663 309 S.
1707 253 2046 309 PROSPERI
2083 250 2411 320 AQUITANI
2452 252 2842 312 CIIRONICON

3678 258 3831 330 eos,

524 363 715 430 empti,
746 367 909 420 multa
938 362 1241 417 vicinarum
1272 361 1373 417 sibi
1400 364 1639 433 gentium
1674 366 1848 419 millia
1881 366 2029 435 cogit
2055 368 2107 421 in
2136 370 2189 428 Α
2283 369 2450 422 Attila
2483 369 2537 423 in
2568 370 2791 424 sedibus
2814 367 2926 424 suis
2953 376 3166 425 mortuo
3187 408 3202 434 .
3232 378 3427 442 magna
3453 376 3692 445 primum
3717 380 3793 431 in-

527 453 749 516 bellum,
781 454 924 521 quod
955 452 1146 514 Gothis
1186 461 1399 507 tantum
1452 470 1511 509 se
1552 454 1792 522 inferre,
1828 464 2107 524 tamquam

525 555 709 599 custos
726 544 980 598 Romanis
1001 544 1255 599 amicitiae
1269 545 1647 600 denuntiabat.
1666 546 1771 603 Sed
1783 562 1907 601 cum
1930 556 2110 603 trans-

524 638 601 691 itu
633 635 823 690 Rhenu
857 637 1185 692 saevissimos
1209 638 1330 705 ejus
1356 639 1593 707 impetus
1607 641 1793 694 multa:
1811 640 2109 697 Gallicana:

523 730 685 783 urbes
713 727 1130 797 experirentur,
1154 731 1262 783 cito
1290 742 1344 784 et
1369 732 1568 786 nostris
1589 743 1644 785 et
1666 732 1858 787 Gothis
1883 734 2104 802 placuit,

520 831 571 873 ut
589 823 753 875 furori
773 821 1139 890 superborum
1164 822 1401 878 hostium
1428 827 1754 880 cunsociatis
1773 828 2107 884 exercitibus

518 924 937 984 repugnaretur.
986 914 1264 985 Tantaque
1317 918 1457 970 Aetii
1510 918 1722 986 patricii
1766 919 2104 987 providentia

518 1002 641 1072 fuit,
675 1016 732 1057 ut
752 1006 947 1074 raptim
988 1008 1335 1076 congregatis
1367 1008 1604 1077 undiqne
1634 1009 1991 1065 bellatoribus
2024 1010 2105 1066 vi-

520 1095 616 1157 ris,
654 1097 901 1151 adversa:
941 1098 1273 1153 multitudini
1316 1116 1421 1154 non
1464 1101 1638 1170 impar
1669 1111 2004 1158 occurreret.
2044 1103 2101 1158 ln

517 1202 625 1255 quo
652 1187 935 1252 conﬂictu,
982 1192 1233 1258 quamvis
1266 1194 1472 1245 neutris
1515 1193 1868 1259 cedentibus,
1899 1194 2105 1248 inaesti—

519 1282 744 1336 mabiles
774 1293 981 1352 strages
1004 1285 1473 1339 commorientium
1504 1286 1660 1341 factm
1685 1290 1817 1354 sint,
1842 1288 2104 1344 Cbunnos

519 1384 698 1427 tamen
727 1389 794 1427 eo
833 1383 1047 1429 constat
1087 1378 1265 1430 victos
1306 1377 1502 1441 fuisse,
1541 1378 1682 1446 q‘ltud
1723 1380 1920 1433 amissa
1960 1395 2101 1451 prie—

517 1467 680 1521 liandi
703 1466 914 1531 ﬁducia,
932 1470 1020 1535 qui
1042 1468 1488 1536 superfueruutad
1505 1472 1723 1539 propria
1742 1481 2098 1530 reverterunt.

588 1570 612 1597 ο
647 1560 1064 1616 l‘lEliCULANO
1096 1562 1181 1615 ET
1212 1561 1569 1617 SPORATIU.

585 1653 749 1707 Attila
782 1652 1163 1722 redintegratis
1192 1655 1397 1709 viribus
1427 1671 1559 1724 quas
1602 1655 1655 1708 in
1695 1654 1867 1710 Gallia
1905 1655 2100 1711 amise-

2213 466 2296 513 ter
2318 458 2462 513 illius
2490 458 2657 528 ipsius
2679 458 2981 515 certamina
3004 460 3073 514 de
3095 460 3393 519 obtinendo
3414 474 3582 535 regno
3602 479 3795 524 exorta

2209 560 2338 605 sunt
2379 567 2395 605 :
2436 550 2635 607 deinde
2659 552 2869 622 aliquot
2891 553 3161 621 gentium,
3191 569 3313 623 qua;
3345 554 3591 613 Chaonis
3632 566 3795 629 pare-

2207 640 2341 696 bant
2370 680 2387 705 ,
2428 641 2675 697 defectus
2713 644 2911 710 secuti,
2952 656 3146 700 causas
3190 654 3247 699 et
3275 648 3588 705 occasiones
3637 650 3796 708 bellis

2207 732 2499 799 dederunt,
2521 734 2715 803 quibus
2750 733 3075 790 ferocissimi
3106 736 3295 806 pepuli
3320 739 3530 795 mutuis
3556 739 3789 797 incursi-

2207 822 2309 877 bus
2334 832 2775 879 contererentur.

2278 914 2434 984 Apud
2466 913 2676 970 Gothos
2711 915 2852 969 intra
2878 915 3085 972 Gallias
3121 918 3523 986 consistentes,
3554 920 3698 975 inter
3727 923 3789 975 fi-

2206 1005 2308 1063 lios
2339 1006 2670 1063 Theudorici
2701 1008 2877 1078 regis,
2915 1023 3149 1076 quorum
3182 1008 3572 1067 Thorismodus
3611 1015 3787 1067 maxi-

2206 1112 2325 1152 mus
2362 1109 2493 1154 natu
2530 1100 2673 1168 patri
2712 1108 3075 1163 successerat,
3120 1110 3237 1155 urta
3271 1101 3544 1157 dissensio
3579 1114 3683 1159 est.
3720 1104 3788 1158 Et

2203 1204 2327 1245 cum
2350 1204 2443 1245 rex
2466 1198 2532 1245 ea
2562 1191 2871 1257 moliretur,
2893 1206 3020 1260 quae
3048 1200 3103 1247 et
3134 1192 3391 1248 Romanis
3420 1195 3564 1262 paci,
3595 1206 3651 1249 et
3679 1194 3787 1251 Go—

2205 1279 2367 1335 thica:
2401 1280 2823 1349 adversarentur
2859 1282 3061 1352 quieti,
3099 1297 3130 1337 a
3154 1285 3433 1353 germanis
3470 1286 3621 1355 suis,
3662 1287 3784 1356 quia

2203 1372 2384 1426 noxiis
2405 1371 2853 1441 dispositionibus
2882 1373 3323 1429 irrevocabiliter
3350 1374 3609 1440 instaret,
3641 1378 3785 1431 occi-

2203 1480 2296 1523 sus
2316 1477 2422 1524 est.

2278 1557 2487 1615 AETIO
2510 1560 2598 1615 ET
2619 1558 2889 1617 STUDIO.

2277 1660 2301 1688 ε
2333 1651 2480 1705 inter
2516 1650 2957 1706 Valentinianum
2995 1651 3296 1720 Augustum
3339 1662 3395 1707 et
3435 1654 3656 1709 Aetium
3692 1670 3781 1727 pa-

514 1755 619 1809 rat,
652 1746 853 1799 ltaliam
896 1745 1103 1816 ingredi
1151 1760 1249 1816 per
1295 1746 1603 1801 Pannonias
1653 1747 1917 1813 intendit,
1962 1748 2096 1802 nihil
2128 1739 2174 1798 B
2203 1742 2455 1810 tricium,
2488 1752 2608 1811 post
2650 1745 2936 1813 promissas
2974 1743 3210 1799 invicem
3246 1743 3373 1800 ﬁdei
3402 1758 3778 1814 sacramenta,

513 1839 652 1893 duce
692 1850 885 1894 nostro
934 1840 1091 1894 Aetio
1140 1842 1443 1895 secundum
1502 1839 1695 1908 prioris
1751 1839 1879 1893 belli
1931 1854 2097 1908 opera

514 1930 917 2000 prospit-iente;
972 1932 1042 1985 ita
1078 1944 1136 1984 ut
1189 1947 1255 1986 ne
1300 1931 1538 1984 clusuris
1582 1930 1800 1997 quidem
1846 1930 2095 1999 Alpium,

511 2020 707 2089 quibus
737 2021 922 2075 hostes
952 2020 1227 2090 prohiberi
1255 2030 1525 2089 poterant,
1560 2031 1803 2075 uteretur
1832 2037 1845 2073 :
1875 2021 1978 2075 huc
2005 2032 2097 2076 so-

512 2110 623 2165 lum
653 2115 767 2181 spei
796 2113 911 2166 suis
941 2126 1239 2181 superesse
1264 2113 1617 2175 existimans,
1649 2111 1693 2166 si
1724 2112 1792 2167 ab
1818 2113 1963 2166 omni
1996 2113 2101 2166 Itac

514 2202 583 2256 lia
614 2218 737 2257 cum
769 2206 1094 2274 imperatore
1125 2204 1451 2258 discederet.
1475 2203 1582 2258 Sed
1601 2218 1723 2257 cum
1743 2205 1842 2256 Ituc
1872 2204 2097 2272 plenum

512 2295 799 2352 dedecoris
828 2305 882 2351 et
902 2296 1123 2366 periculi
1156 2295 1450 2363 videretur,
1472 2295 1747 2351 continuit
1774 2296 2097 2350 verecundia

512 2397 752 2454 metum,
806 2396 861 2444 et
914 2395 996 2443 tot
1051 2387 1309 2443 nobilium
1359 2389 1762 2456 provinciarum
1827 2387 2095 2441 latissima

513 2483 799 2538 eversione
842 2482 1049 2537 credita
1092 2489 1180 2536 est
1216 2479 1426 2536 smvitia
1472 2492 1528 2537 et
1570 2480 1834 2549 cupiditas
1883 2479 2100 2536 hostilis

511 2573 725 2643 expleta
756 2590 772 2627 :
807 2573 1047 2644 nihilque
1078 2574 1222 2627 inter
1251 2575 1433 2628 omnia
1476 2570 1699 2625 consilia
1740 2571 2002 2640 principis
2035 2583 2099 2626 ac

512 2672 755 2729 senatus,
772 2664 1060 2733 pupulique
1078 2662 1305 2719 Romani
1322 2663 1599 2718 salubrius
1618 2661 1793 2716 visum
1816 2672 1919 2730 est,
1936 2676 2097 2733 quam

517 2764 574 2807 ut
597 2769 693 2822 per
718 2755 920 2823 legatos
944 2768 1049 2823 pax
1084 2753 1521 2810 truculentissimi
1553 2753 1695 2823 regis
1728 2762 2094 2822 expeteretur.

584 2845 746 2917 752
775 2845 1029 2912 Suscepit
1069 2846 1171 2901 hoc
1211 2845 1482 2915 negotium
1510 2860 1631 2899 cum
1659 2843 1777 2900 viro
1815 2844 2096 2900 consulari

512 2938 744 3005 Avieno,
758 2948 812 2994 et
827 2938 946 2993 viro
962 2938 1303 3008 pra-fectorio
1326 2937 1571 3007 Trigetiu
1596 2937 1941 2993 beatissimus
1956 2954 2095 3009 papa

512 3029 621 3085 Leo
650 3030 855 3084 auxilio
878 3030 975 3085 Dei
1001 3028 1167 3085 t‘retus
1200 3069 1215 3095 ,
1245 3045 1405 3100 quem
1435 3028 1604 3085 sciret
1632 3043 1925 3100 numquam
1970 3032 2092 3101 piu-

2202 1842 2323 1902 post
2345 1845 2553 1902 pactum
2586 1834 2653 1889 de
2675 1835 3061 1904 conjunctione
3092 1835 3357 1905 filiorum,
3387 1836 3525 1890 dira:
3552 1839 3783 1894 inimici-

2196 1925 2287 1980 tiae
2314 1927 2730 1996 convaluerunt,
2766 1936 2824 1981 et
2858 1926 3000 1981 unde
3029 1927 3130 1982 fuit
3163 1928 3338 1996 gratia
3376 1927 3664 1987 charitatis
3698 1949 3783 1987 au-

2196 2017 2398 2087 genda,
2452 2018 2579 2074 inde
2622 2018 2826 2074 exarsit
2858 2018 3034 2075 tumes
3060 2019 3334 2087 odiorum,
3377 2022 3664 2079 incentore
3692 2026 3783 2093 (ut

2198 2107 2466 2162 creditum
2493 2108 2615 2178 est)
2641 2108 2895 2163 Heraclio
2924 2108 3187 2180 spadone,
3214 2111 3303 2180 qui
3336 2111 3412 2166 ita
3425 2111 3528 2167 sibi
3551 2113 3781 2183 impera-

2195 2200 2335 2255 toris
2378 2199 2622 2253 animutn
2663 2200 2937 2255 insincera
3000 2200 3263 2257 famulatu
3302 2204 3679 2272 astrinxerat,
3726 2216 3782 2264 ut

2198 2306 2323 2348 eum
2356 2290 2513 2348 facile
2539 2293 2591 2347 in
2608 2306 2729 2363 quae
2755 2293 2929 2349 vellet
2956 2294 3285 2364 impelleret.

2269 2385 2408 2439 Cum
2434 2400 2564 2454 ergo
2594 2386 2882 2441 Heraclius
2906 2387 3127 2441 sinistra
3156 2388 3339 2444 omnia
3370 2388 3688 2460 imperatori
3709 2391 3778 2449 de

2198 2476 2357 2531 Aetio
2393 2477 2782 2546 persuaderet,
2835 2478 2937 2534 hoc
2979 2488 3142 2534 unum
3180 2480 3453 2536 creditum
3498 2491 3583 2538 est
3620 2484 3778 2540 saluti

2200 2568 2464 2637 principis
2510 2567 2890 2638 profuturum,
2948 2570 2996 2626 si
3062 2570 3263 2626 inimici
3316 2573 3630 2629 motitionea
3678 2588 3781 2631 suo

2197 2674 2366 2728 opere
2399 2668 2855 2730 pmicenpasset.
2887 2659 3043 2717 Unde
3067 2663 3278 2727 Aetius,
3307 2662 3435 2718 dum
3468 2665 3665 2732 placita
3690 2666 3779 2721 in-

2198 2749 2431 2803 stantius
2459 2749 2689 2818 repetit,
2715 2756 2774 2804 et
2793 2763 3016 2804 causam
3044 2749 3137 2804 lilii
3165 2751 3494 2808 commotius
3511 2754 3652 2823 agit,
3677 2754 3781 2808 ἰᾱιι

2198 2840 2469 2909 peratoris
2518 2854 2676 2894 inanu
2728 2852 2782 2895 et
2837 2842 3301 2897 circumSIantlum
3340 2843 3536 2913 gladiis
3584 2846 3779 2903 crude-

2198 2933 2328 2987 liter
2380 2934 2666 2987 contertus
2710 2942 2794 2987 est
2849 2948 2863 2989 :
2915 2933 3144 2988 Boethio
3199 2935 3462 3004 preteeti)
3518 2936 3779 3005 praetorio

2197 3025 2357 3080 simul
2385 3025 2545 3097 753
2578 3035 2879 3095 perempto,
2906 3026 2997 3097 qui
3026 3027 3201 3082 eidem
3234 3028 3397 3082 multa
3422 3028 3660 3084 amicitia
3680 3042 3777 3084 eos

511 3136 629 3176 rum
654 3122 930 3178 laboribus
952 3120 1215 3176 defuisse.
1238 3120 1347 3175 Nec
1375 3120 1520 3176 aliud
1545 3130 1789 3175 secutum
1815 3128 1901 3175 est
1928 3137 2089 3191 quam
2119 3104 2164 3168 (ἶ
2196 3122 2546 3195 pulubatur“.

511 3221 930 3281 praesumpserat
970 3212 1125 3267 tides.
1166 3211 1297 3267 Nam
1351 3220 1461 3268 tota
1502 3213 1774 3282 legatione
1804 3213 2095 3284 dignanter

508 3310 752 3371 accepta,
786 3303 857 3356 ita
887 3304 1086 3358 summi
1118 3305 1417 3359 sacerdotis
1449 3307 1737 3374 praesentia
1756 3321 1849 3361 rex
1870 3310 2090 3377 gavisus

507 3404 614 3459 est,
634 3394 911 3449 utetbello
931 3394 1193 3449 abstineri
1212 3398 1554 3466 praeciperet,
1571 3399 1774 3453 etultra
1790 3398 2092 3456 Danubium

511 3485 777 3552 promissa
812 3498 945 3552 pace
972 3484 1304 3540 discederet.

579 3573 607 3613 ι)
630 3574 947 3629 UPILIONE
970 3574 1035 3631 V.
1061 3572 1122 3630 C.
1157 3573 1493 3632 CONSULE.

575 3666 829 3738 Synodus
867 3664 1327 3723 Chalcedonensis
1377 3677 1618 3737 peracta,
1664 3667 1915 3743 Eutyche
1959 3671 2092 3728 Dio-

505 3773 772 3828 scoroque
803 3759 1074 3814 damnatis
1099 3776 1115 3813 :
1143 3775 1335 3815 omnes
1365 3770 1547 3815 autem
1575 3763 1668 3832 qui
1702 3777 1762 3819 se
1794 3763 1864 3818 ab
1893 3764 1975 3819 eis
2004 3780 2092 3820 re-

506 3862 808 3916 traxerunt,
869 3854 924 3907 in
982 3853 1419 3908 communionem
1477 3854 1719 3924 recepti,
1770 3855 2088 3911 conﬁrmata

505 3946 882 3999 universaliter
909 3944 1033 4010 ﬁde,
1062 3960 1186 4014 quae
1211 3945 1279 3999 de
1303 3946 1673 4000 incarnatione
1695 3944 1861 4001 Verbi
1892 3962 2090 4003 secun-

503 4037 632 4089 dum
688 4035 1070 4104 Evangelicam
1115 4046 1171 4090 et
1218 4037 1589 4106 Apostulicam
1641 4036 1945 4093 doctrinam
1992 4054 2086 4107 per

504 4138 748 4182 sanctum
776 4142 969 4196 papam
995 4128 1235 4183 Leonem
1264 4128 1681 4197 praedicabatur.

579 4274 602 4301 ⁸
630 4264 684 4316 In
718 4278 819 4317 ms.
845 4264 1000 4319 Colb.
1051 4272 1108 4318 et
1148 4263 1333 4318 codice
1380 4267 1692 4331 Augustano
1723 4281 1736 4316 :
1772 4264 2019 4318 Honorio
2045 4274 2093 4318 et

506 4336 713 4402 Aspare.
748 4338 801 4387 In
831 4336 1070 4403 margine
1093 4336 1315 4403 August.
1346 4334 1499 4397 editi,
1532 4333 1829 4388 Ilerculano
1856 4346 1902 4388 et
1931 4337 2095 4403 Aspa-

502 4407 636 4458 ratio
667 4422 763 4458 seu
803 4402 1067 4475 Sporutio.
1097 4402 1308 4457 Iconica
1346 4403 1603 4458 Marciani
1630 4406 1957 4475 imperatoris

504 4494 639 4529 mam
669 4480 895 4546 ingressa
922 4479 984 4531 5°
1006 4474 1255 4529 kalendas
1280 4476 1493 4541 Aprilis.

576 4547 685 4617 Ir{in
716 4562 814 4599 ms.
851 4546 1163 4601 Colbertinu
1182 4556 1236 4598 et
1267 4551 1584 4615 Augustano
1606 4546 1816 4611 codice,
1846 4547 2085 4617 Opilionc

503 4625 550 4668 et
583 4616 906 4682 Vincemalo,
947 4620 998 4671 in
1045 4618 1321 4686 margine,
1368 4617 1669 4671 Vincomaio
1699 4634 1840 4671 cans.
1881 4616 1938 4673 S.
1978 4618 2087 4673 Leo

505 4690 556 4740 in
585 4687 829 4753 epistulis
853 4687 954 4740 hoc
986 4703 1129 4741 anno
1149 4689 1290 4741 datis
1319 4688 1487 4740 solius
1523 4687 1775 4753 Opiliunis
1807 4690 2081 4755 tuetninit;

504 4769 726 4825 uterque
759 4768 935 4810 tamen
959 4759 1158 4811 citatur
1181 4760 1231 4810 in
1263 4758 1538 4812 diSsertat.
1568 4760 1616 4819 i,
1651 4762 1717 4811 de
1749 4758 1866 4811 Vita
1895 4768 1953 4811 et
1982 4758 2087 4813 Re-

504 4832 600 4881 luis
627 4831 794 4897 gestis
817 4829 871 4880 S.
897 4828 1094 4881 Leonis
1116 4828 1310 4897 Magni,
1336 4843 1387 4898 p.
1412 4828 1536 4892 512,
1567 4838 1691 4881 tum.
1723 4827 1767 4882 li
1798 4844 1950 4883 novae
1970 4830 2087 4883 edi-

503 4900 663 4952 tionis
685 4900 926 4967 ejusdetu
958 4900 1214 4965 Uperum.

573 4971 596 5001 θ
623 4966 746 5023 lltec
769 4972 959 5024 eadem
980 4971 1326 5039 ptithitlrtbllS
1346 4969 1528 5023 verbis
1548 4969 1602 5021 in
1635 4984 1736 5021 ms.
1764 4966 2082 5023 Colbertinu

498 5050 552 5094 et
581 5044 713 5094 edit.
747 5042 1043 5109 Augustani
1070 5040 1306 5094 codicis:
1330 5039 1409 5091 Eo
1426 5055 1562 5091 anno
1587 5041 1738 5092 occisi
1767 5050 1885 5091 sunt
1907 5040 2083 5109 Aetius

498 5111 769 5165 etBuetius
793 5108 1345 5180 patriciillgrthngine
1366 5109 1639 5180 ordinatur
1671 5110 1938 5180 episcopus
1974 5108 2083 5163 Deo

498 5185 689 5250 gratias
730 5183 783 5234 in
821 5182 1031 5234 basilica
1058 5178 1244 5234 Fausti
1272 5181 1354 5234 die
1393 5178 1659 5232 Dominica
1700 5178 1791 5233 vtu
1836 5178 2081 5234 kalendas

500 5250 821 5306 Novembris.

567 5319 596 5358 ἀ
628 5323 837 5376 Aetium
866 5322 1079 5391 prOpria
1111 5320 1451 5390 imperatoris
1477 5336 1633 5373 manu
1658 5328 1899 5391 necatum
1924 5332 2081 5383 esse,

500 5392 743 5447 Boetium
793 5408 822 5445 a
862 5390 1357 5454 circumstantibus,
1418 5393 1576 5444 tradit
1615 5390 1972 5444 Cassiodorus
2018 5392 2071 5445 in

497 5463 698 5518 Chron.
748 5472 804 5517 et
851 5474 969 5532 post
1018 5462 1167 5517 illum
1216 5472 1401 5516 auctor
1434 5462 1685 5515 Miscellw
1724 5462 1815 5513 lib.
1849 5475 1943 5523 xv;
1973 5461 2079 5514 sed-

498 5533 794 5602 Prucopius
820 5534 888 5587 de
914 5532 1025 5589 Bel.
1060 5533 1230 5588 Vand.
1259 5534 1351 5586 Μ).
1380 5549 1396 5586 ι
1423 5534 1630 5586 Aetium
1653 5533 1939 5585 absentem
1948 5532 2067 5599 jus-

496 5619 614 5657 sum
637 5616 759 5657 esse
794 5603 1021 5657 ἰηιιινιιεί
1048 5619 1065 5667 ;
1096 5605 1345 5671 idemque
1389 5604 1504 5657 haec
1541 5602 1785 5668 pluribus
1813 5616 2061 5661 narrans,

500 5674 551 5728 id
574 5674 835 5729 accidisse
859 5676 931 5728 ait
960 5689 1027 5728 ex
1052 5674 1179 5728 falsa
1206 5674 1549 5741 suggestione
1576 5672 1812 5726 Petronii
1841 5672 2057 5727 Maximi

2392 3218 2902 3273 VALENTINIANO
2926 3215 3041 3273 Vlll
3070 3217 3159 3273 ET
3186 3217 3561 3275 ΑΝἹἮΕΜΙΟ.

2266 3308 2497 3365 Mortem
2553 3308 2693 3364 Aetii
2751 3308 3395 3365 morsValeiitiniauinon
3437 3309 3602 3380 longo
3647 3314 3776 3379 post

2195 3404 2441 3471 tempore
2467 3410 2752 3454 consecuta
2784 3408 2896 3464 est,
2931 3407 3036 3453 tam
3063 3398 3435 3468 imprudenter
3466 3407 3581 3455 non
3604 3400 3775 3456 decli-

2196 3502 2340 3557 nata,
2364 3496 2425 3544 ut
2454 3489 2771 3544 interfector
2808 3487 2953 3544 Aetii
2988 3488 3193 3543 anticus
3221 3491 3631 3559 armigerosun
3656 3490 3778 3560 ejus

2194 3581 2411 3636 sibimet
2435 3580 2794 3635 consociaret.
2827 3579 2929 3647 Qui
2957 3579 3203 3648 concepti
3233 3579 3489 3634 facinoris
3516 3592 3774 3650 opportu-

2194 3672 2415 3728 nitatem
2442 3671 2844 3727 dissimulanter
2886 3680 3250 3740 aucupantes,
3294 3677 3573 3742 egressum
3616 3676 3770 3728 eam

2196 3767 2394 3823 Urbem
2457 3766 2750 3834 principem
2777 3805 2795 3831 ,
2851 3771 2906 3819 et
2951 3763 3076 3818 ludo
3118 3765 3432 3833 gestationis
3478 3764 3771 3829 intentum,

2193 3857 2483 3927 inopinatis
2511 3856 2705 3911 ictibus
2733 3855 3129 3920 confuderunt;
3178 3855 3427 3910 Heraclio
3475 3856 3637 3911 simul
3666 3897 3682 3920 ,
3718 3866 3774 3912 ut

2192 3956 2307 4003 erat
2336 3947 2612 4017 proximus
2631 3986 2648 4013 ,
2683 3946 3034 4015 interempto,
3075 3956 3129 4001 et
3159 3945 3310 4000 nullo
3338 3960 3405 4001 ex
3429 3947 3777 4007 uiutﬁtuditno

2192 4039 2339 4109 regia
2367 4037 2432 4093 ad
2462 4039 2717 4092 ultionem
2752 4039 2884 4092 tanti
2914 4036 3142 4092 sceleris
3168 4042 3418 4093 accenso.

2267 4140 2291 4168 ο
2324 4130 2394 4185 Ut
2421 4140 2599 4185 autem
2626 4130 2730 4185 hoc
2753 4129 3091 4199 parricidium
3126 4137 3501 4198 perpetratum
3522 4139 3627 4195 est,
3660 4131 3777 4189 Ma.-

2192 4266 2457 4338 senaturis
2488 4266 2715 4338 Romani
2743 4305 2759 4331 ,
2811 4281 2890 4338 ex_
2917 4265 3086 4335 stirpe
3118 4265 3262 4321 illius
3286 4265 3500 4338 Maximi
3531 4271 3777 4338 tyranni,

2193 4353 2352 4401 quem
2396 4336 2734 4392 Theodosius
2779 4336 2962 4390 senior
3006 4338 3339 4392 sustu‘l‘erat:
3378 4335 3470 4406 qui
3519 4335 3776 4405 iniuriam

2034 4425 2089 4460 ο-
2120 4416 2162 4474 ο
2195 4422 2388 4474 passus
2425 4422 2455 4461 a
2500 4406 2877 4463 Valentiniano
2916 4408 2966 4460 in
2996 4417 3181 4475 stupro
3219 4406 3403 4462 uxoris
3428 4421 3543 4462 sua
3573 4406 3777 4463 formo-

2192 4478 2440 4540 sissimm,
2474 4492 2627 4545 aeque
2648 4492 2710 4531 ac
2734 4477 3114 4544 pudicissimam,
3142 4480 3386 4547 cogitans
3410 4477 3480 4532 de
3508 4478 3775 4546 vindicta,

2193 4550 2364 4616 primo
2412 4551 2624 4602 Aetium
2674 4548 3025 4602 fortissimum
3073 4549 3264 4603 ducem
3287 4584 3319 4609 ,κ
3347 4547 3531 4617 inquo
3553 4549 3776 4617 potissi-

2192 4635 2334 4671 tuum
2386 4634 2509 4685 spes
2560 4618 2926 4672 Romanorum
2974 4629 3149 4685 esset,
3201 4634 3233 4673 e
3263 4619 3440 4673 med'tu
3471 4620 3774 4675 tollendum

2184 4689 2483 4757 judicavit,
2519 4690 2747 4757 ideoque
2789 4689 2935 4742 illum
2978 4702 3075 4757 per
3120 4690 3465 4757 imperatoris
3488 4689 3775 4745 eunuchus

2188 4761 2362 4813 eidem
2390 4758 2631 4829 Angusto
2660 4757 2889 4813 affectati
2923 4758 3132 4825 imperii
3164 4770 3471 4827 suspectum
3512 4760 3771 4817 reddidit.

2189 4828 2325 4894 Quid
2355 4839 2537 4883 autem
2564 4829 2775 4883 sublato
2807 4830 2963 4884 Aetio
2993 4830 3257 4883 Maximus
3284 4833 3338 4882 in
3365 4830 3539 4897 ipsum
3570 4829 3773 4886 Valen-

2184 4901 2446 4953 tinianum
2486 4900 2707 4953 molitus
2751 4900 2821 4953 sit
2858 4899 3066 4953 dicetur
3091 4912 3233 4953 anno
3260 4900 3527 4963 sequenti.
3583 4900 3773 4967 Spon-

2184 4972 2358 5094 ggr‘ius
2396 4978 2528 5026 tum.
2576 4968 2592 5022 l
2637 4969 2937 5038 Epitomes,
2977 4971 3044 5024 ad
3080 4984 3281 5024 annum
3316 4968 3517 5025 Christi
3548 4968 3673 5037 ιδι,
3711 4987 3769 5041 p.

2260 5120 2285 5148 ο
2315 5110 2419 5164 Pro
2462 5109 2545 5162 his
2591 5110 2839 5163 omnibus
2860 5152 2876 5175 ,
2926 5117 2983 5163 et
3010 5109 3382 5179 sequentibus,
3415 5108 3469 5164 in
3505 5124 3607 5164 ms.
3638 5108 3771 5164 Cot-

2185 5181 2396 5234 bertinu
2420 5188 2474 5233 et
2498 5180 2733 5234 editione
2763 5180 2933 5248 Lugd.
2962 5180 3165 5234 codicis
3197 5181 3517 5247 Augustani,
3548 5196 3640 5234 seu
3671 5180 3771 5236 Ul-

2184 5252 2370 5304 riciaul
2396 5251 2842 5321 :l’alentinianus
2882 5252 2988 5321 ipse
3029 5251 3230 5321 occisus
3256 5258 3331 5321 es}
3365 5251 3432 5303 ad
3463 5248 3772 5321 dudsiLau-

2176 5336 2261 5374 ros
2291 5336 2399 5375 xvn
2423 5320 2669 5373 kalendas
2695 5318 2911 5384 Aprilis.
2956 5321 3020 5373 ιςι
3050 5318 3257 5374 leuatus
3284 5319 3772 5374 Petroniuaﬂaxis

2175 5407 2291 5444 mus
2313 5393 2610 5461 imperator,
2644 5393 2729 5453 qui
2757 5390 2826 5443 7%
2855 5391 2935 5443 die
2964 5392 3178 5453 occisus,
3210 5406 3302 5460 per
3327 5389 3770 5461 Urbemgtratus.

2247 5459 2531 5515 Geisericus
2564 5460 2781 5531 Romam
2820 5462 3080 5529 ingressus
3114 5459 3293 5531 prtsda
3328 5462 3467 5531 facta
3493 5459 3772 5528 Carthage}

2172 5548 2283 5584 nem
2307 5534 2599 5584 reuertitur.
2656 5530 2723 5584 Et
2760 5542 2874 5599 post
2902 5531 3098 5601 aliquot
3128 5530 3247 5585 dies
3269 5530 3467 5586 leuatur
3502 5533 3557 5585 in
3608 5531 3775 5597 inspe-

2170 5603 2305 5655 rium
2335 5605 2555 5657 Avnus.
