3978 6178
198 267 303 323 605

1592 264 2057 323 APPENDICULA
2068 304 2080 316 .

3252 334 3257 339 η
3349 259 3459 321 606

197 397 396 453 nitus,
426 382 508 439 vir
545 379 744 453 gemini
775 380 1088 439 consulatus
1118 390 1173 438 et
1202 381 1437 452 patriciae
1468 381 1772 454 dignitatis,
1808 383 1851 443 Α
1882 379 2197 453 supplicatio
2230 380 2299 433 ita
2322 394 2442 435 cum
2468 377 2580 431 Deo
2603 385 2791 445 agente
2820 377 3022 439 lenivit.
3060 385 3119 430 nt
3137 392 3258 433 cum
3281 377 3462 429 omnia

198 474 424 545 sumpsit
452 472 759 543 imperium.
811 472 910 540 Qui
953 487 1074 529 cum
1103 473 1423 543 periclitanti
1474 470 1782 541 reipublicae

201 581 297 635 per
324 563 505 621 omnia
551 563 864 633 profuturus
908 561 1250 630 crederetur,
1300 578 1404 615 non
1449 575 1571 617 sero
1620 560 1781 617 docu-

198 663 382 711 mento
408 652 536 724 quid
580 651 748 707 animi
789 650 1014 729 haberet
1064 651 1348 721 probavit:
1382 651 1429 705 si
1458 650 1676 721 quidem
1705 650 1785 703 in-

200 750 519 807 terfectores
558 747 958 809 Valentiniani,
1006 762 1113 802 non
1161 745 1333 801 solum
1377 760 1482 799 non
1516 744 1781 813 plecterit,

201 839 295 895 sed
328 840 487 894 etiam
535 838 587 891 in
618 836 906 889 amicitiam
953 836 1254 904 receperit,
1297 849 1628 904 uxoremque
1665 834 1783 901 ejus

202 935 496 1003 Augustam
527 972 543 999 ,
590 930 936 984 amissionem
970 930 1065 983 viri
1098 931 1279 999 lugere
1310 926 1632 1007 prohibitam
1657 967 1672 990 ,
1703 926 1785 981 in-

204 1032 285 1079 tra
329 1021 687 1091 paucissimos
728 1019 853 1077 dies
900 1020 953 1074 in
997 1019 1305 1097 coniugium
1350 1032 1506 1077 suum
1556 1016 1785 1075 transire

201 1114 465 1183 coegerit.

267 1204 377 1260 Sed
426 1203 527 1258 hac
567 1203 948 1258 incontinentia
991 1217 1093 1259 non
1132 1201 1222 1267 diu
1270 1201 1467 1273 potitus
1492 1210 1599 1260 est.
1652 1200 1784 1255 Nam

203 1305 323 1367 post
353 1295 583 1351 alterum
615 1310 855 1361 mensem
882 1334 898 1371 ,
932 1296 1174 1355 nuntiato
1213 1310 1279 1350 ex
1320 1293 1497 1349 Africa
1528 1292 1786 1349 Gciserici

204 1388 345 1457 regis
378 1388 644 1452 adventu,
676 1394 700 1421 ⁸
732 1387 1019 1454 multisque
1047 1386 1316 1443 nobilibus
1351 1402 1415 1441 ac
1444 1385 1788 1455 popularibus

204 1494 266 1534 ex
298 1478 445 1533 Urbe
474 1477 831 1547 fugientibus,
863 1492 984 1535 cum
1016 1477 1132 1545 ipse
1161 1492 1405 1552 quoque,
1434 1477 1558 1531 data
1580 1477 1789 1532 cunctis

204 1571 439 1627 abeundi
468 1571 703 1637 licentia,
732 1570 946 1641 trepide
978 1572 1139 1627 vellet
1168 1571 1484 1638 abscedere,
1506 1584 1790 1643 septuage-

206 1664 344 1717 simo
392 1662 621 1731 septimo
669 1662 845 1731 adepti
895 1663 1107 1733 imperii
1146 1664 1232 1719 die
1280 1679 1310 1719 a
1356 1663 1571 1718 famulis
1620 1664 1784 1733 regiis

206 1752 370 1824 754
395 1752 687 1808 dilaniatus
724 1764 837 1819 est,
868 1764 925 1810 et
962 1755 1302 1811 membratim
1332 1756 1574 1825 deiectus
1610 1756 1664 1810 in
1692 1756 1782 1811 Ti-

207 1846 405 1911 berim,
443 1844 714 1911 sepultura
743 1859 956 1914 quoque
981 1846 1175 1900 caruit.

275 1935 408 1988 Post
455 1935 597 1989 hunc
641 1934 856 1989 Maximi
901 1936 1142 2001 exitum,
1185 1936 1467 1991 confestim
1498 1947 1682 1991 secuta
1711 1947 1793 1991 est

212 2026 402 2081 multis
424 2026 583 2094 digna
616 2026 867 2095 lacrymis
895 2026 1133 2080 Romana
1162 2028 1480 2096 captivitas,
1510 2037 1563 2081 et
1591 2026 1791 2082 Urbem

206 2117 353 2171 omni
390 2116 641 2185 praesidio
671 2131 890 2170 vacuam
931 2116 1258 2181 Genserieus
1288 2117 1556 2182 obtinuit,
1606 2133 1794 2181 occur-

205 2218 360 2263 rente
385 2208 486 2262 sibi
513 2217 665 2263 extra
698 2219 881 2277 portas
908 2220 1097 2271 sancto
1123 2209 1303 2271 Leone
1324 2210 1601 2283 cpiscOpo,
1633 2210 1785 2279 cujus

274 2370 303 2399 ι
334 2362 424 2417 Ab
449 2361 696 2417 Eudoxia
721 2373 949 2418 mortem
988 2363 1344 2425 Valentiniani
1386 2365 1562 2423 mariti
1597 2368 1647 2422 in
1682 2368 1787 2423 Ma.

205 2433 415 2487 simum
441 2435 714 2487 vindicare
754 2435 972 2489 volente
1005 2446 1328 2499 accersnum
1365 2448 1547 2497 narrat
1590 2438 1790 2495 Procu-

208 2507 326 2574 pius
352 2504 422 2557 de
449 2503 601 2557 Bello
636 2504 858 2559 Vandal.
895 2506 987 2558 lib.
1021 2520 1061 2559 ι.
1540 2510 1547 2515 ’

208 2572 304 2649 _hb
336 2574 439 2649 Hic
482 2573 790 2649 inseruntur
837 2590 867 2629 a
898 2575 1164 2649 Buclterio
1206 2576 1257 2649 in
1291 2577 1536 2639 Paschal.
1569 2577 1791 2649 Cyclum

206 2642 432 2699 Victorii
469 2657 589 2711 cap.
617 2645 689 2699 ὅτ
724 2642 792 2698 1η
819 2661 917 2709 quo
946 2661 1035 2699 nec
1064 2648 1116 2699 in
1142 2647 1342 2707 ratione
1371 2642 1669 2714 pleniluni'i,
1705 2665 1794 2703 nec

206 2716 261 2768 in
300 2714 471 2785 primi,
508 2716 696 2768 mensis
736 2716 897 2769 limite
929 2718 1105 2784 fuisset
1153 2727 1398 2770 erratum.
1454 2719 1585 2785 Quae
1616 2732 1792 2772 tamen

209 2784 563 2853 marginalem
594 2785 821 2838 studiosi
853 2788 1255 2840 annomtionem
1281 2802 1402 2841 esse
1428 2784 1534 2842 non
1558 2788 1794 2844 absurde

209 2855 331 2921 quis
383 2854 670 2922 putaverit.
728 2854 914 2919 Neque
952 2856 1092 2909 enim
1140 2857 1193 2908 in
1225 2856 1497 2912 Sirtnondi
1528 2871 1621 2912 aut
1647 2858 1797 2913 Chil-

212 2923 350 2995 lletii
376 2924 501 2995 cod.
543 2938 676 2995 mss.
702 2940 768 2979 ex
800 2925 995 2995 quibus
1024 2926 1351 2983 Chronicutn
1402 2928 1535 2985 illud
1581 2932 1794 2987 auctius

208 2992 384 3047 edidit
412 2993 765 3061 Duchesnius,
796 2992 1140 3050 Inveniuntur
1169 2996 1287 3051 haec
1314 2998 1495 3053 verba.
1528 2998 1659 3053 Vide
1686 2999 1799 3054 dis-

1886 471 2164 537 potestatis
2193 469 2363 536 ipsius
2388 478 2592 537 essent,
2621 468 2817 523 tradita
2844 467 2945 525 sibi
2965 469 3185 524 civitate
3204 509 3220 533 ,
3250 468 3463 536 abigit.

1885 573 2061 621 tamen
2092 572 2148 617 et
2173 563 2321 619 caede
2352 573 2511 631 atque
2538 561 2817 630 suppliciis
2846 563 3228 616 abstineretur.

1955 656 2060 711 Per
2102 655 2507 723 quatuordecim
2561 655 2720 722 igitur
2759 654 2909 714 dies,
2961 668 3149 708 secura
3192 662 3248 706 et
3295 652 3462 707 libera

1886 748 2241 812 scrutatione,
2272 748 2523 802 omnibus
2552 746 2741 816 opibus
2771 748 2882 799 suis
2915 746 3079 799 ltoma
3110 753 3329 801 vacuata
3357 752 3461 809 est,

1887 840 2161 907 multaque
2222 838 2392 898 millia
2445 838 2823 907 captivorum.
2886 846 3044 904 prout
3092 842 3328 905 quique,
3372 846 3466 890 aut

1887 943 2067 994 natale,
2098 940 2187 984 aut
2219 940 2332 984 arte
2370 930 2723 999 placuerunt.
2767 945 2887 985 cum
2941 930 3124 998 regina
3163 938 3218 984 et
3255 927 3469 983 ﬁliabus

1888 1021 2004 1091 ejus
2034 1021 2414 1088 Carthaginem
2448 1020 2674 1075 abducta
2702 1029 2842 1074 sunt.

1967 1116 2169 1172 Eodem
2199 1128 2341 1170 anno
2375 1114 2576 1171 Pasctta
2609 1113 2944 1169 Dontinicum
2983 1111 3069 1165 die
3097 1126 3185 1165 vttt
3211 1110 3468 1167 kalendas

1890 1205 2009 1265 Maii
2060 1206 2394 1263 celebratum
2444 1214 2527 1259 cst
2551 1243 2567 1269 ,
2600 1204 2856 1270 pertinaci
2900 1202 3202 1257 intentione
3236 1203 3468 1257 Alexan-

1890 1299 2029 1352 drini
2055 1299 2293 1365 episcopi
2313 1336 2326 1358 ,
2359 1297 2443 1350 cui
2477 1311 2666 1351 omnes
2692 1296 2995 1351 Orientales
3023 1296 3471 1353 consentiendum

1893 1399 2256 1458 putaverunt:
2288 1390 2540 1458 quamvis
2573 1399 2791 1445 sanctus
2813 1404 2946 1456 papa
2973 1389 3082 1443 Leo
3120 1405 3185 1442 xv
3216 1388 3475 1442 kalendas

1893 1480 2015 1541 Maii
2066 1480 2243 1548 potius
2292 1480 2688 1535 observandum
2733 1489 3144 1547 protestantur.
3182 1477 3210 1517 δ
3250 1479 3477 1532 Exstant

1894 1572 2135 1640 ejusdem
2180 1586 2331 1641 papae
2372 1571 2615 1639 epistolae
2645 1570 2710 1624 ad
2758 1570 3237 1624 clementissimum
3278 1570 3475 1639 princi-

1894 1678 2014 1732 pem
2042 1663 2367 1721 Marcianum
2404 1662 2543 1715 data:
2567 1704 2581 1727 ,
2615 1661 2807 1729 quibus
2843 1664 2981 1715 ratio
3007 1663 3251 1715 veritatis
3279 1663 3477 1717 sollici-

1899 1764 2021 1808 tatae
2046 1755 2324 1808 evidenter
2354 1752 2618 1821 patefacta
2643 1762 2723 1804 cst
2751 1769 2765 1813 ;
2809 1759 2864 1805 et
2900 1752 3092 1820 quibus
3123 1752 3360 1805 Ecclesia
3390 1766 3478 1804 ca-

1824 1823 1867 1883 B
1904 1846 2100 1900 tholica
2159 1844 2348 1898 instrui
2394 1852 2570 1911 potest
2610 1843 2750 1911 quod
2804 1844 2915 1897 llaec
2970 1844 3248 1911 persuasio
3300 1843 3478 1896 studeo

1900 1940 2120 1993 unitatis
2162 1948 2215 1991 et
2266 1938 2409 2005 pacis
2451 1937 2676 1990 tolerata
2712 1938 2782 1988 sit
2822 1946 2999 2004 potius
3039 1951 3196 2004 quam
3227 1935 3471 2004 probata,

1901 2044 2191 2096 numquam
2221 2027 2474 2096 deinceps
2508 2026 2764 2080 imitanda
2791 2044 2803 2079 :
2844 2035 2904 2079 ut
2934 2042 3055 2095 qua:
3099 2026 3370 2081 exitialem
3399 2036 3481 2078 at-

1902 2120 2022 2175 tulit
2064 2118 2418 2177 oll‘ensionem
2445 2162 2460 2186 ,
2493 2133 2708 2175 omnem
2750 2117 2801 2174 in
2833 2125 3149 2192 perpetuum
3180 2116 3366 2187 perdat
3387 2132 3482 2171 au-

1894 2213 2220 2268 ueritatem.

1895 2366 2203 2438 ditigcntius
2234 2367 2563 2438 Supputandi
2586 2377 2758 2423 ortam
2786 2366 3181 2421 aemulationem
3208 2364 3352 2438 apud
3378 2364 3483 2419 La-

1898 2437 2062 2504 tinos,
2094 2439 2182 2507 qui
2212 2437 2413 2497 diutius
2443 2441 2586 2506 passi
2619 2454 2721 2492 non
2753 2447 2875 2490 sunt
2923 2438 3093 2505 legem
3127 2438 3226 2489 sibi
3256 2437 3328 2507 ab
3353 2439 3481 2491 Ale-

1896 2506 2176 2562 xandrinis
2202 2513 2268 2563 de
2298 2509 2585 2561 indicendo
2616 2506 2853 2573 paschali
2882 2507 2971 2559 die
3000 2507 3223 2573 itnpuni.
3255 2506 3484 2572 Prospe-

1898 2594 2016 2639 rtnn
2050 2594 2264 2647 quoque
2306 2578 2631 2644 Aquitanum
2659 2619 2672 2639 ,
2707 2578 2797 2640 qui
2830 2589 2937 2629 tutu
2973 2575 3155 2628 Rotnte
3185 2575 3485 2647 apuereu.

1901 2664 2022 2709 item
2050 2646 2355 2717 pontiliccm
2384 2651 2604 2716 agebat,
2639 2662 2794 2700 suum
2826 2648 3044 2717 Cyclum
3074 2646 3444 2717 composuisse
3470 2663 3483 2698 :

1901 2714 2245 2788 cujustestes
2286 2714 2765 2771 sunt‘Cennatlius
2808 2714 3075 2788 in'Catal.
3107 2714 3238 2788 _Vir.
3285 2715 3481 2768 lllustr.

1900 2786 2020 2855 cap.
2053 2789 2143 2851 88,
2177 2789 2265 2842 ubi
2298 2788 2366 2841 de
2416 2788 2651 2841 Victurio
2700 2788 2905 2853 Aquit.,
2938 2798 2990 2839 et
3019 2786 3252 2839 Isidorus
3280 2787 3484 2848 Urigin.

1902 2859 1999 2913 lib.
2029 2875 2082 2913 vt
2113 2873 2236 2928 cap.
2269 2859 2355 2918 Π.
2392 2859 2492 2912 nisi
2517 2858 2626 2927 jam
2671 2858 2844 2911 editus
2894 2856 3083 2928 abillo
3109 2864 3258 2928 esset
3292 2855 3357 2909 ad
3384 2872 3481 2908 an-

1905 2946 2030 2985 uutn
2050 2925 2195 2993 ut,
2206 2944 2314 2999 quo
2335 2925 2529 2982 similis
2549 2936 2860 2982 occurrerat
2881 2925 3186 2999 dilﬁcttltas.
3221 2926 3288 2980 Ut
3306 2938 3371 2999 _ut
3395 2927 3485 2988 sit,

1904 3000 2133 3054 dubium
2178 2996 2285 3053 non
2314 3010 2395 3053 est
2432 3002 2558 3067 quin
2591 2999 2655 3052 ad
2689 2999 2835 3051 illum
2874 2997 3213 3067 scribendum
3244 3010 3273 3048 a
3306 2996 3487 3067 Leone

211 3064 407 3143 ωτι-ξ
436 3063 505 3117 de
537 3063 978 3143 Vita‘et-‘OperL
992 3066 1061 3143 S._
1097 3066 1437 3143 Leqni_s_pag.
1466 3068 1790 3143 Egliretseq.
1820 3081 1866 3143 ρ
1904 3071 1975 3143 sit
1996 3071 2280 3143 excitatus.
2313 3063 2767 3143 cyCiilS‘lliejﬂtll
2799 3068 2978 3143 periit.
3003 3065 3163 3143 Certe
3185 3081 3307 3143 eum
3333 3066 3488 3135 paulo

212 3145 330 3206 tom,
356 3132 403 3188 ll
430 3149 554 3188 nov.
585 3134 717 3189 edit.
751 3132 915 3206 Oper.
945 3137 1004 3191 S.
1039 3137 1239 3197 Leonis
1266 3132 1461 3206 Magni.
1490 3138 1595 3196 Ubi
1617 3132 1798 3194 obser-

212 3204 407 3275 tabis,
460 3215 577 3275 tum,
614 3206 851 3275 primum
898 3205 1001 3262 hac
1048 3208 1334 3264 occasione
1353 3204 1799 3264 Occidentalibus

210 3273 520 3344 inquirendi
548 3273 691 3341 diem
722 3276 1031 3343 Paschalis,
1074 3287 1359 3349 motusque
1397 3280 1530 3337 solis
1563 3290 1619 3335 et
1658 3281 1800 3335 lunae

1903 3141 2087 3196 iratior
2138 3134 2456 3195 scribat'de
2504 3134 2764 3193 Pascliate
2800 3134 2966 3205 'ltujus
3021 3139 3146 3190 anni
3195 3134 3343 3200 ‘55,
3381 3150 3489 3204 quo

1901 3210 2229 3265 Chronicum
2261 3225 2416 3263 suum
2446 3210 2668 3276 claudit,
2694 3217 2950 3278 appparet
2973 3223 3070 3277 pro
3090 3220 3188 3261 sua
3218 3207 3486 3260 sententia

1907 3283 2078 3350 ipsum
2110 3281 2440 3335 decertasee.

1762 3431 1926 3445 -—-——-

1295 3575 2378 3687 APPENDICULA

1058 3769 1161 3837 AD
1204 3768 1669 3831 CHRONICUM
1714 3771 1774 3830 S.
1811 3772 2187 3833 PROSPERI
2233 3773 2644 3846 AQUITANI.

285 3907 451 3981 755
467 3906 691 3981 ,Cuutin
705 3906 879 3967 codice
890 3923 1041 3981 quem
1058 3908 1410 3978 Augustarum
1427 3925 1691 3972 vocamus,
1711 3909 1945 3964 Pii/tau;
1963 3928 2076 3964 vero
2101 3912 2189 3965 sub
2211 3911 2466 3967 Ulriciam‘
2496 3913 2643 3964 titulo
2676 3911 2849 3965 citavit
2874 3913 2926 3965 in
2956 3913 3089 3965 notis
3116 3914 3225 3967 suis
3249 3915 3317 3966 ad
3330 3913 3492 3969 Chro-

210 3978 657 4050 nicimt'b'ufebii,
695 3988 825 4049 cla,
849 3979 1188 4050 subjiciuntur
1208 3980 1443 4050 quadam
1461 3997 1576 4050 qua
1596 3982 1835 4049 leguntur
1870 3984 2023 4034 etiam
2050 3985 2212 4036 inms.
2255 3983 2560 4036 Colbertime
2596 3981 2926 4036 Bibliotheca
2951 3984 3079 4043 ‘240.
3109 3996 3155 4036 et
3182 3983 3277 4038 illa
3305 3987 3492 4040 limites

206 4050 463 4126 exceth
494 4046 850 4126 Prosperiano‘
870 4047 1123 4126 Chronica
1150 4065 1181 4103 α
1212 4046 1484 4126 Gennadio
1498 4046 1796 4126 assignatas
1822 4054 1874 4104 in
1907 4050 2176 4126 Catalogo,
2202 4070 2318 4126 cap.
2354 4054 2443 4126 84,
2470 4056 2530 4106 de
2556 4054 2833 4126 Prospero,
2866 4053 2929 4106 de
2956 4052 3132 4126 quibus
3155 4058 3325 4126 fusius
3355 4056 3493 4110 dicta

210 4121 269 4171 in
291 4118 648 4196 admonitione
672 4117 927 4180 consules,
956 4120 1000 4173 si
1031 4130 1174 4177 cacat
1201 4136 1220 4185 ;
1250 4121 1349 4196 illa
1370 4136 1464 4196 nos
1489 4121 1594 4179 hic.
1617 4117 1934 4176 'cltaractere
1958 4117 2127 4175 tamen
2154 4117 2411 4194 inferiori,
2440 4125 2623 4176 excudi
2654 4117 2831 4176 debere
2853 4117 3184 4196 credidimus.
3220 4124 3284 4178 In
3310 4128 3494 4196 quibus

208 4189 363 4264 regni
399 4186 755 4264 Uandalorum
782 4228 796 4252 ,
840 4197 951 4257 post
995 4200 1196 4259 captant
1222 4190 1284 4264 ab
1310 4191 1374 4244 iis
1406 4191 1618 4264 Romani
1642 4232 1667 4264 ,_
1704 4201 1868 4264 status
1915 4209 2003 4260 per
2030 4210 2191 4246 annos
2212 4186 2317 4246 non
2342 4210 2534 4262 paucos
2559 4203 2971 4264 repraesentetur.
3011 4195 3207 4259 Quibus
3238 4186 3403 4250 totum
3439 4200 3492 4251 in

207 4258 398 4312 iisdem
424 4260 573 4319 libris,
598 4258 935 4329 prwﬁguutur
961 4270 1060 4318 tres
1088 4260 1414 4329 consulatus,
1446 4263 1535 4330 qui
1572 4258 1922 4316 Valentiniani
1941 4278 2030 4317 vui
2057 4265 2294 4317 ultimum
2323 4258 2439 4318 cum
2482 4258 2642 4317 morte
2665 4264 2989 4317 consulatum
3017 4258 3347 4337 exceperunt.

284 4393 576 4448 VARANE
608 4393 694 4446 ET
716 4392 1047 4448 JOHANNE.

283 4481 770 4540 CONSTANTINO
801 4484 889 4537 ET
918 4484 1124 4541 RUFO.

289 4572 673 4628 ARDABURE
704 4572 791 4627 ET
818 4573 1235 4631 ΜΑΧΙΜΙΑΝΟ.

292 4663 429 4719 Post
468 4665 807 4718 consulatum
852 4665 1145 4721 Theodosii
1181 4684 1289 4723 xvu
1331 4678 1387 4724 et
1413 4669 1581 4738 Festi,
1612 4671 1799 4726 Geise-

212 4756 371 4811 ricus
406 4755 765 4810 Vandalorum
806 4771 903 4811 rex
952 4758 1330 4829 Carthaginem
1377 4762 1651 4831 ingressus
1695 4774 1800 4833 est,

211 4851 311 4906 die
356 4866 446 4905 xxv
486 4849 831 4906 kalendarum
870 4852 1276 4909 Novembrium.
1306 4865 1332 4893 ι
1360 4858 1459 4924 Qui
1489 4858 1632 4913 rexit
1654 4874 1801 4915 eatu-

211 4943 349 4998 dem
376 4942 618 5011 Africam
645 4945 918 5001 civitatem
943 4950 1100 5002 anuis
1136 4963 1338 5011 xxxvtu
1361 4988 1377 5015 ,
1406 4951 1680 5006 mensibus
1722 4966 1801 5017 nt,

211 5034 417 5101 diebus
446 5050 517 5088 vr.

289 5124 427 5179 Post
458 5124 597 5189 hunc
622 5127 863 5195 regnavit
885 5126 1127 5186 llunerix
1145 5170 1160 5194 ,
1186 5128 1327 5185 filius
1352 5132 1501 5200 ejus,
1531 5132 1686 5189 anuis
1712 5148 1805 5199 vn,

212 5215 505 5283 mensibus
546 5214 655 5289 ιλιι
679 5216 870 5279 diebus
901 5234 1048 5275 xvut.
1104 5219 1204 5289 Qui
1242 5220 1295 5285 in
1338 5222 1445 5276 line
1473 5223 1598 5278 anni
1628 5238 1703 5278 vn
1725 5240 1809 5279 re-

210 5308 312 5377 gni
366 5306 451 5373 sui
510 5306 791 5371 catholica:
849 5307 1109 5367 Ecclesiae
1168 5313 1596 5379 persecutionem
1657 5312 1804 5378 fecit,

212 5414 541 5477 omnesque
560 5398 836 5467 Ecclesias
865 5400 1097 5471 clausit,
1129 5412 1185 5456 et
1211 5416 1434 5459 cunctos
1465 5404 1681 5463 Dnmiui
1714 5421 1804 5460 ca-

216 5493 461 5551 tholicos
488 5494 823 5559 sacerdotes,
847 5508 969 5548 cum
997 5495 1238 5565 Eugenio
1263 5496 1668 5565 Carthaginensi
1696 5501 1807 5569 epi-

293 5644 331 5677 It
356 5633 417 5709 ιιιΔ
441 5633 626 5694 codice
656 5646 760 5709 ms.
772 5629 961 5709 _Colb.,
996 5633 1097 5702 Qui
1126 5637 1352 5706 regnavit
1376 5636 1427 5689 in
1458 5637 1634 5691 cadent
1658 5636 1799 5709 Afri-

215 5720 287 5761 ea
320 5706 525 5759 civitate
553 5705 701 5760 annis
734 5704 823 5759 ‘37.

1910 4414 2079 4467 sc0po
2107 4401 2302 4454 exsilio
2327 4401 2602 4469 relegavit.
2638 4400 2738 4466 Qui
2776 4399 2869 4452 Dei
2896 4399 3102 4467 judicio
3128 4408 3342 4454 scatens
3369 4416 3468 4456 ver

1912 4492 2089 4546 nribus
2116 4493 2280 4546 vitam
2314 4492 2509 4546 ﬁnivit.

1983 4583 2113 4638 Post
2138 4598 2261 4638 eum
2294 4583 2537 4652 regnavit
2561 4592 2584 4620 ο
2616 4580 3028 4636 Guntamundus
3055 4579 3319 4635 Gentunis
3348 4582 3493 4651 ejus.

1910 4672 2032 4728 dem
2073 4673 2327 4727 llunerici
2371 4674 2512 4743 regis
2552 4672 2735 4727 fratris
2766 4671 2906 4725 filius
2947 4687 3120 4726 annos
3160 4687 3239 4737 st,
3280 4688 3495 4728 menses

1914 4781 1992 4833 ιι,
2027 4765 2145 4821 dies
2186 4782 2260 4819 χι.
2300 4766 2399 4832 Qui
2432 4765 2593 4820 tertio
2624 4778 2770 4819 anno
2811 4764 2962 4833 regni
2999 4766 3080 4819 sui
3121 4765 3493 4819 cmmeterium

1909 4858 2080 4911 sancti
2121 4858 2374 4925 martyris
2412 4855 2581 4924 Agilei
2622 4855 2762 4924 apud
2801 4855 3181 4923 Carthaginem
3211 4855 3494 4910 catholicis

1907 4946 2039 5002 dare
2058 4947 2321 5016 pra-cipit,
2344 4947 2510 5017 756
2529 4947 2767 5016 Eugenio
2781 4945 3193 5016 Carthaginensi
3212 4946 3490 5014 episcopo.

1909 5040 1979 5094 ab
2001 5040 2185 5095 eodem
2205 5042 2314 5108 jam
2334 5042 2399 5094 de
2416 5040 2607 5095 exsilio
2623 5052 2891 5095 revocato.
2913 5040 3129 5095 Decimo
3150 5051 3335 5094 autem
3350 5054 3489 5093 anno

1912 5134 2059 5201 regni
2092 5136 2196 5196 sui.
2233 5132 2501 5186 Eeclesias
2530 5132 2918 5187 catholicorum
2948 5132 3190 5201 aperuit,
3223 5138 3279 5183 ct
3303 5145 3495 5184 omnes

1914 5223 2015 5281 Dei.
2035 5222 2391 5288 sacerdotes,
2426 5232 2641 5292 petente
2682 5222 2924 5293 Eugenio
2951 5221 3362 5289 Cantltagiuensi
3385 5221 3497 5289 epi-

1915 5329 2101 5383 scopo,
2146 5315 2213 5370 de
2253 5317 2768 5372 essiliorevocavit.
2822 5316 2955 5381 Qua:
2993 5314 3248 5369 Ecclesia:
3285 5312 3500 5367 fuerunt

1916 5408 2116 5464 clausae
2160 5423 2331 5462 annos
2377 5425 2451 5474 tu,
2505 5425 2718 5464 menses
2762 5423 2835 5471 vt,
2882 5407 2999 5461 dies
3042 5420 3097 5472 v,
3153 5405 3263 5460 hoc
3299 5415 3403 5473 est,
3431 5406 3500 5458 ab

1917 5510 2113 5555 octavo
2140 5514 2284 5554 anno
2325 5500 2600 5569 llunerici,
2641 5500 2692 5559 id
2736 5509 2841 5565 e5t,
2888 5512 2963 5557 ex
3001 5498 3090 5555 dte
3122 5513 3193 5554 vtt
3237 5498 3374 5557 idus,
3401 5496 3500 5554 Fe-

1979 5636 2008 5675 δ
2040 5637 2094 5690 lu
2127 5653 2208 5691 ms
2256 5638 2438 5701 Colb.,
2467 5636 2640 5690 diebus
2668 5636 2761 5689 ‘28.

1998 5718 2019 5746 ε
2052 5708 2223 5773 Alias,
2254 5707 2647 5762 Gundabnndus
2685 5704 2954 5777 Centenis,
2990 5721 3087 5763 seu
3119 5705 3398 5763 Centenis.
