  <div class='ocr_page' id='page_1' title='image "/cluster/home/n/w/nwhite01/storage/ocr_20150623/51/hvd.32044054758610/312.png"; bbox 0 0 3972 6176; ppageno 0'>
   <div class='ocr_carea' id='block_1_1' title="bbox 245 230 359 288">
    <p class='ocr_par' dir='ltr' id='par_1_1' title="bbox 245 230 359 288">
     <span class='ocr_line' id='line_1_1' title="bbox 245 230 359 288; baseline 0.009 -2"><span class='ocrx_word' id='word_1_1' title='bbox 245 230 359 288; x_wconf 68' lang='grc'><strong>613</strong></span> 
     </span>
    </p>
   </div>
   <div class='ocr_carea' id='block_1_2' title="bbox 606 436 789 499">
    <p class='ocr_par' dir='ltr' id='par_1_2' title="bbox 606 436 789 499">
     <span class='ocr_line' id='line_1_2' title="bbox 606 436 789 499; baseline 0 -8"><span class='ocrx_word' id='word_1_2' title='bbox 606 436 789 499; x_wconf 81' lang='lat' dir='ltr'><strong>dorso,</strong></span> 
     </span>
    </p>
   </div>
   <div class='ocr_carea' id='block_1_3' title="bbox 472 524 1605 601">
    <p class='ocr_par' dir='ltr' id='par_1_3' title="bbox 472 524 1605 601">
     <span class='ocr_line' id='line_1_3' title="bbox 472 524 1605 601; baseline 0.005 -22"><span class='ocrx_word' id='word_1_3' title='bbox 472 524 582 580; x_wconf 79' lang='lat' dir='ltr'><strong>Nec</strong></span> <span class='ocrx_word' id='word_1_4' title='bbox 612 526 756 580; x_wconf 72' lang='lat' dir='ltr'><strong>laedit</strong></span> <span class='ocrx_word' id='word_1_5' title='bbox 778 526 1032 584; x_wconf 86' lang='lat' dir='ltr'><strong>blandum</strong></span> <span class='ocrx_word' id='word_1_6' title='bbox 1063 528 1209 582; x_wconf 89' lang='lat' dir='ltr'><strong>mitia</strong></span> <span class='ocrx_word' id='word_1_7' title='bbox 1239 530 1377 583; x_wconf 85' lang='lat' dir='ltr'><strong>colla</strong></span> <span class='ocrx_word' id='word_1_8' title='bbox 1398 529 1605 601; x_wconf 85' lang='lat' dir='ltr'><strong>jugum.</strong></span> 
     </span>
    </p>
   </div>
   <div class='ocr_carea' id='block_1_4' title="bbox 392 614 1548 683">
    <p class='ocr_par' dir='ltr' id='par_1_4' title="bbox 392 614 1548 683">
     <span class='ocr_line' id='line_1_4' title="bbox 392 614 1548 683; baseline 0.005 -14"><span class='ocrx_word' id='word_1_9' title='bbox 392 614 525 669; x_wconf 83' lang='lat' dir='ltr'><strong>Tota</strong></span> <span class='ocrx_word' id='word_1_10' title='bbox 557 625 736 671; x_wconf 89' lang='lat' dir='ltr'><strong>mente</strong></span> <span class='ocrx_word' id='word_1_11' title='bbox 764 617 925 683; x_wconf 87' lang='lat' dir='ltr'><strong>Deus,</strong></span> <span class='ocrx_word' id='word_1_12' title='bbox 960 628 1066 670; x_wconf 91' lang='lat' dir='ltr'><strong>tota</strong></span> <span class='ocrx_word' id='word_1_13' title='bbox 1097 620 1144 672; x_wconf 90' lang='lat' dir='ltr'><strong>vi</strong></span> <span class='ocrx_word' id='word_1_14' title='bbox 1176 622 1354 673; x_wconf 85' lang='lat' dir='ltr'><strong>cordis</strong></span> <span class='ocrx_word' id='word_1_15' title='bbox 1382 622 1548 675; x_wconf 82' lang='lat' dir='ltr'><strong>amari</strong></span> 
     </span>
    </p>
   </div>
   <div class='ocr_carea' id='block_1_5' title="bbox 236 705 1737 778">
    <p class='ocr_par' dir='ltr' id='par_1_5' title="bbox 236 705 1737 778">
     <span class='ocr_line' id='line_1_5' title="bbox 236 705 1737 778; baseline 0.004 -18"><span class='ocrx_word' id='word_1_16' title='bbox 236 705 316 761; x_wconf 83' lang='lat'><strong>50</strong></span> <span class='ocrx_word' id='word_1_17' title='bbox 465 706 783 777; x_wconf 68' lang='lat' dir='ltr'><strong>Prmeipitur</strong></span> <span class='ocrx_word' id='word_1_18' title='bbox 808 722 823 761; x_wconf 88' lang='lat'><strong>:</strong></span> <span class='ocrx_word' id='word_1_19' title='bbox 850 710 1025 778; x_wconf 85' lang='lat' dir='ltr'><strong>vigeat</strong></span> <span class='ocrx_word' id='word_1_20' title='bbox 1055 724 1183 763; x_wconf 91' lang='lat' dir='ltr'><strong>cura</strong></span> <span class='ocrx_word' id='word_1_21' title='bbox 1214 712 1447 765; x_wconf 82' lang='lat' dir='ltr'><strong>secunda</strong></span> <span class='ocrx_word' id='word_1_22' title='bbox 1483 712 1737 766; x_wconf 78' lang='lat' dir='ltr'><strong>hominis.</strong></span> 
     </span>
    </p>
   </div>
   <div class='ocr_carea' id='block_1_6' title="bbox 396 796 1689 866">
    <p class='ocr_par' dir='ltr' id='par_1_6' title="bbox 396 796 1689 866">
     <span class='ocr_line' id='line_1_6' title="bbox 396 796 1689 866; baseline 0.003 -17"><span class='ocrx_word' id='word_1_23' title='bbox 396 796 551 864; x_wconf 86' lang='lat' dir='ltr'><strong>Quod</strong></span> <span class='ocrx_word' id='word_1_24' title='bbox 582 797 682 851; x_wconf 87' lang='lat' dir='ltr'><strong>sibi</strong></span> <span class='ocrx_word' id='word_1_25' title='bbox 715 799 839 866; x_wconf 87' lang='lat' dir='ltr'><strong>quis</strong></span> <span class='ocrx_word' id='word_1_26' title='bbox 869 800 1005 853; x_wconf 92' lang='lat' dir='ltr'><strong>nolit</strong></span> <span class='ocrx_word' id='word_1_27' title='bbox 1036 798 1178 862; x_wconf 89' lang='lat' dir='ltr'><strong>ﬁeri,</strong></span> <span class='ocrx_word' id='word_1_28' title='bbox 1211 816 1314 853; x_wconf 92' lang='lat' dir='ltr'><strong>non</strong></span> <span class='ocrx_word' id='word_1_29' title='bbox 1351 801 1545 856; x_wconf 81' lang='lat' dir='ltr'><strong>inierat</strong></span> <span class='ocrx_word' id='word_1_30' title='bbox 1575 803 1689 866; x_wconf 88' lang='lat' dir='ltr'><strong>ulli,</strong></span> 
     </span>
    </p>
   </div>
   <div class='ocr_carea' id='block_1_7' title="bbox 471 889 1466 963">
    <p class='ocr_par' dir='ltr' id='par_1_7' title="bbox 471 889 1466 963">
     <span class='ocr_line' id='line_1_7' title="bbox 471 889 1466 963; baseline 0.009 -23"><span class='ocrx_word' id='word_1_31' title='bbox 471 889 776 944; x_wconf 78' lang='lat' dir='ltr'><strong>Vindictam</strong></span> <span class='ocrx_word' id='word_1_32' title='bbox 802 892 962 945; x_wconf 69' lang='lat' dir='ltr'><strong>laesus</strong></span> <span class='ocrx_word' id='word_1_33' title='bbox 993 894 1200 947; x_wconf 90' lang='lat' dir='ltr'><strong>nesciat</strong></span> <span class='ocrx_word' id='word_1_34' title='bbox 1228 895 1466 963; x_wconf 80' lang='lat' dir='ltr'><strong>exigere.</strong></span> 
     </span>
    </p>
   </div>
   <div class='ocr_carea' id='block_1_8' title="bbox 394 980 1649 1052">
    <p class='ocr_par' dir='ltr' id='par_1_8' title="bbox 394 980 1649 1052">
     <span class='ocr_line' id='line_1_8' title="bbox 394 980 1649 1052; baseline 0.006 -19"><span class='ocrx_word' id='word_1_35' title='bbox 394 980 692 1033; x_wconf 74' lang='lat' dir='ltr'><strong>Contentus</strong></span> <span class='ocrx_word' id='word_1_36' title='bbox 719 982 966 1049; x_wconf 87' lang='lat' dir='ltr'><strong>modicis,</strong></span> <span class='ocrx_word' id='word_1_37' title='bbox 997 984 1132 1037; x_wconf 88' lang='lat' dir='ltr'><strong>vitet</strong></span> <span class='ocrx_word' id='word_1_38' title='bbox 1161 985 1404 1039; x_wconf 84' lang='lat' dir='ltr'><strong>sublimis</strong></span> <span class='ocrx_word' id='word_1_39' title='bbox 1433 987 1649 1052; x_wconf 90' lang='lat' dir='ltr'><strong>haberi;</strong></span> 
     </span>
    </p>
   </div>
   <div class='ocr_carea' id='block_1_9' title="bbox 310 1069 1669 1143">
    <p class='ocr_par' dir='ltr' id='par_1_9' title="bbox 310 1069 1669 1143">
     <span class='ocr_line' id='line_1_9' title="bbox 310 1069 1669 1143; baseline 0.01 -21"><span class='ocrx_word' id='word_1_40' title='bbox 310 1130 317 1135; x_wconf 25' lang='lat' dir='ltr'><strong>D</strong></span> <span class='ocrx_word' id='word_1_41' title='bbox 346 1132 347 1135; x_wconf 23' lang='grc' dir='ltr'><strong>η</strong></span> <span class='ocrx_word' id='word_1_42' title='bbox 470 1069 663 1137; x_wconf 91' lang='lat' dir='ltr'><strong>Sperni</strong></span> <span class='ocrx_word' id='word_1_43' title='bbox 688 1086 792 1123; x_wconf 91' lang='lat' dir='ltr'><strong>nou</strong></span> <span class='ocrx_word' id='word_1_44' title='bbox 824 1072 1026 1136; x_wconf 85' lang='lat' dir='ltr'><strong>timeat,</strong></span> <span class='ocrx_word' id='word_1_45' title='bbox 1059 1088 1319 1143; x_wconf 87' lang='lat' dir='ltr'><strong>spernere</strong></span> <span class='ocrx_word' id='word_1_46' title='bbox 1348 1092 1452 1131; x_wconf 94' lang='lat' dir='ltr'><strong>nou</strong></span> <span class='ocrx_word' id='word_1_47' title='bbox 1487 1078 1669 1135; x_wconf 87' lang='lat' dir='ltr'><strong>libeat.</strong></span> 
     </span>
    </p>
   </div>
   <div class='ocr_carea' id='block_1_10' title="bbox 240 1158 1829 1242">
    <p class='ocr_par' dir='ltr' id='par_1_10' title="bbox 240 1158 1829 1242">
     <span class='ocr_line' id='line_1_10' title="bbox 240 1158 1829 1242; baseline 0.008 -27"><span class='ocrx_word' id='word_1_48' title='bbox 240 1159 318 1215; x_wconf 81' lang='lat'><strong>55</strong></span> <span class='ocrx_word' id='word_1_49' title='bbox 395 1158 636 1223; x_wconf 75' lang='lat' dir='ltr'><strong>PJI’CUs,</strong></span> <span class='ocrx_word' id='word_1_50' title='bbox 690 1177 818 1216; x_wconf 82' lang='lat' dir='ltr'><strong>veta</strong></span> <span class='ocrx_word' id='word_1_51' title='bbox 868 1162 1126 1231; x_wconf 89' lang='lat' dir='ltr'><strong>loquens,</strong></span> <span class='ocrx_word' id='word_1_52' title='bbox 1178 1173 1233 1218; x_wconf 89' lang='lat' dir='ltr'><strong>et</strong></span> <span class='ocrx_word' id='word_1_53' title='bbox 1277 1176 1457 1223; x_wconf 83' lang='lat' dir='ltr'><strong>mente</strong></span> <span class='ocrx_word' id='word_1_54' title='bbox 1502 1181 1557 1224; x_wconf 90' lang='lat' dir='ltr'><strong>et</strong></span> <span class='ocrx_word' id='word_1_55' title='bbox 1602 1186 1829 1242; x_wconf 88' lang='lat' dir='ltr'><strong>corpore</strong></span> 
     </span>
    </p>
   </div>
   <div class='ocr_carea' id='block_1_11' title="bbox 603 1264 805 1319">
    <p class='ocr_par' dir='ltr' id='par_1_11' title="bbox 603 1264 805 1319">
     <span class='ocr_line' id='line_1_11' title="bbox 603 1264 805 1319; baseline 0.005 -13"><span class='ocrx_word' id='word_1_56' title='bbox 603 1264 805 1319; x_wconf 86' lang='lat' dir='ltr'><strong>castus,</strong></span> 
     </span>
    </p>
   </div>
   <div class='ocr_carea' id='block_1_12' title="bbox 462 1343 1507 1421">
    <p class='ocr_par' dir='ltr' id='par_1_12' title="bbox 462 1343 1507 1421">
     <span class='ocr_line' id='line_1_12' title="bbox 462 1343 1507 1421; baseline 0.011 -25"><span class='ocrx_word' id='word_1_57' title='bbox 462 1343 731 1398; x_wconf 90' lang='lat' dir='ltr'><strong>lusontem</strong></span> <span class='ocrx_word' id='word_1_58' title='bbox 763 1345 926 1399; x_wconf 86' lang='lat' dir='ltr'><strong>vitam</strong></span> <span class='ocrx_word' id='word_1_59' title='bbox 957 1348 1102 1415; x_wconf 82' lang='lat' dir='ltr'><strong>pacis</strong></span> <span class='ocrx_word' id='word_1_60' title='bbox 1130 1359 1339 1409; x_wconf 80' lang='lat' dir='ltr'><strong>amator</strong></span> <span class='ocrx_word' id='word_1_61' title='bbox 1366 1362 1507 1421; x_wconf 76' lang='lat' dir='ltr'><strong>agat.</strong></span> 
     </span>
    </p>
   </div>
   <div class='ocr_carea' id='block_1_13' title="bbox 389 1436 1825 1514">
    <p class='ocr_par' dir='ltr' id='par_1_13' title="bbox 389 1436 1825 1514">
     <span class='ocr_line' id='line_1_13' title="bbox 389 1436 1825 1514; baseline 0.01 -25"><span class='ocrx_word' id='word_1_62' title='bbox 389 1436 469 1490; x_wconf 87' lang='lat' dir='ltr'><strong>De</strong></span> <span class='ocrx_word' id='word_1_63' title='bbox 517 1438 731 1505; x_wconf 90' lang='lat' dir='ltr'><strong>proprio</strong></span> <span class='ocrx_word' id='word_1_64' title='bbox 775 1438 1004 1504; x_wconf 90' lang='lat' dir='ltr'><strong>cunctis,</strong></span> <span class='ocrx_word' id='word_1_65' title='bbox 1056 1454 1194 1510; x_wconf 91' lang='lat' dir='ltr'><strong>quos</strong></span> <span class='ocrx_word' id='word_1_66' title='bbox 1231 1444 1406 1499; x_wconf 82' lang='lat' dir='ltr'><strong>cernit</strong></span> <span class='ocrx_word' id='word_1_67' title='bbox 1441 1460 1624 1514; x_wconf 83' lang='lat' dir='ltr'><strong>egere,</strong></span> <span class='ocrx_word' id='word_1_68' title='bbox 1672 1448 1825 1504; x_wconf 90' lang='lat' dir='ltr'><strong>beni-</strong></span> 
     </span>
    </p>
   </div>
   <div class='ocr_carea' id='block_1_14' title="bbox 602 1542 762 1597">
    <p class='ocr_par' dir='ltr' id='par_1_14' title="bbox 602 1542 762 1597">
     <span class='ocr_line' id='line_1_14' title="bbox 602 1542 762 1597; baseline 0.019 -19"><span class='ocrx_word' id='word_1_69' title='bbox 602 1542 762 1597; x_wconf 87' lang='lat' dir='ltr'><strong>gnus,</strong></span> 
     </span>
    </p>
   </div>
   <div class='ocr_carea' id='block_1_15' title="bbox 464 1619 1761 1693">
    <p class='ocr_par' dir='ltr' id='par_1_15' title="bbox 464 1619 1761 1693">
     <span class='ocr_line' id='line_1_15' title="bbox 464 1619 1761 1693; baseline 0.011 -21"><span class='ocrx_word' id='word_1_70' title='bbox 464 1619 581 1673; x_wconf 78' lang='lat' dir='ltr'><strong>Non</strong></span> <span class='ocrx_word' id='word_1_71' title='bbox 613 1636 709 1674; x_wconf 85' lang='lat' dir='ltr'><strong>sua</strong></span> <span class='ocrx_word' id='word_1_72' title='bbox 739 1635 841 1675; x_wconf 90' lang='lat' dir='ltr'><strong>non</strong></span> <span class='ocrx_word' id='word_1_73' title='bbox 872 1622 1077 1691; x_wconf 72' lang='lat' dir='ltr'><strong>cupiat,</strong></span> <span class='ocrx_word' id='word_1_74' title='bbox 1110 1640 1231 1693; x_wconf 64' lang='lat' dir='ltr'><strong>qua:</strong></span> <span class='ocrx_word' id='word_1_75' title='bbox 1259 1639 1353 1681; x_wconf 90' lang='lat' dir='ltr'><strong>sua</strong></span> <span class='ocrx_word' id='word_1_76' title='bbox 1385 1641 1512 1684; x_wconf 87' lang='lat' dir='ltr'><strong>sunt</strong></span> <span class='ocrx_word' id='word_1_77' title='bbox 1541 1630 1761 1686; x_wconf 74' lang='lat' dir='ltr'><strong>tribuat.</strong></span> 
     </span>
    </p>
   </div>
   <div class='ocr_carea' id='block_1_16' title="bbox 1356 237 2391 315">
    <p class='ocr_par' dir='ltr' id='par_1_16' title="bbox 1356 237 2391 315">
     <span class='ocr_line' id='line_1_16' title="bbox 1356 237 2391 315; baseline 0.016 -26"><span class='ocrx_word' id='word_1_78' title='bbox 1356 237 1578 291; x_wconf 73' lang='lat' dir='ltr'><strong>POEMA</strong></span> <span class='ocrx_word' id='word_1_79' title='bbox 1612 239 1937 299; x_wconf 76' lang='lat' dir='ltr'><strong>COMUGlS</strong></span> <span class='ocrx_word' id='word_1_80' title='bbox 1967 245 2391 315; x_wconf 67' lang='lat' dir='ltr'><strong>ADUXOREM.</strong></span> 
     </span>
    </p>
   </div>
   <div class='ocr_carea' id='block_1_17' title="bbox 393 343 2040 421">
    <p class='ocr_par' dir='ltr' id='par_1_17' title="bbox 393 343 2040 421">
     <span class='ocr_line' id='line_1_17' title="bbox 393 343 2040 421; baseline 0.006 -23"><span class='ocrx_word' id='word_1_81' title='bbox 393 343 511 398; x_wconf 65' lang='lat' dir='ltr'><strong>Non</strong></span> <span class='ocrx_word' id='word_1_82' title='bbox 555 352 734 405; x_wconf 80' lang='lat' dir='ltr'><strong>tamen</strong></span> <span class='ocrx_word' id='word_1_83' title='bbox 782 343 896 401; x_wconf 63' lang='lat' dir='ltr'><strong>haec</strong></span> <span class='ocrx_word' id='word_1_84' title='bbox 946 344 1125 421; x_wconf 80' lang='lat' dir='ltr'><strong>gravis</strong></span> <span class='ocrx_word' id='word_1_85' title='bbox 1169 357 1249 403; x_wconf 81' lang='lat' dir='ltr'><strong>est</strong></span> <span class='ocrx_word' id='word_1_86' title='bbox 1296 359 1585 405; x_wconf 81' lang='lat' dir='ltr'><strong>mansueto</strong></span> <span class='ocrx_word' id='word_1_87' title='bbox 1615 355 1824 413; x_wconf 76' lang='lat' dir='ltr'><strong>sarcina</strong></span> <span class='ocrx_word' id='word_1_88' title='bbox 1853 360 1906 417; x_wconf 76' lang='grc' dir='ltr'>Α</span> <span class='ocrx_word' id='word_1_89' title='bbox 1969 356 2040 408; x_wconf 83' lang='grc'>80</span> 
     </span>
    </p>
   </div>
   <div class='ocr_carea' id='block_1_18' title="bbox 3406 279 3514 332">
    <p class='ocr_par' dir='ltr' id='par_1_18' title="bbox 3406 279 3514 332">
     <span class='ocr_line' id='line_1_18' title="bbox 3406 279 3514 332; baseline 0 -1"><span class='ocrx_word' id='word_1_90' title='bbox 3406 279 3514 332; x_wconf 71' lang='lat' dir='ltr'><strong>CH</strong></span> 
     </span>
    </p>
   </div>
   <div class='ocr_carea' id='block_1_19' title="bbox 2148 356 3408 436">
    <p class='ocr_par' dir='ltr' id='par_1_19' title="bbox 2148 356 3408 436">
     <span class='ocr_line' id='line_1_19' title="bbox 2148 356 3408 436; baseline 0.017 -25"><span class='ocrx_word' id='word_1_91' title='bbox 2148 356 2231 412; x_wconf 81' lang='lat' dir='ltr'><strong>Me</strong></span> <span class='ocrx_word' id='word_1_92' title='bbox 2259 370 2481 429; x_wconf 86' lang='lat' dir='ltr'><strong>propter</strong></span> <span class='ocrx_word' id='word_1_93' title='bbox 2507 374 2659 418; x_wconf 85' lang='lat' dir='ltr'><strong>sacra</strong></span> <span class='ocrx_word' id='word_1_94' title='bbox 2690 364 2911 436; x_wconf 82' lang='lat' dir='ltr'><strong>Virgine</strong></span> <span class='ocrx_word' id='word_1_95' title='bbox 2929 378 3087 427; x_wconf 84' lang='lat' dir='ltr'><strong>natus</strong></span> <span class='ocrx_word' id='word_1_96' title='bbox 3112 370 3276 430; x_wconf 85' lang='lat' dir='ltr'><strong>homo</strong></span> <span class='ocrx_word' id='word_1_97' title='bbox 3304 385 3408 431; x_wconf 77' lang='lat' dir='ltr'><strong>est.</strong></span> 
     </span>
    </p>
   </div>
   <div class='ocr_carea' id='block_1_20' title="bbox 2080 448 3363 537">
    <p class='ocr_par' dir='ltr' id='par_1_20' title="bbox 2080 448 3363 537">
     <span class='ocr_line' id='line_1_20' title="bbox 2080 448 3363 537; baseline 0.018 -35"><span class='ocrx_word' id='word_1_98' title='bbox 2080 448 2289 520; x_wconf 85' lang='lat' dir='ltr'><strong>Flagris</strong></span> <span class='ocrx_word' id='word_1_99' title='bbox 2316 453 2500 521; x_wconf 87' lang='lat' dir='ltr'><strong>dorsa,</strong></span> <span class='ocrx_word' id='word_1_100' title='bbox 2533 455 2706 527; x_wconf 83' lang='lat' dir='ltr'><strong>alapis</strong></span> <span class='ocrx_word' id='word_1_101' title='bbox 2729 458 2999 529; x_wconf 79' lang='lat' dir='ltr'><strong>maxillas,</strong></span> <span class='ocrx_word' id='word_1_102' title='bbox 3022 467 3363 537; x_wconf 68' lang='lat' dir='ltr'><strong>orasalivis,</strong></span> 
     </span>
    </p>
   </div>
   <div class='ocr_carea' id='block_1_21' title="bbox 2146 542 3231 616">
    <p class='ocr_par' dir='ltr' id='par_1_21' title="bbox 2146 542 3231 616">
     <span class='ocr_line' id='line_1_21' title="bbox 2146 542 3231 616; baseline 0.016 -21"><span class='ocrx_word' id='word_1_103' title='bbox 2146 542 2401 610; x_wconf 71' lang='lat' dir='ltr'><strong>Praebuit,</strong></span> <span class='ocrx_word' id='word_1_104' title='bbox 2436 556 2483 598; x_wconf 89' lang='lat' dir='ltr'><strong>et</strong></span> <span class='ocrx_word' id='word_1_105' title='bbox 2521 546 2607 616; x_wconf 83' lang='lat' dir='ltr'><strong>ﬁgi</strong></span> <span class='ocrx_word' id='word_1_106' title='bbox 2625 563 2683 601; x_wconf 89' lang='lat' dir='ltr'><strong>se</strong></span> <span class='ocrx_word' id='word_1_107' title='bbox 2712 565 2873 606; x_wconf 87' lang='lat' dir='ltr'><strong>cruce</strong></span> <span class='ocrx_word' id='word_1_108' title='bbox 2902 570 3008 607; x_wconf 93' lang='lat' dir='ltr'><strong>non</strong></span> <span class='ocrx_word' id='word_1_109' title='bbox 3035 557 3231 613; x_wconf 88' lang='lat' dir='ltr'><strong>renuit.</strong></span> 
     </span>
    </p>
   </div>
   <div class='ocr_carea' id='block_1_22' title="bbox 2077 629 3403 715">
    <p class='ocr_par' dir='ltr' id='par_1_22' title="bbox 2077 629 3403 715">
     <span class='ocr_line' id='line_1_22' title="bbox 2077 629 3403 715; baseline 0.017 -33"><span class='ocrx_word' id='word_1_110' title='bbox 2077 629 2194 685; x_wconf 89' lang='lat' dir='ltr'><strong>Non</strong></span> <span class='ocrx_word' id='word_1_111' title='bbox 2226 640 2286 687; x_wconf 90' lang='lat' dir='ltr'><strong>ut</strong></span> <span class='ocrx_word' id='word_1_112' title='bbox 2310 645 2452 689; x_wconf 78' lang='lat' dir='ltr'><strong>tanta</strong></span> <span class='ocrx_word' id='word_1_113' title='bbox 2483 636 2592 693; x_wconf 82' lang='lat' dir='ltr'><strong>Deo</strong></span> <span class='ocrx_word' id='word_1_114' title='bbox 2614 641 2900 710; x_wconf 80' lang='lat' dir='ltr'><strong>quidquam</strong></span> <span class='ocrx_word' id='word_1_115' title='bbox 2931 646 3191 712; x_wconf 87' lang='lat' dir='ltr'><strong>patientia</strong></span> <span class='ocrx_word' id='word_1_116' title='bbox 3220 647 3403 715; x_wconf 69' lang='lat' dir='ltr'><strong>fervet,</strong></span> 
     </span>
    </p>
   </div>
   <div class='ocr_carea' id='block_1_23' title="bbox 2143 721 3402 809">
    <p class='ocr_par' dir='ltr' id='par_1_23' title="bbox 2143 721 3402 809">
     <span class='ocr_line' id='line_1_23' title="bbox 2143 721 3402 809; baseline 0.015 -33"><span class='ocrx_word' id='word_1_117' title='bbox 2143 721 2312 792; x_wconf 85' lang='lat' dir='ltr'><strong>Cujus</strong></span> <span class='ocrx_word' id='word_1_118' title='bbox 2340 740 2439 781; x_wconf 88' lang='lat' dir='ltr'><strong>nec</strong></span> <span class='ocrx_word' id='word_1_119' title='bbox 2471 741 2736 797; x_wconf 79' lang='lat' dir='ltr'><strong>crescunt,</strong></span> <span class='ocrx_word' id='word_1_120' title='bbox 2769 747 2867 787; x_wconf 78' lang='lat' dir='ltr'><strong>nec</strong></span> <span class='ocrx_word' id='word_1_121' title='bbox 2895 736 3207 791; x_wconf 90' lang='lat' dir='ltr'><strong>minuuntur</strong></span> <span class='ocrx_word' id='word_1_122' title='bbox 3236 756 3402 809; x_wconf 76' lang='lat' dir='ltr'><strong>opes:</strong></span> 
     </span>
    </p>
   </div>
   <div class='ocr_carea' id='block_1_24' title="bbox 1969 811 3508 903">
    <p class='ocr_par' dir='ltr' id='par_1_24' title="bbox 1969 811 3508 903">
     <span class='ocr_line' id='line_1_24' title="bbox 1969 811 3508 903; baseline 0.017 -40"><span class='ocrx_word' id='word_1_123' title='bbox 1969 811 2039 866; x_wconf 84' lang='grc'><strong>85</strong></span> <span class='ocrx_word' id='word_1_124' title='bbox 2075 812 2178 867; x_wconf 86' lang='lat' dir='ltr'><strong>Sed</strong></span> <span class='ocrx_word' id='word_1_125' title='bbox 2205 817 2345 884; x_wconf 88' lang='lat' dir='ltr'><strong>quod</strong></span> <span class='ocrx_word' id='word_1_126' title='bbox 2375 822 2817 877; x_wconf 82' lang='lat' dir='ltr'><strong>eratvitiatutnin</strong></span> <span class='ocrx_word' id='word_1_127' title='bbox 2837 836 3372 897; x_wconf 82' lang='lat' dir='ltr'><strong>tne,utsuperatetiu</strong></span> <span class='ocrx_word' id='word_1_128' title='bbox 3392 836 3508 903; x_wconf 84' lang='lat' dir='ltr'><strong>illo,</strong></span> 
     </span>
    </p>
   </div>
   <div class='ocr_carea' id='block_1_25' title="bbox 2144 903 3276 983">
    <p class='ocr_par' dir='ltr' id='par_1_25' title="bbox 2144 903 3276 983">
     <span class='ocr_line' id='line_1_25' title="bbox 2144 903 3276 983; baseline 0.017 -26"><span class='ocrx_word' id='word_1_129' title='bbox 2144 903 2341 960; x_wconf 86' lang='lat' dir='ltr'><strong>Factus</strong></span> <span class='ocrx_word' id='word_1_130' title='bbox 2364 926 2482 962; x_wconf 89' lang='lat' dir='ltr'><strong>sutn</strong></span> <span class='ocrx_word' id='word_1_131' title='bbox 2513 909 2711 966; x_wconf 79' lang='lat' dir='ltr'><strong>Christi</strong></span> <span class='ocrx_word' id='word_1_132' title='bbox 2741 920 3002 983; x_wconf 86' lang='lat' dir='ltr'><strong>corporis,</strong></span> <span class='ocrx_word' id='word_1_133' title='bbox 3038 919 3127 974; x_wconf 90' lang='lat' dir='ltr'><strong>ille</strong></span> <span class='ocrx_word' id='word_1_134' title='bbox 3154 924 3276 976; x_wconf 90' lang='lat' dir='ltr'><strong>mei.</strong></span> 
     </span>
    </p>
   </div>
   <div class='ocr_carea' id='block_1_26' title="bbox 2075 993 3507 1083">
    <p class='ocr_par' dir='ltr' id='par_1_26' title="bbox 2075 993 3507 1083">
     <span class='ocr_line' id='line_1_26' title="bbox 2075 993 3507 1083; baseline 0.016 -37"><span class='ocrx_word' id='word_1_135' title='bbox 2075 993 2158 1047; x_wconf 82' lang='lat' dir='ltr'><strong>Me</strong></span> <span class='ocrx_word' id='word_1_136' title='bbox 2183 998 2350 1063; x_wconf 82' lang='lat' dir='ltr'><strong>gessit</strong></span> <span class='ocrx_word' id='word_1_137' title='bbox 2394 1001 2653 1067; x_wconf 88' lang='lat' dir='ltr'><strong>moriens,</strong></span> <span class='ocrx_word' id='word_1_138' title='bbox 2700 1018 2783 1056; x_wconf 85' lang='lat' dir='ltr'><strong>me</strong></span> <span class='ocrx_word' id='word_1_139' title='bbox 2818 1007 2958 1060; x_wconf 89' lang='lat' dir='ltr'><strong>victa</strong></span> <span class='ocrx_word' id='word_1_140' title='bbox 2992 1019 3165 1064; x_wconf 87' lang='lat' dir='ltr'><strong>morte</strong></span> <span class='ocrx_word' id='word_1_141' title='bbox 3196 1026 3507 1083; x_wconf 74' lang='lat' dir='ltr'><strong>resurgens,</strong></span> 
     </span>
    </p>
   </div>
   <div class='ocr_carea' id='block_1_27' title="bbox 2145 1084 3400 1167">
    <p class='ocr_par' dir='ltr' id='par_1_27' title="bbox 2145 1084 3400 1167">
     <span class='ocr_line' id='line_1_27' title="bbox 2145 1084 3400 1167; baseline 0.017 -28"><span class='ocrx_word' id='word_1_142' title='bbox 2145 1084 2214 1139; x_wconf 84' lang='lat' dir='ltr'><strong>Et</strong></span> <span class='ocrx_word' id='word_1_143' title='bbox 2233 1102 2421 1142; x_wconf 76' lang='lat' dir='ltr'><strong>serum</strong></span> <span class='ocrx_word' id='word_1_144' title='bbox 2446 1090 2511 1143; x_wconf 86' lang='lat' dir='ltr'><strong>ad</strong></span> <span class='ocrx_word' id='word_1_145' title='bbox 2546 1091 2757 1147; x_wconf 77' lang='lat' dir='ltr'><strong>Patrem</strong></span> <span class='ocrx_word' id='word_1_146' title='bbox 2789 1112 2876 1150; x_wconf 87' lang='lat' dir='ltr'><strong>me</strong></span> <span class='ocrx_word' id='word_1_147' title='bbox 2900 1115 3061 1167; x_wconf 88' lang='lat' dir='ltr'><strong>super</strong></span> <span class='ocrx_word' id='word_1_148' title='bbox 3088 1114 3230 1156; x_wconf 82' lang='lat' dir='ltr'><strong>astra</strong></span> <span class='ocrx_word' id='word_1_149' title='bbox 3261 1106 3400 1161; x_wconf 57' lang='lat' dir='ltr'><strong>“liii.</strong></span> 
     </span>
    </p>
   </div>
   <div class='ocr_carea' id='block_1_28' title="bbox 2075 1174 3509 1259">
    <p class='ocr_par' dir='ltr' id='par_1_28' title="bbox 2075 1174 3509 1259">
     <span class='ocr_line' id='line_1_28' title="bbox 2075 1174 3509 1259; baseline 0.02 -32"><span class='ocrx_word' id='word_1_150' title='bbox 2075 1174 2341 1241; x_wconf 90' lang='lat' dir='ltr'><strong>Quidnam</strong></span> <span class='ocrx_word' id='word_1_151' title='bbox 2377 1182 2538 1249; x_wconf 82' lang='lat' dir='ltr'><strong>igitur</strong></span> <span class='ocrx_word' id='word_1_152' title='bbox 2560 1197 2698 1238; x_wconf 88' lang='lat' dir='ltr'><strong>tanta</strong></span> <span class='ocrx_word' id='word_1_153' title='bbox 2735 1204 2829 1255; x_wconf 85' lang='lat' dir='ltr'><strong>pro</strong></span> <span class='ocrx_word' id='word_1_154' title='bbox 2850 1206 2944 1259; x_wconf 82' lang='lat' dir='ltr'><strong>spe</strong></span> <span class='ocrx_word' id='word_1_155' title='bbox 2969 1195 3201 1248; x_wconf 80' lang='lat' dir='ltr'><strong>tolerare</strong></span> <span class='ocrx_word' id='word_1_156' title='bbox 3230 1201 3509 1255; x_wconf 62' lang='lat' dir='ltr'><strong>recusem!</strong></span> 
     </span>
    </p>
   </div>
   <div class='ocr_carea' id='block_1_29' title="bbox 1964 1264 3409 1351">
    <p class='ocr_par' dir='ltr' id='par_1_29' title="bbox 1964 1264 3409 1351">
     <span class='ocr_line' id='line_1_29' title="bbox 1964 1264 3409 1351; baseline 0.017 -33"><span class='ocrx_word' id='word_1_157' title='bbox 1964 1264 2033 1320; x_wconf 80' lang='lat'><strong>90</strong></span> <span class='ocrx_word' id='word_1_158' title='bbox 2140 1269 2247 1322; x_wconf 86' lang='lat' dir='ltr'><strong>Aut</strong></span> <span class='ocrx_word' id='word_1_159' title='bbox 2274 1273 2531 1339; x_wconf 82' lang='lat' dir='ltr'><strong>quiderit</strong></span> <span class='ocrx_word' id='word_1_160' title='bbox 2561 1278 2700 1345; x_wconf 81' lang='lat' dir='ltr'><strong>quod</strong></span> <span class='ocrx_word' id='word_1_161' title='bbox 2730 1298 2814 1334; x_wconf 85' lang='lat' dir='ltr'><strong>me</strong></span> <span class='ocrx_word' id='word_1_162' title='bbox 2836 1296 3050 1351; x_wconf 79' lang='lat' dir='ltr'><strong>separet</strong></span> <span class='ocrx_word' id='word_1_163' title='bbox 3076 1303 3105 1335; x_wconf 85' lang='lat' dir='ltr'><strong>a</strong></span> <span class='ocrx_word' id='word_1_164' title='bbox 3135 1286 3409 1343; x_wconf 66' lang='lat' dir='ltr'><strong>Domine?</strong></span> 
     </span>
    </p>
   </div>
   <div class='ocr_carea' id='block_1_30' title="bbox 2073 1357 3503 1444">
    <p class='ocr_par' dir='ltr' id='par_1_30' title="bbox 2073 1357 3503 1444">
     <span class='ocr_line' id='line_1_30' title="bbox 2073 1357 3503 1444; baseline 0.019 -34"><span class='ocrx_word' id='word_1_165' title='bbox 2073 1357 2257 1427; x_wconf 86' lang='lat' dir='ltr'><strong>Ignem</strong></span> <span class='ocrx_word' id='word_1_166' title='bbox 2276 1363 2497 1431; x_wconf 81' lang='lat' dir='ltr'><strong>adhibe,</strong></span> <span class='ocrx_word' id='word_1_167' title='bbox 2518 1366 2714 1423; x_wconf 81' lang='lat' dir='ltr'><strong>timare</strong></span> <span class='ocrx_word' id='word_1_168' title='bbox 2739 1387 2898 1426; x_wconf 89' lang='lat' dir='ltr'><strong>manu</strong></span> <span class='ocrx_word' id='word_1_169' title='bbox 2922 1392 3039 1429; x_wconf 90' lang='lat' dir='ltr'><strong>mea</strong></span> <span class='ocrx_word' id='word_1_170' title='bbox 3061 1393 3288 1444; x_wconf 76' lang='lat' dir='ltr'><strong>Viscera,</strong></span> <span class='ocrx_word' id='word_1_171' title='bbox 3309 1391 3503 1437; x_wconf 79' lang='lat' dir='ltr'><strong>turtur:</strong></span> 
     </span>
    </p>
   </div>
   <div class='ocr_carea' id='block_1_31' title="bbox 2141 1449 3273 1524">
    <p class='ocr_par' dir='ltr' id='par_1_31' title="bbox 2141 1449 3273 1524">
     <span class='ocr_line' id='line_1_31' title="bbox 2141 1449 3273 1524; baseline 0.019 -22"><span class='ocrx_word' id='word_1_172' title='bbox 2141 1449 2415 1520; x_wconf 70' lang='lat' dir='ltr'><strong>Effugient</strong></span> <span class='ocrx_word' id='word_1_173' title='bbox 2443 1470 2625 1523; x_wconf 58' lang='lat' dir='ltr'><strong>poenas</strong></span> <span class='ocrx_word' id='word_1_174' title='bbox 2655 1464 2893 1515; x_wconf 80' lang='lat' dir='ltr'><strong>membra</strong></span> <span class='ocrx_word' id='word_1_175' title='bbox 2927 1467 3098 1520; x_wconf 74' lang='lat' dir='ltr'><strong>Stllllia</strong></span> <span class='ocrx_word' id='word_1_176' title='bbox 3133 1480 3273 1524; x_wconf 84' lang='lat' dir='ltr'><strong>tuas.</strong></span> 
     </span>
    </p>
   </div>
   <div class='ocr_carea' id='block_1_32' title="bbox 2067 1538 3395 1629">
    <p class='ocr_par' dir='ltr' id='par_1_32' title="bbox 2067 1538 3395 1629">
     <span class='ocr_line' id='line_1_32' title="bbox 2067 1538 3395 1629; baseline 0.017 -35"><span class='ocrx_word' id='word_1_177' title='bbox 2067 1538 2299 1598; x_wconf 86' lang='lat' dir='ltr'><strong>Carcere</strong></span> <span class='ocrx_word' id='word_1_178' title='bbox 2327 1546 2369 1599; x_wconf 81' lang='lat' dir='ltr'><strong>si</strong></span> <span class='ocrx_word' id='word_1_179' title='bbox 2399 1559 2542 1600; x_wconf 67' lang='lat' dir='ltr'><strong>cmco</strong></span> <span class='ocrx_word' id='word_1_180' title='bbox 2571 1550 2813 1613; x_wconf 80' lang='lat' dir='ltr'><strong>claudar,</strong></span> <span class='ocrx_word' id='word_1_181' title='bbox 2847 1570 3134 1627; x_wconf 87' lang='lat' dir='ltr'><strong>nectarque</strong></span> <span class='ocrx_word' id='word_1_182' title='bbox 3172 1562 3395 1629; x_wconf 56' lang='lat' dir='ltr'><strong>catenis,</strong></span> 
     </span>
    </p>
   </div>
   <div class='ocr_carea' id='block_1_33' title="bbox 2143 1634 3321 1707">
    <p class='ocr_par' dir='ltr' id='par_1_33' title="bbox 2143 1634 3321 1707">
     <span class='ocr_line' id='line_1_33' title="bbox 2143 1634 3321 1707; baseline 0.016 -19"><span class='ocrx_word' id='word_1_183' title='bbox 2143 1634 2306 1690; x_wconf 87' lang='lat' dir='ltr'><strong>Liber</strong></span> <span class='ocrx_word' id='word_1_184' title='bbox 2336 1637 2391 1691; x_wconf 94' lang='lat' dir='ltr'><strong>in</strong></span> <span class='ocrx_word' id='word_1_185' title='bbox 2422 1655 2649 1696; x_wconf 79' lang='lat' dir='ltr'><strong>excessu</strong></span> <span class='ocrx_word' id='word_1_186' title='bbox 2682 1650 2877 1700; x_wconf 86' lang='lat' dir='ltr'><strong>mentis</strong></span> <span class='ocrx_word' id='word_1_187' title='bbox 2904 1650 3102 1705; x_wconf 83' lang='lat' dir='ltr'><strong>adhibo</strong></span> <span class='ocrx_word' id='word_1_188' title='bbox 3136 1654 3321 1707; x_wconf 85' lang='lat' dir='ltr'><strong>Deum.</strong></span> 
     </span>
    </p>
   </div>
   <div class='ocr_carea' id='block_1_34' title="bbox 385 1710 3500 1816">
    <p class='ocr_par' dir='ltr' id='par_1_34' title="bbox 385 1710 3500 1816">
     <span class='ocr_line' id='line_1_34' title="bbox 385 1710 3500 1816; baseline 0.012 -51"><span class='ocrx_word' id='word_1_189' title='bbox 385 1710 551 1779; x_wconf 81' lang='lat' dir='ltr'><strong>Quid,</strong></span> <span class='ocrx_word' id='word_1_190' title='bbox 579 1728 729 1782; x_wconf 89' lang='lat' dir='ltr'><strong>rogo,</strong></span> <span class='ocrx_word' id='word_1_191' title='bbox 766 1715 1034 1769; x_wconf 85' lang='lat' dir='ltr'><strong>mandatis</strong></span> <span class='ocrx_word' id='word_1_192' title='bbox 1065 1716 1256 1771; x_wconf 90' lang='lat' dir='ltr'><strong>durum</strong></span> <span class='ocrx_word' id='word_1_193' title='bbox 1289 1733 1544 1777; x_wconf 85' lang='lat' dir='ltr'><strong>censetur</strong></span> <span class='ocrx_word' id='word_1_194' title='bbox 1582 1726 1632 1778; x_wconf 93' lang='lat' dir='ltr'><strong>in</strong></span> <span class='ocrx_word' id='word_1_195' title='bbox 1664 1728 1822 1782; x_wconf 83' lang='lat' dir='ltr'><strong>istis?</strong></span> <span class='ocrx_word' id='word_1_196' title='bbox 1858 1718 1901 1778; x_wconf 84' lang='grc' dir='ltr'><strong><em>Β</em></strong></span> <span class='ocrx_word' id='word_1_197' title='bbox 1964 1723 2035 1779; x_wconf 84' lang='grc'><strong>95</strong></span> <span class='ocrx_word' id='word_1_198' title='bbox 2072 1725 2127 1781; x_wconf 90' lang='lat' dir='ltr'><strong>Si</strong></span> <span class='ocrx_word' id='word_1_199' title='bbox 2161 1744 2418 1785; x_wconf 85' lang='lat' dir='ltr'><strong>mucrone</strong></span> <span class='ocrx_word' id='word_1_200' title='bbox 2467 1744 2619 1801; x_wconf 86' lang='lat' dir='ltr'><strong>paret</strong></span> <span class='ocrx_word' id='word_1_201' title='bbox 2669 1740 2936 1793; x_wconf 83' lang='lat' dir='ltr'><strong>cervicem</strong></span> <span class='ocrx_word' id='word_1_202' title='bbox 2977 1744 3291 1799; x_wconf 61' lang='lat' dir='ltr'><strong>abstindere</strong></span> <span class='ocrx_word' id='word_1_203' title='bbox 3324 1748 3500 1816; x_wconf 87' lang='lat' dir='ltr'><strong>lictor,</strong></span> 
     </span>
    </p>
   </div>
   <div class='ocr_carea' id='block_1_35' title="bbox 244 1800 1754 1878">
    <p class='ocr_par' dir='ltr' id='par_1_35' title="bbox 244 1800 1754 1878">
     <span class='ocr_line' id='line_1_35' title="bbox 244 1800 1754 1878; baseline 0.007 -19"><span class='ocrx_word' id='word_1_204' title='bbox 244 1800 319 1859; x_wconf 85' lang='grc'>60</span> <span class='ocrx_word' id='word_1_205' title='bbox 464 1806 568 1867; x_wconf 85' lang='lat' dir='ltr'><strong>Aut</strong></span> <span class='ocrx_word' id='word_1_206' title='bbox 599 1805 724 1871; x_wconf 90' lang='lat' dir='ltr'><strong>quid</strong></span> <span class='ocrx_word' id='word_1_207' title='bbox 754 1806 858 1859; x_wconf 90' lang='lat' dir='ltr'><strong>erit</strong></span> <span class='ocrx_word' id='word_1_208' title='bbox 888 1807 1028 1873; x_wconf 79' lang='lat' dir='ltr'><strong>quod</strong></span> <span class='ocrx_word' id='word_1_209' title='bbox 1072 1824 1177 1863; x_wconf 87' lang='lat' dir='ltr'><strong>nun</strong></span> <span class='ocrx_word' id='word_1_210' title='bbox 1208 1810 1376 1878; x_wconf 85' lang='lat' dir='ltr'><strong>possit</strong></span> <span class='ocrx_word' id='word_1_211' title='bbox 1404 1812 1554 1868; x_wconf 91' lang='lat' dir='ltr'><strong>obire</strong></span> <span class='ocrx_word' id='word_1_212' title='bbox 1584 1814 1754 1870; x_wconf 86' lang='lat' dir='ltr'><strong>ﬁdes?</strong></span> 
     </span>
    </p>
   </div>
   <div class='ocr_carea' id='block_1_36' title="bbox 385 1894 1820 1975">
    <p class='ocr_par' dir='ltr' id='par_1_36' title="bbox 385 1894 1820 1975">
     <span class='ocr_line' id='line_1_36' title="bbox 385 1894 1820 1975; baseline 0.012 -29"><span class='ocrx_word' id='word_1_213' title='bbox 385 1894 486 1960; x_wconf 76' lang='lat' dir='ltr'><strong>Qui</strong></span> <span class='ocrx_word' id='word_1_214' title='bbox 513 1894 743 1953; x_wconf 81' lang='lat' dir='ltr'><strong>credunt</strong></span> <span class='ocrx_word' id='word_1_215' title='bbox 782 1910 966 1949; x_wconf 78' lang='lat' dir='ltr'><strong>sacras</strong></span> <span class='ocrx_word' id='word_1_216' title='bbox 997 1912 1180 1953; x_wconf 84' lang='lat' dir='ltr'><strong>verum</strong></span> <span class='ocrx_word' id='word_1_217' title='bbox 1214 1902 1482 1958; x_wconf 82' lang='lat' dir='ltr'><strong>cecinisse</strong></span> <span class='ocrx_word' id='word_1_218' title='bbox 1512 1906 1820 1975; x_wconf 78' lang='lat' dir='ltr'><strong>prophetas,</strong></span> 
     </span>
    </p>
   </div>
   <div class='ocr_carea' id='block_1_37' title="bbox 239 1985 1646 2063">
    <p class='ocr_par' dir='ltr' id='par_1_37' title="bbox 239 1985 1646 2063">
     <span class='ocr_line' id='line_1_37' title="bbox 239 1985 1646 2063; baseline 0.011 -28"><span class='ocrx_word' id='word_1_219' title='bbox 239 1985 404 2055; x_wconf 74' lang='grc'><strong>777</strong></span> <span class='ocrx_word' id='word_1_220' title='bbox 476 1986 541 2038; x_wconf 81' lang='lat' dir='ltr'><strong>Et</strong></span> <span class='ocrx_word' id='word_1_221' title='bbox 571 1988 658 2053; x_wconf 89' lang='lat' dir='ltr'><strong>qui</strong></span> <span class='ocrx_word' id='word_1_222' title='bbox 684 2001 790 2039; x_wconf 83' lang='lat' dir='ltr'><strong>nun</strong></span> <span class='ocrx_word' id='word_1_223' title='bbox 814 1986 1059 2042; x_wconf 90' lang='lat' dir='ltr'><strong>dubitant</strong></span> <span class='ocrx_word' id='word_1_224' title='bbox 1088 1990 1248 2044; x_wconf 83' lang='lat' dir='ltr'><strong>verba</strong></span> <span class='ocrx_word' id='word_1_225' title='bbox 1283 2008 1503 2049; x_wconf 87' lang='lat' dir='ltr'><strong>manere</strong></span> <span class='ocrx_word' id='word_1_226' title='bbox 1528 1995 1646 2063; x_wconf 87' lang='lat' dir='ltr'><strong>Dei,</strong></span> 
     </span>
    </p>
   </div>
   <div class='ocr_carea' id='block_1_38' title="bbox 389 2076 1824 2154">
    <p class='ocr_par' dir='ltr' id='par_1_38' title="bbox 389 2076 1824 2154">
     <span class='ocr_line' id='line_1_38' title="bbox 389 2076 1824 2154; baseline 0.013 -26"><span class='ocrx_word' id='word_1_227' title='bbox 389 2077 490 2147; x_wconf 83' lang='lat' dir='ltr'><strong>Qui</strong></span> <span class='ocrx_word' id='word_1_228' title='bbox 510 2076 779 2129; x_wconf 84' lang='lat' dir='ltr'><strong>Christum</strong></span> <span class='ocrx_word' id='word_1_229' title='bbox 808 2091 1022 2147; x_wconf 83' lang='lat' dir='ltr'><strong>passum</strong></span> <span class='ocrx_word' id='word_1_230' title='bbox 1047 2095 1231 2149; x_wconf 65' lang='lat' dir='ltr'><strong>pinnas</strong></span> <span class='ocrx_word' id='word_1_231' title='bbox 1252 2084 1450 2154; x_wconf 88' lang='lat' dir='ltr'><strong>crucis,</strong></span> <span class='ocrx_word' id='word_1_232' title='bbox 1476 2087 1657 2147; x_wconf 84' lang='lat' dir='ltr'><strong>ultima</strong></span> <span class='ocrx_word' id='word_1_233' title='bbox 1680 2105 1824 2145; x_wconf 85' lang='lat' dir='ltr'><strong>mor-</strong></span> 
     </span>
    </p>
   </div>
   <div class='ocr_carea' id='block_1_39' title="bbox 602 2175 707 2237">
    <p class='ocr_par' dir='ltr' id='par_1_39' title="bbox 602 2175 707 2237">
     <span class='ocr_line' id='line_1_39' title="bbox 602 2175 707 2237; baseline 0.038 -12"><span class='ocrx_word' id='word_1_234' title='bbox 602 2175 669 2228; x_wconf 91' lang='lat' dir='ltr'><strong>tis</strong></span> <span class='ocrx_word' id='word_1_235' title='bbox 692 2190 707 2237; x_wconf 89' lang='lat'><strong>;</strong></span> 
     </span>
    </p>
   </div>
   <div class='ocr_carea' id='block_1_40' title="bbox 459 2263 1540 2345">
    <p class='ocr_par' dir='ltr' id='par_1_40' title="bbox 459 2263 1540 2345">
     <span class='ocr_line' id='line_1_40' title="bbox 459 2263 1540 2345; baseline 0.014 -28"><span class='ocrx_word' id='word_1_236' title='bbox 459 2263 516 2318; x_wconf 85' lang='lat' dir='ltr'><strong>In</strong></span> <span class='ocrx_word' id='word_1_237' title='bbox 546 2274 658 2319; x_wconf 92' lang='lat' dir='ltr'><strong>toto</strong></span> <span class='ocrx_word' id='word_1_238' title='bbox 683 2269 883 2323; x_wconf 78' lang='lat' dir='ltr'><strong>excelsi</strong></span> <span class='ocrx_word' id='word_1_239' title='bbox 904 2268 1080 2325; x_wconf 86' lang='lat' dir='ltr'><strong>Patris</strong></span> <span class='ocrx_word' id='word_1_240' title='bbox 1104 2274 1307 2328; x_wconf 83' lang='lat' dir='ltr'><strong>honore</strong></span> <span class='ocrx_word' id='word_1_241' title='bbox 1335 2275 1540 2345; x_wconf 89' lang='lat' dir='ltr'><strong>vident,</strong></span> 
     </span>
    </p>
   </div>
   <div class='ocr_carea' id='block_1_41' title="bbox 281 2351 1822 2435">
    <p class='ocr_par' dir='ltr' id='par_1_41' title="bbox 281 2351 1822 2435">
     <span class='ocr_line' id='line_1_41' title="bbox 281 2351 1822 2435; baseline 0.016 -29"><span class='ocrx_word' id='word_1_242' title='bbox 281 2351 353 2407; x_wconf 81' lang='grc'><strong>65</strong></span> <span class='ocrx_word' id='word_1_243' title='bbox 391 2354 603 2425; x_wconf 87' lang='lat' dir='ltr'><strong>Quique</strong></span> <span class='ocrx_word' id='word_1_244' title='bbox 628 2360 801 2427; x_wconf 83' lang='lat' dir='ltr'><strong>ipsum</strong></span> <span class='ocrx_word' id='word_1_245' title='bbox 834 2362 1005 2419; x_wconf 85' lang='lat' dir='ltr'><strong>multa</strong></span> <span class='ocrx_word' id='word_1_246' title='bbox 1031 2378 1150 2417; x_wconf 89' lang='lat' dir='ltr'><strong>cum</strong></span> <span class='ocrx_word' id='word_1_247' title='bbox 1183 2365 1463 2435; x_wconf 84' lang='lat' dir='ltr'><strong>majestate</strong></span> <span class='ocrx_word' id='word_1_248' title='bbox 1490 2374 1822 2430; x_wconf 87' lang='lat' dir='ltr'><strong>tremendum</strong></span> 
     </span>
    </p>
   </div>
   <div class='ocr_carea' id='block_1_42' title="bbox 460 2446 1607 2529">
    <p class='ocr_par' dir='ltr' id='par_1_42' title="bbox 460 2446 1607 2529">
     <span class='ocr_line' id='line_1_42' title="bbox 460 2446 1607 2529; baseline 0.013 -29"><span class='ocrx_word' id='word_1_249' title='bbox 460 2446 789 2517; x_wconf 78' lang='lat' dir='ltr'><strong>Exspectant</strong></span> <span class='ocrx_word' id='word_1_250' title='bbox 818 2452 1001 2523; x_wconf 84' lang='lat' dir='ltr'><strong>pingui</strong></span> <span class='ocrx_word' id='word_1_251' title='bbox 1024 2454 1271 2524; x_wconf 83' lang='lat' dir='ltr'><strong>lampade</strong></span> <span class='ocrx_word' id='word_1_252' title='bbox 1295 2461 1607 2529; x_wconf 86' lang='lat' dir='ltr'><strong>pervigiles.</strong></span> 
     </span>
    </p>
   </div>
   <div class='ocr_carea' id='block_1_43' title="bbox 389 2537 1728 2619">
    <p class='ocr_par' dir='ltr' id='par_1_43' title="bbox 389 2537 1728 2619">
     <span class='ocr_line' id='line_1_43' title="bbox 389 2537 1728 2619; baseline 0.013 -26"><span class='ocrx_word' id='word_1_253' title='bbox 389 2537 483 2593; x_wconf 80' lang='lat' dir='ltr'><strong>His</strong></span> <span class='ocrx_word' id='word_1_254' title='bbox 512 2541 737 2597; x_wconf 85' lang='lat' dir='ltr'><strong>sordent</strong></span> <span class='ocrx_word' id='word_1_255' title='bbox 766 2552 1001 2612; x_wconf 89' lang='lat' dir='ltr'><strong>terrena,</strong></span> <span class='ocrx_word' id='word_1_256' title='bbox 1036 2558 1220 2614; x_wconf 85' lang='lat' dir='ltr'><strong>patent</strong></span> <span class='ocrx_word' id='word_1_257' title='bbox 1244 2550 1510 2619; x_wconf 57' lang='lat' dir='ltr'><strong>caelestia,</strong></span> <span class='ocrx_word' id='word_1_258' title='bbox 1541 2570 1641 2609; x_wconf 88' lang='lat' dir='ltr'><strong>nec</strong></span> <span class='ocrx_word' id='word_1_259' title='bbox 1665 2569 1728 2610; x_wconf 86' lang='lat' dir='ltr'><strong>se</strong></span> 
     </span>
    </p>
   </div>
   <div class='ocr_carea' id='block_1_44' title="bbox 453 2627 1606 2712">
    <p class='ocr_par' dir='ltr' id='par_1_44' title="bbox 453 2627 1606 2712">
     <span class='ocr_line' id='line_1_44' title="bbox 453 2627 1606 2712; baseline 0.013 -29"><span class='ocrx_word' id='word_1_260' title='bbox 453 2627 713 2698; x_wconf 82' lang='lat' dir='ltr'><strong>Captivos</strong></span> <span class='ocrx_word' id='word_1_261' title='bbox 736 2646 924 2688; x_wconf 90' lang='lat' dir='ltr'><strong>servos</strong></span> <span class='ocrx_word' id='word_1_262' title='bbox 954 2640 1209 2706; x_wconf 82' lang='lat' dir='ltr'><strong>temporis</strong></span> <span class='ocrx_word' id='word_1_263' title='bbox 1235 2639 1395 2709; x_wconf 85' lang='lat' dir='ltr'><strong>hujus</strong></span> <span class='ocrx_word' id='word_1_264' title='bbox 1421 2655 1606 2712; x_wconf 87' lang='lat' dir='ltr'><strong>agunt.</strong></span> 
     </span>
    </p>
   </div>
   <div class='ocr_carea' id='block_1_45' title="bbox 388 2722 1535 2805">
    <p class='ocr_par' dir='ltr' id='par_1_45' title="bbox 388 2722 1535 2805">
     <span class='ocr_line' id='line_1_45' title="bbox 388 2722 1535 2805; baseline 0.012 -28"><span class='ocrx_word' id='word_1_265' title='bbox 388 2722 506 2779; x_wconf 81' lang='lat' dir='ltr'><strong>Non</strong></span> <span class='ocrx_word' id='word_1_266' title='bbox 536 2724 659 2778; x_wconf 81' lang='lat' dir='ltr'><strong>illus</strong></span> <span class='ocrx_word' id='word_1_267' title='bbox 688 2725 855 2783; x_wconf 29' lang='lat' dir='ltr'><strong>fallax.</strong></span> <span class='ocrx_word' id='word_1_268' title='bbox 870 2731 1012 2797; x_wconf 89' lang='lat' dir='ltr'><strong>cepit</strong></span> <span class='ocrx_word' id='word_1_269' title='bbox 1041 2732 1303 2800; x_wconf 83' lang='lat' dir='ltr'><strong>sapientia</strong></span> <span class='ocrx_word' id='word_1_270' title='bbox 1329 2736 1535 2805; x_wconf 87' lang='lat' dir='ltr'><strong>mundi,</strong></span> 
     </span>
    </p>
   </div>
   <div class='ocr_carea' id='block_1_46' title="bbox 275 2812 1492 2892">
    <p class='ocr_par' dir='ltr' id='par_1_46' title="bbox 275 2812 1492 2892">
     <span class='ocr_line' id='line_1_46' title="bbox 275 2812 1492 2892; baseline 0.01 -25"><span class='ocrx_word' id='word_1_271' title='bbox 275 2812 353 2869; x_wconf 71' lang='grc' dir='ltr'><strong>το</strong></span> <span class='ocrx_word' id='word_1_272' title='bbox 458 2814 568 2869; x_wconf 82' lang='lat' dir='ltr'><strong>Nec</strong></span> <span class='ocrx_word' id='word_1_273' title='bbox 596 2831 755 2870; x_wconf 86' lang='lat' dir='ltr'><strong>curas</strong></span> <span class='ocrx_word' id='word_1_274' title='bbox 776 2818 985 2874; x_wconf 84' lang='lat' dir='ltr'><strong>steriles</strong></span> <span class='ocrx_word' id='word_1_275' title='bbox 1020 2819 1300 2879; x_wconf 88' lang='lat' dir='ltr'><strong>inseruere</strong></span> <span class='ocrx_word' id='word_1_276' title='bbox 1331 2825 1492 2892; x_wconf 86' lang='lat' dir='ltr'><strong>polis.</strong></span> 
     </span>
    </p>
   </div>
   <div class='ocr_carea' id='block_1_47' title="bbox 384 2903 1609 2989">
    <p class='ocr_par' dir='ltr' id='par_1_47' title="bbox 384 2903 1609 2989">
     <span class='ocr_line' id='line_1_47' title="bbox 384 2903 1609 2989; baseline 0.012 -32"><span class='ocrx_word' id='word_1_277' title='bbox 384 2903 611 2974; x_wconf 84' lang='lat' dir='ltr'><strong>Imperia</strong></span> <span class='ocrx_word' id='word_1_278' title='bbox 635 2917 689 2961; x_wconf 91' lang='lat' dir='ltr'><strong>et</strong></span> <span class='ocrx_word' id='word_1_279' title='bbox 717 2908 916 2977; x_wconf 84' lang='lat' dir='ltr'><strong>fasces,</strong></span> <span class='ocrx_word' id='word_1_280' title='bbox 948 2910 1147 2968; x_wconf 90' lang='lat' dir='ltr'><strong>indocti</strong></span> <span class='ocrx_word' id='word_1_281' title='bbox 1179 2931 1398 2970; x_wconf 85' lang='lat' dir='ltr'><strong>munera</strong></span> <span class='ocrx_word' id='word_1_282' title='bbox 1428 2917 1609 2989; x_wconf 88' lang='lat' dir='ltr'><strong>vulgi,</strong></span> 
     </span>
    </p>
   </div>
   <div class='ocr_carea' id='block_1_48' title="bbox 455 2998 1733 3081">
    <p class='ocr_par' dir='ltr' id='par_1_48' title="bbox 455 2998 1733 3081">
     <span class='ocr_line' id='line_1_48' title="bbox 455 2998 1733 3081; baseline 0.013 -32"><span class='ocrx_word' id='word_1_283' title='bbox 455 2998 707 3067; x_wconf 87' lang='lat' dir='ltr'><strong>Quasque</strong></span> <span class='ocrx_word' id='word_1_284' title='bbox 730 3000 880 3055; x_wconf 89' lang='lat' dir='ltr'><strong>orbis</strong></span> <span class='ocrx_word' id='word_1_285' title='bbox 904 3003 1171 3058; x_wconf 85' lang='lat' dir='ltr'><strong>scelerum</strong></span> <span class='ocrx_word' id='word_1_286' title='bbox 1195 3009 1401 3063; x_wconf 86' lang='lat' dir='ltr'><strong>semina</strong></span> <span class='ocrx_word' id='word_1_287' title='bbox 1428 3008 1561 3065; x_wconf 80' lang='lat' dir='ltr'><strong>fecit</strong></span> <span class='ocrx_word' id='word_1_288' title='bbox 1581 3027 1733 3081; x_wconf 76' lang='lat' dir='ltr'><strong>opes,</strong></span> 
     </span>
    </p>
   </div>
   <div class='ocr_carea' id='block_1_49' title="bbox 386 3087 1744 3172">
    <p class='ocr_par' dir='ltr' id='par_1_49' title="bbox 386 3087 1744 3172">
     <span class='ocr_line' id='line_1_49' title="bbox 386 3087 1744 3172; baseline 0.013 -31"><span class='ocrx_word' id='word_1_289' title='bbox 386 3087 698 3156; x_wconf 87' lang='lat' dir='ltr'><strong>Calcarunt,</strong></span> <span class='ocrx_word' id='word_1_290' title='bbox 722 3100 907 3148; x_wconf 85' lang='lat' dir='ltr'><strong>sancta</strong></span> <span class='ocrx_word' id='word_1_291' title='bbox 930 3094 1125 3149; x_wconf 85' lang='lat' dir='ltr'><strong>coelum</strong></span> <span class='ocrx_word' id='word_1_292' title='bbox 1151 3097 1451 3156; x_wconf 83' lang='lat' dir='ltr'><strong>ambitione</strong></span> <span class='ocrx_word' id='word_1_293' title='bbox 1478 3111 1744 3172; x_wconf 81' lang='lat' dir='ltr'><strong>petentes,</strong></span> 
     </span>
    </p>
   </div>
   <div class='ocr_carea' id='block_1_50' title="bbox 453 3177 1679 3261">
    <p class='ocr_par' dir='ltr' id='par_1_50' title="bbox 453 3177 1679 3261">
     <span class='ocr_line' id='line_1_50' title="bbox 453 3177 1679 3261; baseline 0.011 -27"><span class='ocrx_word' id='word_1_294' title='bbox 453 3177 735 3249; x_wconf 83' lang='lat' dir='ltr'><strong>Suﬂ&#39;ragiis</strong></span> <span class='ocrx_word' id='word_1_295' title='bbox 761 3181 983 3252; x_wconf 87' lang='lat' dir='ltr'><strong>Christi,</strong></span> <span class='ocrx_word' id='word_1_296' title='bbox 1012 3192 1069 3239; x_wconf 89' lang='lat' dir='ltr'><strong>et</strong></span> <span class='ocrx_word' id='word_1_297' title='bbox 1092 3187 1371 3255; x_wconf 84' lang='lat' dir='ltr'><strong>plausibus</strong></span> <span class='ocrx_word' id='word_1_298' title='bbox 1400 3193 1679 3261; x_wconf 89' lang='lat' dir='ltr'><strong>angelicis.</strong></span> 
     </span>
    </p>
   </div>
   <div class='ocr_carea' id='block_1_51' title="bbox 277 3267 1817 3354">
    <p class='ocr_par' dir='ltr' id='par_1_51' title="bbox 277 3267 1817 3354">
     <span class='ocr_line' id='line_1_51' title="bbox 277 3267 1817 3354; baseline 0.014 -33"><span class='ocrx_word' id='word_1_299' title='bbox 277 3268 349 3324; x_wconf 83' lang='lat'><strong>75</strong></span> <span class='ocrx_word' id='word_1_300' title='bbox 391 3267 500 3324; x_wconf 82' lang='lat' dir='ltr'><strong>Nec</strong></span> <span class='ocrx_word' id='word_1_301' title='bbox 517 3270 671 3325; x_wconf 87' lang='lat' dir='ltr'><strong>labor</strong></span> <span class='ocrx_word' id='word_1_302' title='bbox 688 3272 786 3326; x_wconf 91' lang='lat' dir='ltr'><strong>hos</strong></span> <span class='ocrx_word' id='word_1_303' title='bbox 803 3273 969 3328; x_wconf 91' lang='lat' dir='ltr'><strong>durus</strong></span> <span class='ocrx_word' id='word_1_304' title='bbox 997 3276 1185 3344; x_wconf 89' lang='lat' dir='ltr'><strong>vincit,</strong></span> <span class='ocrx_word' id='word_1_305' title='bbox 1208 3294 1307 3334; x_wconf 91' lang='lat' dir='ltr'><strong>nec</strong></span> <span class='ocrx_word' id='word_1_306' title='bbox 1328 3280 1523 3337; x_wconf 87' lang='lat' dir='ltr'><strong>blanda</strong></span> <span class='ocrx_word' id='word_1_307' title='bbox 1553 3288 1817 3354; x_wconf 83' lang='lat' dir='ltr'><strong>voluptas.</strong></span> 
     </span>
    </p>
   </div>
   <div class='ocr_carea' id='block_1_52' title="bbox 462 3366 1749 3442">
    <p class='ocr_par' dir='ltr' id='par_1_52' title="bbox 462 3366 1749 3442">
     <span class='ocr_line' id='line_1_52' title="bbox 462 3366 1749 3442; baseline 0.012 -22"><span class='ocrx_word' id='word_1_308' title='bbox 462 3366 721 3433; x_wconf 64' lang='lat' dir='ltr'><strong>Quaerere</strong></span> <span class='ocrx_word' id='word_1_309' title='bbox 741 3369 819 3423; x_wconf 94' lang='lat' dir='ltr'><strong>nil</strong></span> <span class='ocrx_word' id='word_1_310' title='bbox 844 3370 1087 3439; x_wconf 90' lang='lat' dir='ltr'><strong>cupiunt,</strong></span> <span class='ocrx_word' id='word_1_311' title='bbox 1122 3374 1352 3442; x_wconf 88' lang='lat' dir='ltr'><strong>perdere</strong></span> <span class='ocrx_word' id='word_1_312' title='bbox 1380 3377 1453 3431; x_wconf 93' lang='lat' dir='ltr'><strong>nil</strong></span> <span class='ocrx_word' id='word_1_313' title='bbox 1485 3386 1749 3435; x_wconf 90' lang='lat' dir='ltr'><strong>metuunt.</strong></span> 
     </span>
    </p>
   </div>
   <div class='ocr_carea' id='block_1_53' title="bbox 386 3457 1753 3545">
    <p class='ocr_par' dir='ltr' id='par_1_53' title="bbox 386 3457 1753 3545">
     <span class='ocr_line' id='line_1_53' title="bbox 386 3457 1753 3545; baseline 0.01 -34"><span class='ocrx_word' id='word_1_314' title='bbox 386 3457 581 3512; x_wconf 83' lang='lat' dir='ltr'><strong>Omnia</strong></span> <span class='ocrx_word' id='word_1_315' title='bbox 608 3475 713 3513; x_wconf 91' lang='lat' dir='ltr'><strong>non</strong></span> <span class='ocrx_word' id='word_1_316' title='bbox 744 3459 946 3545; x_wconf 72' lang='lat' dir='ltr'><strong>Christi</strong></span> <span class='ocrx_word' id='word_1_317' title='bbox 973 3466 1064 3532; x_wconf 90' lang='lat' dir='ltr'><strong>qui</strong></span> <span class='ocrx_word' id='word_1_318' title='bbox 1090 3464 1289 3520; x_wconf 87' lang='lat' dir='ltr'><strong>Christi</strong></span> <span class='ocrx_word' id='word_1_319' title='bbox 1318 3476 1402 3522; x_wconf 89' lang='lat' dir='ltr'><strong>est</strong></span> <span class='ocrx_word' id='word_1_320' title='bbox 1429 3470 1561 3535; x_wconf 91' lang='lat' dir='ltr'><strong>odit,</strong></span> <span class='ocrx_word' id='word_1_321' title='bbox 1586 3471 1638 3524; x_wconf 92' lang='lat' dir='ltr'><strong>in</strong></span> <span class='ocrx_word' id='word_1_322' title='bbox 1662 3471 1753 3525; x_wconf 87' lang='lat' dir='ltr'><strong>illo</strong></span> 
     </span>
    </p>
   </div>
   <div class='ocr_carea' id='block_1_54' title="bbox 460 3552 1688 3627">
    <p class='ocr_par' dir='ltr' id='par_1_54' title="bbox 460 3552 1688 3627">
     <span class='ocr_line' id='line_1_54' title="bbox 460 3552 1688 3627; baseline 0.011 -23"><span class='ocrx_word' id='word_1_323' title='bbox 460 3552 532 3604; x_wconf 90' lang='lat' dir='ltr'><strong>Se</strong></span> <span class='ocrx_word' id='word_1_324' title='bbox 566 3560 826 3618; x_wconf 89' lang='lat' dir='ltr'><strong>statuens,</strong></span> <span class='ocrx_word' id='word_1_325' title='bbox 863 3553 914 3607; x_wconf 93' lang='lat' dir='ltr'><strong>in</strong></span> <span class='ocrx_word' id='word_1_326' title='bbox 945 3569 1004 3609; x_wconf 88' lang='lat' dir='ltr'><strong>se</strong></span> <span class='ocrx_word' id='word_1_327' title='bbox 1029 3555 1117 3623; x_wconf 88' lang='lat' dir='ltr'><strong>qui</strong></span> <span class='ocrx_word' id='word_1_328' title='bbox 1143 3571 1334 3627; x_wconf 87' lang='lat' dir='ltr'><strong>gerere</strong></span> <span class='ocrx_word' id='word_1_329' title='bbox 1366 3569 1688 3626; x_wconf 66' lang='lat' dir='ltr'><strong>OpltIICUIII.</strong></span> 
     </span>
    </p>
   </div>
   <div class='ocr_carea' id='block_1_55' title="bbox 385 3639 1587 3718">
    <p class='ocr_par' dir='ltr' id='par_1_55' title="bbox 385 3639 1587 3718">
     <span class='ocr_line' id='line_1_55' title="bbox 385 3639 1587 3718; baseline 0.013 -24"><span class='ocrx_word' id='word_1_330' title='bbox 385 3639 480 3697; x_wconf 91' lang='lat' dir='ltr'><strong>llle</strong></span> <span class='ocrx_word' id='word_1_331' title='bbox 509 3641 651 3696; x_wconf 89' lang='lat' dir='ltr'><strong>Deus</strong></span> <span class='ocrx_word' id='word_1_332' title='bbox 678 3657 882 3710; x_wconf 86' lang='lat' dir='ltr'><strong>rerum,</strong></span> <span class='ocrx_word' id='word_1_333' title='bbox 907 3645 1043 3701; x_wconf 74' lang='lat' dir='ltr'><strong>C(Bll</strong></span> <span class='ocrx_word' id='word_1_334' title='bbox 1063 3658 1327 3718; x_wconf 73' lang='lat' dir='ltr'><strong>terraeque</strong></span> <span class='ocrx_word' id='word_1_335' title='bbox 1356 3662 1587 3717; x_wconf 82' lang='lat' dir='ltr'><strong>creator,</strong></span> 
     </span>
    </p>
   </div>
   <div class='ocr_carea' id='block_1_56' title="bbox 314 3908 1816 3988">
    <p class='ocr_par' dir='ltr' id='par_1_56' title="bbox 314 3908 1816 3988">
     <span class='ocr_line' id='line_1_56' title="bbox 314 3908 1816 3988; baseline 0.007 -27"><span class='ocrx_word' id='word_1_336' title='bbox 445 3908 587 3988; x_wconf 75' lang='lat' dir='ltr'><strong>Mss._</strong></span> <span class='ocrx_word' id='word_1_337' title='bbox 619 3912 875 3988; x_wconf 82' lang='lat' dir='ltr'><strong>quinque,</strong></span> <span class='ocrx_word' id='word_1_338' title='bbox 912 3909 1034 3966; x_wconf 87' lang='lat' dir='ltr'><strong>Non</strong></span> <span class='ocrx_word' id='word_1_339' title='bbox 1072 3922 1241 3971; x_wconf 72' lang='lat' dir='ltr'><strong>atatem</strong></span> <span class='ocrx_word' id='word_1_340' title='bbox 1268 3914 1439 3984; x_wconf 80' lang='lat' dir='ltr'><strong>gravis</strong></span> <span class='ocrx_word' id='word_1_341' title='bbox 1463 3924 1557 3971; x_wconf 79' lang='lat' dir='ltr'><strong>est.</strong></span> <span class='ocrx_word' id='word_1_342' title='bbox 1595 3914 1816 3988; x_wconf 81' lang='lat' dir='ltr'><strong>Vulgata</strong></span> 
     </span>
    </p>
   </div>
   <div class='ocr_carea' id='block_1_57' title="bbox 236 3977 769 4035">
    <p class='ocr_par' dir='ltr' id='par_1_57' title="bbox 236 3977 769 4035">
     <span class='ocr_line' id='line_1_57' title="bbox 236 3977 769 4035; baseline 0.008 -4"><span class='ocrx_word' id='word_1_343' title='bbox 236 3977 405 4031; x_wconf 88' lang='lat' dir='ltr'><strong>lectio</strong></span> <span class='ocrx_word' id='word_1_344' title='bbox 432 3977 769 4035; x_wconf 75' lang='lat' dir='ltr'><strong>concinnior.</strong></span> 
     </span>
    </p>
   </div>
   <div class='ocr_carea' id='block_1_58' title="bbox 315 4049 1816 4123">
    <p class='ocr_par' dir='ltr' id='par_1_58' title="bbox 315 4049 1816 4123">
     <span class='ocr_line' id='line_1_58' title="bbox 315 4049 1816 4123; baseline 0.007 -22"><span class='ocrx_word' id='word_1_345' title='bbox 315 4049 408 4104; x_wconf 81' lang='grc'><strong>50.</strong></span> <span class='ocrx_word' id='word_1_346' title='bbox 448 4050 496 4104; x_wconf 81' lang='grc' dir='ltr'><em>Μ</em></span> <span class='ocrx_word' id='word_1_347' title='bbox 528 4064 573 4103; x_wconf 88' lang='lat' dir='ltr'><strong>s.</strong></span> <span class='ocrx_word' id='word_1_348' title='bbox 619 4052 875 4120; x_wconf 83' lang='lat' dir='ltr'><strong>quinque,</strong></span> <span class='ocrx_word' id='word_1_349' title='bbox 928 4054 1095 4123; x_wconf 87' lang='lat' dir='ltr'><strong>vigeat</strong></span> <span class='ocrx_word' id='word_1_350' title='bbox 1144 4071 1269 4109; x_wconf 86' lang='lat' dir='ltr'><strong>cura</strong></span> <span class='ocrx_word' id='word_1_351' title='bbox 1318 4057 1530 4110; x_wconf 85' lang='lat' dir='ltr'><strong>secundi</strong></span> <span class='ocrx_word' id='word_1_352' title='bbox 1574 4058 1816 4113; x_wconf 81' lang='lat' dir='ltr'><strong>hominis.</strong></span> 
     </span>
    </p>
   </div>
   <div class='ocr_carea' id='block_1_59' title="bbox 237 4117 1819 4198">
    <p class='ocr_par' dir='ltr' id='par_1_59' title="bbox 237 4117 1819 4198">
     <span class='ocr_line' id='line_1_59' title="bbox 237 4117 1819 4198; baseline 0.008 -30"><span class='ocrx_word' id='word_1_353' title='bbox 237 4117 363 4198; x_wconf 61' lang='lat' dir='ltr'><strong>Quo</strong></span> <span class='ocrx_word' id='word_1_354' title='bbox 414 4117 661 4198; x_wconf 43' lang='lat' dir='ltr'><strong>putatn’u—s</strong></span> <span class='ocrx_word' id='word_1_355' title='bbox 695 4117 893 4198; x_wconf 37' lang='lat' dir='ltr'><strong>‘dOCeri</strong></span> <span class='ocrx_word' id='word_1_356' title='bbox 924 4117 1000 4177; x_wconf 65' lang='grc' dir='ltr'><strong>ιη’</strong></span> <span class='ocrx_word' id='word_1_357' title='bbox 1026 4136 1299 4198; x_wconf 71' lang='lat' dir='ltr'><strong>quaeratur</strong></span> <span class='ocrx_word' id='word_1_358' title='bbox 1342 4130 1561 4198; x_wconf 71' lang='lat' dir='ltr'><strong>primum</strong></span> <span class='ocrx_word' id='word_1_359' title='bbox 1604 4146 1819 4197; x_wconf 84' lang='lat' dir='ltr'><strong>regnum</strong></span> 
     </span>
    </p>
   </div>
   <div class='ocr_carea' id='block_1_60' title="bbox 242 4186 1814 4310">
    <p class='ocr_par' dir='ltr' id='par_1_60' title="bbox 242 4186 1814 4310">
     <span class='ocr_line' id='line_1_60' title="bbox 242 4186 1814 4310; baseline 0.009 -71"><span class='ocrx_word' id='word_1_360' title='bbox 242 4186 365 4240; x_wconf 84' lang='lat' dir='ltr'><strong>Dei.</strong></span> <span class='ocrx_word' id='word_1_361' title='bbox 398 4190 549 4310; x_wconf 42' lang='lat' dir='ltr'><strong>Quod</strong></span> <span class='ocrx_word' id='word_1_362' title='bbox 579 4190 829 4249; x_wconf 89' lang='lat' dir='ltr'><strong>Christus</strong></span> <span class='ocrx_word' id='word_1_363' title='bbox 880 4186 1139 4265; x_wconf 69' lang='lat' dir='ltr'><strong>prrecepit</strong></span> <span class='ocrx_word' id='word_1_364' title='bbox 1186 4186 1374 4250; x_wconf 71' lang='lat' dir='ltr'><strong>Matth.</strong></span> <span class='ocrx_word' id='word_1_365' title='bbox 1422 4213 1494 4262; x_wconf 80' lang='lat' dir='ltr'><strong>vi,</strong></span> <span class='ocrx_word' id='word_1_366' title='bbox 1527 4197 1614 4254; x_wconf 80' lang='grc'><strong>55.</strong></span> <span class='ocrx_word' id='word_1_367' title='bbox 1650 4186 1814 4267; x_wconf 66' lang='grc' dir='ltr'><strong>Ειηιὶ,</strong></span> 
     </span>
     <span class='ocr_line' id='line_1_61' title="bbox 242 4274 487 4310; baseline 0 0"><span class='ocrx_word' id='word_1_368' title='bbox 242 4274 399 4310; x_wconf 71' lang='lat' dir='ltr'><strong>securi</strong></span> <span class='ocrx_word' id='word_1_369' title='bbox 441 4277 487 4310; x_wconf 89' lang='lat' dir='ltr'><strong>a.</strong></span> 
     </span>
    </p>
   </div>
   <div class='ocr_carea' id='block_1_61' title="bbox 239 4274 487 4313">
    <p class='ocr_par' dir='ltr' id='par_1_61' title="bbox 239 4274 487 4313">
     <span class='ocr_line' id='line_1_62' title="bbox 239 4274 487 4313; baseline -0.012 -1"><span class='ocrx_word' id='word_1_370' title='bbox 239 4274 487 4313; x_wconf 70' lang='lat' dir='ltr'><strong>secunda.</strong></span> 
     </span>
    </p>
   </div>
   <div class='ocr_carea' id='block_1_62' title="bbox 318 4328 1094 4394">
    <p class='ocr_par' dir='ltr' id='par_1_62' title="bbox 318 4328 1094 4394">
     <span class='ocr_line' id='line_1_63' title="bbox 318 4328 1094 4394; baseline 0.01 -12"><span class='ocrx_word' id='word_1_371' title='bbox 318 4328 411 4382; x_wconf 77' lang='lat' dir='ltr'><strong>5i.</strong></span> <span class='ocrx_word' id='word_1_372' title='bbox 451 4328 579 4384; x_wconf 83' lang='lat' dir='ltr'><strong>Mss.</strong></span> <span class='ocrx_word' id='word_1_373' title='bbox 614 4340 744 4394; x_wconf 88' lang='lat' dir='ltr'><strong>tres,</strong></span> <span class='ocrx_word' id='word_1_374' title='bbox 777 4349 879 4387; x_wconf 90' lang='lat' dir='ltr'><strong>non</strong></span> <span class='ocrx_word' id='word_1_375' title='bbox 910 4335 1094 4390; x_wconf 81' lang='lat' dir='ltr'><strong>soleat.</strong></span> 
     </span>
    </p>
   </div>
   <div class='ocr_carea' id='block_1_63' title="bbox 321 4398 1817 4476">
    <p class='ocr_par' dir='ltr' id='par_1_63' title="bbox 321 4398 1817 4476">
     <span class='ocr_line' id='line_1_64' title="bbox 321 4398 1817 4476; baseline 0.009 -25"><span class='ocrx_word' id='word_1_376' title='bbox 321 4398 429 4476; x_wconf 48' lang='grc' dir='ltr'><strong>57ζ</strong></span> <span class='ocrx_word' id='word_1_377' title='bbox 454 4400 986 4476; x_wconf 48' lang='grc' dir='ltr'><strong>ᾒίξ8.-ξθχςειρόίιίο</strong></span> <span class='ocrx_word' id='word_1_378' title='bbox 1014 4407 1241 4467; x_wconf 80' lang='lat' dir='ltr'><strong>Paulini,</strong></span> <span class='ocrx_word' id='word_1_379' title='bbox 1274 4404 1370 4459; x_wconf 90' lang='lat' dir='ltr'><strong>Det</strong></span> <span class='ocrx_word' id='word_1_380' title='bbox 1400 4410 1663 4476; x_wconf 85' lang='lat' dir='ltr'><strong>praprium</strong></span> <span class='ocrx_word' id='word_1_381' title='bbox 1691 4427 1817 4464; x_wconf 89' lang='lat' dir='ltr'><strong>cun-</strong></span> 
     </span>
    </p>
   </div>
   <div class='ocr_carea' id='block_1_64' title="bbox 245 4470 1821 4549">
    <p class='ocr_par' dir='ltr' id='par_1_64' title="bbox 245 4470 1821 4549">
     <span class='ocr_line' id='line_1_65' title="bbox 245 4470 1821 4549; baseline 0.01 -30"><span class='ocrx_word' id='word_1_382' title='bbox 245 4470 364 4524; x_wconf 80' lang='lat' dir='ltr'><strong>ctis.</strong></span> <span class='ocrx_word' id='word_1_383' title='bbox 394 4470 567 4523; x_wconf 85' lang='lat' dir='ltr'><strong>Editio</strong></span> <span class='ocrx_word' id='word_1_384' title='bbox 598 4472 757 4538; x_wconf 92' lang='lat' dir='ltr'><strong>Ven.,</strong></span> <span class='ocrx_word' id='word_1_385' title='bbox 788 4472 854 4526; x_wconf 86' lang='lat' dir='ltr'><strong>Et</strong></span> <span class='ocrx_word' id='word_1_386' title='bbox 883 4477 1091 4544; x_wconf 84' lang='lat' dir='ltr'><strong>praprio</strong></span> <span class='ocrx_word' id='word_1_387' title='bbox 1128 4489 1304 4547; x_wconf 80' lang='lat' dir='ltr'><strong>pascat</strong></span> <span class='ocrx_word' id='word_1_388' title='bbox 1336 4470 1506 4532; x_wconf 76' lang='lat' dir='ltr'><strong>loculo</strong></span> <span class='ocrx_word' id='word_1_389' title='bbox 1535 4495 1661 4549; x_wconf 83' lang='lat' dir='ltr'><strong>quos</strong></span> <span class='ocrx_word' id='word_1_390' title='bbox 1687 4485 1821 4535; x_wconf 88' lang='lat' dir='ltr'><strong>norit</strong></span> 
     </span>
    </p>
   </div>
   <div class='ocr_carea' id='block_1_65' title="bbox 240 4547 467 4612">
    <p class='ocr_par' dir='ltr' id='par_1_65' title="bbox 240 4547 467 4612">
     <span class='ocr_line' id='line_1_66' title="bbox 240 4547 467 4612; baseline 0.004 -1"><span class='ocrx_word' id='word_1_391' title='bbox 240 4547 467 4612; x_wconf 53' lang='lat' dir='ltr'><strong>eam“:</strong></span> 
     </span>
    </p>
   </div>
   <div class='ocr_carea' id='block_1_66' title="bbox 321 4610 1819 4688">
    <p class='ocr_par' dir='ltr' id='par_1_66' title="bbox 321 4610 1819 4688">
     <span class='ocr_line' id='line_1_67' title="bbox 321 4610 1819 4688; baseline 0.01 -27"><span class='ocrx_word' id='word_1_392' title='bbox 321 4610 411 4688; x_wconf 68' lang='grc' dir='ltr'><strong>ρρ.</strong></span> <span class='ocrx_word' id='word_1_393' title='bbox 444 4610 554 4688; x_wconf 55' lang='lat' dir='ltr'><strong>ys.</strong></span> <span class='ocrx_word' id='word_1_394' title='bbox 598 4611 1009 4688; x_wconf 74' lang='lat' dir='ltr'><strong>Camb.,_adire.</strong></span> <span class='ocrx_word' id='word_1_395' title='bbox 1044 4616 1173 4688; x_wconf 67' lang='lat' dir='ltr'><strong>Mss.</strong></span> <span class='ocrx_word' id='word_1_396' title='bbox 1204 4618 1289 4670; x_wconf 87' lang='lat' dir='ltr'><strong>alii</strong></span> <span class='ocrx_word' id='word_1_397' title='bbox 1323 4620 1580 4688; x_wconf 89' lang='lat' dir='ltr'><strong>quinque,</strong></span> <span class='ocrx_word' id='word_1_398' title='bbox 1614 4620 1819 4676; x_wconf 86' lang='lat' dir='ltr'><strong>habere.</strong></span> 
     </span>
    </p>
   </div>
   <div class='ocr_carea' id='block_1_67' title="bbox 317 4678 1823 4759">
    <p class='ocr_par' dir='ltr' id='par_1_67' title="bbox 317 4678 1823 4759">
     <span class='ocr_line' id='line_1_68' title="bbox 317 4678 1823 4759; baseline 0.007 -26"><span class='ocrx_word' id='word_1_399' title='bbox 317 4678 407 4759; x_wconf 66' lang='lat'><strong>63.</strong></span> <span class='ocrx_word' id='word_1_400' title='bbox 432 4681 586 4759; x_wconf 84' lang='lat' dir='ltr'><strong>_Edit.</strong></span> <span class='ocrx_word' id='word_1_401' title='bbox 621 4683 778 4751; x_wconf 87' lang='lat' dir='ltr'><strong>Ven.,</strong></span> <span class='ocrx_word' id='word_1_402' title='bbox 814 4685 1011 4755; x_wconf 85' lang='lat' dir='ltr'><strong>Quique</strong></span> <span class='ocrx_word' id='word_1_403' title='bbox 1042 4678 1429 4757; x_wconf 60' lang='lat' dir='ltr'><strong>Redemptofem</strong></span> <span class='ocrx_word' id='word_1_404' title='bbox 1464 4678 1677 4759; x_wconf 66' lang='lat' dir='ltr'><strong>passum</strong></span> <span class='ocrx_word' id='word_1_405' title='bbox 1704 4708 1823 4744; x_wconf 88' lang='lat' dir='ltr'><strong>cru-</strong></span> 
     </span>
    </p>
   </div>
   <div class='ocr_carea' id='block_1_68' title="bbox 239 4750 731 4807">
    <p class='ocr_par' dir='ltr' id='par_1_68' title="bbox 239 4750 731 4807">
     <span class='ocr_line' id='line_1_69' title="bbox 239 4750 731 4807; baseline 0.012 -6"><span class='ocrx_word' id='word_1_406' title='bbox 239 4750 319 4802; x_wconf 80' lang='lat' dir='ltr'><strong>cis</strong></span> <span class='ocrx_word' id='word_1_407' title='bbox 347 4750 527 4805; x_wconf 78' lang='lat' dir='ltr'><strong>ultima</strong></span> <span class='ocrx_word' id='word_1_408' title='bbox 554 4764 731 4807; x_wconf 90' lang='lat' dir='ltr'><strong>morte.</strong></span> 
     </span>
    </p>
   </div>
   <div class='ocr_carea' id='block_1_69' title="bbox 315 4819 1438 4891">
    <p class='ocr_par' dir='ltr' id='par_1_69' title="bbox 315 4819 1438 4891">
     <span class='ocr_line' id='line_1_70' title="bbox 315 4819 1438 4891; baseline 0.007 -17"><span class='ocrx_word' id='word_1_409' title='bbox 315 4819 405 4874; x_wconf 64' lang='lat'><strong>64.</strong></span> <span class='ocrx_word' id='word_1_410' title='bbox 439 4821 567 4875; x_wconf 78' lang='lat' dir='ltr'><strong>Mss.</strong></span> <span class='ocrx_word' id='word_1_411' title='bbox 597 4833 844 4891; x_wconf 90' lang='lat' dir='ltr'><strong>quatuor,</strong></span> <span class='ocrx_word' id='word_1_412' title='bbox 870 4822 937 4879; x_wconf 88' lang='lat' dir='ltr'><strong>In</strong></span> <span class='ocrx_word' id='word_1_413' title='bbox 965 4836 1067 4879; x_wconf 89' lang='lat' dir='ltr'><strong>toto</strong></span> <span class='ocrx_word' id='word_1_414' title='bbox 1093 4828 1214 4881; x_wconf 80' lang='lat' dir='ltr'><strong>celsi</strong></span> <span class='ocrx_word' id='word_1_415' title='bbox 1242 4826 1438 4884; x_wconf 83' lang='lat' dir='ltr'><strong>Patris.</strong></span> 
     </span>
    </p>
   </div>
   <div class='ocr_carea' id='block_1_70' title="bbox 312 4892 1822 4971">
    <p class='ocr_par' dir='ltr' id='par_1_70' title="bbox 312 4892 1822 4971">
     <span class='ocr_line' id='line_1_71' title="bbox 312 4892 1822 4971; baseline 0.009 -28"><span class='ocrx_word' id='word_1_416' title='bbox 312 4892 405 4946; x_wconf 79' lang='lat'><strong>68.</strong></span> <span class='ocrx_word' id='word_1_417' title='bbox 437 4893 535 4971; x_wconf 66' lang='grc' dir='ltr'><strong>με.</strong></span> <span class='ocrx_word' id='word_1_418' title='bbox 574 4893 680 4949; x_wconf 87' lang='lat' dir='ltr'><strong>Jol.</strong></span> <span class='ocrx_word' id='word_1_419' title='bbox 712 4904 767 4949; x_wconf 88' lang='lat' dir='ltr'><strong>et</strong></span> <span class='ocrx_word' id='word_1_420' title='bbox 794 4910 891 4951; x_wconf 90' lang='lat' dir='ltr'><strong>ms.</strong></span> <span class='ocrx_word' id='word_1_421' title='bbox 926 4897 1087 4955; x_wconf 92' lang='lat' dir='ltr'><strong>Corb.</strong></span> <span class='ocrx_word' id='word_1_422' title='bbox 1120 4914 1150 4952; x_wconf 93' lang='lat' dir='ltr'><strong>a</strong></span> <span class='ocrx_word' id='word_1_423' title='bbox 1175 4901 1411 4954; x_wconf 86' lang='lat' dir='ltr'><strong>secunda</strong></span> <span class='ocrx_word' id='word_1_424' title='bbox 1454 4915 1644 4968; x_wconf 90' lang='lat' dir='ltr'><strong>manu,</strong></span> <span class='ocrx_word' id='word_1_425' title='bbox 1691 4903 1822 4956; x_wconf 83' lang='lat' dir='ltr'><strong>servi</strong></span> 
     </span>
    </p>
   </div>
   <div class='ocr_carea' id='block_1_71' title="bbox 235 4969 1822 5109">
    <p class='ocr_par' dir='ltr' id='par_1_71' title="bbox 235 4969 1822 5109">
     <span class='ocr_line' id='line_1_72' title="bbox 235 4969 1822 5109; baseline 0.01 -26"><span class='ocrx_word' id='word_1_426' title='bbox 235 4969 767 5109; x_wconf 39' lang='grc' dir='ltr'><strong>ωςῗηὲξυπφῃξαηι</strong></span> <span class='ocrx_word' id='word_1_427' title='bbox 795 5038 1028 5092; x_wconf 83' lang='lat' dir='ltr'><strong>secunda</strong></span> <span class='ocrx_word' id='word_1_428' title='bbox 1058 5048 1303 5109; x_wconf 80' lang='lat' dir='ltr'><strong>correpta</strong></span> <span class='ocrx_word' id='word_1_429' title='bbox 1350 5041 1510 5096; x_wconf 82' lang='lat' dir='ltr'><strong>etiam</strong></span> <span class='ocrx_word' id='word_1_430' title='bbox 1554 5043 1679 5097; x_wconf 88' lang='lat' dir='ltr'><strong>alibi</strong></span> <span class='ocrx_word' id='word_1_431' title='bbox 1728 5058 1822 5099; x_wconf 90' lang='lat' dir='ltr'><strong>oc-</strong></span> 
     </span>
    </p>
   </div>
   <div class='ocr_carea' id='block_1_72' title="bbox 234 5102 1815 5179">
    <p class='ocr_par' dir='ltr' id='par_1_72' title="bbox 234 5102 1815 5179">
     <span class='ocr_line' id='line_1_73' title="bbox 234 5102 1815 5179; baseline 0.009 -27"><span class='ocrx_word' id='word_1_432' title='bbox 234 5102 428 5179; x_wconf 50' lang='lat' dir='ltr'><strong>currit.</strong></span> <span class='ocrx_word' id='word_1_433' title='bbox 478 5103 534 5157; x_wconf 85' lang='lat' dir='ltr'><strong>In</strong></span> <span class='ocrx_word' id='word_1_434' title='bbox 579 5102 989 5179; x_wconf 79' lang='lat' dir='ltr'><strong>Epigrammatis</strong></span> <span class='ocrx_word' id='word_1_435' title='bbox 1034 5102 1394 5179; x_wconf 43' lang='lat' dir='ltr'><strong>sacris-urbis</strong></span> <span class='ocrx_word' id='word_1_436' title='bbox 1441 5113 1626 5167; x_wconf 71' lang='lat' dir='ltr'><strong>Romae</strong></span> <span class='ocrx_word' id='word_1_437' title='bbox 1677 5115 1815 5179; x_wconf 88' lang='lat' dir='ltr'><strong>apud</strong></span> 
     </span>
    </p>
   </div>
   <div class='ocr_carea' id='block_1_73' title="bbox 233 5172 1811 5252">
    <p class='ocr_par' dir='ltr' id='par_1_73' title="bbox 233 5172 1811 5252">
     <span class='ocr_line' id='line_1_74' title="bbox 233 5172 1811 5252; baseline 0.008 -24"><span class='ocrx_word' id='word_1_438' title='bbox 233 5172 532 5228; x_wconf 80' lang='lat' dir='ltr'><strong>Gruterum</strong></span> <span class='ocrx_word' id='word_1_439' title='bbox 560 5190 678 5246; x_wconf 88' lang='lat' dir='ltr'><strong>pag.</strong></span> <span class='ocrx_word' id='word_1_440' title='bbox 710 5176 865 5245; x_wconf 83' lang='grc'>1166,</span> <span class='ocrx_word' id='word_1_441' title='bbox 899 5193 1046 5232; x_wconf 89' lang='lat' dir='ltr'><strong>num.</strong></span> <span class='ocrx_word' id='word_1_442' title='bbox 1079 5176 1136 5246; x_wconf 75' lang='lat'><strong>2,</strong></span> <span class='ocrx_word' id='word_1_443' title='bbox 1168 5182 1217 5234; x_wconf 92' lang='lat' dir='ltr'><strong>in</strong></span> <span class='ocrx_word' id='word_1_444' title='bbox 1246 5183 1520 5252; x_wconf 87' lang='lat' dir='ltr'><strong>epitapbio</strong></span> <span class='ocrx_word' id='word_1_445' title='bbox 1556 5172 1811 5240; x_wconf 78' lang='lat' dir='ltr'><strong>Bonifacii</strong></span> 
     </span>
    </p>
   </div>
   <div class='ocr_carea' id='block_1_74' title="bbox 234 5257 1323 5392">
    <p class='ocr_par' dir='ltr' id='par_1_74' title="bbox 234 5257 1323 5392">
     <span class='ocr_line' id='line_1_75' title="bbox 234 5257 1323 5392; baseline 0.008 -21"><span class='ocrx_word' id='word_1_446' title='bbox 234 5257 395 5313; x_wconf 44' lang='lat' dir='ltr'><strong>papa</strong></span> <span class='ocrx_word' id='word_1_447' title='bbox 423 5283 526 5373; x_wconf 59' lang='lat' dir='ltr'><strong>ista</strong></span> <span class='ocrx_word' id='word_1_448' title='bbox 546 5332 823 5375; x_wconf 80' lang='lat' dir='ltr'><strong>sanctorum</strong></span> <span class='ocrx_word' id='word_1_449' title='bbox 844 5335 959 5376; x_wconf 88' lang='lat' dir='ltr'><strong>sunt</strong></span> <span class='ocrx_word' id='word_1_450' title='bbox 972 5329 1053 5390; x_wconf 87' lang='lat' dir='ltr'><strong>pia</strong></span> <span class='ocrx_word' id='word_1_451' title='bbox 1071 5328 1323 5392; x_wconf 71' lang='lat' dir='ltr'><strong>suffragia.</strong></span> 
     </span>
    </p>
   </div>
   <div class='ocr_carea' id='block_1_75' title="bbox 306 5402 1391 5478">
    <p class='ocr_par' dir='ltr' id='par_1_75' title="bbox 306 5402 1391 5478">
     <span class='ocr_line' id='line_1_76' title="bbox 306 5402 1391 5478; baseline 0.007 -19"><span class='ocrx_word' id='word_1_452' title='bbox 306 5402 801 5478; x_wconf 82' lang='lat' dir='ltr'><strong>Paulinusquoque</strong></span> <span class='ocrx_word' id='word_1_453' title='bbox 824 5424 994 5465; x_wconf 81' lang='lat' dir='ltr'><strong>carm.</strong></span> <span class='ocrx_word' id='word_1_454' title='bbox 1027 5413 1119 5477; x_wconf 74' lang='lat'><strong>32,</strong></span> <span class='ocrx_word' id='word_1_455' title='bbox 1149 5429 1203 5466; x_wconf 89' lang='lat' dir='ltr'><strong>v.</strong></span> <span class='ocrx_word' id='word_1_456' title='bbox 1245 5413 1350 5469; x_wconf 79' lang='grc'>616</span> <span class='ocrx_word' id='word_1_457' title='bbox 1374 5432 1391 5467; x_wconf 89' lang='lat'><strong>:</strong></span> 
     </span>
    </p>
   </div>
   <div class='ocr_carea' id='block_1_76' title="bbox 425 5496 1289 5567">
    <p class='ocr_par' dir='ltr' id='par_1_76' title="bbox 425 5496 1289 5567">
     <span class='ocr_line' id='line_1_77' title="bbox 425 5496 1289 5567; baseline 0.009 -21"><span class='ocrx_word' id='word_1_458' title='bbox 425 5496 639 5549; x_wconf 69' lang='lat' dir='ltr'><strong>Infantes</strong></span> <span class='ocrx_word' id='word_1_459' title='bbox 654 5502 799 5551; x_wconf 86' lang='lat' dir='ltr'><strong>castis</strong></span> <span class='ocrx_word' id='word_1_460' title='bbox 820 5504 1000 5553; x_wconf 87' lang='lat' dir='ltr'><strong>vincite</strong></span> <span class='ocrx_word' id='word_1_461' title='bbox 1026 5503 1289 5567; x_wconf 74' lang='lat' dir='ltr'><strong>suﬂ‘ragiis.</strong></span> 
     </span>
    </p>
   </div>
   <div class='ocr_carea' id='block_1_77' title="bbox 307 5573 1292 5655">
    <p class='ocr_par' dir='ltr' id='par_1_77' title="bbox 307 5573 1292 5655">
     <span class='ocr_line' id='line_1_78' title="bbox 307 5573 1292 5655; baseline 0.012 -26"><span class='ocrx_word' id='word_1_462' title='bbox 307 5573 476 5633; x_wconf 81' lang='lat' dir='ltr'><strong>Immo</strong></span> <span class='ocrx_word' id='word_1_463' title='bbox 504 5591 562 5636; x_wconf 91' lang='lat' dir='ltr'><strong>et</strong></span> <span class='ocrx_word' id='word_1_464' title='bbox 582 5584 720 5639; x_wconf 90' lang='lat' dir='ltr'><strong>inter</strong></span> <span class='ocrx_word' id='word_1_465' title='bbox 756 5587 1008 5655; x_wconf 79' lang='lat' dir='ltr'><strong>profanos</strong></span> <span class='ocrx_word' id='word_1_466' title='bbox 1036 5586 1292 5642; x_wconf 82' lang='lat' dir='ltr'><strong>Ovidius:</strong></span> 
     </span>
    </p>
   </div>
   <div class='ocr_carea' id='block_1_78' title="bbox 421 5671 1665 5742">
    <p class='ocr_par' dir='ltr' id='par_1_78' title="bbox 421 5671 1665 5742">
     <span class='ocr_line' id='line_1_79' title="bbox 421 5671 1665 5742; baseline 0.012 -22"><span class='ocrx_word' id='word_1_467' title='bbox 421 5671 545 5732; x_wconf 87' lang='lat' dir='ltr'><strong>Quid</strong></span> <span class='ocrx_word' id='word_1_468' title='bbox 569 5678 659 5728; x_wconf 88' lang='lat' dir='ltr'><strong>nisi</strong></span> <span class='ocrx_word' id='word_1_469' title='bbox 673 5677 955 5742; x_wconf 72' lang='lat' dir='ltr'><strong>suﬁ‘ragium</strong></span> <span class='ocrx_word' id='word_1_470' title='bbox 977 5678 1166 5729; x_wconf 86' lang='lat' dir='ltr'><strong>nimbos</strong></span> <span class='ocrx_word' id='word_1_471' title='bbox 1182 5681 1442 5731; x_wconf 81' lang='lat' dir='ltr'><strong>vitantibus</strong></span> <span class='ocrx_word' id='word_1_472' title='bbox 1465 5694 1623 5731; x_wconf 71' lang='lat' dir='ltr'><strong>essem</strong></span> <span class='ocrx_word' id='word_1_473' title='bbox 1640 5684 1665 5735; x_wconf 73' lang='grc' dir='ltr'><strong><em>τ</em></strong></span> 
     </span>
    </p>
   </div>
   <div class='ocr_carea' id='block_1_79' title="bbox 2151 1819 3501 1903">
    <p class='ocr_par' dir='ltr' id='par_1_79' title="bbox 2151 1819 3501 1903">
     <span class='ocr_line' id='line_1_80' title="bbox 2151 1819 3501 1903; baseline 0.016 -30"><span class='ocrx_word' id='word_1_474' title='bbox 2151 1819 2476 1890; x_wconf 79' lang='lat' dir='ltr'><strong>lmpavitlum</strong></span> <span class='ocrx_word' id='word_1_475' title='bbox 2502 1826 2770 1882; x_wconf 82' lang='lat' dir='ltr'><strong>inveniet:</strong></span> <span class='ocrx_word' id='word_1_476' title='bbox 2802 1846 2947 1884; x_wconf 89' lang='lat' dir='ltr'><strong>mors</strong></span> <span class='ocrx_word' id='word_1_477' title='bbox 2973 1834 3099 1898; x_wconf 84' lang='lat' dir='ltr'><strong>cita,</strong></span> <span class='ocrx_word' id='word_1_478' title='bbox 3123 1850 3287 1903; x_wconf 29' lang='lat' dir='ltr'><strong>pcenav</strong></span> <span class='ocrx_word' id='word_1_479' title='bbox 3302 1839 3501 1895; x_wconf 85' lang='lat' dir='ltr'><strong>brevis.</strong></span> 
     </span>
    </p>
   </div>
   <div class='ocr_carea' id='block_1_80' title="bbox 2070 1907 3506 1988">
    <p class='ocr_par' dir='ltr' id='par_1_80' title="bbox 2070 1907 3506 1988">
     <span class='ocr_line' id='line_1_81' title="bbox 2070 1907 3506 1988; baseline 0.016 -24"><span class='ocrx_word' id='word_1_480' title='bbox 2070 1907 2185 1965; x_wconf 81' lang='lat' dir='ltr'><strong>Non</strong></span> <span class='ocrx_word' id='word_1_481' title='bbox 2231 1922 2415 1967; x_wconf 83' lang='lat' dir='ltr'><strong>metuo</strong></span> <span class='ocrx_word' id='word_1_482' title='bbox 2452 1917 2732 1988; x_wconf 77' lang='lat' dir='ltr'><strong>exsilium,</strong></span> <span class='ocrx_word' id='word_1_483' title='bbox 2769 1922 2995 1976; x_wconf 88' lang='lat' dir='ltr'><strong>tuuudus</strong></span> <span class='ocrx_word' id='word_1_484' title='bbox 3025 1924 3217 1979; x_wconf 84' lang='lat' dir='ltr'><strong>domus</strong></span> <span class='ocrx_word' id='word_1_485' title='bbox 3255 1931 3506 1987; x_wconf 78' lang='lat' dir='ltr'><strong>erunibus</strong></span> 
     </span>
    </p>
   </div>
   <div class='ocr_carea' id='block_1_81' title="bbox 2281 2016 2511 2061">
    <p class='ocr_par' dir='ltr' id='par_1_81' title="bbox 2281 2016 2511 2061">
     <span class='ocr_line' id='line_1_82' title="bbox 2281 2016 2511 2061; baseline 0.009 -4"><span class='ocrx_word' id='word_1_486' title='bbox 2281 2018 2382 2058; x_wconf 90' lang='lat' dir='ltr'><strong>una</strong></span> <span class='ocrx_word' id='word_1_487' title='bbox 2410 2016 2511 2061; x_wconf 90' lang='lat' dir='ltr'><strong>est.</strong></span> 
     </span>
    </p>
   </div>
   <div class='ocr_carea' id='block_1_82' title="bbox 2139 2093 3502 2165">
    <p class='ocr_par' dir='ltr' id='par_1_82' title="bbox 2139 2093 3502 2165">
     <span class='ocr_line' id='line_1_83' title="bbox 2139 2093 3502 2165; baseline 0.013 -18"><span class='ocrx_word' id='word_1_488' title='bbox 2139 2093 2347 2162; x_wconf 85' lang='lat' dir='ltr'><strong>Spernu</strong></span> <span class='ocrx_word' id='word_1_489' title='bbox 2381 2100 2595 2164; x_wconf 81' lang='lat' dir='ltr'><strong>famem,</strong></span> <span class='ocrx_word' id='word_1_490' title='bbox 2629 2099 2838 2155; x_wconf 86' lang='lat' dir='ltr'><strong>Domini</strong></span> <span class='ocrx_word' id='word_1_491' title='bbox 2871 2103 2926 2156; x_wconf 88' lang='lat' dir='ltr'><strong>ﬁt</strong></span> <span class='ocrx_word' id='word_1_492' title='bbox 2954 2104 3083 2157; x_wconf 92' lang='lat' dir='ltr'><strong>mihi</strong></span> <span class='ocrx_word' id='word_1_493' title='bbox 3124 2122 3303 2162; x_wconf 89' lang='lat' dir='ltr'><strong>sermo</strong></span> <span class='ocrx_word' id='word_1_494' title='bbox 3333 2110 3502 2165; x_wconf 85' lang='lat' dir='ltr'><strong>cibus.</strong></span> 
     </span>
    </p>
   </div>
   <div class='ocr_carea' id='block_1_83' title="bbox 2068 2183 3329 2268">
    <p class='ocr_par' dir='ltr' id='par_1_83' title="bbox 2068 2183 3329 2268">
     <span class='ocr_line' id='line_1_84' title="bbox 2068 2183 3329 2268; baseline 0.01 -29"><span class='ocrx_word' id='word_1_495' title='bbox 2068 2183 2179 2240; x_wconf 80' lang='lat' dir='ltr'><strong>Nec</strong></span> <span class='ocrx_word' id='word_1_496' title='bbox 2204 2193 2384 2241; x_wconf 82' lang='lat' dir='ltr'><strong>tamen</strong></span> <span class='ocrx_word' id='word_1_497' title='bbox 2413 2191 2515 2242; x_wconf 89' lang='lat' dir='ltr'><strong>ista</strong></span> <span class='ocrx_word' id='word_1_498' title='bbox 2545 2192 2674 2245; x_wconf 89' lang='lat' dir='ltr'><strong>tuihi</strong></span> <span class='ocrx_word' id='word_1_499' title='bbox 2708 2193 2778 2246; x_wconf 91' lang='lat' dir='ltr'><strong>de</strong></span> <span class='ocrx_word' id='word_1_500' title='bbox 2802 2209 2887 2247; x_wconf 87' lang='lat' dir='ltr'><strong>me</strong></span> <span class='ocrx_word' id='word_1_501' title='bbox 2914 2194 3105 2249; x_wconf 86' lang='lat' dir='ltr'><strong>ﬁducia</strong></span> <span class='ocrx_word' id='word_1_502' title='bbox 3138 2203 3329 2268; x_wconf 76' lang='lat' dir='ltr'><strong>surgit,</strong></span> 
     </span>
    </p>
   </div>
   <div class='ocr_carea' id='block_1_84' title="bbox 1930 2278 3400 2362">
    <p class='ocr_par' dir='ltr' id='par_1_84' title="bbox 1930 2278 3400 2362">
     <span class='ocr_line' id='line_1_85' title="bbox 1930 2278 3400 2362; baseline 0.012 -29"><span class='ocrx_word' id='word_1_503' title='bbox 1930 2278 2035 2336; x_wconf 87' lang='grc'><strong>100</strong></span> <span class='ocrx_word' id='word_1_504' title='bbox 2141 2282 2219 2335; x_wconf 90' lang='lat' dir='ltr'><strong>Tu</strong></span> <span class='ocrx_word' id='word_1_505' title='bbox 2244 2282 2362 2349; x_wconf 85' lang='lat' dir='ltr'><strong>das,</strong></span> <span class='ocrx_word' id='word_1_506' title='bbox 2394 2285 2629 2351; x_wconf 89' lang='lat' dir='ltr'><strong>Christe,</strong></span> <span class='ocrx_word' id='word_1_507' title='bbox 2664 2289 2832 2358; x_wconf 88' lang='lat' dir='ltr'><strong>loqui,</strong></span> <span class='ocrx_word' id='word_1_508' title='bbox 2859 2299 3029 2361; x_wconf 83' lang='lat' dir='ltr'><strong>tuque</strong></span> <span class='ocrx_word' id='word_1_509' title='bbox 3055 2297 3159 2362; x_wconf 89' lang='lat' dir='ltr'><strong>pati</strong></span> <span class='ocrx_word' id='word_1_510' title='bbox 3191 2300 3400 2351; x_wconf 89' lang='lat' dir='ltr'><strong>tribuis.</strong></span> 
     </span>
    </p>
   </div>
   <div class='ocr_carea' id='block_1_85' title="bbox 2070 2373 3336 2452">
    <p class='ocr_par' dir='ltr' id='par_1_85' title="bbox 2070 2373 3336 2452">
     <span class='ocr_line' id='line_1_86' title="bbox 2070 2373 3336 2452; baseline 0.013 -26"><span class='ocrx_word' id='word_1_511' title='bbox 2070 2373 2125 2427; x_wconf 91' lang='lat' dir='ltr'><strong>ln</strong></span> <span class='ocrx_word' id='word_1_512' title='bbox 2150 2374 2304 2430; x_wconf 90' lang='lat' dir='ltr'><strong>nobis</strong></span> <span class='ocrx_word' id='word_1_513' title='bbox 2341 2377 2475 2431; x_wconf 90' lang='lat' dir='ltr'><strong>nihil</strong></span> <span class='ocrx_word' id='word_1_514' title='bbox 2498 2380 2782 2450; x_wconf 89' lang='lat' dir='ltr'><strong>audemus,</strong></span> <span class='ocrx_word' id='word_1_515' title='bbox 2812 2384 2906 2437; x_wconf 90' lang='lat' dir='ltr'><strong>sed</strong></span> <span class='ocrx_word' id='word_1_516' title='bbox 2935 2385 3148 2440; x_wconf 86' lang='lat' dir='ltr'><strong>ﬁdimus</strong></span> <span class='ocrx_word' id='word_1_517' title='bbox 3179 2389 3231 2441; x_wconf 93' lang='lat' dir='ltr'><strong>in</strong></span> <span class='ocrx_word' id='word_1_518' title='bbox 3264 2400 3336 2452; x_wconf 86' lang='lat' dir='ltr'><strong>te,</strong></span> 
     </span>
    </p>
   </div>
   <div class='ocr_carea' id='block_1_86' title="bbox 2139 2465 3291 2544">
    <p class='ocr_par' dir='ltr' id='par_1_86' title="bbox 2139 2465 3291 2544">
     <span class='ocr_line' id='line_1_87' title="bbox 2139 2465 3291 2544; baseline 0.013 -26"><span class='ocrx_word' id='word_1_519' title='bbox 2139 2465 2287 2532; x_wconf 85' lang='lat' dir='ltr'><strong>Quos</strong></span> <span class='ocrx_word' id='word_1_520' title='bbox 2316 2483 2559 2538; x_wconf 89' lang='lat' dir='ltr'><strong>pugnare</strong></span> <span class='ocrx_word' id='word_1_521' title='bbox 2577 2471 2757 2540; x_wconf 88' lang='lat' dir='ltr'><strong>jubes,</strong></span> <span class='ocrx_word' id='word_1_522' title='bbox 2784 2483 2839 2528; x_wconf 86' lang='lat' dir='ltr'><strong>et</strong></span> <span class='ocrx_word' id='word_1_523' title='bbox 2858 2490 3117 2544; x_wconf 86' lang='lat' dir='ltr'><strong>superare</strong></span> <span class='ocrx_word' id='word_1_524' title='bbox 3142 2480 3291 2533; x_wconf 81' lang='lat' dir='ltr'><strong>lacis.</strong></span> 
     </span>
    </p>
   </div>
   <div class='ocr_carea' id='block_1_87' title="bbox 2072 2559 3502 2640">
    <p class='ocr_par' dir='ltr' id='par_1_87' title="bbox 2072 2559 3502 2640">
     <span class='ocr_line' id='line_1_88' title="bbox 2072 2559 3502 2640; baseline 0.009 -27"><span class='ocrx_word' id='word_1_525' title='bbox 2072 2559 2207 2628; x_wconf 87' lang='lat' dir='ltr'><strong>Spes</strong></span> <span class='ocrx_word' id='word_1_526' title='bbox 2220 2560 2382 2629; x_wconf 88' lang='lat' dir='ltr'><strong>igitur</strong></span> <span class='ocrx_word' id='word_1_527' title='bbox 2406 2578 2524 2618; x_wconf 87' lang='lat' dir='ltr'><strong>mea</strong></span> <span class='ocrx_word' id='word_1_528' title='bbox 2539 2565 2652 2619; x_wconf 88' lang='lat' dir='ltr'><strong>sola</strong></span> <span class='ocrx_word' id='word_1_529' title='bbox 2679 2567 2848 2621; x_wconf 89' lang='lat' dir='ltr'><strong>Deus:</strong></span> <span class='ocrx_word' id='word_1_530' title='bbox 2874 2584 3033 2638; x_wconf 90' lang='lat' dir='ltr'><strong>quem</strong></span> <span class='ocrx_word' id='word_1_531' title='bbox 3045 2571 3269 2625; x_wconf 85' lang='lat' dir='ltr'><strong>credere</strong></span> <span class='ocrx_word' id='word_1_532' title='bbox 3283 2571 3383 2626; x_wconf 87' lang='lat' dir='ltr'><strong>vita</strong></span> <span class='ocrx_word' id='word_1_533' title='bbox 3396 2585 3502 2640; x_wconf 87' lang='lat' dir='ltr'><strong>est,</strong></span> 
     </span>
    </p>
   </div>
   <div class='ocr_carea' id='block_1_88' title="bbox 1926 2649 3206 2720">
    <p class='ocr_par' dir='ltr' id='par_1_88' title="bbox 1926 2649 3206 2720">
     <span class='ocr_line' id='line_1_89' title="bbox 1926 2649 3206 2720; baseline 0.009 -15"><span class='ocrx_word' id='word_1_534' title='bbox 1926 2649 2089 2720; x_wconf 80' lang='lat'><strong>779</strong></span> <span class='ocrx_word' id='word_1_535' title='bbox 2139 2649 2240 2716; x_wconf 89' lang='lat' dir='ltr'><strong>Qui</strong></span> <span class='ocrx_word' id='word_1_536' title='bbox 2265 2653 2451 2720; x_wconf 64' lang='lat' dir='ltr'><strong>patriae</strong></span> <span class='ocrx_word' id='word_1_537' title='bbox 2478 2657 2649 2709; x_wconf 89' lang='lat' dir='ltr'><strong>civem</strong></span> <span class='ocrx_word' id='word_1_538' title='bbox 2679 2672 2765 2711; x_wconf 89' lang='lat' dir='ltr'><strong>me</strong></span> <span class='ocrx_word' id='word_1_539' title='bbox 2792 2657 2936 2712; x_wconf 90' lang='lat' dir='ltr'><strong>dedit</strong></span> <span class='ocrx_word' id='word_1_540' title='bbox 2961 2659 3206 2716; x_wconf 90' lang='lat' dir='ltr'><strong>alterius.</strong></span> 
     </span>
    </p>
   </div>
   <div class='ocr_carea' id='block_1_89' title="bbox 1928 2738 3504 2818">
    <p class='ocr_par' dir='ltr' id='par_1_89' title="bbox 1928 2738 3504 2818">
     <span class='ocr_line' id='line_1_90' title="bbox 1928 2738 3504 2818; baseline 0.012 -26"><span class='ocrx_word' id='word_1_541' title='bbox 1928 2740 2033 2794; x_wconf 79' lang='grc'>105</span> <span class='ocrx_word' id='word_1_542' title='bbox 2067 2738 2228 2797; x_wconf 86' lang='lat' dir='ltr'><strong>Sorte</strong></span> <span class='ocrx_word' id='word_1_543' title='bbox 2288 2753 2499 2810; x_wconf 87' lang='lat' dir='ltr'><strong>patrum</strong></span> <span class='ocrx_word' id='word_1_544' title='bbox 2560 2745 2843 2801; x_wconf 87' lang='lat' dir='ltr'><strong>occiduum</strong></span> <span class='ocrx_word' id='word_1_545' title='bbox 2893 2748 3079 2818; x_wconf 86' lang='lat' dir='ltr'><strong>jussus</strong></span> <span class='ocrx_word' id='word_1_546' title='bbox 3140 2761 3504 2812; x_wconf 81' lang='lat' dir='ltr'><strong>transcurrere</strong></span> 
     </span>
    </p>
   </div>
   <div class='ocr_carea' id='block_1_90' title="bbox 2284 2835 2572 2903">
    <p class='ocr_par' dir='ltr' id='par_1_90' title="bbox 2284 2835 2572 2903">
     <span class='ocr_line' id='line_1_91' title="bbox 2284 2835 2572 2903; baseline 0.014 -17"><span class='ocrx_word' id='word_1_547' title='bbox 2284 2835 2537 2890; x_wconf 90' lang='lat' dir='ltr'><strong>mundum</strong></span> <span class='ocrx_word' id='word_1_548' title='bbox 2556 2878 2572 2903; x_wconf 94' lang='lat'><strong>,</strong></span> 
     </span>
    </p>
   </div>
   <div class='ocr_carea' id='block_1_91' title="bbox 2141 2922 3224 2990">
    <p class='ocr_par' dir='ltr' id='par_1_91' title="bbox 2141 2922 3224 2990">
     <span class='ocr_line' id='line_1_92' title="bbox 2141 2922 3224 2990; baseline 0.01 -11"><span class='ocrx_word' id='word_1_549' title='bbox 2141 2922 2253 2979; x_wconf 90' lang='lat' dir='ltr'><strong>Sub</strong></span> <span class='ocrx_word' id='word_1_550' title='bbox 2280 2924 2479 2981; x_wconf 77' lang='lat' dir='ltr'><strong>Christi</strong></span> <span class='ocrx_word' id='word_1_551' title='bbox 2512 2929 2677 2983; x_wconf 88' lang='lat' dir='ltr'><strong>sacris</strong></span> <span class='ocrx_word' id='word_1_552' title='bbox 2709 2929 2916 2985; x_wconf 88' lang='lat' dir='ltr'><strong>advena</strong></span> <span class='ocrx_word' id='word_1_553' title='bbox 2947 2932 3099 2988; x_wconf 90' lang='lat' dir='ltr'><strong>miles</strong></span> <span class='ocrx_word' id='word_1_554' title='bbox 3119 2950 3224 2990; x_wconf 90' lang='lat' dir='ltr'><strong>eo:</strong></span> 
     </span>
    </p>
   </div>
   <div class='ocr_carea' id='block_1_92' title="bbox 2068 3015 3328 3092">
    <p class='ocr_par' dir='ltr' id='par_1_92' title="bbox 2068 3015 3328 3092">
     <span class='ocr_line' id='line_1_93' title="bbox 2068 3015 3328 3092; baseline 0.009 -21"><span class='ocrx_word' id='word_1_555' title='bbox 2068 3015 2179 3071; x_wconf 81' lang='lat' dir='ltr'><strong>Nec</strong></span> <span class='ocrx_word' id='word_1_556' title='bbox 2206 3017 2399 3073; x_wconf 90' lang='lat' dir='ltr'><strong>dubius</strong></span> <span class='ocrx_word' id='word_1_557' title='bbox 2429 3036 2517 3076; x_wconf 89' lang='lat' dir='ltr'><strong>me</strong></span> <span class='ocrx_word' id='word_1_558' title='bbox 2549 3021 2672 3085; x_wconf 88' lang='lat' dir='ltr'><strong>jure</strong></span> <span class='ocrx_word' id='word_1_559' title='bbox 2702 3024 2848 3079; x_wconf 87' lang='lat' dir='ltr'><strong>brevi</strong></span> <span class='ocrx_word' id='word_1_560' title='bbox 2879 3038 3089 3082; x_wconf 89' lang='lat' dir='ltr'><strong>terrena</strong></span> <span class='ocrx_word' id='word_1_561' title='bbox 3123 3038 3328 3092; x_wconf 84' lang='lat' dir='ltr'><strong>tenere,</strong></span> 
     </span>
    </p>
   </div>
   <div class='ocr_carea' id='block_1_93' title="bbox 2137 3107 3360 3181">
    <p class='ocr_par' dir='ltr' id='par_1_93' title="bbox 2137 3107 3360 3181">
     <span class='ocr_line' id='line_1_94' title="bbox 2137 3107 3360 3181; baseline 0.011 -20"><span class='ocrx_word' id='word_1_562' title='bbox 2137 3107 2228 3163; x_wconf 85' lang='lat' dir='ltr'><strong>Sic</strong></span> <span class='ocrx_word' id='word_1_563' title='bbox 2252 3120 2371 3163; x_wconf 89' lang='lat' dir='ltr'><strong>utar</strong></span> <span class='ocrx_word' id='word_1_564' title='bbox 2393 3113 2641 3181; x_wconf 80' lang='lat' dir='ltr'><strong>prapriis,</strong></span> <span class='ocrx_word' id='word_1_565' title='bbox 2672 3130 2774 3169; x_wconf 86' lang='lat' dir='ltr'><strong>ceu</strong></span> <span class='ocrx_word' id='word_1_566' title='bbox 2804 3131 2921 3170; x_wconf 88' lang='lat' dir='ltr'><strong>mea</strong></span> <span class='ocrx_word' id='word_1_567' title='bbox 2951 3133 3056 3171; x_wconf 89' lang='lat' dir='ltr'><strong>non</strong></span> <span class='ocrx_word' id='word_1_568' title='bbox 3085 3134 3203 3174; x_wconf 87' lang='lat' dir='ltr'><strong>mea</strong></span> <span class='ocrx_word' id='word_1_569' title='bbox 3231 3121 3360 3176; x_wconf 88' lang='lat' dir='ltr'><strong>sint.</strong></span> 
     </span>
    </p>
   </div>
   <div class='ocr_carea' id='block_1_94' title="bbox 2069 3197 3399 3280">
    <p class='ocr_par' dir='ltr' id='par_1_94' title="bbox 2069 3197 3399 3280">
     <span class='ocr_line' id='line_1_95' title="bbox 2069 3197 3399 3280; baseline 0.01 -29"><span class='ocrx_word' id='word_1_570' title='bbox 2069 3197 2184 3253; x_wconf 78' lang='lat' dir='ltr'><strong>Non</strong></span> <span class='ocrx_word' id='word_1_571' title='bbox 2214 3201 2453 3255; x_wconf 84' lang='lat' dir='ltr'><strong>mirabor</strong></span> <span class='ocrx_word' id='word_1_572' title='bbox 2482 3218 2635 3273; x_wconf 87' lang='lat' dir='ltr'><strong>opes,</strong></span> <span class='ocrx_word' id='word_1_573' title='bbox 2668 3207 2841 3260; x_wconf 85' lang='lat' dir='ltr'><strong>nullus</strong></span> <span class='ocrx_word' id='word_1_574' title='bbox 2867 3208 3117 3263; x_wconf 85' lang='lat' dir='ltr'><strong>seetabor</strong></span> <span class='ocrx_word' id='word_1_575' title='bbox 3144 3212 3399 3280; x_wconf 86' lang='lat' dir='ltr'><strong>honores,</strong></span> 
     </span>
    </p>
   </div>
   <div class='ocr_carea' id='block_1_95' title="bbox 2142 3288 3364 3366">
    <p class='ocr_par' dir='ltr' id='par_1_95' title="bbox 2142 3288 3364 3366">
     <span class='ocr_line' id='line_1_96' title="bbox 2142 3288 3364 3366; baseline 0.013 -24"><span class='ocrx_word' id='word_1_576' title='bbox 2142 3288 2483 3359; x_wconf 79' lang='lat' dir='ltr'><strong>Pauperietn,</strong></span> <span class='ocrx_word' id='word_1_577' title='bbox 2511 3292 2727 3349; x_wconf 91' lang='lat' dir='ltr'><strong>Christo</strong></span> <span class='ocrx_word' id='word_1_578' title='bbox 2760 3297 2946 3366; x_wconf 82' lang='lat' dir='ltr'><strong>divite,</strong></span> <span class='ocrx_word' id='word_1_579' title='bbox 2972 3314 3077 3355; x_wconf 93' lang='lat' dir='ltr'><strong>non</strong></span> <span class='ocrx_word' id='word_1_580' title='bbox 3108 3314 3364 3359; x_wconf 82' lang='lat' dir='ltr'><strong>metuam.</strong></span> 
     </span>
    </p>
   </div>
   <div class='ocr_carea' id='block_1_96' title="bbox 2074 3381 3504 3451">
    <p class='ocr_par' dir='ltr' id='par_1_96' title="bbox 2074 3381 3504 3451">
     <span class='ocr_line' id='line_1_97' title="bbox 2074 3381 3504 3451; baseline 0.013 -18"><span class='ocrx_word' id='word_1_581' title='bbox 2074 3381 2187 3448; x_wconf 85' lang='lat' dir='ltr'><strong>Qua</strong></span> <span class='ocrx_word' id='word_1_582' title='bbox 2212 3392 2414 3438; x_wconf 87' lang='lat' dir='ltr'><strong>stetero</strong></span> <span class='ocrx_word' id='word_1_583' title='bbox 2443 3384 2709 3451; x_wconf 87' lang='lat' dir='ltr'><strong>adversis,</strong></span> <span class='ocrx_word' id='word_1_584' title='bbox 2742 3388 2842 3444; x_wconf 85' lang='lat' dir='ltr'><strong>hac</strong></span> <span class='ocrx_word' id='word_1_585' title='bbox 2878 3401 2996 3445; x_wconf 86' lang='lat' dir='ltr'><strong>utar</strong></span> <span class='ocrx_word' id='word_1_586' title='bbox 3018 3404 3201 3449; x_wconf 89' lang='lat' dir='ltr'><strong>mente</strong></span> <span class='ocrx_word' id='word_1_587' title='bbox 3226 3395 3504 3451; x_wconf 89' lang='lat' dir='ltr'><strong>secundis:</strong></span> 
     </span>
    </p>
   </div>
   <div class='ocr_carea' id='block_1_97' title="bbox 2146 3472 3506 3555">
    <p class='ocr_par' dir='ltr' id='par_1_97' title="bbox 2146 3472 3506 3555">
     <span class='ocr_line' id='line_1_98' title="bbox 2146 3472 3506 3555; baseline 0.011 -30"><span class='ocrx_word' id='word_1_588' title='bbox 2146 3472 2261 3527; x_wconf 82' lang='lat' dir='ltr'><strong>Nec</strong></span> <span class='ocrx_word' id='word_1_589' title='bbox 2288 3474 2427 3528; x_wconf 86' lang='lat' dir='ltr'><strong>mala</strong></span> <span class='ocrx_word' id='word_1_590' title='bbox 2456 3491 2542 3530; x_wconf 90' lang='lat' dir='ltr'><strong>me</strong></span> <span class='ocrx_word' id='word_1_591' title='bbox 2572 3477 2806 3544; x_wconf 85' lang='lat' dir='ltr'><strong>vincent,</strong></span> <span class='ocrx_word' id='word_1_592' title='bbox 2850 3496 2951 3537; x_wconf 92' lang='lat' dir='ltr'><strong>nec</strong></span> <span class='ocrx_word' id='word_1_593' title='bbox 2976 3483 3113 3537; x_wconf 91' lang='lat' dir='ltr'><strong>bona</strong></span> <span class='ocrx_word' id='word_1_594' title='bbox 3148 3500 3234 3539; x_wconf 91' lang='lat' dir='ltr'><strong>me</strong></span> <span class='ocrx_word' id='word_1_595' title='bbox 3273 3489 3506 3555; x_wconf 68' lang='lat' dir='ltr'><strong>capienti</strong></span> 
     </span>
    </p>
   </div>
   <div class='ocr_carea' id='block_1_98' title="bbox 2070 3565 3505 3647">
    <p class='ocr_par' dir='ltr' id='par_1_98' title="bbox 2070 3565 3505 3647">
     <span class='ocr_line' id='line_1_99' title="bbox 2070 3565 3505 3647; baseline 0.008 -26"><span class='ocrx_word' id='word_1_596' title='bbox 2070 3565 2296 3636; x_wconf 86' lang='lat' dir='ltr'><strong>Semper</strong></span> <span class='ocrx_word' id='word_1_597' title='bbox 2320 3582 2471 3636; x_wconf 81' lang='lat' dir='ltr'><strong>again</strong></span> <span class='ocrx_word' id='word_1_598' title='bbox 2512 3578 2691 3639; x_wconf 83' lang='lat' dir='ltr'><strong>grates</strong></span> <span class='ocrx_word' id='word_1_599' title='bbox 2732 3571 2970 3642; x_wconf 86' lang='lat' dir='ltr'><strong>Christo,</strong></span> <span class='ocrx_word' id='word_1_600' title='bbox 3000 3574 3139 3630; x_wconf 90' lang='lat' dir='ltr'><strong>dabo</strong></span> <span class='ocrx_word' id='word_1_601' title='bbox 3165 3590 3377 3647; x_wconf 86' lang='lat' dir='ltr'><strong>semper</strong></span> <span class='ocrx_word' id='word_1_602' title='bbox 3404 3578 3505 3633; x_wconf 83' lang='lat' dir='ltr'><strong>ho-</strong></span> 
     </span>
    </p>
   </div>
   <div class='ocr_carea' id='block_1_99' title="bbox 2289 3674 2519 3715">
    <p class='ocr_par' dir='ltr' id='par_1_99' title="bbox 2289 3674 2519 3715">
     <span class='ocr_line' id='line_1_100' title="bbox 2289 3674 2519 3715; baseline 0.009 -2"><span class='ocrx_word' id='word_1_603' title='bbox 2289 3674 2479 3714; x_wconf 90' lang='lat' dir='ltr'><strong>norem</strong></span> <span class='ocrx_word' id='word_1_604' title='bbox 2503 3678 2519 3715; x_wconf 75' lang='grc' dir='ltr'>ε</span> 
     </span>
    </p>
   </div>
   <div class='ocr_carea' id='block_1_100' title="bbox 1929 3287 2033 3343">
    <p class='ocr_par' dir='ltr' id='par_1_100' title="bbox 1929 3287 2033 3343">
     <span class='ocr_line' id='line_1_101' title="bbox 1929 3287 2033 3343; baseline 0.029 -3"><span class='ocrx_word' id='word_1_605' title='bbox 1929 3287 2033 3343; x_wconf 80' lang='lat' dir='ltr'><strong>HO</strong></span> 
     </span>
    </p>
   </div>
   <div class='ocr_carea' id='block_1_101' title="bbox 1997 3917 3508 3996">
    <p class='ocr_par' dir='ltr' id='par_1_101' title="bbox 1997 3917 3508 3996">
     <span class='ocr_line' id='line_1_102' title="bbox 1997 3917 3508 3996; baseline 0.003 -21"><span class='ocrx_word' id='word_1_606' title='bbox 1997 3918 2136 3996; x_wconf 68' lang='lat' dir='ltr'><strong>Ibid.</strong></span> <span class='ocrx_word' id='word_1_607' title='bbox 2167 3918 2263 3975; x_wconf 83' lang='lat' dir='ltr'><strong>Ms.</strong></span> <span class='ocrx_word' id='word_1_608' title='bbox 2302 3917 2583 3983; x_wconf 84' lang='lat' dir='ltr'><strong>Joliensis,</strong></span> <span class='ocrx_word' id='word_1_609' title='bbox 2611 3917 2813 3972; x_wconf 90' lang='lat' dir='ltr'><strong>omisso</strong></span> <span class='ocrx_word' id='word_1_610' title='bbox 2844 3926 2922 3984; x_wconf 84' lang='lat' dir='ltr'><strong>et,</strong></span> <span class='ocrx_word' id='word_1_611' title='bbox 2965 3919 3322 3992; x_wconf 80' lang='lat' dir='ltr'><strong>plausibusque</strong></span> <span class='ocrx_word' id='word_1_612' title='bbox 3354 3940 3508 3996; x_wconf 53' lang='lat' dir='ltr'><strong>auges</strong></span> 
     </span>
    </p>
   </div>
   <div class='ocr_carea' id='block_1_102' title="bbox 1928 3989 2059 4043">
    <p class='ocr_par' dir='ltr' id='par_1_102' title="bbox 1928 3989 2059 4043">
     <span class='ocr_line' id='line_1_103' title="bbox 1928 3989 2059 4043; baseline 0.008 -1"><span class='ocrx_word' id='word_1_613' title='bbox 1928 3989 2059 4043; x_wconf 84' lang='lat' dir='ltr'><strong>licis.</strong></span> 
     </span>
    </p>
   </div>
   <div class='ocr_carea' id='block_1_103' title="bbox 1998 4056 3506 4130">
    <p class='ocr_par' dir='ltr' id='par_1_103' title="bbox 1998 4056 3506 4130">
     <span class='ocr_line' id='line_1_104' title="bbox 1998 4056 3506 4130; baseline 0.003 -16"><span class='ocrx_word' id='word_1_614' title='bbox 1998 4062 2086 4115; x_wconf 87' lang='lat'><strong>75.</strong></span> <span class='ocrx_word' id='word_1_615' title='bbox 2111 4060 2220 4115; x_wconf 83' lang='lat' dir='ltr'><strong>Mss</strong></span> <span class='ocrx_word' id='word_1_616' title='bbox 2272 4058 2379 4114; x_wconf 81' lang='lat' dir='ltr'><strong>Jol.</strong></span> <span class='ocrx_word' id='word_1_617' title='bbox 2410 4067 2460 4114; x_wconf 88' lang='lat' dir='ltr'><strong>et</strong></span> <span class='ocrx_word' id='word_1_618' title='bbox 2491 4056 2697 4122; x_wconf 87' lang='lat' dir='ltr'><strong>Germ.,</strong></span> <span class='ocrx_word' id='word_1_619' title='bbox 2724 4058 2842 4110; x_wconf 80' lang='lat' dir='ltr'><strong>vicit</strong></span> <span class='ocrx_word' id='word_1_620' title='bbox 2870 4058 3048 4113; x_wconf 85' lang='lat' dir='ltr'><strong>durus.</strong></span> <span class='ocrx_word' id='word_1_621' title='bbox 3082 4060 3176 4113; x_wconf 85' lang='lat' dir='ltr'><strong>Ms.</strong></span> <span class='ocrx_word' id='word_1_622' title='bbox 3207 4060 3385 4130; x_wconf 80' lang='lat' dir='ltr'><strong>Cull).,</strong></span> <span class='ocrx_word' id='word_1_623' title='bbox 3418 4082 3506 4119; x_wconf 80' lang='lat' dir='ltr'><strong>su-</strong></span> 
     </span>
    </p>
   </div>
   <div class='ocr_carea' id='block_1_104' title="bbox 1962 4142 2089 4186">
    <p class='ocr_par' dir='ltr' id='par_1_104' title="bbox 1962 4142 2089 4186">
     <span class='ocr_line' id='line_1_105' title="bbox 1962 4142 2089 4186; baseline -0.016 -1"><span class='ocrx_word' id='word_1_624' title='bbox 1962 4142 2089 4186; x_wconf 80' lang='lat' dir='ltr'><strong>erat.</strong></span> 
     </span>
    </p>
   </div>
   <div class='ocr_carea' id='block_1_105' title="bbox 1926 4149 3507 4273">
    <p class='ocr_par' dir='ltr' id='par_1_105' title="bbox 1926 4149 3507 4273">
     <span class='ocr_line' id='line_1_106' title="bbox 1926 4149 3507 4273; baseline 0.003 -17"><span class='ocrx_word' id='word_1_625' title='bbox 1926 4149 2089 4256; x_wconf 45' lang='lat' dir='ltr'><strong><em>pagg:</em></strong></span> <span class='ocrx_word' id='word_1_626' title='bbox 2117 4202 2212 4257; x_wconf 81' lang='lat' dir='ltr'><strong>Ms.</strong></span> <span class='ocrx_word' id='word_1_627' title='bbox 2239 4202 2555 4268; x_wconf 83' lang='lat' dir='ltr'><strong>Cambron.,</strong></span> <span class='ocrx_word' id='word_1_628' title='bbox 2576 4198 2788 4253; x_wconf 76' lang='lat' dir='ltr'><strong>AEstuat</strong></span> <span class='ocrx_word' id='word_1_629' title='bbox 2816 4200 2868 4252; x_wconf 86' lang='lat' dir='ltr'><strong>in</strong></span> <span class='ocrx_word' id='word_1_630' title='bbox 2896 4215 3025 4263; x_wconf 83' lang='lat' dir='ltr'><strong>sese,</strong></span> <span class='ocrx_word' id='word_1_631' title='bbox 3062 4212 3165 4255; x_wconf 88' lang='lat' dir='ltr'><strong>etc.</strong></span> <span class='ocrx_word' id='word_1_632' title='bbox 3190 4202 3244 4255; x_wconf 79' lang='grc' dir='ltr'><strong>ιιι</strong></span> <span class='ocrx_word' id='word_1_633' title='bbox 3268 4214 3370 4273; x_wconf 86' lang='lat' dir='ltr'><strong>est,</strong></span> <span class='ocrx_word' id='word_1_634' title='bbox 3395 4207 3507 4265; x_wconf 88' lang='lat' dir='ltr'><strong>odit</strong></span> 
     </span>
    </p>
   </div>
   <div class='ocr_carea' id='block_1_106' title="bbox 1929 4272 3507 4344">
    <p class='ocr_par' dir='ltr' id='par_1_106' title="bbox 1929 4272 3507 4344">
     <span class='ocr_line' id='line_1_107' title="bbox 1929 4272 3507 4344; baseline 0.002 -20"><span class='ocrx_word' id='word_1_635' title='bbox 1929 4274 2132 4337; x_wconf 88' lang='lat' dir='ltr'><strong>omnia,</strong></span> <span class='ocrx_word' id='word_1_636' title='bbox 2164 4272 2334 4326; x_wconf 84' lang='lat' dir='ltr'><strong>adhuc</strong></span> <span class='ocrx_word' id='word_1_637' title='bbox 2353 4280 2600 4344; x_wconf 77' lang='lat' dir='ltr'><strong>autemet</strong></span> <span class='ocrx_word' id='word_1_638' title='bbox 2628 4272 2852 4323; x_wconf 86' lang='lat' dir='ltr'><strong>animam</strong></span> <span class='ocrx_word' id='word_1_639' title='bbox 2881 4273 3211 4340; x_wconf 76' lang='lat' dir='ltr'><strong>suum,juxta</strong></span> <span class='ocrx_word' id='word_1_640' title='bbox 3236 4272 3364 4329; x_wconf 85' lang='lat' dir='ltr'><strong>Luc.</strong></span> <span class='ocrx_word' id='word_1_641' title='bbox 3396 4292 3507 4344; x_wconf 77' lang='lat' dir='ltr'><strong>xw,</strong></span> 
     </span>
    </p>
   </div>
   <div class='ocr_carea' id='block_1_107' title="bbox 1925 4342 3507 4418">
    <p class='ocr_par' dir='ltr' id='par_1_107' title="bbox 1925 4342 3507 4418">
     <span class='ocr_line' id='line_1_108' title="bbox 1925 4342 3507 4418; baseline 0.003 -22"><span class='ocrx_word' id='word_1_642' title='bbox 1925 4342 2015 4397; x_wconf 71' lang='lat'><strong>26.</strong></span> <span class='ocrx_word' id='word_1_643' title='bbox 2050 4344 2154 4398; x_wconf 85' lang='lat' dir='ltr'><strong>Alii</strong></span> <span class='ocrx_word' id='word_1_644' title='bbox 2195 4360 2405 4410; x_wconf 87' lang='lat' dir='ltr'><strong>omnes,</strong></span> <span class='ocrx_word' id='word_1_645' title='bbox 2438 4345 2491 4397; x_wconf 86' lang='lat' dir='ltr'><strong>in</strong></span> <span class='ocrx_word' id='word_1_646' title='bbox 2517 4342 2606 4395; x_wconf 81' lang='lat' dir='ltr'><strong>illo</strong></span> <span class='ocrx_word' id='word_1_647' title='bbox 2632 4358 2683 4395; x_wconf 86' lang='lat' dir='ltr'><strong>se</strong></span> <span class='ocrx_word' id='word_1_648' title='bbox 2718 4354 2968 4407; x_wconf 83' lang='lat' dir='ltr'><strong>statuens,</strong></span> <span class='ocrx_word' id='word_1_649' title='bbox 3016 4344 3069 4395; x_wconf 89' lang='lat' dir='ltr'><strong>in</strong></span> <span class='ocrx_word' id='word_1_650' title='bbox 3096 4360 3203 4397; x_wconf 84' lang='lat' dir='ltr'><strong>sese</strong></span> <span class='ocrx_word' id='word_1_651' title='bbox 3222 4346 3310 4413; x_wconf 83' lang='lat' dir='ltr'><strong>qui</strong></span> <span class='ocrx_word' id='word_1_652' title='bbox 3332 4342 3507 4418; x_wconf 75' lang='lat' dir='ltr'><strong>gerere</strong></span> 
     </span>
    </p>
   </div>
   <div class='ocr_carea' id='block_1_108' title="bbox 1925 4424 3477 4498">
    <p class='ocr_par' dir='ltr' id='par_1_108' title="bbox 1925 4424 3477 4498">
     <span class='ocr_line' id='line_1_109' title="bbox 1925 4424 3477 4498; baseline 0 0"><span class='ocrx_word' id='word_1_653' title='bbox 1925 4424 2067 4498; x_wconf 55' lang='lat' dir='ltr'><strong>Opi“!</strong></span> <span class='ocrx_word' id='word_1_654' title='bbox 2095 4432 2233 4498; x_wconf 51' lang='grc' dir='ltr'><strong>(ἔφη’</strong></span> <span class='ocrx_word' id='word_1_655' title='bbox 2695 4492 2704 4498; x_wconf 85' lang='grc'><strong>.</strong></span> <span class='ocrx_word' id='word_1_656' title='bbox 2899 4480 2970 4498; x_wconf 70' lang='grc' dir='ltr'><strong>υ,</strong></span> <span class='ocrx_word' id='word_1_657' title='bbox 3272 4484 3310 4498; x_wconf 91' lang='grc'><strong>..</strong></span> 
     </span>
    </p>
   </div>
   <div class='ocr_carea' id='block_1_109' title="bbox 1998 4480 3500 4542">
    <p class='ocr_par' dir='ltr' id='par_1_109' title="bbox 1998 4480 3500 4542">
     <span class='ocr_line' id='line_1_110' title="bbox 1998 4480 3500 4542; baseline 0.005 -7"><span class='ocrx_word' id='word_1_658' title='bbox 1998 4486 2084 4538; x_wconf 80' lang='grc' dir='ltr'><strong>ῖ9.</strong></span> <span class='ocrx_word' id='word_1_659' title='bbox 2111 4486 2199 4538; x_wconf 83' lang='lat' dir='ltr'><strong>Sic</strong></span> <span class='ocrx_word' id='word_1_660' title='bbox 2220 4500 2339 4537; x_wconf 89' lang='lat' dir='ltr'><strong>cum</strong></span> <span class='ocrx_word' id='word_1_661' title='bbox 2366 4501 2493 4537; x_wconf 75' lang='lat' dir='ltr'><strong>mss.</strong></span> <span class='ocrx_word' id='word_1_662' title='bbox 2529 4499 2624 4537; x_wconf 77' lang='lat' dir='ltr'><strong>sex</strong></span> <span class='ocrx_word' id='word_1_663' title='bbox 2657 4492 2708 4536; x_wconf 84' lang='lat' dir='ltr'><strong>et</strong></span> <span class='ocrx_word' id='word_1_664' title='bbox 2735 4482 2867 4536; x_wconf 87' lang='lat' dir='ltr'><strong>edit.</strong></span> <span class='ocrx_word' id='word_1_665' title='bbox 2899 4480 3034 4534; x_wconf 77' lang='lat' dir='ltr'><strong>Ven.</strong></span> <span class='ocrx_word' id='word_1_666' title='bbox 3068 4482 3242 4536; x_wconf 81' lang='lat' dir='ltr'><strong>editor</strong></span> <span class='ocrx_word' id='word_1_667' title='bbox 3270 4484 3500 4542; x_wconf 79' lang='lat' dir='ltr'><strong>Paulini.</strong></span> 
     </span>
    </p>
   </div>
   <div class='ocr_carea' id='block_1_110' title="bbox 1927 4552 3217 4620">
    <p class='ocr_par' dir='ltr' id='par_1_110' title="bbox 1927 4552 3217 4620">
     <span class='ocr_line' id='line_1_111' title="bbox 1927 4552 3217 4620; baseline -0.005 -13"><span class='ocrx_word' id='word_1_668' title='bbox 1927 4552 2052 4617; x_wconf 88' lang='lat' dir='ltr'><strong>Alii,</strong></span> <span class='ocrx_word' id='word_1_669' title='bbox 2085 4553 2186 4606; x_wconf 83' lang='lat' dir='ltr'><strong>Ille</strong></span> <span class='ocrx_word' id='word_1_670' title='bbox 2213 4555 2345 4607; x_wconf 84' lang='lat' dir='ltr'><strong>Deus</strong></span> <span class='ocrx_word' id='word_1_671' title='bbox 2371 4556 2501 4618; x_wconf 71' lang='lat' dir='ltr'><strong>caeli,</strong></span> <span class='ocrx_word' id='word_1_672' title='bbox 2532 4570 2698 4607; x_wconf 85' lang='lat' dir='ltr'><strong>rerum</strong></span> <span class='ocrx_word' id='word_1_673' title='bbox 2729 4563 2972 4620; x_wconf 65' lang='lat' dir='ltr'><strong>(erratque</strong></span> <span class='ocrx_word' id='word_1_674' title='bbox 2998 4564 3217 4609; x_wconf 85' lang='lat' dir='ltr'><strong>creator.</strong></span> 
     </span>
    </p>
   </div>
   <div class='ocr_carea' id='block_1_111' title="bbox 1998 4622 3496 4695">
    <p class='ocr_par' dir='ltr' id='par_1_111' title="bbox 1998 4622 3496 4695">
     <span class='ocr_line' id='line_1_112' title="bbox 1998 4622 3496 4695; baseline 0.003 -18"><span class='ocrx_word' id='word_1_675' title='bbox 1998 4624 2088 4679; x_wconf 84' lang='lat'><strong>85.</strong></span> <span class='ocrx_word' id='word_1_676' title='bbox 2120 4624 2217 4677; x_wconf 80' lang='lat' dir='ltr'><strong>Ms.</strong></span> <span class='ocrx_word' id='word_1_677' title='bbox 2247 4624 2432 4678; x_wconf 83' lang='lat' dir='ltr'><strong>Camb.</strong></span> <span class='ocrx_word' id='word_1_678' title='bbox 2463 4641 2581 4677; x_wconf 91' lang='lat' dir='ltr'><strong>cum</strong></span> <span class='ocrx_word' id='word_1_679' title='bbox 2622 4622 2879 4695; x_wconf 46' lang='lat' dir='ltr'><strong>Paullum,</strong></span> <span class='ocrx_word' id='word_1_680' title='bbox 2910 4623 3145 4695; x_wconf 71' lang='lat' dir='ltr'><strong>ritiqtum</strong></span> <span class='ocrx_word' id='word_1_681' title='bbox 3162 4624 3215 4676; x_wconf 87' lang='lat' dir='ltr'><strong>in</strong></span> <span class='ocrx_word' id='word_1_682' title='bbox 3241 4640 3339 4678; x_wconf 87' lang='lat' dir='ltr'><strong>me.</strong></span> <span class='ocrx_word' id='word_1_683' title='bbox 3369 4627 3496 4695; x_wconf 82' lang='lat' dir='ltr'><strong>Alii,</strong></span> 
     </span>
    </p>
   </div>
   <div class='ocr_carea' id='block_1_112' title="bbox 1927 4691 3501 4759">
    <p class='ocr_par' dir='ltr' id='par_1_112' title="bbox 1927 4691 3501 4759">
     <span class='ocr_line' id='line_1_113' title="bbox 1927 4691 3501 4759; baseline 0.005 -15"><span class='ocrx_word' id='word_1_684' title='bbox 1927 4693 2107 4747; x_wconf 84' lang='lat' dir='ltr'><strong>victum</strong></span> <span class='ocrx_word' id='word_1_685' title='bbox 2140 4697 2190 4745; x_wconf 85' lang='lat' dir='ltr'><strong>in</strong></span> <span class='ocrx_word' id='word_1_686' title='bbox 2220 4712 2297 4748; x_wconf 80' lang='lat' dir='ltr'><strong>me</strong></span> <span class='ocrx_word' id='word_1_687' title='bbox 2331 4706 2648 4759; x_wconf 64' lang='lat' dir='ltr'><strong>praetentus.</strong></span> <span class='ocrx_word' id='word_1_688' title='bbox 2672 4691 2901 4755; x_wconf 84' lang='lat' dir='ltr'><strong>Theod.,</strong></span> <span class='ocrx_word' id='word_1_689' title='bbox 2934 4692 3022 4745; x_wconf 91' lang='lat' dir='ltr'><strong>ubi</strong></span> <span class='ocrx_word' id='word_1_690' title='bbox 3065 4692 3288 4748; x_wconf 85' lang='lat' dir='ltr'><strong>habetur</strong></span> <span class='ocrx_word' id='word_1_691' title='bbox 3314 4691 3501 4752; x_wconf 73' lang='lat' dir='ltr'><strong>victum</strong></span> 
     </span>
    </p>
   </div>
   <div class='ocr_carea' id='block_1_113' title="bbox 1850 4751 3393 4834">
    <p class='ocr_par' dir='ltr' id='par_1_113' title="bbox 1850 4751 3393 4834">
     <span class='ocr_line' id='line_1_114' title="bbox 1850 4751 3393 4834; baseline 0.006 -22"><span class='ocrx_word' id='word_1_692' title='bbox 1850 4751 1903 4812; x_wconf 87' lang='lat' dir='ltr'>D</span> <span class='ocrx_word' id='word_1_693' title='bbox 1927 4762 1989 4815; x_wconf 85' lang='lat' dir='ltr'><strong>de</strong></span> <span class='ocrx_word' id='word_1_694' title='bbox 2018 4780 2117 4818; x_wconf 85' lang='lat' dir='ltr'><strong>me.</strong></span> <span class='ocrx_word' id='word_1_695' title='bbox 2156 4751 2379 4832; x_wconf 77' lang='lat' dir='ltr'><strong>Vulgata</strong></span> <span class='ocrx_word' id='word_1_696' title='bbox 2405 4764 2562 4818; x_wconf 82' lang='lat' dir='ltr'><strong>lcetiu</strong></span> <span class='ocrx_word' id='word_1_697' title='bbox 2583 4763 2758 4818; x_wconf 83' lang='lat' dir='ltr'><strong>deﬁcit</strong></span> <span class='ocrx_word' id='word_1_698' title='bbox 2792 4751 3017 4834; x_wconf 76' lang='lat' dir='ltr'><strong>numero</strong></span> <span class='ocrx_word' id='word_1_699' title='bbox 3044 4766 3393 4834; x_wconf 84' lang='lat' dir='ltr'><strong>syllabarum.</strong></span> 
     </span>
    </p>
   </div>
   <div class='ocr_carea' id='block_1_114' title="bbox 1997 4831 3493 4903">
    <p class='ocr_par' dir='ltr' id='par_1_114' title="bbox 1997 4831 3493 4903">
     <span class='ocr_line' id='line_1_115' title="bbox 1997 4831 3493 4903; baseline 0.003 -17"><span class='ocrx_word' id='word_1_700' title='bbox 1997 4834 2086 4888; x_wconf 91' lang='lat'><strong>89.</strong></span> <span class='ocrx_word' id='word_1_701' title='bbox 2120 4831 2295 4890; x_wconf 84' lang='lat' dir='ltr'><strong>Editio</strong></span> <span class='ocrx_word' id='word_1_702' title='bbox 2325 4836 2524 4888; x_wconf 80' lang='lat' dir='ltr'><strong>Veneta</strong></span> <span class='ocrx_word' id='word_1_703' title='bbox 2548 4836 2681 4900; x_wconf 86' lang='lat' dir='ltr'><strong>sula,</strong></span> <span class='ocrx_word' id='word_1_704' title='bbox 2706 4836 2873 4886; x_wconf 77' lang='lat' dir='ltr'><strong>vivens</strong></span> <span class='ocrx_word' id='word_1_705' title='bbox 2910 4831 3136 4903; x_wconf 66' lang='lat' dir='ltr'><strong>Prosper</strong></span> <span class='ocrx_word' id='word_1_706' title='bbox 3165 4838 3383 4888; x_wconf 85' lang='lat' dir='ltr'><strong>tolerare</strong></span> <span class='ocrx_word' id='word_1_707' title='bbox 3408 4855 3493 4890; x_wconf 84' lang='lat' dir='ltr'><strong>re-</strong></span> 
     </span>
    </p>
   </div>
   <div class='ocr_carea' id='block_1_115' title="bbox 1924 4905 3500 4988">
    <p class='ocr_par' dir='ltr' id='par_1_115' title="bbox 1924 4905 3500 4988">
     <span class='ocr_line' id='line_1_116' title="bbox 1924 4905 3500 4988; baseline 0.001 -33"><span class='ocrx_word' id='word_1_708' title='bbox 1924 4919 2112 4957; x_wconf 79' lang='lat' dir='ltr'><strong>cusem.</strong></span> <span class='ocrx_word' id='word_1_709' title='bbox 2161 4905 2320 4958; x_wconf 72' lang='lat' dir='ltr'><strong>Forte</strong></span> <span class='ocrx_word' id='word_1_710' title='bbox 2350 4920 2415 4959; x_wconf 82' lang='lat' dir='ltr'><strong>ex</strong></span> <span class='ocrx_word' id='word_1_711' title='bbox 2449 4907 2659 4975; x_wconf 82' lang='lat' dir='ltr'><strong>ingenio</strong></span> <span class='ocrx_word' id='word_1_712' title='bbox 2705 4906 2896 4986; x_wconf 65' lang='lat' dir='ltr'><strong>scriba:</strong></span> <span class='ocrx_word' id='word_1_713' title='bbox 2932 4913 3025 4956; x_wconf 90' lang='lat' dir='ltr'><strong>aut</strong></span> <span class='ocrx_word' id='word_1_714' title='bbox 3060 4906 3280 4988; x_wconf 64' lang='lat' dir='ltr'><strong>editoris</strong></span> <span class='ocrx_word' id='word_1_715' title='bbox 3303 4909 3500 4988; x_wconf 25' lang='lat' dir='ltr'><strong>tcujus-</strong></span> 
     </span>
    </p>
   </div>
   <div class='ocr_carea' id='block_1_116' title="bbox 1924 4976 3491 5044">
    <p class='ocr_par' dir='ltr' id='par_1_116' title="bbox 1924 4976 3491 5044">
     <span class='ocr_line' id='line_1_117' title="bbox 1924 4976 3491 5044; baseline 0.004 -21"><span class='ocrx_word' id='word_1_716' title='bbox 1924 4976 2086 5041; x_wconf 89' lang='lat' dir='ltr'><strong>piam,</strong></span> <span class='ocrx_word' id='word_1_717' title='bbox 2130 4977 2215 5044; x_wconf 88' lang='lat' dir='ltr'><strong>qui</strong></span> <span class='ocrx_word' id='word_1_718' title='bbox 2246 4978 2344 5028; x_wconf 89' lang='lat' dir='ltr'><strong>hoc</strong></span> <span class='ocrx_word' id='word_1_719' title='bbox 2377 4989 2525 5043; x_wconf 86' lang='lat' dir='ltr'><strong>opus</strong></span> <span class='ocrx_word' id='word_1_720' title='bbox 2552 4977 2802 5043; x_wconf 86' lang='lat' dir='ltr'><strong>Prosperi</strong></span> <span class='ocrx_word' id='word_1_721' title='bbox 2832 4988 2952 5029; x_wconf 85' lang='lat' dir='ltr'><strong>esse</strong></span> <span class='ocrx_word' id='word_1_722' title='bbox 2981 4983 3129 5028; x_wconf 89' lang='lat' dir='ltr'><strong>certo</strong></span> <span class='ocrx_word' id='word_1_723' title='bbox 3167 4976 3268 5028; x_wconf 86' lang='lat' dir='ltr'><strong>sibi</strong></span> <span class='ocrx_word' id='word_1_724' title='bbox 3301 4976 3353 5028; x_wconf 93' lang='lat' dir='ltr'><strong>in</strong></span> <span class='ocrx_word' id='word_1_725' title='bbox 3382 4977 3491 5030; x_wconf 87' lang='lat' dir='ltr'><strong>aui-</strong></span> 
     </span>
    </p>
   </div>
   <div class='ocr_carea' id='block_1_117' title="bbox 1925 5045 3407 5124">
    <p class='ocr_par' dir='ltr' id='par_1_117' title="bbox 1925 5045 3407 5124">
     <span class='ocr_line' id='line_1_118' title="bbox 1925 5045 3407 5124; baseline 0.019 -28"><span class='ocrx_word' id='word_1_726' title='bbox 1925 5060 2067 5097; x_wconf 90' lang='lat' dir='ltr'><strong>mum</strong></span> <span class='ocrx_word' id='word_1_727' title='bbox 2103 5045 2454 5124; x_wconf 57' lang='lat' dir='ltr'><strong>itiduxerat._</strong></span> <span class='ocrx_word' id='word_1_728' title='bbox 2532 5114 2544 5124; x_wconf 85' lang='lat'>_</span> <span class='ocrx_word' id='word_1_729' title='bbox 2867 5115 2900 5124; x_wconf 76' lang='lat'>_</span> <span class='ocrx_word' id='word_1_730' title='bbox 3083 5113 3101 5124; x_wconf 88' lang='lat'><em>_</em></span> <span class='ocrx_word' id='word_1_731' title='bbox 3145 5114 3157 5124; x_wconf 90' lang='lat'><em>_</em></span> <span class='ocrx_word' id='word_1_732' title='bbox 3302 5114 3317 5124; x_wconf 91' lang='lat'><strong>.</strong></span> 
     </span>
    </p>
   </div>
   <div class='ocr_carea' id='block_1_118' title="bbox 1994 5113 3490 5173">
    <p class='ocr_par' dir='ltr' id='par_1_118' title="bbox 1994 5113 3490 5173">
     <span class='ocr_line' id='line_1_119' title="bbox 1994 5113 3490 5173; baseline 0.003 -6"><span class='ocrx_word' id='word_1_733' title='bbox 1994 5117 2080 5168; x_wconf 80' lang='lat'><strong>98.</strong></span> <span class='ocrx_word' id='word_1_734' title='bbox 2110 5115 2203 5171; x_wconf 90' lang='lat' dir='ltr'><strong>Sic</strong></span> <span class='ocrx_word' id='word_1_735' title='bbox 2245 5116 2377 5170; x_wconf 88' lang='lat' dir='ltr'><strong>edit.</strong></span> <span class='ocrx_word' id='word_1_736' title='bbox 2417 5114 2565 5169; x_wconf 89' lang='lat' dir='ltr'><strong>Paul.</strong></span> <span class='ocrx_word' id='word_1_737' title='bbox 2599 5130 2666 5171; x_wconf 81' lang='lat' dir='ltr'><strong>ex</strong></span> <span class='ocrx_word' id='word_1_738' title='bbox 2697 5132 2827 5173; x_wconf 89' lang='lat' dir='ltr'><strong>mss.</strong></span> <span class='ocrx_word' id='word_1_739' title='bbox 2860 5115 3045 5172; x_wconf 87' lang='lat' dir='ltr'><strong>Germ.</strong></span> <span class='ocrx_word' id='word_1_740' title='bbox 3074 5113 3179 5171; x_wconf 81' lang='lat' dir='ltr'><strong>Jol.</strong></span> <span class='ocrx_word' id='word_1_741' title='bbox 3209 5123 3263 5169; x_wconf 90' lang='lat' dir='ltr'><strong>et</strong></span> <span class='ocrx_word' id='word_1_742' title='bbox 3294 5114 3321 5168; x_wconf 87' lang='grc'><strong>1</strong></span> <span class='ocrx_word' id='word_1_743' title='bbox 3351 5113 3490 5173; x_wconf 87' lang='lat' dir='ltr'><strong>Vict.</strong></span> 
     </span>
    </p>
   </div>
   <div class='ocr_carea' id='block_1_119' title="bbox 1925 5184 2565 5253">
    <p class='ocr_par' dir='ltr' id='par_1_119' title="bbox 1925 5184 2565 5253">
     <span class='ocr_line' id='line_1_120' title="bbox 1925 5184 2565 5253; baseline 0 -14"><span class='ocrx_word' id='word_1_744' title='bbox 1925 5184 2028 5239; x_wconf 88' lang='lat' dir='ltr'><strong>Alii</strong></span> <span class='ocrx_word' id='word_1_745' title='bbox 2060 5189 2295 5253; x_wconf 86' lang='lat' dir='ltr'><strong>codices,</strong></span> <span class='ocrx_word' id='word_1_746' title='bbox 2321 5189 2385 5240; x_wconf 87' lang='lat' dir='ltr'><strong>sit</strong></span> <span class='ocrx_word' id='word_1_747' title='bbox 2419 5187 2565 5240; x_wconf 77' lang='lat' dir='ltr'><strong>mihi.</strong></span> 
     </span>
    </p>
   </div>
   <div class='ocr_carea' id='block_1_120' title="bbox 1996 5256 3463 5338">
    <p class='ocr_par' dir='ltr' id='par_1_120' title="bbox 1996 5256 3463 5338">
     <span class='ocr_line' id='line_1_121' title="bbox 1996 5256 3463 5338; baseline 0.003 -29"><span class='ocrx_word' id='word_1_748' title='bbox 2143 5258 2430 5338; x_wconf 43' lang='lat' dir='ltr'><strong>diss-tres,</strong></span> <span class='ocrx_word' id='word_1_749' title='bbox 2468 5259 2725 5338; x_wconf 53' lang='lat' dir='ltr'><strong>tribues.“</strong></span> <span class='ocrx_word' id='word_1_750' title='bbox 2832 5328 2868 5338; x_wconf 35' lang='grc' dir='ltr'>ἢ</span> <span class='ocrx_word' id='word_1_751' title='bbox 2911 5328 2922 5338; x_wconf 84' lang='lat'>_</span> <span class='ocrx_word' id='word_1_752' title='bbox 2984 5328 2997 5338; x_wconf 85' lang='lat'>_</span> <span class='ocrx_word' id='word_1_753' title='bbox 3197 5324 3234 5338; x_wconf 52' lang='grc' dir='ltr'><em>η</em></span> <span class='ocrx_word' id='word_1_754' title='bbox 3271 5326 3307 5338; x_wconf 83' lang='lat'><strong>__</strong></span> <span class='ocrx_word' id='word_1_755' title='bbox 3409 5325 3463 5338; x_wconf 55' lang='grc' dir='ltr'><strong>Μ</strong></span> 
     </span>
    </p>
   </div>
   <div class='ocr_carea' id='block_1_121' title="bbox 1996 5324 3492 5398">
    <p class='ocr_par' dir='ltr' id='par_1_121' title="bbox 1996 5324 3492 5398">
     <span class='ocr_line' id='line_1_122' title="bbox 1996 5324 3492 5398; baseline -0.001 -20"><span class='ocrx_word' id='word_1_756' title='bbox 1996 5327 2117 5380; x_wconf 89' lang='grc'>107.</span> <span class='ocrx_word' id='word_1_757' title='bbox 2141 5328 2239 5381; x_wconf 81' lang='lat' dir='ltr'><strong>Ms.</strong></span> <span class='ocrx_word' id='word_1_758' title='bbox 2272 5324 2430 5398; x_wconf 80' lang='lat' dir='ltr'><strong>Reg.,</strong></span> <span class='ocrx_word' id='word_1_759' title='bbox 2465 5327 2578 5383; x_wconf 78' lang='lat' dir='ltr'><strong>Nec</strong></span> <span class='ocrx_word' id='word_1_760' title='bbox 2603 5328 2798 5385; x_wconf 85' lang='lat' dir='ltr'><strong>dubito.</strong></span> <span class='ocrx_word' id='word_1_761' title='bbox 2832 5328 3034 5385; x_wconf 88' lang='lat' dir='ltr'><strong>Deinde</strong></span> <span class='ocrx_word' id='word_1_762' title='bbox 3059 5342 3159 5382; x_wconf 88' lang='lat' dir='ltr'><strong>ms-</strong></span> <span class='ocrx_word' id='word_1_763' title='bbox 3192 5324 3370 5392; x_wconf 85' lang='lat' dir='ltr'><strong>Culb.,</strong></span> <span class='ocrx_word' id='word_1_764' title='bbox 3401 5325 3492 5381; x_wconf 89' lang='lat' dir='ltr'><strong>Sic</strong></span> 
     </span>
    </p>
   </div>
   <div class='ocr_carea' id='block_1_122' title="bbox 1920 5404 2057 5449">
    <p class='ocr_par' dir='ltr' id='par_1_122' title="bbox 1920 5404 2057 5449">
     <span class='ocr_line' id='line_1_123' title="bbox 1920 5404 2057 5449; baseline 0.007 -2"><span class='ocrx_word' id='word_1_765' title='bbox 1920 5404 2057 5449; x_wconf 65' lang='grc' dir='ltr'><strong>κίον.</strong></span> 
     </span>
    </p>
   </div>
   <div class='ocr_carea' id='block_1_123' title="bbox 1994 5465 3495 5538">
    <p class='ocr_par' dir='ltr' id='par_1_123' title="bbox 1994 5465 3495 5538">
     <span class='ocr_line' id='line_1_124' title="bbox 1994 5465 3495 5538; baseline 0.002 -19"><span class='ocrx_word' id='word_1_766' title='bbox 1994 5465 2118 5521; x_wconf 76' lang='grc'>112.</span> <span class='ocrx_word' id='word_1_767' title='bbox 2156 5466 2257 5523; x_wconf 78' lang='lat' dir='ltr'><strong>Ms.</strong></span> <span class='ocrx_word' id='word_1_768' title='bbox 2281 5467 2525 5538; x_wconf 65' lang='lat' dir='ltr'><strong>Regius,</strong></span> <span class='ocrx_word' id='word_1_769' title='bbox 2572 5467 2683 5521; x_wconf 80' lang='lat' dir='ltr'><strong>Nec</strong></span> <span class='ocrx_word' id='word_1_770' title='bbox 2711 5470 2840 5520; x_wconf 88' lang='lat' dir='ltr'><strong>bona</strong></span> <span class='ocrx_word' id='word_1_771' title='bbox 2861 5483 2941 5521; x_wconf 83' lang='lat' dir='ltr'><strong>me</strong></span> <span class='ocrx_word' id='word_1_772' title='bbox 2961 5468 3179 5533; x_wconf 77' lang='lat' dir='ltr'><strong>vincent,</strong></span> <span class='ocrx_word' id='word_1_773' title='bbox 3223 5484 3315 5521; x_wconf 84' lang='lat' dir='ltr'><strong>nec</strong></span> <span class='ocrx_word' id='word_1_774' title='bbox 3355 5466 3495 5522; x_wconf 81' lang='lat' dir='ltr'><strong>mala</strong></span> 
     </span>
    </p>
   </div>
   <div class='ocr_carea' id='block_1_124' title="bbox 1922 5537 3224 5619">
    <p class='ocr_par' dir='ltr' id='par_1_124' title="bbox 1922 5537 3224 5619">
     <span class='ocr_line' id='line_1_125' title="bbox 1922 5537 3224 5619; baseline 0.002 -30"><span class='ocrx_word' id='word_1_775' title='bbox 1922 5553 2000 5591; x_wconf 86' lang='lat' dir='ltr'><strong>me</strong></span> <span class='ocrx_word' id='word_1_776' title='bbox 2029 5540 2250 5619; x_wconf 53' lang='lat' dir='ltr'><strong>cupient.</strong></span> <span class='ocrx_word' id='word_1_777' title='bbox 2274 5537 2522 5619; x_wconf 70' lang='lat' dir='ltr'><strong>Nontam</strong></span> <span class='ocrx_word' id='word_1_778' title='bbox 2552 5538 2798 5619; x_wconf 42' lang='grc' dir='ltr'><strong>δείξει-ιιι</strong></span> <span class='ocrx_word' id='word_1_779' title='bbox 2824 5540 3053 5619; x_wconf 70' lang='lat' dir='ltr'><strong>videtur.</strong></span> <span class='ocrx_word' id='word_1_780' title='bbox 3114 5617 3119 5619; x_wconf 16' lang='grc' dir='ltr'><strong><em>Δ</em></strong></span> 
     </span>
    </p>
   </div>
   <div class='ocr_carea' id='block_1_125' title="bbox 1996 5606 3484 5676">
    <p class='ocr_par' dir='ltr' id='par_1_125' title="bbox 1996 5606 3484 5676">
     <span class='ocr_line' id='line_1_126' title="bbox 1996 5606 3484 5676; baseline 0.003 -17"><span class='ocrx_word' id='word_1_781' title='bbox 1996 5607 2117 5661; x_wconf 82' lang='grc'>115.</span> <span class='ocrx_word' id='word_1_782' title='bbox 2152 5608 2223 5661; x_wconf 89' lang='lat' dir='ltr'><strong>Ita</strong></span> <span class='ocrx_word' id='word_1_783' title='bbox 2256 5624 2383 5663; x_wconf 88' lang='lat' dir='ltr'><strong>mss.</strong></span> <span class='ocrx_word' id='word_1_784' title='bbox 2415 5608 2574 5675; x_wconf 83' lang='lat' dir='ltr'><strong>Reg.,</strong></span> <span class='ocrx_word' id='word_1_785' title='bbox 2620 5606 2800 5676; x_wconf 86' lang='lat' dir='ltr'><strong>Colb.,</strong></span> <span class='ocrx_word' id='word_1_786' title='bbox 2846 5610 3028 5663; x_wconf 82' lang='lat' dir='ltr'><strong>Germ.</strong></span> <span class='ocrx_word' id='word_1_787' title='bbox 3074 5617 3127 5663; x_wconf 88' lang='lat' dir='ltr'><strong>et</strong></span> <span class='ocrx_word' id='word_1_788' title='bbox 3166 5606 3306 5664; x_wconf 89' lang='lat' dir='ltr'><strong>Vict.</strong></span> <span class='ocrx_word' id='word_1_789' title='bbox 3332 5623 3484 5665; x_wconf 81' lang='lat' dir='ltr'><strong>unus.</strong></span> 
     </span>
    </p>
   </div>
   <div class='ocr_carea' id='block_1_126' title="bbox 1922 5677 2541 5733">
    <p class='ocr_par' dir='ltr' id='par_1_126' title="bbox 1922 5677 2541 5733">
     <span class='ocr_line' id='line_1_127' title="bbox 1922 5677 2541 5733; baseline -0.006 -2"><span class='ocrx_word' id='word_1_790' title='bbox 1922 5677 2024 5731; x_wconf 76' lang='lat' dir='ltr'><strong>Alli</strong></span> <span class='ocrx_word' id='word_1_791' title='bbox 2054 5678 2283 5733; x_wconf 80' lang='lat' dir='ltr'><strong>codices.</strong></span> <span class='ocrx_word' id='word_1_792' title='bbox 2313 5679 2541 5733; x_wconf 15' lang='lat' dir='ltr'><strong>honores.</strong></span> 
     </span>
    </p>
   </div>
  </div>
