4040 6178
492 248 603 306 6ιὸ
1134 248 1191 305 S.
1231 248 1567 306 PROSPERI
1608 232 1931 316 AQUITANI
1971 246 2203 304 OPERA
2244 244 2564 301 INCERTIE
2604 241 3130 301 AUCTORITATIS.
3649 247 3751 303 sus

700 359 843 416 Laus
867 358 1075 414 Domini
1103 372 1317 428 semper
1339 359 1481 413 vivet
1506 359 1560 412 in
1585 372 1682 413 ore
1710 372 1855 413 meo.
2098 360 2148 419 Α
2320 355 2509 410 Custos
2532 362 2648 410 esto
2677 357 2750 409 tui
2783 357 3047 421 custodis,
3074 364 3253 409 mutua
3282 355 3467 421 redde,

493 450 601 510 “5
641 451 720 508 Tu
752 453 932 518 modo,
985 450 1087 504 tida
1130 465 1334 517 comes,
1390 464 1601 505 mecum
1656 450 1745 504 isti
1800 448 2083 520 accingere
2190 446 2293 502 120
2400 444 2559 515 Erige
2589 446 2877 511 labentem,
2911 461 3069 515 surge
3098 447 3328 501 levantis
3356 462 3475 516 ope.

853 557 1043 611 pugna:
1069 582 1084 608 ,
2330 538 2400 595 Ut
2437 554 2563 594 caro
2614 554 2718 593 non
2750 542 2935 595 eadem
2971 550 3171 595 tantum
3194 581 3210 608 ,
3243 542 3335 596 sed
3366 560 3519 598 mens
3547 560 3760 617 quoque

707 637 875 705 Quam
903 636 1048 691 Deus
1077 634 1288 690 inﬁrmo
1316 634 1548 704 prtebuit
1574 633 1860 687 auxilium.
2539 632 2690 685 nobis

643 728 882 784 Sollicita
905 728 1099 782 elatum
1130 725 1343 790 cohibe,
1378 726 1553 779 solare
1586 724 1860 779 dolentem
1885 739 1900 775 :
2402 722 2513 778 Una
2540 722 2630 790 sit,
2674 731 2833 792 atque
2863 722 2998 777 duos
3027 722 3248 792 spiritus
3285 740 3423 778 unus
3449 726 3581 779 alat.

704 820 1021 889 Exemplum
1054 820 1173 872 vita:
1207 817 1377 872 simus
1416 825 1639 885 uterque
1670 815 1793 884 piae.

562 959 683 1014 114.
704 958 777 1012 lta
800 958 991 1026 legitur
1012 958 1063 1009 in
1094 956 1222 1010 edit.
1251 953 1457 1009 Paulini
1480 961 1532 1005 et
1555 966 1687 1004 mss.
1709 946 1865 1004 Colb.
1890 949 2067 1004 Tlieo-
2538 949 2890 1026 _'l‘h_emloric..
2939 948 3211 1003 labantem.

490 1030 660 1084 doric.
690 1038 743 1083 et
768 1017 954 1082 Camb.
987 1029 1041 1079 ln
1076 1027 1317 1094 reliquis,
1344 1027 1509 1094 vigeat
1538 1036 1758 1094 semper.
2253 1017 2374 1071 1‘21.
2412 1019 2586 1071 Editio
2619 1017 2775 1094 vein,
2806 1028 2857 1072 ut
2903 1037 3021 1074 caro
3052 1038 3150 1074 non
3185 1022 3390 1089 eadem,
3432 1023 3522 1077 sed
3558 1033 3761 1079 tantum

564 1100 685 1154 117.
720 1101 846 1153 Mss.
878 1087 1221 1161 Theudorici,
1251 1087 1431 1150 Gerni.
1463 1102 1517 1147 et
1549 1087 1686 1146 Vict.
1735 1104 1895 1155 unus,
1926 1087 2072 1142 solli-
2180 1103 2322 1141 meus
2357 1105 2557 1158 quoque
2587 1091 2749 1142 nobis.

491 1171 607 1224 cite.

509 1274 3761 1297 _________———_——————————————————————

1126 1364 1578 1426 ADMONITIO
1611 1365 1689 1425 IN
1720 1362 2047 1427 CARMEN
2085 1360 2186 1419 DE
2226 1356 2769 1418 PROVIDEN'I‘IA
2815 1358 3116 1419 DlVlNA.

567 1486 634 1541 Ut
662 1503 867 1539 carmen
897 1486 958 1537 de
992 1484 1325 1537 Providentia
1368 1484 1540 1536 divina
1566 1484 1799 1553 genuinis
1825 1481 2083 1555 Operibus
2121 1481 2285 1533 sancti
2315 1477 2557 1555 Prosperi
2585 1477 2829 1555 Aquitani
2850 1481 2962 1555 sine
2984 1481 3229 1555 sc_rupulo
3270 1499 3369 1535 non
3394 1496 3720 1540 accenseatur
3739 1531 3754 1555 ,

500 1574 591 1609 nec
616 1568 781 1610 tamen
811 1562 983 1607 statim
1003 1557 1133 1606 inter
1157 1556 1421 1624 supposita
1444 1548 1759 1616 numEretur,
1791 1548 2009 1624 suadent
2034 1551 2231 1624 diversa
2258 1548 2662 1624 eruditorumae
2682 1566 2741 1602 eo
2756 1551 2980 1619 judicia.
3014 1548 3124 1603 Etsi
3145 1554 3277 1624 enim
3300 1556 3464 1624 primo
3484 1557 3573 1607 sub
3592 1548 3755 1611 sancti

500 1626 744 1695 Prasperi
769 1627 1003 1692 Aquitani
1040 1617 1239 1676 nomine
1256 1617 1511 1695 prodierit
1533 1626 1586 1676 in
1614 1625 1835 1677 editione
1863 1620 2189 1695 Lugdun‘ensi
2209 1635 2345 1695 anno
2374 1617 2532 1681 1559,
2562 1617 2653 1695 diu
2675 1617 2943 1695 est—tamen
2971 1637 3085 1695 cum
3115 1622 3177 1695 ab
3197 1617 3315 1675 aliii
3343 1623 3563 1693 Operam
3593 1630 3757 1683 sancti

500 1687 742 1767 Prosperi
769 1687 1042 1749 editoribus
1071 1710 1185 1745 cum
1212 1687 1306 1767 hac
1329 1694 1561 1767 cautione
1587 1695 1779 1767 editum
1802 1701 1893 1767 est,
1927 1687 2180 1767 utsedulo
2208 1689 2567 1767 observaretur.
2584 1687 2831 1767 Prospere~
2858 1693 3139 1767 nonvideri
3177 1687 3520 1767 carmen'hoc,
3552 1701 3639 1749 sed
3662 1715 3756 1751 cu-

495 1759 717 1837 iuspiam
748 1767 883 1818 haud
914 1768 1103 1837 integre
1123 1764 1350 1837 gratiam
1363 1763 1554 1837 Christi
1579 1764 1904 1837 capticantis.
1928 1759 1996 1837 _Id
2020 1761 2273 1837 enimvero
2300 1767 2527 1837 notatum
2551 1759 2763 1837 legimus
2786 1760 2837 1813 in
2861 1759 3166 1837 editionibus
3186 1764 3431 1832 antiquis,
3456 1759 3756 1837 Lovaniensi

500 1827 641 1889 anno
675 1837 831 1892 1565.
866 1827 1035 1887 studio
1062 1827 1281 1905 Joannis
1312 1832 1495 1905 Sotelli
1528 1827 1729 1905 collegii
1756 1834 1967 1885 minoris
2014 1832 2364 1905 theologorum
2404 1827 2794 1905 Dovaniensium
2819 1830 3013 1905 alumni
3058 1827 3371 1905 procurata;
3395 1843 3500 1887 tum
3533 1837 3584 1888 in
3608 1836 3753 1891 Dua-

494 1908 632 1959 censi
661 1923 795 1959 anno
820 1905 979 1969 1576,
1011 1902 1404 1974 curis_.loannis
1428 1898 1937 1974 Olivarii'perfecta,
1969 1916 2121 1974 quam
2149 1898 2793 1974 Coloniensis__anni_l650
2828 1910 2878 1974 et
2908 1902 3025 1974 alite
3046 1898 3409 1974 Asubsequentes
3425 1905 3486 1957 de
3514 1907 3659 1960 verbo
3684 1910 3755 1963 ad

497 1975 703 2029 verbum
734 1987 849 2048 sunt
873 1977 1103 2027 imitatae.
1140 1971 1206 2026 In
1224 1973 1317 2048 illa
1344 1983 1512 2025 autem
1538 1969 1789 2048 Duac'ensi
1817 1969 2036 2048 editione
2065 1971 2383 2048 doctissimus
2410 1971 2593 2048 editor,
2623 1969 3005 2048 in.epi_sto_la_ad
3036 1969 3293 2035 lectorem,
3324 1990 3437 2048 cum
3463 1978 3753 2048 catalogum

497 2048 718 2100 contexit
749 2045 971 2115 Operum
993 2060 1022 2095 η
1045 2061 1095 2096 se
1120 2043 1505 2115 eniendatorum
1534 2054 1579 2096 et
1604 2045 1657 2097 in
1690 2044 1851 2115 lucem
1894 2040 2314 2115 e_mittendorum,_
2338 2055 2398 2115 ac
2417 2038 2736 2115 de‘singulis
2762 2040 3011 2115 iudicium
3038 2057 3205 2115 _suu_m
3236 2038 3652 2115 paucisprofert:
3688 2051 3754 2101 de

496 2117 593 2169 hoc
616 2132 761 2183 quem
782 2107 832 2167 in
861 2115 1091 2166 manibus
1116 2112 1357 2183 habemus
1381 2113 1454 2166 sic
1476 2114 1771 2181 pronuntiat
1791 2127 1810 2165 :
1839 2129 1858 2162 ί
1897 2110 2454 2183 Carmenjinquitlde
2476 2107 2805 2183 Providentia
2826 2108 2942 2183 Dei
2965 2127 2997 2162 a
3026 2109 3095 2165 D.
3124 2107 3365 2183 Prosperi
3390 2107 3645 2181 Operibus
3669 2135 3751 2171 re-

497 2178 792 2239 movendum
814 2184 1080 2247 duximus,
1112 2184 1232 2250 quia
1265 2178 1566 2251 Pelagiana
1603 2184 1848 2236 doctrinm
1871 2191 1965 2243 est,
1994 2183 2075 2233 cui
2101 2178 2325 2301 Prosper
2367 2179 2725 2246 infestissimus
2757 2180 2875 2247 fuit.
2905 2179 3064 2234 Docet
3085 2186 3216 2234 enim
3242 2178 3483 2250 optimum
3505 2202 3752 2252 quemque

497 2272 599 2301 non
623 2256 737 2301 plus
763 2258 942 2301 gratiae
970 2256 1197 2301 accipere
1215 2270 1368 2301 auam
1393 2256 1668 2301 pessimum
1689 2269 1706 2301 :
1731 2264 1929 2301 sanctos
1954 2261 2127 2301 patres
2151 2265 2214 2301 ea:
2257 2266 2343 2301 eae
2371 2258 2566 2301 natura:
2594 2248 2749 2301 bonos
2779 2251 2935 2301 fuisse
2954 2265 2974 2301 :
3019 2267 3049 2301 a
3078 2253 3339 2301 voluntate
3368 2264 3540 2301 nostra
3563 2272 3748 2301 ηηριιρ.

496 2272 599 2309 non
623 2256 737 2322 plus
763 2258 942 2324 gratia;
970 2248 1197 2323 accipere
1215 2270 1368 2320 quam
1393 2248 1706 2324 pessimum;
1731 2264 1929 2324 sanctos
1954 2261 2127 2322 patres
2151 2265 2214 2304 eo:
2235 2248 2566 2324 legeunatunrte
2594 2248 2749 2303 bonos
2777 2251 2974 2319 fuisse;
3019 2267 3049 2301 a
3078 2248 3339 2324 voluntate
3368 2248 3540 2308 nostra
3562 2248 3748 2322 prce—ve-

497 2326 595 2378 niri
624 2318 875 2378 auxilium
906 2323 1017 2385 Dei,
1047 2318 1093 2376 ei
1116 2318 1234 2375 alia
1263 2324 1424 2375 multa
1451 2338 1624 2377 errore
1654 2322 1858 2390 Pelagii
1885 2318 2129 2381 consona,
2160 2318 2293 2390 quin
2316 2320 2432 2371 divo
2460 2318 2717 2387 Prospero
2746 2337 3023 2387 numquam
3068 2322 3393 2388 placuerunt.
3429 2325 3539 2378 Nec
3562 2318 3748 2380 novum

499 2405 574 2447 est
602 2394 793 2466 (subdit
822 2393 932 2463 ille)
958 2409 1256 2466 magnorum
1285 2394 1507 2466 virorum
1524 2393 1729 2466 scriptis
1752 2389 1904 2466 opera
1929 2389 2533 2466 quadam_htereticoru‘m
2558 2391 2748 2466 inseri:
2777 2406 2891 2466 cum
2927 2391 3058 2444 inter
3066 2392 3235 2466 libros
3249 2391 3572 2466 Hieronymo
3592 2400 3751 2450 ascri-

495 2459 941 2534 ptos'reperiamus
969 2473 1015 2515 et
1039 2459 1306 2527 epistolam
1330 2461 1530 2532 Pelagii
1554 2465 1621 2517 ad
1653 2459 2121 2534 Demetriadem,“
2147 2459 2549 2534 Commentarios
2577 2461 2753 2534 breves
2770 2462 2822 2534 in
2852 2477 3025 2534 omnes
3058 2461 3316 2527 Epistolas
3342 2459 3519 2527 Pauli,
3544 2478 3751 2534 excepta

495 2529 554 2604 ea
577 2550 691 2602 quae
710 2545 781 2587 est
807 2535 874 2585 ad
899 2532 1171 2594 Hebrteos;
1201 2533 1434 2586 similiter
1454 2529 1720 2604 Epistolam
1745 2530 1968 2604 Caelestii
1997 2531 2064 2583 ad
2086 2541 2342 2604 parentem
2370 2529 2432 2582 de
2456 2530 2668 2604 scientia
2702 2530 2886 2604 divina:
2917 2532 3225 2604 legissitem
3241 2534 3506 2604 epistolam
3532 2538 3596 2590 de
3619 2529 3749 2591 duo-

495 2599 597 2657 bus
610 2605 730 2671 ﬁliis
753 2605 893 2673 frugi
916 2615 960 2657 et
988 2604 1270 2663 luxurioso,
1296 2619 1395 2674 non
1421 2599 1566 2655 illam
1590 2618 1703 2672 qua:
1721 2613 1794 2655 est
1822 2603 1890 2674 ad
1911 2600 2213 2674 Damasum,
2237 2601 2325 2653 sed
2347 2615 2459 2674 qua:
2482 2601 2681 2674 incipit,
2702 2599 2949 2674 Omnium
2965 2599 3585 2674 quidem_de'Scriptnris,
3613 2618 3747 2670 etc.,

493 2686 540 2745 et
572 2674 678 2727 alia
702 2671 887 2735 multa,
916 2689 1027 2743 (μίαν
1050 2690 1147 2724 non
1177 2672 1433 2745 sunt_hoc
1462 2674 1571 2726 loco
1596 2671 1933 2745 recensendo.
1968 2671 2049 2724 Ad
2080 2686 2227 2739 quem
2266 2671 2647 2745 modumetiam
2683 2672 2823 2745 inter
2845 2674 3118 2745 Augustini
3161 2671 3332 2742 Opera
3380 2671 3580 2745 irrepsit
3626 2678 3751 2730 liber

501 2743 850 2809 Quintianum
879 2738 1056 2797 veteris
1082 2755 1129 2796 et
1160 2746 1273 2795 novi
1299 2741 1622 2806 Testamenti,
1646 2744 1733 2812 qui
1761 2742 1893 2812 inter
1917 2752 2099 2795 ctetera
2127 2742 2303 2793 asserit
2336 2738 2705 2812 Melchisedech
2730 2756 2837 2793 esse
2860 2738 3109 2807 Spiritum
3132 2738 3384 2812 sanctum,
3406 2738 3748 2800 sacerdotem-

492 2831 596 2893 que
610 2829 897 2893 summum:
920 2831 1070 2893 quam
1092 2812 1151 2893 olli
1177 2830 1283 2866 rem
1313 2816 1486 2893 merito
1505 2825 1585 2893 est
1608 2830 1638 2893 ᾳ
1659 2809 2208 2893 divoHieronymoin
2239 2810 2452 2893 epistola
2474 2810 2545 2891 ad
2571 2809 2850 2891 Evagrium
2879 2814 3117 2891 rejectus.
3151 2811 3344 2893 Eodem
3368 2830 3539 2893 errore
3566 2818 3749 2887 (pergit

492 2880 601 2953 ille)
633 2880 940 2936 inscribitur
961 2885 1082 2935 liber
1109 2880 1363 2936 Gennadii
1389 2882 1452 2935 de
1496 2882 1867 2953 Ecclesiasticis
1911 2880 2242 2953 Dogmatibus
2274 2882 2592 2949 Augustino;
2637 2882 2743 2953 cui,
2770 2884 3011 2953 quoniam
3041 2900 3142 2936 non
3177 2885 3302 2937 satis
3334 2880 3610 2940 catholicus
3633 2880 3706 2941 es't
3730 2929 3746 2950 ,

492 2950 747 3028 studiosus
775 2954 1028 3028 quispiam
1055 2969 1122 3028 επὶ
1145 2953 1359 3028 epistola
1406 2953 1574 3028 prima
1604 2952 1857 3028 Gmlestini
1884 2950 2170 3028 etconcilio
2201 2951 2516 3028 Arausicano
2556 2951 2777 3028 secundo
2807 2950 3003 3028 aliquot
3043 2954 3271 3028 capitula
3304 2957 3538 3028 subiecit,
3570 2974 3751 3028 nempe

494 3022 586 3089 22,
609 3024 679 3078 29
706 3033 750 3076 et
776 3020 1055 3092 sequentia.
1084 3024 1211 3087 Qua:
1241 3022 1357 3074 licet
1382 3020 1608 3092 ejusdem
1628 3022 1747 3094 libri
1767 3036 1874 3094 esse
1899 3021 2393 3094 videantur,»tamen»
2425 3020 2766 3094 innonnullis
2788 3022 3158 3094 exemplaribus
3189 3034 3292 3076 tam
3316 3020 3574 3089 impressis
3596 3020 3749 3094 quam

492 3095 696 3161 scriptis
734 3091 919 3147 omissa
943 3094 1295 3163 inveniuntur,
1324 3091 1494 3160 sicque
1519 3093 1677 3160 capiti
1721 3092 1959 3161 vigesimo
2000 3093 2166 3158 primo
2187 3091 2310 3163 libri
2347 3091 2576 3158 ejusdem
2603 3106 2664 3143 ea:
2688 3093 2917 3161 professo
2954 3103 3259 3163 repugnant,
3296 3105 3347 3145 ut
3375 3091 3750 3161 aliquantulum

491 3165 834 3217 consideranti
858 3165 983 3217 satis
1012 3162 1186 3215 statim
1212 3162 1426 3225 eluceat,
1452 3179 1554 3216 non
1582 3162 1683 3216 nisi
1706 3164 1775 3214 ad
1792 3163 1904 3231 ejus
1932 3161 2345 3231 redargutionem
2373 3176 2480 3213 esse
2498 3177 2718 3215 annexa.
2756 3163 2866 3223 Quo
2889 3161 3103 3216 consilio
3132 3164 3409 3229 (concludit
3430 3166 3537 3231 ille)
3561 3178 3607 3219 et
3630 3184 3743 3220 car-

492 3249 606 3286 men
647 3234 710 3285 de
752 3232 1081 3287 Providentia
1123 3233 1419 3303 adjunctum
1458 3233 1655 3288 videtur
1683 3231 1895 3286 carmini
1917 3231 1980 3286 de
1999 3230 2251 3302 Ingratis,
2277 3246 2339 3283 ne
2380 3246 2497 3283 cum
2521 3240 2644 3283 esset
2671 3233 3032 3301 perniciosum,
3071 3249 3165 3287 suo
3194 3246 3386 3288 careret
3427 3238 3678 3303 antidoto,
3704 3239 3749 3291 si

490 3303 761 3375 sejunctim
788 3305 1055 3375 legeretur.
1088 3319 1107 3353 ι
1148 3302 1272 3356 Ηωε
1295 3304 1401 3357 ille.

568 3370 852 3442 Utriusque
859 3373 1062 3440 judicio
1088 3375 1362 3424 assentitur
1396 3372 1740 3426 Bellarminus
1766 3373 1819 3424 in
1848 3372 1975 3425 libro
2011 3372 2073 3425 de
2102 3370 2473 3424 Ecclesiasticis
2496 3371 2869 3442 ﬁeriptoribns,
2906 3374 2957 3425 in
2985 3390 3085 3442 quo
3105 3374 3527 3427 eminentissimus
3555 3386 3603 3429 et
3629 3388 3751 3428 eru-

491 3439 778 3495 ditissimus
807 3439 1108 3516 aurtorltoc
1129 3444 1296 3516 ipsum
1319 3458 1445 3516 Opus
1474 3443 1875 3516 semipflagiano
1898 3444 2067 3516 potius
2096 3458 2251 3512 quam
2277 3450 2453 3494 sancto
2486 3440 2739 3516 Prospero
2767 3439 3091 3516 tribuendum
3123 3460 3230 3497 esse
3251 3446 3525 3516 judicavit.
3556 3447 3750 3498 Auctor

492 3528 697 3579 quoque
727 3528 867 3565 nava:
896 3510 1224 3584 Bibliotheae
1251 3510 1570 3584 Scriptorum
1615 3510 2117 3584 Ecclesiasticorum,‘
2143 3520 2285 3582 parte
2319 3513 2501 3584 litomi
2541 3513 2697 3574 tertii,
2733 3513 2913 3566 eadem
2944 3517 3048 3584 fere
3091 3530 3202 3584 quae
3228 3510 3385 3580 supra
3413 3515 3466 3566 in
3502 3519 3749 3582 paemntis

489 3590 962 3655 parentearguens,
991 3580 1111 3655 ha:_c_
1133 3582 1343 3651 prtecise
1371 3580 1481 3635 esse
1507 3593 1648 3636 notat
1678 3598 1792 3650 qui:
1829 3582 2054 3655 Prosper
2082 3580 2425 3655 impugnavit,
2448 3590 2549 3655 tam
2572 3583 2625 3634 in
2655 3599 2746 3635 suo
2768 3580 2951 3655 contra
2971 3580 3212 3655 Ingratos
3236 3595 3484 3654 poemate,
3502 3580 3673 3651 quam
3695 3588 3748 3639 in

487 3650 605 3703 aliis
634 3653 741 3724 suis
770 3649 1024 3721 operibus.
1060 3649 1170 3704 Nec
1197 3655 1241 3704 si
1274 3664 1592 3722 supponatur
1619 3649 1735 3707 cum
1760 3649 1973 3706 auctore
1995 3649 2381 3724 Dissertalionis
2409 3652 2463 3704 in
2494 3649 2663 3722 Opera
2691 3653 2851 3724 sancti
2880 3649 3124 3720 Prosp'rri
3153 3649 3289 3707 hunc
3313 3649 3547 3724 quiedam
3586 3659 3750 3709 sancti

489 3722 763 3792 Augustini
804 3724 1053 3775 doctrina:
1087 3723 1407 3775 emolimenta
1452 3725 1716 3789 quwsisse,
1764 3725 2021 3777 ullatenus
2060 3723 2341 3775 verosimile
2367 3738 2472 3775 esse
2500 3723 2781 3782 contendit.
2821 3740 2879 3775 eo
2909 3741 3068 3793 usque
3094 3734 3289 3778 tantum
3326 3722 3485 3777 virum
3524 3726 3749 3779 declina-

485 3800 655 3843 turum
684 3793 872 3862 fuisse,
904 3802 960 3846 ut
986 3793 1124 3863 quod
1153 3794 1285 3846 alias
1315 3794 1430 3846 totis
1459 3794 1645 3848 viribus
1675 3796 2010 3864 Mpugnarit,
2041 3794 2349 3860 scriptorum
2378 3794 2605 3862 priorum
2643 3793 2777 3846 velut
2803 3792 3018 3857 oblitus,
3049 3796 3130 3847 hic
3174 3796 3518 3866 imprudenter
3558 3813 3748 3865 prapu-

522 3871 682 3915 naret.
2042 3896 2049 3901 ι

485 3877 719 4001 αἷιῗῦῗιιᾶε
745 3942 798 3985 ut
824 3934 1030 3987 lectores
1055 3948 1157 3985 non
1184 3933 1335 3985 lateat
1360 3947 1474 4001 qua:
1502 3935 1817 3992 potissimum
1845 3934 1956 3987 loca
1991 3948 2048 3986 eo
2077 3932 2131 3984 in
2160 3947 2311 3999 Opere
2337 3948 2496 3998 supra
2523 3932 2672 3986 dictis
2701 3933 3081 4001 displicuerint,
3113 3934 3167 3987 id
3195 3936 3506 3988 observatum
3546 3936 3609 3988 ab
3640 3938 3748 3989 edi-

487 4002 621 4073 tione
649 4001 955 4058 Lovaniensi
985 4013 1029 4056 et
1058 4003 1393 4073 deinceps,rut
1418 4002 1612 4073 duplici
1639 4005 1836 4073 virgula
1864 4005 1919 4056 in
1950 4003 2178 4072 margine
2204 4005 2443 4069 apposita
2464 4004 2788 4072 signarentur
2812 4020 2925 4072 qua:
2944 4006 3385 4067 reprehensionem
3404 4016 3747 4071 mererentur;

485 4072 621 4137 quod
650 4082 695 4125 et
724 4089 815 4125 nos
844 4074 1031 4142 pariter
1059 4072 1426 4142 observandum
1465 4072 1722 4126 duximus.
1753 4072 1815 4125 Et
1845 4076 1980 4136 licet,
2018 4089 2080 4125 ea:
2109 4072 2390 4142 benigniori
2421 4073 2757 4138 quorumdam
2794 4075 3042 4126 sententia
3074 4076 3125 4125 in
3156 4076 3289 4127 hunc
3322 4076 3528 4137 librum,
3565 4078 3670 4130 ha-c
3699 4090 3745 4131 et

485 4142 590 4214 alia
614 4140 897 4194 istiusmodi
923 4158 1011 4214 per
1038 4158 1165 4214 opus
1190 4142 1263 4214 de
1285 4140 1618 4214 Providentia,
1640 4142 1736 4214 _Dei
1761 4160 2015 4214 respersa,
2035 4158 2102 4214 ea:
2133 4140 2280 4214 parte
2300 4143 2479 4214 saltem
2508 4142 2841 4214 ad_catrliolici
2864 4160 3042 4214 sensus
3072 4161 3301 4197 normam
3328 4148 3499 4209 aptari
3523 4161 3745 4214 queant;

488 4212 571 4263 vix
600 4223 763 4263 tamen
794 4212 966 4263 omnia
994 4209 1091 4278 (ea:
1115 4209 1356 4286 Antelmii
1375 4212 1577 4286 judicio
1596 4209 1853 4286 (Dissert.
1875 4213 1908 4267 9
1934 4214 2001 4286 de
2034 4211 2149 4264 Ver.
2184 4211 2342 4286 Oper.
2521 4212 2636 4265 PP.
2670 4213 2851 4266 Leonis
2877 4225 2919 4265 et
2956 4212 3234 4282 Prosperi)
3268 4216 3335 4267 ad
3376 4209 3747 4286 Prosperianos

486 4289 1115 4355 conceptus‘cong-ruenter
1141 4280 1466 4333 reducentur.
1506 4282 1638 4347 Quia
1670 4284 1737 4355 de
1760 4283 1959 4355 arbitrii
1984 4282 2213 4355 naturali
2236 4280 2594 4355 possibilitate,
2632 4292 2677 4335 et
2706 4286 2767 4334 de
2805 4286 3044 4336 virtutum
3083 4280 3286 4338 residuo
3327 4296 3439 4355 post
3482 4280 3743 4353 peccatum

484 4350 695 4421 semine,
727 4350 1398 4421 alitcr'interdummentem
1429 4367 1575 4403 suam
1598 4353 1798 4421 aperire
1819 4353 2013 4405 studuit
2040 4364 2242 4405 sanctus
2274 4354 2559 4418 Aquitanus
2586 4364 2770 4405 noster.

560 4420 696 4473 Hinc
727 4422 917 4489 factum
951 4432 1021 4489 est
1050 4430 1104 4473 ut
1124 4420 1257 4472 alius
1287 4437 1317 4471 α
1350 4418 1610 4489 Prospero
1630 4418 1820 4475 auctor
1848 4421 1968 4475 huic
1994 4423 2133 4489 operi
2161 4441 2192 4477 a
2218 4424 2478 4475 nonnullis
2516 4434 2843 4489 qua’reretur.
2879 4422 3015 4487 Quos
3042 4425 3173 4477 inter
3214 4422 3472 4477 Henricus
3505 4423 3747 4478 Norisius

487 4489 572 4547 lib.
598 4506 637 4563 tl
666 4488 912 4563 Historia
940 4488 1235 4560 Pelagiana:
1264 4506 1377 4563 cap.
1412 4488 1497 4563 l3,
1532 4490 1787 4545 Hilarium
1818 4488 2165 4546 Arelatensem
2192 4492 2346 4563 hujus
2367 4488 2609 4545 carminis
2632 4502 2891 4546 auctorem
2914 4511 3020 4547 esse
3039 4498 3323 4561 suspicatus
3349 4504 3444 4554 est,
3475 4512 3590 4547 cum
3614 4498 3747 4548 illud

485 4560 933 4635 semipelagianum
954 4577 1064 4614 esse
1093 4570 1278 4626 pateat.
1313 4560 1527 4635 Quodsi
1555 4573 1657 4614 tam
1689 4576 1860 4635 aperte
1884 4574 2077 4633 pateret
2100 4560 2268 4635 quani
2294 4572 2436 4635 putat
2465 4563 2537 4635 vir
2566 4564 2765 4629 doctus,
2794 4566 2954 4629 magis
2976 4564 3084 4618 htec
3104 4560 3183 4616 illi
3212 4565 3436 4633 suspicio
3460 4565 3745 4635 ableganda

486 4635 635 4703 foret,
668 4631 783 4683 cum
812 4631 1108 4703 Hilariuse
1133 4640 1311 4703 contra
1337 4631 1483 4703 nullo
1511 4648 1574 4684 ex
1602 4631 1816 4697 probato
1858 4631 2142 4686 testimonio
2174 4632 2242 4683 ad
2269 4634 2785 4703 semipelagianorum
2814 4647 2984 4703 partes
3024 4636 3270 4687 transisse
3304 4631 3653 4697 convincatur,
3687 4647 3746 4690 ut

485 4702 849 4753 demonstravit
875 4703 1005 4753 alias
1034 4702 1317 4753 Antelmius
1341 4701 1394 4753 in
1421 4699 1768 4755 Lirinensium
1793 4705 2016 4756 secretis.

556 4771 636 4823 Ad
661 4771 1247 4845 investigandumporro
1278 4772 1517 4845 carminis
1539 4771 1693 4845 huius
1720 4786 1978 4845 auctorem
2005 4772 2139 4839 quod
2168 4772 2369 4831 attinet,
2400 4771 2531 4824 nihil
2558 4770 2694 4845 ultra
2723 4790 2785 4825 ex
2807 4771 3076 4826 Gennadio
3106 4775 3415 4845 scriptorum
3440 4792 3519 4827 snt
3548 4784 3746 4845 tcmpo~

484 4840 554 4892 ris
583 4838 886 4893 recensitore
917 4838 1242 4915 pro_Hil_ario
1264 4842 1515 4915 suspicari
1544 4844 1713 4915 datur.
1752 4843 1953 4915 Quippe
1982 4838 2069 4912 qui
2107 4852 2372 4913 postquam
2397 4845 2459 4893 tle
2482 4844 2655 4894 eodem
2677 4845 2727 4895 in
2751 4844 2999 4915 Catalogo
3017 4862 3128 4915 cap.
3155 4843 3221 4915 65-}
3246 4845 3337 4909 ait,
3371 4846 3587 4915 Absque
3620 4838 3744 4910 per-

483 4924 737 4982 δέηιενιιω
767 4911 1224 4982 ξοοθριιιιίοηὶὺυς
1251 4912 1499 4965 omnibus
1526 4914 1928 4979 castigationem
1972 4911 2309 4980 ἱήιεθεείιέιιῑ
2340 4916 2546 4982 praefert
2576 4929 2670 4964 ins.
2713 4917 2873 4966 codex
2903 4912 3149 4967 Btblio.’h.
3181 4911 3533 4968 Benedtctina:
3558 4914 3743 4969 Sancti

483 4977 726 5033 Germani
757 4977 1019 5035 Pratensis
1043 4988 1161 5034 ante
1186 4997 1347 5034 annos
1371 4981 1510 5035 mille
1537 4982 1591 5034 in
1620 4977 1909 5035 mimbrana
1939 4977 2211 5046 exoratus;
2247 4977 2361 5035 cum
2388 4977 2478 5033 alii
2506 4994 2604 5033 tam
2635 4984 2759 5035 editi
2788 5000 2939 5051 quam
2966 5001 3084 5035 mss.
3117 4986 3364 5049 habeant,
3399 4986 3525 5040 Sine
3555 5001 3744 5051 persti-

485 5066 670 5103 narum
710 5054 1027 5119 exceptione
1066 5058 1122 5104 et
1167 5052 1479 5122 acceptione
1516 5052 1765 5107 omnibus
1803 5052 2119 5122 castigatum
2150 5068 2284 5121 opus
2316 5052 2714 5121 praedicationis
2742 5056 2990 5118 ingessit;
3018 5070 3129 5120 qute
3158 5070 3358 5107 sensum
3389 5056 3517 5108 adeo
3542 5055 3741 5107 clarum

484 5137 583 5194 non
610 5122 852 5194 reddunt,
877 5132 924 5175 et
950 5121 1553 5194 minusconsequentibus
1577 5123 1866 5187 conterent;
1896 5121 2009 5194 post
2029 5123 2149 5189 ista,
2173 5128 2402 5191 inquam,
2443 5125 2625 5184 relata,
2654 5138 2751 5175 non
2780 5123 2879 5176 nisi
2898 5121 3076 5194 aliqua
3105 5135 3149 5177 et
3179 5141 3337 5193 parva
3366 5137 3557 5178 tantum
3587 5124 3745 5178 Hilu-

482 5190 617 5263 rium
662 5191 881 5245 edidisse
908 5197 1059 5258 relert
1088 5190 1421 5263 Massiliensis
1461 5194 1736 5263 presbyter,
1781 5210 1844 5247 ea;
1883 5190 2083 5262 quibus,
2113 5208 2225 5260 qute
2242 5190 2325 5245 illi
2355 5194 2613 5263 pra’cipua
2645 5201 2737 5263 est,
2770 5195 2937 5263 sancti
2968 5190 3223 5247 Honorati
3268 5196 3579 5249 Arelatensis
3625 5194 3745 5246 Vim

482 5262 751 5335 dumtaxat
781 5273 1081 5335 recensetur.
1118 5262 1266 5335 Quod
1289 5278 1403 5335 vero
1439 5263 1569 5315 alter
1600 5261 1913 5330 Honoratus,
1962 5263 2301 5316 Massiliensis
2330 5261 2539 5329 scilicet,
2574 5264 2627 5335 in
2671 5262 2861 5316 Hilarii
2896 5261 3037 5327 Vita,
3086 5275 3267 5331 prteter
3304 5266 3462 5317 multa
3490 5268 3742 5335 praetora

481 5333 778 5403 copioseque
804 5333 976 5386 relicta
1004 5333 1191 5403 ingenii
1218 5333 1542 5395 monimenta,
1576 5348 1635 5384 co
1657 5335 1917 5403 izposuisse
1942 5344 2157 5387 testatur
2182 5337 2343 5403 etiam
2374 5348 2555 5403 versus
2583 5333 2744 5386 fontis
2776 5335 3036 5394 ardentis,
3065 5338 3161 5386 hoc
3190 5333 3499 5398 praeconium
3530 5334 3633 5387 illis
3664 5335 3735 5386 de

487 5400 815 5455 Providentia
844 5400 1074 5456 versibus
1103 5410 1439 5471 congruenter
1471 5404 1637 5470 aptari
1665 5400 1809 5471 posse
1844 5412 2008 5456 censet
2036 5402 2364 5470 supradictus
2392 5402 2713 5464 Antelmius;
2757 5415 2801 5455 et
2827 5407 2870 5456 si
2901 5405 3075 5471 forsan
3098 5405 3114 5469 (
3141 5404 3308 5457 subdit
3347 5404 3470 5471 ille)
3501 5405 3736 5456 divinare

482 5478 587 5543 tam
616 5473 816 5525 obvium
845 5489 946 5526 non
970 5483 1095 5526 esset
1126 5488 1214 5524 cur
1240 5470 1535 5543 Gennadius
1565 5470 1773 5524 illorum
1813 5474 2115 5525 mentionem
2146 5488 2247 5525 non
2277 5473 2494 5536 fecisset,
2524 5476 2566 5526 si
2598 5485 2703 5525 tam
2730 5470 2909 5528 eorum
2934 5490 3081 5526 sensu
3112 5491 3267 5543 quam
3299 5470 3560 5527 auctorem
3582 5472 3739 5525 semi-

480 5540 803 5610 pelagianum
838 5553 1006 5612 aperte
1032 5545 1360 5610 cognovisset.
1393 5541 1538 5594 Idem
1580 5551 1746 5612 tamen
1776 5543 2097 5596 doctissimus
2132 5559 2307 5597 censor
2334 5552 2520 5605 monet,
2558 5544 2662 5597 haec
2689 5545 2919 5596 carmina
2948 5544 3002 5596 in
3042 5540 3306 5597 nonnullis
3346 5554 3493 5597 caute
3527 5559 3635 5595 esse
3664 5543 3741 5595 le-

481 5612 667 5684 genda,
697 5614 802 5664 viro
829 5624 991 5664 tamen
1018 5614 1100 5681 pio
1130 5629 1188 5665 ac
1216 5613 1438 5675 erudito,
1471 5622 1517 5664 et
1544 5611 1756 5684 Hilario
1784 5612 1926 5684 ha_ud
1956 5613 2139 5678 impari
2166 5630 2263 5665 non
2293 5629 2402 5665 esse
2439 5614 2684 5684 indigna;
2716 5630 2831 5667 cum
2850 5655 2865 5678 ,
2894 5615 2975 5684 liis
3004 5614 3180 5681 paucis
3211 5614 3450 5684 demptis,
3477 5614 3655 5666 sentiat
3680 5619 3741 5664 stt

484 5676 708 5743 Prosper
736 5676 1026 5747 anongmus'
1043 5685 1156 5747 iste,
1191 5685 1242 5734 in
1263 5698 1363 5746 quo
1391 5699 1563 5735 senats
1587 5691 1633 5735 et
1654 5681 1803 5735 verba
1832 5676 2086 5750 Prospero
2115 5683 2414 5751 familiaria,
2440 5676 2859 5752 elocutionesque
2882 5676 3240 5751 Proiperianis
3265 5676 3458 5741 similei
3482 5685 3738 5740 observat.
