3972 6176
270 98 360 160 517
1257 94 1540 160 CARMEN
1577 101 1667 159 DE
1705 100 1838 159 PRO

1930 99 2163 158 suum
2202 98 2433 155 DIVINA
3390 109 3498 171 sm

273 212 583 293 Quofactunt
607 210 1018 293 est.t_tt.Labbeus
1042 212 1170 267 libro
1188 215 1260 293 de
1289 214 1651 293 Scriptoribus
1667 213 2059 277 Ecclesiasticis,
2085 214 2201 264 licet
2228 208 2438 293 a.Joan_.
2467 208 2677 293 Hessels
2700 219 2749 293 et
2769 208 2929 293 {eam
2962 212 3213 293 QIivario.
3239 222 3501 293 qubsipsa

271 280 369 359 non
382 281 660 359 improbat,
677 282 873 359 idcirco
901 299 1157 359 annexum
1178 285 1350 359 fuerit,
1381 280 1436 339 ut
1456 289 1570 358 jam
1601 287 1914 339 obseruatum
1945 292 2035 348 est,
2060 280 2306 353 opusculo
2333 280 2468 359 huic
2481 290 2663 359 poema
2684 281 2748 359 de
2777 280 3025 359 Ingratis,
3056 303 3156 340 non
3186 280 3324 359 quod
3361 280 3499 345 islud

272 355 397 426 initio
416 351 668 426 Prosperi
694 352 1032 426 egistimatum
1050 356 1135 415 sit,
1154 351 1243 407 sed
1266 366 1319 407 ut
1343 351 1623 409 remidium
1643 371 1867 426 prtesens
1892 351 2407 426 veneno‘pararelur;
2429 351 2522 426 ille
2541 361 2705 404 tamen
2726 352 2784 426 in»
2798 351 2900 426 [ioc
2919 351 3231 426 propendeat
3251 368 3309 413 ut
3328 362 3502 416 credat

269 440 323 477 ex
349 420 694 497 Prosperianis
717 422 1034 497 lineamentis
1061 440 1173 497 qua
1196 426 1247 477 in
1277 426 1369 478 Itoc
1396 442 1547 490 opere
1573 420 1837 497 agnovisse
1862 440 1916 478 se
1938 420 2213 486 existimat,
2244 422 2471 497 primum
2487 421 2723 497 deceptos
2748 420 2981 497 librarios
3010 420 3107 478 hoc
3139 444 3268 497 opus
3299 432 3502 485 indubi.

270 502 413 564 tanter
433 491 687 564 Aquilano
723 504 897 564 nostra
940 493 1225 561 effinxisse;
1256 511 1312 547 ea
1352 512 1479 562 pene
1514 490 1853 564 indiligentia,
1887 509 2008 564 qua_
2021 503 2263 564 tractatus
2294 490 2424 543 alios
2455 490 2755 564 isliusstylo
2782 495 2940 562 magis
2971 490 3307 564 repugnantes
3336 501 3501 554 eidem

269 561 494 637 ascribere
518 576 618 612 non
654 561 989 637 dubitarunt;
1019 565 1112 637 etsi
1136 564 1267 637 illud
1293 561 1458 635 ipsum
1483 565 1546 616 ab
1578 561 1861 637 incntnro
1886 561 1942 616 ut
1972 561 2384 637 Prosperianum
2415 561 2731 637 recognitum
2756 561 3113 637 esselegatur,
3133 569 3271 637 quod
3298 572 3501 635 quidem

266 630 544 707 sententiam
568 632 906 707 antiquiorem
927 634 1132 707 probat.
1170 629 1489 707 uidauteﬂm
1523 635 1751 701 Opinioni
1783 639 1982 707 occasio
2009 629 2148 707 nasci
2179 630 2339 707 potuit
2363 629 2500 707 quod
2526 631 2741 700 scriptor
2768 633 2865 707 ille
2886 629 2989 707 aera
3031 629 3273 705 Proiperi
3297 629 3497 707 ﬂoruit,

268 703 558 769 carpuntque
581 716 672 778 ευρ
693 702 747 753 in
778 702 1002 755 carmine
1037 702 1388 778 Yandalorum
1418 700 1755 778 Getarumque
1783 719 1895 778 seu
1914 700 2197 755 Gothorum
2236 704 2289 753 in
2316 703 2483 753 solum
2506 712 2735 753 nostrum
2761 702 3065 772 irruptiones
3091 700 3332 777 attigerit,
3375 700 3503 778 quo;

267 785 369 841 runt
394 782 594 822 sanctus
630 768 852 838 Prosper
879 781 926 824 el
952 774 1094 825 testis
1117 783 1163 824 et
1187 783 1423 825 narrator
1453 776 1549 841 fuit
1573 775 1624 826 in
1656 768 1942 826 Chronicis.

333 840 449 920 Quit
474 841 644 891 omnia
672 837 913 920 attentius
942 843 1270 920 considerans
1297 837 1861 920 s_uprtt_}lictus_Cetrsor,
1889 857 1979 920 nec
2004 837 2294 920 ullum/tat:
2322 847 2615 918 tempestate
2647 840 2699 920 in
2729 837 2933 905 Galliis,
2962 842 3074 920 ubi
3096 844 3211 920 luere,
3244 850 3499 920 praecipue

266 912 584 981 contigerunt,
620 911 915 978 scriptorem
943 913 1164 973 alicuius
1191 909 1411 965 nominis
1437 913 1554 965 huic
1591 914 1930 965 elucubrando
1973 912 2187 964 carmini
2217 911 2454 981 idoneum
2481 909 2910 981 animadverteris,
2949 914 3102 976 facile
3128 909 3368 972 tribueret
3403 909 3499 973 λος

267 978 659 1051 ορκδῬνοιρετρ
686 992 877 1045 nostro,
909 982 1008 1051 nisi
1033 984 1244 1035 aliunde
1266 983 1594 1036 dissimulare
1615 984 1711 1035 sibi
1736 983 1961 1048 nequiret
1987 990 2235 1051 quantum
2265 979 2469 1044 di/l'erat
2490 994 2696 1051 carmen
2726 980 2863 1032 istud
2890 997 2921 1034 a
2956 986 3355 1051 castigatissimis
3384 1008 3500 1043 sen-

265 1049 392 1129 sibus
418 1051 579 1129 sancti
614 1049 876 1129 Prosperi.
894 1050 1064 1129 _Und‘e
1094 1070 1350 1129 quousque
1377 1054 1746 1129 ex‘doctiorum
1774 1048 2063 1129 criticorum
2092 1052 2322 1129 e;_ramiue
2346 1060 2393 1101 et
2413 1049 2611 1129 judicio
2635 1048 2724 1101 luas
2751 1053 2918 1123 major
2951 1048 3220 1125 a/fulbeat,
3251 1060 3498 1129 ajudict'o

268 1121 428 1191 hacin
456 1137 512 1172 'e
541 1122 750 1187 ferendo
777 1121 1127 1173 abstinendum
1156 1123 1250 1174 sibi
1280 1123 1491 1191 putavit.
1524 1120 1619 1176 Cui
1646 1138 1735 1175 nos
1776 1137 1969 1190 qquue
1994 1121 2092 1172 hac
2112 1121 2169 1191 in
2192 1129 2333 1189 parte
2363 1118 2744 1191 subscribimus.

329 1189 448 1267 llum
479 1201 765 1267 littl‘eltl‘pef
796 1190 963 1267 decem
991 1207 1167 1267 annos
1184 1188 1407 1267 integros
1428 1194 1509 1245 hic
1531 1192 1801 1267 descriptis.
1824 1188 2199 1244 calamitatibus
2218 1203 2474 1267 oppressa:
2496 1189 2830 1267 ingemuerinl
2859 1188 3046 1244 Gallia:
3073 1204 3276 1260 nostris,
3301 1198 3354 1251 in
3376 1216 3503 1267 quas

266 1260 350 1335 sub
371 1262 493 1335 anni
515 1260 618 1313 406
642 1261 793 1335 ﬁnem
816 1263 1102 1325 irruperant
1126 1259 1376 1327 Barbari;
1396 1279 1496 1335 quo
1520 1272 1742 1335 ιειηροῖε
1766 1261 1955 1313 Auctor
1972 1269 2130 1335 antea
2151 1259 2430 1335 scribendis
2456 1259 2763 1335 carminibus
2789 1274 2965 1335 venam
2990 1279 3222 1320 exercere
3246 1259 3499 1335 assuetus,

269 1329 576 1407 publicarum
608 1330 923 1407 miseriarum
954 1340 1148 1407 partem
1171 1348 1289 1407 _non
1332 1328 1588 1407 modicam
1615 1328 1858 1407 [ereum-tt
1883 1330 2152 1407 scribendo
2192 1328 2733 1407 retardatusfuerat;
2763 1332 2967 1383 tandem
2996 1348 3154 1402 anno,
3184 1346 3237 1390 ul
3267 1328 3501 1407 videtur,

264 1399 375 1462 416,
400 1400 581 1451 iterum
604 1415 658 1451 se
688 1401 755 1451 ad
785 1416 909 1465 opus
939 1395 1135 1453 tamdiu
1165 1402 1511 1456 intermissum
1537 1395 1775 1455 accinxit.
1812 1398 1961 1454 Unde
1990 1399 2156 1468 operis
2181 1408 2380 1452 letalem
2406 1395 2559 1465 facile
2585 1412 2854 1468 agnoscas.
2950 1408 2957 1413 '

290 1514 3503 1545 ____________________________________________

862 1606 1382 1688 'CARMEN
1457 1617 1598 1686 DE
1674 1612 2423 1686 PROVIDENTIA
2495 1612 2907 1686 DIVINA.

394 1745 558 1817 785
596 1749 616 1770 ⁸
650 1747 872 1802 Μηιιιλ
901 1761 1023 1817 pars
1054 1747 1215 1817 lapsis
1242 1747 1374 1803 abiit
1413 1748 1525 1819 jam
1554 1747 1825 1803 mensibus
1852 1751 1908 1809 Α
2146 1745 2379 1813 Quarum
2403 1752 2550 1800 stare
2570 1747 2774 1815 aliquas
2797 1748 3007 1805 tristius
3036 1760 3118 1806 est
3139 1768 3333 1811 vacuas
3357 1774 3371 1810 :

607 1837 734 1890 anni
756 1876 773 1902 ,
2074 1838 2129 1893 Si
2162 1838 2434 1892 toleranda
2465 1839 2590 1893 mali
2616 1840 2783 1905 labes,
2819 1840 2953 1897 heu!
2984 1845 3131 1900 caede
3160 1845 3384 1905 decenni

459 1925 583 1993 Quo
606 1927 813 1995 scripta
844 1936 929 1983 est
952 1941 1114 1983 versu
1145 1928 1334 1998 pagina
1355 1926 1498 1983 nulla
1527 1936 1636 1982 tuo.
2148 1928 2456 1983 Vandalicis
2484 1928 2675 1997 gladiis
2700 1932 2990 1986 sternimur
3019 1944 3072 1988 et
3098 1934 3320 1992 Geticis.

392 2020 528 2088 Quae
556 2029 662 2073 tam
696 2020 851 2089 longa
877 2020 976 2075 tibi
1004 2034 1262 2091 peperere
1285 2020 1495 2076 silentia
1516 2019 1728 2075 cauete?
1933 2020 2003 2074 55
2074 2019 2191 2078 Νοη
2215 2020 2431 2075 castella
2462 2021 2650 2089 petris,
2674 2037 2779 2076 non
2811 2024 3004 2092 oppida
3034 2028 3305 2085 montibus
3332 2031 3454 2088 altis

459 2111 665 2177 Quisve
692 2110 847 2165 dolor
865 2120 1123 2166 mlestum
1150 2112 1452 2181 comprimit
1485 2109 1796 2180 ingenium?
2148 2112 2416 2181 Imposita,
2446 2124 2536 2167 aut
2566 2114 2725 2168 urbes
2753 2116 2998 2172 amnibus
3028 2123 3317 2189 :equoreis,

294 2205 325 2259 5
395 2205 733 2273 Quamquam
764 2211 819 2258 et
843 2202 952 2272 jam
998 2200 1182 2275 [Forte
1220 2202 1405 2276 etiam]
1446 2203 1698 2274 gravibus
1725 2217 1832 2257 non
2074 2204 2344 2258 Barbarici
2371 2219 2626 2272 superare
2650 2206 2804 2261 dolos
2831 2219 2993 2277 atque
3021 2225 3164 2264 arma
3191 2212 3385 2270 furoris

611 2293 787 2349 absint
806 2296 1043 2348 carmina
1068 2295 1235 2361 curis,
2148 2295 2411 2350 Emiluere
2441 2309 2651 2362 omnes,
2682 2297 2865 2351 ultima
2902 2301 3241 2366 pertulimus.

462 2387 532 2440 Et
560 2386 807 2454 proprios
835 2384 1067 2439 habeant
1090 2385 1265 2439 triSIia
1286 2385 1447 2440 corda
1480 2385 1666 2441 modos
1690 2401 1705 2438 :
2076 2384 2182 2439 Nec
2210 2400 2406 2455 querar
2432 2386 2748 2441 exstinctam
2776 2388 2919 2442 nullo
2940 2388 3254 2448 discrimine
3276 2394 3506 2463 plebem,

386 2480 465 2530 Ac
492 2476 551 2530 si
580 2484 633 2530 te
663 2474 816 2529 fracti
836 2476 1209 2545 perstringunt
1231 2476 1453 2531 vulnera
1481 2476 1687 2541 mundi,
1935 2473 2006 2528 40
2147 2475 2290 2529 Mors
2317 2490 2525 2545 quoque
2547 2478 2843 2545 primorum
2866 2489 3041 2534 cesset
3068 2481 3138 2536 ab
3160 2483 3380 2540 invidia.

453 2566 865 2634 Turbatumque
891 2580 993 2619 una
1023 2566 1066 2619 si
1092 2574 1205 2620 rate
1222 2564 1328 2621 fert
1350 2568 1596 2637 pelagus;
2079 2564 2311 2633 Majores
2340 2566 2464 2619 anni
2494 2582 2561 2621 ne
2589 2566 2728 2623 forte
2756 2576 2811 2623 et
2839 2571 3066 2638 nequior
3091 2582 3242 2640 tetas,

388 2656 665 2711 Invictum
691 2657 878 2712 deceat
905 2657 1100 2712 studiis
1130 2671 1348 2712 servare
1374 2659 1631 2728 vigorem.
2147 2654 2364 2709 Oﬂ‘enso
2388 2656 2607 2711 tulerint
2631 2674 2747 2727 quae
2779 2673 3024 2715 meruere
3058 2660 3166 2717 Deo
3192 2680 3204 2715 :

264 2749 325 2804 10
456 2748 583 2803 Cur
609 2762 857 2802 mansura
886 2757 1101 2816 pavent,
1132 2749 1176 2801 si
1203 2749 1410 2803 ruitura
1440 2748 1678 2803 cadunt?
2075 2746 2212 2813 Quid
2244 2748 2390 2815 pueri
2420 2747 2679 2809 insontes,
2722 2748 2847 2818 quid
2879 2751 3202 2807 commisere
3232 2754 3446 2826 puellae,

383 2844 425 2895 υ
452 2841 597 2895 felix
621 2841 703 2893 cui
737 2848 882 2893 tanta
917 2839 1025 2894 Deo
1055 2838 1329 2895 tribuente
1355 2840 1579 2894 facultas
2149 2838 2303 2890 Nulla
2330 2838 2525 2907 quibus
2555 2838 2778 2892 dederat
2804 2841 3025 2893 crimina
3054 2842 3157 2896 vita
3190 2842 3406 2900 brevis’

448 2933 723 3000 Contigit,
758 2942 814 2986 ut
842 2932 932 2986 tali
961 2942 1199 3002 tempore
1226 2932 1362 2988 liber
1386 2932 1540 3001 agat!
1941 2926 2010 2983 £5
2081 2926 2257 2993 Quare
2286 2927 2479 2995 templa
2514 2928 2604 2981 Dei
2633 2929 2777 2981 licuit
2805 2930 3108 2998 popularier
3136 2932 3283 3001 igni?

388 3024 565 3091 Quem
601 3038 709 3076 non
740 3023 1012 3077 concutiat
1036 3024 1210 3077 vicina
1233 3030 1414 3093 strage
1444 3023 1620 3085 ruina,
2148 3017 2257 3073 Cur
2284 3020 2477 3072 violata
2506 3022 2643 3073 sacri
2669 3036 2795 3075 vasa
2819 3022 3137 3078 ministerii?

464 3113 805 3182 intrepidum
843 3113 1084 3167 ﬂammas
1114 3114 1254 3168 inter
1282 3122 1335 3167 et
1364 3113 1507 3167 inter
1532 3115 1735 3181 aquas?
1866 3124 1910 3182 Β
2080 3110 2193 3166 Non
2218 3111 2389 3163 honor
2415 3111 2666 3180 innuptas
2692 3113 2897 3169 devota:
2925 3116 3268 3186 virginitatis,

263 3204 322 3257 l5
392 3205 503 3259 Nos
530 3214 719 3259 autem
750 3212 894 3258 tanta
919 3205 1019 3259 sub
1042 3212 1360 3273 tempestate
1389 3204 1675 3270 malorum,
2152 3198 2263 3253 Nec
2291 3201 2422 3253 texit
2444 3200 2629 3255 viduas
2653 3202 2950 3272 relligionis
2978 3220 3152 3262 amor.

461 3297 691 3352 invalidi
718 3296 917 3366 passim
948 3296 1206 3350 caedimur
1225 3305 1278 3351 et
1299 3296 1563 3350 cadimus.
2080 3290 2184 3359 Ipsi
2216 3291 2443 3347 desertis
2472 3294 2560 3363 qui
2590 3296 2750 3348 vitam
2781 3296 2978 3352 ducere
3002 3298 3055 3353 in
3084 3302 3254 3357 antris

388 3390 642 3459 Cumque
671 3391 907 3442 animum
940 3388 1122 3457 patriae
1152 3387 1318 3441 subiit
1362 3387 1615 3442 fumantis
1642 3386 1838 3455 imago,
1938 3382 2008 3436 50
2152 3382 2405 3452 Suerant,
2436 3384 2713 3441 laudantes
2742 3399 2899 3443 nocte
2928 3389 3122 3460 dieque
3156 3393 3342 3463 Deum,

459 3484 524 3536 Et
550 3481 708 3535 stetit
735 3492 862 3535 ante
889 3480 1076 3534 oculos
1102 3479 1357 3547 quidquid
1389 3480 1585 3548 ubique
1606 3478 1766 3549 perit.
2082 3475 2196 3529 Νοη
2231 3476 2388 3529 aliam
2428 3477 2641 3533 subiere
2681 3494 2886 3545 "eccm:
2928 3496 3085 3551 ‘1"3'"
3126 3484 3353 3555 quisque
3384 3501 3513 3556 Ρτο·

388 3575 742 3642 Frangimur,
775 3574 1073 3628 immodicis
1099 3582 1153 3629 et
1184 3572 1397 3628 ﬂetibus
1422 3588 1516 3629 ora
1557 3575 1794 3643 rigamus
1820 3590 1835 3627 :
2296 3571 2447 3621 fanus
2473 3583 2487 3620 :

252 3662 316 3719 20
457 3666 712 3734 Dumque
740 3663 856 3732 pios
883 3663 1108 3730 agimus,
1141 3665 1400 3716 vertimur
1427 3663 1479 3716 in
1506 3665 1780 3731 querulos.
2151 3660 2294 3714 Idem
2320 3660 2474 3713 turbo
2502 3659 2670 3712 bonos
2697 3660 2911 3714 sustulit
2938 3670 3097 3731 atque
3118 3663 3306 3719 malos.

384 3756 495 3811 Nec
540 3765 778 3826 parcunt
811 3754 1025 3825 quidam
1058 3754 1327 3809 turbatam
1378 3755 1650 3809 incessere
1682 3770 1837 3810 tnen-
2082 3754 2239 3808 Nulla
2271 3750 2581 3805 sacerdotes
2607 3751 2909 3805 reverentia
2941 3754 3172 3817 nominis
3195 3754 3323 3811 almi

607 3858 755 3910 lem;
2149 3842 2413 3897 Discrevit
2441 3839 2625 3894 miseri
2653 3841 2927 3909 suppliciis
2960 3844 3138 3913 populi
3165 3860 3181 3899 :

455 3939 795 4009 Linguarum
821 3945 875 3991 et
899 3936 1091 4006 jaculis
1116 3936 1294 3991 saucia
1317 3937 1481 3991 corda
1507 3945 1714 4005 petunt.
1938 3936 2006 3989 55
2080 3934 2171 3989 Sic
2199 3931 2350 3987 duris
2376 3931 2502 3985 czesi
2529 3929 2731 3999 ﬂagris,
2762 3931 2840 3986 sic
2865 3932 2987 4001 igne
3016 3939 3238 4001 perusti,

380 4030 477 4088 DIC
529 4029 737 4103 (aiunt)
763 4044 970 4096 causas,
1000 4030 1089 4101 qui
1120 4044 1300 4086 rerum
1337 4030 1723 4101 hominumque
1753 4032 1834 4086 la-
2150 4027 2379 4080 Inclusa:
2404 4023 2595 4078 vinclis
2619 4023 2697 4078 sic
2724 4037 2978 4093 gemuere
3009 4041 3223 4083 manus.

611 4122 776 4175 bores
2080 4117 2158 4172 Tu
2181 4131 2394 4187 quoque
2425 4115 2715 4184 pulvereus
2740 4116 2980 4185 plaustra
3007 4118 3145 4173 inter
3164 4130 3215 4174 et
3249 4139 3395 4179 arma
3415 4126 3519 4183 Ge-

454 4210 711 4268 Arbitrio
739 4212 915 4266 credis
942 4220 1086 4267 stare
1114 4212 1334 4282 regique
1367 4212 1495 4267 Dei:
2290 4216 2465 4262 tarum

236 4299 307 4357 9.5
375 4302 499 4369 Quo
529 4301 749 4357 scelere
774 4301 1031 4365 admisso,
1059 4304 1258 4370 pariter
1289 4302 1497 4371 periere
1534 4314 1613 4358 tot
1641 4303 1821 4358 urbes.
2152 4298 2425 4367 Carpebas
2448 4297 2659 4362 duram,
2695 4312 2799 4353 non
2829 4298 2949 4353 sine
2977 4298 3141 4367 fasce,
3175 4301 3343 4370 viam;

448 4393 626 4465 787
678 4392 781 4445 Tot
827 4392 980 4458 loca,
1028 4400 1107 4447 tot
1152 4394 1370 4462 pepuli,
1418 4395 1545 4463 quid
1586 4410 1835 4450 meruere
2078 4390 2211 4445 Cum
2244 4404 2399 4444 sacer
2437 4388 2527 4444 ille
2570 4401 2737 4443 senex
2785 4388 3019 4459 plebem,
3054 4402 3170 4445 usta
3219 4396 3408 4463 pulsus
3452 4399 3521 4455 al)

603 4483 775 4537 mali?
1859 4488 1905 4550 C
2290 4481 2447 4544 urbe,

373 4577 432 4631 Si
460 4584 620 4630 totus
650 4574 838 4631 Gallos
859 4590 981 4630 sese
1004 4574 1281 4631 eﬂ‘ndisset
1306 4576 1359 4630 in
1385 4591 1545 4646 agros
1935 4577 2005 4632 60
2148 4574 2259 4628 Ceu
2292 4580 2474 4642 pastor
2500 4572 2705 4627 laceras
2731 4572 2951 4628 duceret
2971 4576 3124 4630 exsul
3151 4592 3300 4634 oves.

445 4670 737 4733 Oceanus,
762 4668 926 4722 vastis
948 4668 1066 4737 plus
1090 4679 1396 4738 superesset
1424 4670 1580 4739 aquis
2080 4664 2279 4719 Verum
2310 4664 2421 4717 lucc
2449 4663 2548 4717 sub
2569 4662 2694 4717 belli
2725 4663 2987 4719 sileantur
3016 4666 3229 4723 turbine
3254 4682 3422 4740 gesta,

371 4758 535 4825 Quod
567 4773 709 4813 sane
728 4758 1344 4829 desuntpecudes.quod
1364 4760 1573 4814 semina
1600 4760 1833 4829 frugum,
2148 4755 2397 4809 Confusis
2423 4754 2677 4822 quoniam
2705 4771 2809 4809 non
2840 4754 2941 4811 fuit
2971 4759 3103 4812 ordo
3127 4760 3302 4816 malis.

230 4851 297 4906 ω
444 4852 732 4923 Quodque
754 4852 902 4907 locus
932 4866 1039 4907 non
1070 4860 1154 4907 est
1182 4848 1398 4917 vitibus,
1430 4859 1522 4905 aut
1547 4852 1710 4918 oleis;
2081 4848 2241 4902 Forte
2287 4845 2485 4902 etenim
2534 4846 2771 4915 placidas
2812 4864 2902 4903 res
2944 4850 3149 4917 mundi,
3193 4861 3248 4907 et
3279 4864 3519 4926 tempora

369 4945 534 5011 Quod
571 4944 865 4998 fundorum
908 4943 1055 4999 mdes
1095 4944 1177 4999 vis
1203 4943 1425 4998 abstulit
1465 4943 1601 5012 ignis
1629 4954 1684 4999 et
1731 4945 1835 4998 im-
2300 4937 2466 5005 pacis,

606 5035 746 5103 bris,
2152 5026 2368 5083 Arbitra
2395 5026 2647 5098 dignetur
2669 5043 2895 5084 cernere
2923 5045 3049 5085 cura
3078 5031 3196 5088 Dei.

299 5221 326 5293 ξ
353 5212 652 5293 Scriptum
682 5210 820 5293 cites
851 5224 1049 5264 annum
1077 5209 1272 5293 libristi
1299 5209 1449 5293 416..
1491 5282 1502 5293 .
1700 5283 1731 5293 η
1939 5228 2086 5266 sacra
2114 5210 2348 5293 hostilem
2375 5212 2601 5293 furorem
2627 5224 2902 5267 senserant.
2946 5214 3136 5293 Auctor
3162 5216 3271 5286 ipse
3294 5219 3387 5293 sub
3427 5240 3521 5293 ρο.

298 5284 318 5308 ⁶
348 5278 543 5338 Cani?
578 5281 599 5335 Ι
625 5290 722 5353 seu
743 5278 1038 5353 PuOLocus.
1068 5282 1260 5353 Auctor
1287 5282 1527 5353 carminis
1552 5299 1584 5335 a
1610 5283 1833 5337 scriben-
1938 5292 2168 5336 testatem
2218 5278 2463 5347 hostium,
2518 5282 2642 5335 urbe
2688 5299 2783 5335 sua
2831 5278 3201 5353 con/lagrante,
3258 5278 3517 5349 redatt'us.

232 5350 309 5428 45,
340 5354 579 5428 υεηίοιμ
621 5349 1259 5428 calamitatibnspublicis
1294 5351 1601 5428 retardatus,
1646 5370 1833 5428 queru-
1937 5353 2111 5428 Etiam
2133 5357 2274 5428 pacis
2296 5349 3065 5428 tempore_b_oui_gemunt,mali
3092 5349 3339 5428 gaudent.
3376 5360 3521 5420 Hinc

233 5424 397 5496 lorum
432 5424 660 5496 vocibus
700 5433 899 5496 coactus
929 5420 1023 5496 Dei
1051 5422 1420 5496 prouidentiam
1444 5424 1575 5475 tueri
1598 5420 1826 5493 suscipit.
1937 5420 2181 5496 pulsatur
2207 5425 2379 5477 divina
2396 5420 2734 5492 providentia.

234 5489 346 5546 Hos
388 5495 628 5547 maxime
673 5489 845 5544 urebat
879 5491 1015 5558 quod
1052 5491 1204 5545 etiam
1234 5491 1409 5546 insons
1451 5504 1594 5561 aetas,
1625 5503 1670 5547 et
1716 5489 1829 5564 ipsa

528 5586 809 5637 l‘sraon.
860 5578 959 5644 LI.
2805 5584 2885 5644 20
