3972 6176
393 232 497 288 6!!)

396 352 463 406 65
537 348 593 405 Si
622 355 843 404 cunctos
868 361 1040 399 annos
1072 354 1317 399 veterum
1348 343 1651 399 recolamus
1674 356 1915 405 avorum,

619 439 682 493 Et
705 436 961 507 quidquid
993 436 1167 506 potuit
1198 442 1381 489 nostra
1405 434 1589 488 videre
1618 433 1763 497 dies;

540 528 803 585 Maximus
833 526 1046 594 iniustis
1078 525 1227 580 locus
1258 525 1566 579 invenietur
1598 523 1649 577 in
1679 524 1835 588 orbe,

608 618 895 688 Oppressis
923 627 1102 671 autem
1130 630 1256 685 pars
1281 629 1445 684 prope
1473 613 1613 667 nulla
1640 613 1818 667 bonis.

537 710 638 777 Qui
672 708 836 762 fuerit
861 707 1149 769 violentus,
1178 713 1355 770 atrox,
1389 714 1660 769 versutus,
1692 716 1920 767 avarus;

397 803 464 855 70
606 799 773 870 Cujus
796 798 958 854 corde
991 798 1123 852 ﬁdes
1143 797 1390 861 cesserit,
1419 809 1515 850 ore
1545 794 1741 864 pudor,

540 893 697 948 Hunc
725 906 912 945 omnes
943 895 1226 956 mirantur,
1263 896 1468 957 amant,
1508 895 1844 955 reverentur,
1889 884 1987 939 ho-

757 989 973 1042 norant,

610 1072 747 1126 lluic
776 1072 971 1125 sumini
1006 1069 1204 1133 fasces,
1237 1069 1362 1123 huic
1390 1067 1693 1123 tribuuntur
1725 1081 1875 1137 opes.

540 1162 698 1229 Quod
746 1162 790 1215 si
836 1160 958 1230 quis
1011 1161 1190 1229 justus
1241 1167 1442 1214 castam
1486 1170 1536 1213 et
1589 1158 1711 1213 sine
1760 1157 1985 1212 crimine

757 1255 921 1306 vitam

615 1344 868 1399 Dissimili
900 1343 1082 1398 studio
1103 1341 1305 1397 ducere
1332 1340 1607 1405 maluerit,

396 1439 471 1493 '15
548 1437 645 1494 llic
693 1438 1012 1503 inhonorus,
1046 1435 1223 1506 inops,
1272 1434 1454 1491 odium
1492 1433 1855 1505 iuvenumque
1898 1448 1983 1488 se-

747 1543 1006 1598 numque,

617 1620 671 1674 ln
706 1621 833 1676 t0tis
859 1619 1043 1675 mundi
1067 1619 1305 1690 partibus
1332 1620 1484 1675 exsul
1509 1622 1639 1689 agit.

538 1714 702 1785 789
732 1713 931 1782 Impius
960 1713 1195 1768 exsultat
1221 1716 1446 1768 maturis
1475 1715 1683 1782 integer
1711 1713 1889 1779 annis,

607 1805 843 1873 Carpere
869 1819 976 1859 non
1003 1814 1219 1859 cessant
1247 1805 1429 1860 ulcera
1458 1804 1575 1858 dira
1604 1806 1773 1874 pium.

545 1896 699 1951 Falsa
731 1898 912 1952 valent
938 1898 992 1952 in
1013 1897 1255 1967 judiciis,
1286 1908 1341 1954 et
1368 1912 1492 1952 vera
1521 1889 1787 1962 laborant,

396 1991 467 2045 80
613 1991 857 2045 lnsontes
886 1992 1129 2059 sequitur
1159 2004 1335 2057 pcena,
1368 1972 1790 2058 salusqne‘reos.

538 2084 780 2153 lgnorata
809 2081 908 2149 piis
940 2082 1120 2135 illudit
1151 2081 1393 2135 adultera
1421 2070 1637 2145 sacris,'

610 2175 964 2242 Blaspltemus
997 2174 1185 2241 templi
1215 2174 1395 2228 limina
1430 2182 1572 2228 tutus
1597 2174 1730 2229 adit.

540 2266 669 2333 Quae
697 2265 743 2319 si
772 2280 901 2318 cura
934 2264 1025 2318 Dei
1055 2264 1201 2320 celsa
1227 2275 1496 2332 spectaret
1521 2264 1588 2319 ab
1614 2279 1758 2327 arce,

610 2357 822 2426 Resque
852 2366 1037 2425 ageret
1065 2364 1278 2410 nostras
1309 2356 1410 2411 sub
1436 2356 1641 2411 ditione
1669 2371 1803 2421 sua;

398 2448 469 2504 85
538 2448 642 2503 Aut
668 2463 775 2501 non
806 2446 1105 2516 effugerent
1136 2446 1354 2500 ultrices
1383 2445 1613 2500 crimina
1644 2459 1851 2514 pinnas,

612 2543 719 2595 Ant
750 2539 918 2594 virtus
951 2540 1111 2594 terris
1140 2538 1259 2593 sola
1288 2546 1499 2608 reperta
1529 2538 1685 2593 foret.

538 2631 686 2685 'l‘alia
712 2646 835 2686 cum
862 2630 1037 2685 facilis
1067 2631 1207 2700 vulgi
1241 2640 1559 2700 spargantur
1584 2630 1637 2685 in
1666 2644 1849 2695 aures,

609 2724 780 2789 Quam
815 2722 1000 2777 multis
1030 2722 1253 2778 rudibus
1298 2720 1477 2792 lingua
1519 2721 1749 2791 maligna
1788 2722 1981 2776 nocet!

540 2817 649 2873 Nec
676 2825 855 2870 tantus
878 2816 1036 2870 dolor
1062 2826 1144 2871 est
1169 2815 1439 2887 Scythicis
1463 2814 1772 2869 consumier
1793 2813 1985 2878 armis,

401 2910 468 2965 90
611 2907 851 2976 Quantus
875 2907 942 2961 ab
972 2907 1153 2961 infidis
1182 2906 1436 2962 cordibus
1466 2907 1563 2960 ista
1589 2906 1718 2960 seri.

541 3000 738 3054 Prome
767 2999 928 3068 igitur
956 2996 1158 3051 sanctis
1186 2996 1429 3052 caelestia
1460 2996 1561 3050 tela
1592 2996 1892 3065 pharetris;

614 3091 679 3144 Et
702 3089 922 3143 medicis
949 3088 1157 3144 hostem
1188 3089 1395 3144 confice
1422 3089 1754 3145 vulneribus.

541 3180 702 3234 Forte
729 3180 891 3249 aliqui
924 3190 1174 3248 poterunt
1205 3194 1452 3234 errorum
1484 3178 1716 3235 evadere
1750 3189 1985 3242 noctem,

613 3271 777 3340 Inque
803 3271 963 3336 viam,
1000 3274 1113 3325 visa
1143 3272 1282 3335 luce,
1318 3270 1519 3325 referre
1548 3271 1739 3339 pedem
1762 3310 1777 3335 ,

401 3367 472 3418 95
547 3363 611 3416 At
639 3377 708 3416 ne
733 3377 911 3416 sermo
941 3376 1145 3416 moram
1176 3361 1411 3431 patiatur
1435 3362 1502 3415 ab
1534 3361 1739 3430 impare
1774 3374 1952 3425 versu,

623 3452 780 3506 lleroi
811 3453 1046 3506 numeris
1079 3452 1292 3521 porrige
1320 3460 1737 3520 pentametrum.

543 3548 561 3569 ‘
590 3544 705 3599 ISTA
735 3543 948 3615 quidem
981 3542 1172 3598 melius
1201 3542 1395 3597 divinis
1423 3542 1565 3597 edita
1596 3542 1745 3597 libris

542 3636 927 3707 Cognosceuda
959 3634 1156 3702 forent,
1184 3636 1273 3689 ubi
1303 3635 1436 3704 legis
1462 3634 1515 3690 in
1538 3649 1756 3705 aequore
1779 3645 1986 3702 aperto,

546 3730 853 3800 Promptuut
875 3740 1018 3785 esset
1039 3729 1212 3783 ventis
1233 3728 1363 3783 dare
1388 3728 1554 3782 libera
1583 3727 1696 3782 vela
1714 3730 1987 3786 secundis.

405 3824 503 3878 100
540 3824 643 3879 Sed
675 3821 927 3893 quoniam
955 3822 1176 3878 rudibus
1205 3830 1379 3878 metus
1406 3830 1488 3876 est
1527 3822 1731 3877 intrare
1770 3824 1988 3891 prolon-

681 3918 809 3970 duui
838 3959 853 3983 ,

545 4008 598 4059 In
635 4007 779 4060 tenui
813 4007 1046 4074 primum
1075 4005 1286 4059 discant
1316 4018 1635 4073 procurrere
1666 4003 1814 4070 rivo,

544 4099 657 4164 Qua
683 4096 827 4166 jacet
855 4105 1098 4150 extremo
1131 4095 1291 4150 tellus
1318 4095 1648 4150 circumdata
1679 4106 1863 4165 ponto,

544 4190 609 4242 Et
636 4202 742 4258 qua
760 4201 892 4257 gens
916 4187 1192 4241 hominum
1213 4186 1408 4241 diﬂ'usa
1431 4196 1516 4242 est
1534 4202 1762 4257 corpore
1784 4193 1986 4243 mundi.

544 4281 650 4335 Seu
677 4287 891 4333 nostros
916 4292 1109 4342 annos,
1139 4292 1233 4332 seu
1255 4285 1496 4345 tempora
1523 4278 1696 4346 prisca
1720 4280 1986 4343 revolvas,

407 4373 509 4428 1δὸ
551 4372 684 4426 Esse
709 4384 899 4424 omnes
928 4382 1150 4423 sensere
1180 4366 1369 4429 Deum,
1403 4382 1501 4421 nec
1529 4366 1700 4422 defuit
1730 4369 1825 4423 ulli

546 4470 830 4516 Auctorem
864 4468 1054 4513 natura
1088 4457 1329 4512 docens:
1360 4466 1414 4511 et
1441 4456 1487 4511 si
1519 4458 1715 4526 impius
1744 4473 1897 4513 error

548 4549 759 4616 Amisit,
786 4549 968 4603 multis
1001 4550 1242 4602 tribuens
1269 4547 1410 4616 quod
1441 4548 1627 4603 debuit
1657 4550 1785 4615 uni;

547 4644 786 4697 innatum
808 4651 894 4697 est
912 4643 1119 4697 cunctis
1136 4644 1436 4710 genitorem
1461 4658 1754 4712 agnoscere
1775 4660 1987 4701 verum.

552 4734 649 4789 llic
678 4747 897 4788 auctore
924 4749 1136 4799 carens,
1163 4746 1216 4788 et
1242 4744 1511 4804 tempore,
1537 4745 1819 4806 permanet
1849 4739 1986 4792 idem

410 4829 507 4883 llo
550 4826 810 4895 Semper,
859 4838 913 4878 et
962 4825 1281 4880 immensum
1328 4840 1434 4881 non
1485 4826 1681 4882 stecula
1727 4842 1828 4884 nec
1873 4830 1986 4882 loca

687 4915 962 4970 claudunt.

551 5012 646 5064 llic
678 5011 839 5064 nullis
868 5008 1051 5063 mundi
1074 5009 1254 5063 cnusis
1281 5011 1640 5077 exstantibus,
1672 5011 1724 5065 in
1756 5026 1817 5067 se

549 5104 814 5173 Quidquid
844 5104 1004 5158 vellet
1032 5101 1253 5168 habens,
1281 5118 1402 5159 eum
1442 5104 1615 5158 visum
1659 5116 1772 5173 est,
1814 5106 1990 5160 omnia

689 5191 835 5244 solus

550 5281 801 5338 Condidit
831 5294 885 5336 ut
910 5283 1097 5348 voluit,
1132 5283 1332 5337 formas
1354 5326 1369 5350 ,
1424 5299 1784 5353 numerosque
1808 5326 1825 5351 ,
1873 5302 1989 5341 mo-

688 5379 913 5441 dosque,

442 2220 453 2247 ἱ

478 5517 494 5533 '
519 5510 701 5562 CAPUT
733 5507 793 5559 ΙΙ.
829 5506 1016 5561 Omnes
1043 5525 1241 5568 semper
1271 5508 1437 5563 Deum
1464 5526 1590 5575 esse,
1624 5521 1669 5564 et
1694 5522 1988 5566 cunctarum

409 5590 661 5690 alttctoren;
689 5589 988 5632 senserunt:
1017 5580 1103 5648 qui
1130 5581 1387 5645 omnia,ut
1409 5582 1584 5644 voluit,
1614 5584 1700 5635 sed
1735 5587 1988 5652 sapienter

414 5656 639 5690 (lSlIOSlfi
671 5679 683 5690 .

414 5656 683 5705 (115;)081111.

1020 230 1077 284 S.
1122 226 1455 283 PROSPERI
1499 226 1828 293 AQUITANI
1869 225 2099 281 ONZRA
2145 223 2473 280 [NCERTE
2515 221 3039 280 AUCTOlilTATlS.

2006 343 2053 396 Δ

3565 229 3675 284 61‘)

2229 340 2290 394 Et
2318 356 2538 408 genera,
2570 350 2623 395 et
2654 340 2791 394 vitas
2818 349 3059 396 statuens
3084 349 3133 396 ct
3166 341 3369 395 semina
3404 342 3582 400 rebus.

2086 431 2187 485 115
2224 432 2489 499 Quidquid
2513 432 2651 487 inest
2666 432 2828 498 caelo,
2848 424 3103 502 quidquid
3125 446 3386 505 terrmque
3403 438 3672 508 marique,

2223 522 2491 591 Quidquid
2519 537 2853 594 quocumque
2880 534 2964 579 est
2991 524 3045 579 in
3086 539 3311 597 corpore
3335 568 3349 592 ,
3391 528 3505 585 sive
3545 531 3677 585 ani«

2363 622 2586 668 matutn.

2228 703 2352 759 Sive
2381 720 2575 774 expers
2604 707 2795 761 animae
2816 748 2831 773 ,
2862 705 3034 762 calida
3060 751 3075 776 ,
3122 704 3340 764 humida
3366 751 3383 776 ,
3437 710 3624 782 fr:gida
3657 756 3674 780 ,

2364 798 2505 851 sicea
2525 837 2541 863 ,

2229 890 2347 945 Uno
2373 901 2587 947 exstant
2617 900 2835 949 auctore
2866 892 2977 949 Deo
3005 910 3018 949 :
3049 894 3140 964 qui
3170 895 3335 951 divite
3362 895 3562 962 Verbo,

2228 981 2414 1051 (Quod
2448 982 2589 1037 Deus
2610 984 2717 1052 est)
2744 999 2923 1039 rerum
2951 993 3189 1052 naturas,
3220 994 3382 1055 atque
3407 987 3681 1045 elementa

2090 1073 2190 1127 12d
2234 1075 2475 1141 Protulit,
2508 1084 2561 1129 et
2587 1074 2812 1130 summis
2837 1074 3013 1144 opifex
3044 1074 3283 1131 intentus
3312 1085 3369 1131 et
3395 1078 3538 1132 imis.

2226 1164 2378 1232 Quod
2408 1181 2535 1220 vero
2558 1165 2797 1221 adversis
2823 1177 3184 1237 compugnant
3213 1170 3428 1223 condita
3467 1170 3677 1233 causis,

2228 1256 2401 1325 Atque
2432 1255 2551 1311 aliis
2575 1257 2677 1311 alia
2707 1256 2994 1327 obsistunt,
3024 1258 3295 1313 contraria
3322 1259 3535 1314 discors

2231 1348 2420 1404 Omnia
2450 1359 2628 1403 motus
2657 1349 2783 1415 alit;
2812 1349 3047 1418 dumque
3074 1350 3153 1405 illi
3193 1355 3496 1406 occurritur
3539 1353 3629 1407 illo
3663 1394 3679 1417 ,

2232 1439 2463 1495 Vitalem
2494 1440 2713 1510 capiunt
2741 1452 2933 1495 cuncta
2962 1442 3225 1512 exagitata
3251 1444 3490 1511 vigorem
3514 1462 3529 1496 :

2090 1531 2191 1587 125
2230 1532 2358 1599 Quae
2388 1533 2469 1588 vel
2501 1533 2649 1602 pigra
2676 1532 2803 1599 situ,
2834 1532 2917 1587 vel
2945 1548 3116 1601 prono
3146 1534 3350 1588 lubrica
3385 1534 3556 1603 lapsu,

2230 1630 2335 1680 Aut
2359 1640 2517 1680 cursu
2547 1625 2810 1688 insmbili,
2843 1624 3019 1679 stabili
3048 1634 3138 1679 aut
3168 1633 3383 1695 torpore
3418 1628 3679 1696 perirent.

2227 1716 2401 1771 Mollia
2429 1718 2508 1771 sic
2536 1716 2705 1778 duris.
2736 1717 2813 1770 sic
2837 1716 2973 1770 raris
3002 1716 3167 1770 densa
3198 1716 3478 1782 resiS'unt,

2226 1808 2385 1880 791
2420 1808 2487 1862 Et
2515 1807 2729 1876 liquidis
2757 1807 2948 1872 solida,
2976 1815 3030 1861 et
3075 1806 3240 1861 tardis
3280 1808 3486 1861 velocia
3534 1808 3685 1863 claro

2228 1899 2527 1953 Obscurum
2554 1897 2846 1966 objectum,
2870 1905 2927 1951 et
2945 1897 3083 1952 dulci
3109 1897 3389 1952 contendit
3411 1915 3679 1955 amarum.

2089 1989 2190 2045 130
2227 1988 2336 2043 Nec
2361 1988 2492 2042 mihi
2523 1986 2603 2042 fas
2626 1988 2824 2042 dixisse
2852 1986 3052 2058 aliquid
3085 2003 3192 2041 non
3237 1990 3339 2043 rite
3385 2000 3667 2055 creatum,

2228 2080 2335 2135 Aut
2364 2079 2499 2133 ullas
2528 2079 2696 2134 ausim
2728 2079 2908 2133 mundi
2942 2078 3340 2147 reprehendere
3371 2095 3549 2150 partes
3576 2100 3590 2135 :

2230 2174 2365 2226 Cum
2388 2180 2534 2226 sator
2564 2171 2653 2225 ille
2680 2186 2901 2240 operum
2926 2179 3104 2226 teneat
3132 2184 3403 2227 momenta
3432 2188 3679 2240 suorum,

2231 2265 2293 2318 Et
2316 2264 2539 2333 carptim
2570 2265 2744 2316 varios
2771 2264 2823 2317 in
2856 2272 3025 2318 totum
3049 2273 3308 2333 temperet
3338 2281 3489 2320 usus.

2233 2354 2470 2423 Denique
2497 2353 2752 2423 quidquid
2783 2355 2960 2422 obest,
2993 2363 3086 2410 aut
3110 2370 3298 2421 causa,
3322 2366 3418 2411 aut
3441 2366 3686 2426 tempore

2370 2458 2531 2499 νει-50

2090 2534 2191 2589 135
2231 2534 2492 2589 Prodest:
2524 2543 2579 2590 et
2603 2533 2821 2604 gemino
2847 2534 3146 2590 subsistunt
3174 2545 3362 2592 cuncta
3394 2537 3617 2606 periclo.

2229 2624 2447 2693 Frigora
2477 2640 2780 2695 perpessus,
2813 2612 2981 2680 solem
3013 2630 3161 2692 cupit
3187 2643 3201 2679 :
3236 2635 3385 2682 ustus
3416 2629 3485 2682 ah
3524 2641 3687 2695 resin,

2235 2715 2378 2770 Inter
2404 2714 2772 2785 hyperboreas
2809 2717 3013 2769 mavult
3040 2717 3218 2786 algere
3246 2718 3489 2787 pruinas.

2231 2805 2432 2875 lnjusto
2460 2805 2690 2875 pluviam
2724 2808 2917 2860 metuit
2945 2807 3043 2862 sub
3071 2808 3214 2862 fasce
3244 2809 3442 2877 viator,

2226 2900 2396 2968 Quam
2425 2899 2598 2969 poscit
2623 2902 2759 2954 votis
2784 2901 2984 2955 sitienti
3016 2901 3244 2956 rusticus
3266 2917 3419 2972 agro.

2090 2993 2192 3049 N0
2228 2992 2503 3049 Cmruleos
2527 3009 2726 3064 angues
2755 2994 2915 3047 timor
2946 2992 3033 3048 isti
3059 3007 3139 3048 est
3164 2996 3377 3061 visere;
3410 3009 3464 3049 at
3493 2998 3570 3050 illi

2236 3087 2497 3157 Intrepidn
2523 3089 2757 3142 excoctis
2784 3098 3040 3142 oneratur
3071 3103 3251 3142 mensa
3283 3088 3578 3159 chelydris.

2233 3180 2384 3244 Quod
2412 3180 2457 3232 si
2483 3178 2619 3232 forte
2643 3179 2813 3246 lupas,
2848 3179 3159 3251 lyncasque,
3186 3195 3451 3250 ursosque
3472 3193 3690 3237 creatos

2236 3268 2504 3337 Displicet,
2529 3269 2595 3323 ad
2619 3268 2849 3341 Scythiae
2877 3284 3124 3338 proceres
3146 3286 3403 3341 regesque
3424 3271 3686 3328 Getarum

2238 3362 2496 3430 ltespice;
2526 3362 2677 3430 queis
2703 3370 2850 3415 ostro
2876 3371 3209 3432 contempto,
3241 3364 3440 3419 vellere
3470 3365 3690 3430 Serum,

2094 3454 2199 3508 1δὸ
2238 3454 2477 3507 Eximius
2505 3454 2668 3508 decor
2691 3464 2772 3508 est
2802 3454 2963 3523 tergis
2990 3453 3214 3511 horrere
3244 3454 3503 3510 ferarum.

2231 3542 2448 3612 Singula
2476 3545 2670 3598 sectari
2702 3543 2919 3613 longum
2952 3554 3035 3598 est
3062 3562 3077 3598 :
3107 3546 3201 3601 sed
3234 3561 3457 3602 munere
3488 3547 3692 3604 Christi

2235 3637 2383 3692 Scire
2409 3635 2617 3701 datum,
2641 3637 2780 3706 quod
2807 3638 2903 3692 alit
2932 3638 3119 3704 tellus,
3169 3639 3311 3708 quod
3362 3641 3413 3694 in
3465 3657 3690 3712 mquore

2377 3730 2545 3799 vivit,

2236 3821 2505 3890 Quidquid
2553 3819 2608 3875 in
2657 3819 2982 3886 arboribus,
3036 3821 3289 3892 quidquid
3348 3823 3589 3879 variatur
3637 3826 3694 3881 in

2385 3910 2586 3976 herbis,

2235 4002 2289 4057 In
2321 4002 2530 4056 laudem
2563 4001 2819 4067 aucturis,
2847 4002 3014 4055 certis
3044 4001 3337 4056 subsistere
3367 4005 3569 4059 causis.

2100 4092 2197 4147 150
2235 4093 2303 4147 At
2331 4107 2451 4163 quae
2478 4092 2592 4146 sola
2627 4102 2843 4158 nocent,
2873 4093 3059 4146 eadem
3093 4093 3291 4146 collata
3321 4094 3547 4148 mederi.

2310 4189 2331 4208 ‘
2363 4186 2467 4240 Es'r
2489 4184 2650 4255 igitur
2679 4184 2840 4253 Deus,
2873 4193 2928 4238 et
2958 4186 3129 4239 bonus
3163 4194 3245 4240 est
3267 4227 3284 4251 ,
3329 4196 3387 4241 et
3428 4187 3693 4256 quidquid

2374 4276 2442 4331 ab
2473 4277 2562 4330 illo

2241 4370 2499 4427 Effectum
2522 4377 2625 4435 est,
2655 4369 2809 4438 culpa
2833 4371 3042 4438 penitus
3062 4380 3236 4433 vacat,
3261 4379 3420 4440 atque
3440 4372 3690 4441 querela.

2235 4461 2462 4517 Omnem
2488 4471 2665 4517 autem
2696 4461 2835 4516 hanc
2861 4460 3057 4516 molem
3088 4460 3271 4516 tnuudi
3302 4462 3390 4532 qui
3420 4461 3692 4528 condidit,

2382 4557 2393 4607 i
2403 4570 2494 4624 pse

2242 4646 2307 4701 Et
2337 4650 2493 4717 regit,
2523 4654 2683 4715 utque
2728 4644 2855 4697 nihil
2904 4659 3009 4697 non
3056 4654 3233 4697 ortum
3283 4640 3403 4715 [ΑΙ.
3455 4642 3693 4715 horum]

2377 4738 2609 4804 sumpsit
2631 4735 2700 4789 ab
2728 4735 2854 4800 illo;

2104 4830 2200 4884 155
2239 4829 2325 4884 Sic
2355 4826 2485 4881 nihil
2516 4834 2600 4881 est
2625 4827 2763 4896 quod
2794 4836 2937 4880 stare
2968 4832 3165 4895 queat,
3210 4822 3413 4878 factore
3450 4832 3689 4878 remoto.

2246 4920 2374 4975 Nam
2399 4921 2486 4990 qui
2514 4919 2659 4990 pigra
2690 4918 2799 4973 Deo
2827 4918 2957 4972 dant
2984 4918 3113 4982 otia,
3143 4916 3329 4980 credo,
3357 4924 3618 4972 verentur

2239 5014 2316 5069 Ne
2337 5028 2482 5068 cura:
2508 5015 2767 5068 intentum
2804 5013 2990 5081 vigiles
3018 5011 3247 5082 durique
3274 5011 3488 5065 labores

2238 5104 2554 5168 Conficiant,
2582 5113 2638 5158 et
2667 5113 2809 5155 tanta
2840 5102 2997 5155 simul
3030 5117 3134 5155 non
3163 5100 3392 5170 explicet
3420 5115 3578 5154 unus.

2241 5197 2285 5251 0
2311 5196 2473 5250 mersi
2502 5194 2553 5248 in
2582 5193 2851 5258 tenebras,
2883 5193 3154 5262 divinique
3184 5192 3321 5261 ignis
3349 5190 3555 5257 inanes,
3630 5218 3639 5223 κ

2103 5289 2203 5346 160
2244 5289 2309 5343 Ει
2339 5288 2460 5357 plus
2485 5288 2758 5355 corporeis
2784 5284 2955 5340 oculis
2977 5300 3141 5355 quam
3179 5291 3359 5338 mente
3394 5282 3689 5339 videntes:

2239 5380 2338 5445 Qui
2369 5387 2564 5433 vestra:
2588 5387 2848 5431 :eternum
2875 5387 3081 5431 natura:
3105 5382 3160 5430 et
3184 5372 3479 5430 conditioni

2167 5520 2183 5540 ‘
2214 5515 2393 5569 CAPUT
2424 5512 2508 5567 lll.
2544 5512 2677 5566 Deus
2707 5511 2953 5566 mundum
2978 5528 3124 5582 quem
3148 5512 3376 5565 condidit
3412 5512 3542 5579 regit
3569 5513 3693 5567 sine

2094 5586 2413 5666 fatigatione.
2453 5582 2564 5637 Nec
2598 5586 2663 5636 de
2690 5583 2828 5635 illius
2859 5581 3209 5639 iudieandum.
3240 5594 3295 5635 ut
3320 5581 3385 5635 de
3414 5582 3689 5636 hominum

2093 5672 2353 5712 I'61I?’Hllf€.
