3972 6176
301 162 400 222 6.22

435 277 656 335 Audetis
687 278 936 334 conferre
966 280 1135 334 Deum
1161 292 1176 334 ε
1204 280 1286 334 cui
1317 281 1359 334 si
1391 281 1515 349 quid
1544 280 1736 334 amatis

435 372 491 428 ln
522 372 732 428 laudem
761 372 908 441 pravi
935 371 1186 441 adjicitis,
1221 371 1519 442 vestrisque
1547 372 1759 427 beatum

436 463 669 519 Creditis
697 479 820 520 esse
849 463 1034 528 bonis,
1069 470 1161 517 aut
1187 462 1292 516 ulla
1335 464 1672 518 incommoda
1716 464 1878 519 ferre.

299 555 400 611 163
439 557 520 610 An
549 554 670 622 quia
698 569 818 608 cum
850 567 1069 622 magnas
1099 552 1280 617 urbes,
1313 555 1644 623 populosque
1685 555 1880 609 tenetis

443 648 554 704 Sub
588 657 768 702 vestro
803 645 1066 716 imperio,
1115 645 1370 698 miserum
1419 655 1504 699 est
1551 647 1883 700 insomnibus

585 753 780 807 aegram

442 832 635 886 Partiri
667 832 809 883 curis
837 829 890 882 in
924 828 1089 883 multa
1125 828 1332 897 negotia
1360 836 1632 893 mentem;

435 923 672 991 Cumque
682 936 870 992 graves
883 919 1104 989 trepidis
1119 919 1426 974 incumbant
1441 920 1672 988 undique
1683 934 1882 986 causae,

446 1016 560 1070 Non
591 1015 693 1068 fert
721 1021 967 1080 urgentes
995 1012 1250 1066 industria
1276 1013 1415 1067 victa
1445 1012 1659 1067 labores
1683 1028 1699 1066 :

309 1109 410 1162 170
452 1107 514 1159 Et
545 1105 588 1159 si
618 1104 811 1158 animis
837 1102 992 1172 aegris
1021 1102 1239 1171 depulsa
1267 1111 1350 1156 est
1378 1103 1705 1168 sollicitudo,

451 1196 650 1250 Blanda
684 1194 1015 1262 voluptatem
1046 1193 1262 1261 requies
1289 1201 1438 1248 creat
1469 1194 1574 1247 otia
1605 1193 1775 1248 uactis
1802 1211 1814 1246 :

452 1287 528 1341 De
556 1285 781 1340 Domino
808 1283 911 1339 hoc
934 1284 1136 1339 sentire
1165 1284 1307 1352 pium
1338 1293 1440 1348 est,
1473 1298 1631 1353 quem
1677 1299 1890 1353 semper

591 1376 840 1432 eumdem

450 1468 532 1523 Nil
561 1476 762 1536 gravat,
790 1482 853 1522 ex
886 1473 996 1520 toto
1021 1465 1096 1520 nil
1124 1465 1388 1535 occupat?
1418 1464 1596 1520 Efﬂuit
1622 1475 1784 1531 aetas,

452 1565 529 1615 Ae
556 1561 722 1623 venit,
751 1568 807 1614 et
829 1568 1072 1628 spectant
1094 1560 1268 1630 genita
1297 1568 1353 1615 et
1377 1560 1647 1630 gignentia
1688 1561 1846 1614 linem
1876 1580 1888 1615 ε

314 1652 418 1707 175
454 1652 548 1707 Ille
575 1661 775 1718 manet,
807 1651 965 1704 simul
991 1662 1106 1704 acta
1135 1661 1324 1705 tenens
1348 1661 1402 1705 et
1425 1651 1628 1718 agenda
1652 1691 1667 1715 ,
1701 1650 1888 1704 futuris
1922 1638 1967 1698 B

455 1743 706 1808 Ulterior,
738 1752 846 1797 tum
877 1743 1163 1813 praeteritis
1195 1745 1375 1812 prior:
1408 1743 1656 1798 omnibus
1682 1758 1819 1796 unus

451 1834 713 1897 Prtesens,
729 1841 784 1887 et
796 1835 964 1900 solus,
982 1833 1100 1888 sine
1117 1842 1356 1903 tempore
1373 1843 1612 1903 tempora
1629 1833 1884 1889 condens.

456 1923 628 1992 thue
653 1925 750 1976 avi
780 1925 951 1991 spatia
980 1937 1045 1977 ac
1067 1938 1317 1978 numeros
1348 1924 1630 1990 praecedit,
1660 1933 1716 1978 et
1743 1925 1884 1991 exit,

451 2015 610 2086 793
637 2014 725 2070 Sic
753 2015 901 2069 nullo
929 2015 1224 2070 immensus
1265 2015 1548 2071 cohibetur
1587 2016 1695 2071 line
1740 2016 1890 2070 loco-

675 2124 816 2163 rum.

314 2200 416 2256 l80
452 2200 644 2269 Nilque
673 2201 814 2255 adeo
843 2209 928 2256 est
957 2215 1234 2270 magnum,
1268 2200 1408 2270 quod
1434 2214 1536 2254 non
1567 2209 1746 2254 certus
1775 2214 1889 2254 mo-

665 2294 766 2348 dus
797 2303 952 2348 arcet
982 2311 996 2347 :

454 2386 522 2441 Et
548 2386 769 2448 caelum,
801 2395 855 2440 et
909 2395 1109 2451 terras,
1137 2393 1192 2439 et
1232 2393 1403 2439 totum
1457 2384 1687 2452 denique
1731 2399 1890 2437 mun-

667 2481 794 2530 dum

452 2568 633 2626 Limes
671 2569 877 2622 habet:
926 2575 1070 2621 meta
1117 2573 1202 2620 est
1245 2565 1408 2627 altis.
1460 2575 1515 2620 et
1567 2572 1707 2619 meta
1763 2579 1888 2634 pro-

665 2659 869 2714 fundis.

452 2754 558 2808 Sed
589 2768 849 2820 nusquam
892 2767 997 2806 non
1037 2765 1160 2806 esse
1191 2751 1282 2805 Dei
1314 2758 1415 2815 est,
1461 2749 1549 2817 qui
1594 2758 1737 2803 totus
1772 2748 1888 2803 ubi-

662 2858 790 2912 que,

455 2935 524 2989 Et
569 2943 822 3004 penetrat
872 2933 1058 2988 mundi
1110 2931 1350 2987 membra
1397 2930 1575 2984 omnia
1628 2931 1792 2995 liber,
1835 2941 1890 2986 et

669 3025 858 3079 ambit.

312 3117 420 3173 185
459 3115 582 3170 Htec
611 3115 774 3184 igitur
799 3115 879 3170 vis
918 3112 1033 3168 sola
1078 3119 1258 3181 potest
1301 3111 1670 3165 moderamina
1710 3125 1890 3165 rerum

458 3205 729 3270 Dividere,
756 3212 811 3258 et
839 3203 1065 3271 placidis
1088 3202 1277 3256 eadem
1309 3203 1606 3271 persistere
1634 3202 1779 3256 curis
1804 3217 1818 3255 :

453 3299 624 3363 Quam
667 3311 773 3348 non
817 3293 1072 3364 eﬂ'ugiant
1101 3293 1230 3359 cita,
1261 3307 1361 3348 nec
1401 3293 1728 3347 remorantia
1778 3301 1891 3347 tar-

672 3386 835 3449 dent;

457 3476 591 3541 Quae
637 3490 932 3545 numquam
988 3475 1196 3545 ignara,
1232 3490 1524 3546 numquam
1580 3474 1889 3545 longinqua,

667 3583 771 3623 nec
799 3568 926 3622 ullis

453 3659 739 3714 Translata
761 3659 1027 3714 accedens
1055 3659 1391 3728 regionibus,
1424 3660 1563 3713 absit
1613 3661 1682 3713 ah
1731 3661 1886 3716 ullis:

316 3754 420 3807 190
459 3753 568 3806 Nec
613 3752 681 3808 de
708 3752 1000 3807 noscendis
1021 3759 1182 3821 egeat
1224 3751 1512 3806 manifesta
1539 3751 1749 3808 doceri.

457 3845 580 3900 Haec
612 3846 770 3900 testis
797 3859 977 3900 rerum
1007 3843 1172 3898 tacita
1198 3844 1403 3908 audiat,
1434 3845 1614 3900 abdita
1655 3854 1844 3902 cernat
1875 3864 1888 3899 :

459 3935 559 3990 Det
583 3936 742 4001 vitas,
772 3935 1081 4004 adimatque
1118 3935 1296 4000 datas,
1327 3935 1605 4004 pereuntia
1637 3936 1827 4000 salvet,

467 4027 680 4095 Dejeeta
706 4025 942 4090 attollat,
975 4035 1185 4094 premat
1212 4026 1406 4092 ardua,
1437 4035 1694 4096 proroget
1720 4041 1894 4081 annos

459 4118 522 4170 Et
552 4119 780 4182 minuat,
805 4124 976 4170 mutet
999 4115 1187 4181 corda,
1216 4123 1276 4171 et
1300 4126 1520 4185 peccata
1544 4118 1800 4172 remittat.

286 4204 394 4262 195
455 4205 488 4239 “
516 4205 626 4260 Sen
650 4207 739 4273 qui
768 4206 1020 4261 virtutem
1049 4206 1350 4261 concedunt
1378 4206 1771 4275 omnipotenti,

459 4296 620 4352 Forte
649 4297 976 4352 voluntatem
1008 4297 1259 4354 demant:
1288 4307 1346 4352 et
1371 4314 1564 4367 magna
1589 4307 1888 4368 regentem,

453 4388 650 4440 Curam
701 4387 932 4443 hominis
978 4387 1227 4444 renuisse
1280 4399 1488 4458 putent,
1542 4390 1595 4442 in
1645 4398 1888 4458 tempora
1924 4372 1972 4429 D

672 4480 781 4533 nati

461 4569 680 4639 Exigua,
713 4579 767 4624 et
805 4570 952 4624 varia
981 4570 1084 4624 sub
1108 4580 1432 4639 tempestate
1456 4571 1656 4626 relicti.

458 4660 576 4726 Quo
609 4675 705 4714 vos
749 4671 943 4730 sponte
985 4661 1139 4730 juvat
1189 4662 1404 4728 cadere,
1437 4663 1742 4733 oblitosque
1798 4679 1894 4733 pa-

676 4752 844 4806 rentis
857 4793 871 4817 ,

307 4840 420 4894 200
461 4841 518 4894 ln
549 4842 811 4911 pecudum
859 4857 1051 4913 genus,
1107 4851 1162 4899 et
1210 4853 1412 4900 sortem
1469 4845 1701 4901 transire
1751 4843 1892 4900 fera-

668 4949 786 4987 rum
811 4933 834 4986 ἳ

459 5020 791 5092 lncomperta
815 5024 981 5078 latent
1009 5032 1214 5079 naturae
1238 5026 1460 5079 exordia
1485 5035 1683 5080 nostra;
1708 5044 1724 5080 :

461 5119 566 5169 Aut
594 5130 743 5184 spem
774 5118 1100 5184 propositam
1127 5115 1180 5172 in
1209 5115 1427 5172 Christo
1456 5119 1742 5186 praesentia
1780 5129 1892 5172 tur-

679 5207 842 5262 bant?

393 5384 512 5440 I90.
544 5383 722 5438 Editio
765 5383 953 5453 Lugd.,
990 5380 1097 5435 Nec
1134 5381 1493 5452 dignoscendis
1532 5393 1680 5454 egent
1723 5385 1891 5435 mani-

310 5464 447 5527 festa
470 5456 659 5527 doceri.

392 5527 526 5578 Ibid.
564 5526 656 5579 ilic
678 5540 778 5578 vox
801 5524 1086 5596 manifesto,
1112 5538 1208 5592 pro
1232 5538 1362 5579 voce
1389 5532 1526 5579 certa
1553 5535 1845 5596 usurpatur
1869 5544 1883 5579 :

313 5609 374 5650 ut
407 5606 658 5650 notarunt
681 5595 976 5648 anteriores
1006 5594 1286 5648 editiones.

1260 162 1546 218 canum
1589 163 1673 216 ne
1712 120 2175 221 rnovmsmm
2217 165 2468 222 DIVINA.

1903 283 1954 341 Α

1913 3003 1962 3066 C

3456 173 3560 234 622

2127 283 2337 337 Parcite
2363 282 2622 336 sublimes
2661 292 2878 339 reternae
2902 283 3076 354 gentis
3107 285 3342 341 honores

2130 374 2391 442 Degeneri
2421 373 2624 430 violare
2648 384 2793 430 metu
2831 395 2842 429 :
2877 377 3157 446 potiusque
3186 378 3434 433 relictum

1982 463 2091 519 205
2129 464 2438 520 lmmortale
2467 467 2654 530 decus,
2687 476 2940 535 superato
2979 469 3298 538 apprendite
3327 473 3489 529 ccelo.

2127 556 2264 612 Nota
2304 556 2389 610 via
2424 566 2528 621 est,
2575 557 2803 613 Christo
2852 562 3062 614 cunctis
3114 571 3392 618 reserante
3445 580 3559 618 ma-

2339 648 2528 716 gistro,

2123 738 2223 804 Qui
2266 748 2442 805 vorat,
2475 748 2530 792 et
2558 753 2744 794 secum
2792 754 2892 793 nos
2923 740 3273 808 deducturus,
3309 751 3365 797 et
3393 745 3445 799 in
3477 760 3560 802 se.

2129 828 2208 882 Ac
2236 843 2301 882 ne
2329 829 2600 894 vaniloqui
2646 829 2917 898 spondere
2963 831 3165 885 incerta
3197 841 3445 901 putemur
3474 852 3489 890 :

2131 917 2238 973 Res
2266 928 2508 972 moneta
2552 919 2741 987 primis
2767 922 2978 988 aperire
3019 923 3334 990 parentibus
3378 934 3556 981 ortum

1986 1009 2093 1066 210
2133 1010 2360 1065 llomani
2388 1011 2626 1080 generis,
2653 1027 2954 1082 causasque
2977 1014 3227 1069 evolvere
3257 1016 3380 1070 vita:

2129 1102 2380 1166 Amissa,
2411 1113 2464 1158 et
2492 1118 2708 1168 rursus,
2740 1103 2954 1159 Christo
2982 1104 3216 1159 donante
3240 1147 3255 1171 ,
3308 1116 3561 1177 recepta.

2136 1192 2419 1261 Dispositis
2448 1193 2631 1261 rebus,
2665 1203 2832 1247 totum
2859 1194 2968 1265 jam
2997 1196 3252 1251 conditor
3280 1198 3468 1253 orbem

2134 1283 2393 1349 Fecerat,
2421 1292 2471 1337 et
2501 1284 2726 1352 pulchra
2765 1286 3021 1340 vernabat
3052 1287 3261 1355 origine
3306 1289 3562 1346 mundus.

2133 1373 2252 1427 Jam
2278 1373 2358 1427 sol
2392 1375 2652 1428 dimensis
2680 1375 2734 1428 iu
2766 1385 3003 1442 tempora
3043 1377 3288 1433 cursibus
3321 1378 3453 1445 ibat,

1991 1466 2096 1519 ἓιὸ
2136 1465 2391 1534 Lunaque
2412 1481 2533 1520 cum
2565 1467 2737 1522 stellis
2769 1468 3040 1535 praebebat
3065 1470 3266 1525 lumina
3298 1473 3442 1528 nocti
3475 1490 3489 1527 :

2132 1557 2249 1610 Jam
2281 1557 2518 1626 pecudes
2545 1558 2722 1624 tellus,
2750 1557 2862 1628 jam
2903 1558 3082 1627 pisces
3119 1572 3318 1629 pontus
3364 1564 3563 1630 alebat,

2137 1647 2204 1701 Et
2231 1647 2490 1717 liquidum
2517 1649 2764 1703 volucres
2783 1650 3045 1705 innabant
3072 1665 3194 1706 aera
3228 1656 3418 1721 pennis
3442 1673 3457 1711 :

2137 1741 2242 1796 Sed
2269 1741 2412 1810 quod
2445 1741 2624 1796 divina
2658 1750 2842 1811 posset
2862 1743 3070 1799 ratione
3102 1745 3284 1813 potiri,

2132 1832 2379 1887 Nondum
2421 1841 2538 1887 erat
2580 1835 2633 1888 in
2681 1836 2840 1889 terris
2881 1835 3082 1891 animal
3113 1853 3127 1890 :
3158 1837 3306 1893 dedit
3329 1842 3566 1910 optimus

2347 1925 2546 1981 Auctor

1993 2014 2098 2070 220
2138 2016 2250 2071 l-loc
2297 2017 2501 2070 homini
2555 2016 2793 2086 speciale
2853 2017 3058 2084 decus,
3110 2033 3339 2092 cumque
3387 2027 3568 2081 omnia

2349 2106 2514 2161 verbo

2134 2196 2437 2266 Conderet,
2486 2197 2627 2252 hunc
2666 2197 2952 2267 manibus,
3003 2211 3110 2268 quo
3141 2200 3258 2271 plus
3307 2205 3570 2272 genitoris

2343 2291 2586 2356 haberet.

2137 2383 2396 2451 Dignatur
2424 2381 2658 2437 formare
2685 2382 2835 2437 suis:
2868 2384 3164 2438 substantia
3195 2385 3397 2454 duplex

2139 2473 2389 2543 Jungitur
2411 2515 2426 2541 ,
2462 2473 2628 2543 inque
2657 2489 2818 2529 unam
2847 2484 3044 2530 coeunt
3073 2479 3345 2530 contraria
3383 2485 3566 2532 Vitam.

2130 2564 2372 2634 Namque
2403 2565 2580 2618 anima
2617 2579 2688 2619 ex
2730 2564 2913 2634 nullis,
2951 2575 3008 2619 ut
3047 2574 3266 2631 caetera,
3309 2566 3565 2638 gignitur.

2249 2691 2259 2702 -
2349 2671 2547 2726 expers

1993 2747 2101 2802 225
2142 2735 2416 2812 Interitus,
2448 2746 2552 2803 nisi
2583 2745 2724 2815 quod
2753 2745 2983 2801 Domino
3011 2747 3319 2802 cruciabilis
3346 2746 3439 2802 uni
3463 2759 3563 2815 est,

2138 2838 2203 2892 Et
2225 2851 2317 2892 rea
2342 2838 2484 2893 ferre
2507 2843 2685 2906 potest
2712 2851 2951 2906 poenam,
2975 2837 3077 2893 sub
3099 2840 3318 2894 nomine
3353 2840 3564 2902 mortis.

2135 2929 2536 2996 Terrenamque
2563 2927 2749 2997 illapsa
2776 2928 3020 2994 domum,
3047 2928 3138 2982 dat
3167 2930 3349 2984 vivere
3385 2944 3566 2985 secum

2133 3018 2491 3083 Cousortem,
2537 3028 2593 3074 et
2639 3020 2842 3089 pariter
2891 3019 3131 3075 divinum
3189 3021 3410 3077 haurire
3470 3037 3558 3076 va.

2347 3126 2553 3181 porem.

2140 3204 2320 3275 795
2409 3203 2519 3258 Nec
2587 3205 2711 3274 quia
2788 3202 3068 3259 dissimilis
3130 3220 3310 3260 rerum
3381 3213 3570 3262 natura

2343 3295 2567 3349 duarum
2600 3303 2705 3361 est,

1994 3385 2098 3442 250
2140 3385 2330 3454 Dispar
2398 3387 2636 3440 conditio
2715 3395 2798 3440 est
2850 3402 2864 3440 :

2349 3486 2634 3546 utrumque
2667 3493 2683 3532 :

2138 3568 2246 3623 Seu
2277 3568 2458 3636 potior
2483 3567 2590 3635 juri
2616 3567 2879 3621 subdatur
2907 3569 3240 3634 posterioris,

2137 3657 2244 3712 Seu
2275 3671 2333 3710 se
2365 3656 2585 3724 majoris
2617 3655 2801 3709 virtuti
2829 3657 3099 3710 infirmior
3123 3668 3318 3725 aequet.

2139 3749 2235 3802 Est
2283 3747 2484 3801 etenim
2535 3745 2818 3800 ambarum
2881 3746 3054 3810 vinci,
3110 3756 3192 3800 est
3249 3757 3302 3800 et
3351 3747 3567 3803 vincere

2918 3395 3098 3441 manet
3170 3387 3345 3442 exitus
3430 3403 3569 3442 unus

2350 3851 2532 3905 posse,

2138 3927 2445 3994 [’rol‘tcere,
2509 3936 2566 3982 et
2627 3928 2832 3994 minui;
2895 3943 3162 3997 regnare,
3219 3939 3274 3984 et
3338 3931 3565 4000 perdere

2348 4035 2593 4088 regnum.

1993 4111 2102 4165 2'55
2141 4110 2257 4164 Non
2296 4111 2419 4181 quia
2468 4111 2586 4180 plus
2629 4111 2905 4180 cuiquam,
2938 4110 3115 4166 minus
3156 4123 3248 4165 aut
3278 4113 3329 4167 in
3361 4115 3568 4184 origine

2352 4217 2528 4255 causa:

2138 4291 2407 4346 Nascendi
2437 4291 2733 4355 attulerint,
2765 4299 2857 4344 aut
2882 4290 2989 4344 ulla
3020 4298 3244 4345 externa
3272 4308 3488 4350 creatos

2138 4381 2232 4434 Vis
2291 4391 2540 4450 promat,
2587 4381 2912 4449 ignarosque
2967 4389 3091 4449 agat
3141 4384 3193 4434 in
3259 4361 3567 4442 discrimina

2350 4489 2557 4526 tuorum
2583 4489 2598 4538 ;

2140 4562 2243 4620 Sed
2288 4563 2409 4632 quia
2463 4561 2600 4616 liber
2648 4560 2834 4628 homo,
2865 4570 2922 4616 et
2965 4563 3204 4632 sapiens,
3264 4567 3572 4623 discernere

2347 4655 2508 4709 rectis

2136 4748 2308 4802 Prava
2353 4756 2552 4815 potest,
2602 4746 2656 4801 in
2709 4761 2770 4801 se
2826 4749 2971 4803 intus
3015 4748 3219 4803 habens
3261 4750 3569 4805 discrimina

2351 4855 2532 4895 rerum
2559 4881 2574 4904 ,

1994 4933 2102 4990 ειο
2140 4933 2341 5003 Jusque
2404 4935 2732 5002 voluntatis,
2790 4948 2900 5009 quo
2970 4944 3232 5006 temperat
3293 4935 3572 4991 arbitrium

2352 5042 2526 5082 meus.

2135 5119 2192 5176 Si
2221 5130 2399 5174 tamen
2426 5120 2675 5188 ancipiti;
2707 5135 2737 5176 c
2756 5134 2850 5173 rca
2888 5117 3026 5172 itter
3067 5119 3253 5189 praelia
3281 5120 3429 5184 vitae,

2139 5211 2254 5265 Non
2297 5211 2365 5265 de
2405 5225 2467 5265 se
2496 5221 2732 5275 tumeat;
2764 5210 2858 5263 sed
2884 5210 3025 5262 votis
3051 5218 3160 5263 tuta
3182 5209 3464 5273 modeStis,

2067 5385 2100 5420 “
2127 5384 2310 5441 Carur
2337 5386 2423 5441 ιν.
2459 5385 2590 5454 Deo,
2613 5388 2698 5439 cui
2721 5393 2938 5452 potestas
2969 5402 3070 5437 non
3095 5386 3252 5451 deest,
3284 5390 3439 5442 etiam
3487 5408 3571 5443 ζεο-

1996 5461 2247 5515 luntatem
2291 5461 2458 5512 inesse
2522 5457 2772 5510 hominem
2825 5457 3140 5521 providentia
3191 5474 3288 5512 sua
3325 5466 3563 5516 curandi.

1998 5532 2175 5586 Status
2193 5533 2306 5600 jam
2329 5528 2485 5582 creati
2507 5527 2703 5581 mundi.
2731 5525 2968 5580 Hominis
2999 5530 3209 5583 erratio.
