4040 6178
448 280 551 336 6-ἰό

587 389 713 446 Imlc
737 394 880 458 putet
903 396 1067 440 totum
1093 401 1274 456 posse.
1305 388 1448 441 unde
1486 388 1694 457 accepit
1716 394 1773 443 et
1800 402 1941 444 esse.

583 480 750 535 'lnsita
779 480 855 532 sic
881 478 1034 531 nobis
1066 479 1249 546 patriai
1280 478 1496 532 virtutis
1527 479 1701 547 imago
1727 487 1832 543 est,

446 573 551 627 215
592 571 777 639 Longo
817 568 1043 639 jus-litim
1098 584 1218 637 qua:
1266 569 1488 623 multum
1538 573 1781 624 exercita
1838 570 2014 636 cultu,

590 662 697 716 Ceu
721 662 941 730 speculo
965 642 1139 714 litmen
1170 660 1408 713 divinum
1437 660 1639 714 imitata
1663 660 1910 715 referret.

588 752 829 819 Cumque
883 751 1039 806 bonis
1092 752 1323 820 positum
1380 752 1663 807 transisset
1709 753 1764 807 in
1813 753 2021 807 artibus

798 855 974 895 aevum
997 880 1013 906 ,

589 932 860 987 )Eternam
887 932 1075 985 victrix
1100 946 1280 986 arcem
1312 946 1562 985 mansura
1595 941 1837 988 teneret.

590 1025 834 1093 Totaque
860 1038 948 1078 res
977 1023 1168 1079 effecta
1197 1025 1315 1089 Dei,
1339 1023 1450 1093 jam
1480 1024 1629 1079 nulla
1659 1026 1865 1080 subiret

444 1118 548 1172 250
588 1117 800 1179 Praelia,
822 1131 924 1171 nec
947 1116 1160 1185 trepide
1190 1129 1373 1171 secum
1394 1116 1708 1171 decerneret
1735 1115 1786 1170 in
1811 1132 1892 1181 se.

587 1208 693 1261 Nec
718 1207 878 1261 vellet
903 1206 1045 1276 quod
1072 1220 1198 1260 mox
1232 1206 1420 1271 nollet,
1446 1206 1701 1273 voluisse,
1733 1207 1945 1272 timere,

584 1299 856 1367 Ignorare,
884 1305 1089 1366 optare,
1122 1296 1229 1367 pati
1258 1296 1366 1365 jam
1398 1297 1577 1351 nescia
1603 1313 1617 1351 :
1655 1297 1816 1352 nullis

582 1392 841 1444 Crescere
895 1400 1059 1455 egens
1111 1385 1380 1454 cumulis,
1441 1386 1716 1455 nullisque
1782 1387 2014 1442 obnoxia

588 1480 591 1481 ⁷
794 1478 1023 1532 damnis.

583 1570 649 1625 Et
674 1584 780 1639 quo
811 1568 1089 1639 promissis
1118 1568 1260 1623 adsit
1291 1568 1484 1623 fiducia
1513 1569 1741 1638 magnis,
1866 1634 1869 1637 λ

442 1662 545 1717 25.“)
585 1663 661 1716 Ac
682 1676 807 1731 spes
832 1662 1122 1730 propositae
1147 1660 1217 1714 sit
1240 1676 1345 1713 non
1377 1660 1585 1716 incerta
1612 1675 1828 1716 corona!
1855 1678 1871 1716 :

583 1752 801 1807 Munere
828 1752 1113 1821 praesentis
1141 1752 1265 1805 vitae
1295 1752 1617 1807 documenta
1648 1751 1839 1806 futuras

583 1845 754 1900 Sumit
776 1845 960 1910 homo,
989 1854 1045 1899 et
1071 1844 1261 1898 dandis
1288 1845 1562 1899 conlidere
1591 1845 1753 1900 discit
1782 1844 2014 1915 adeptis.

581 1936 717 1991 Huic
741 1936 864 1990 cmli
894 1936 1169 2001 volucres,
1203 1945 1256 1989 et
1283 1945 1474 1990 cuncta
1502 1938 1755 1992 animalia
1786 1946 1946 1992 terra;

584 2027 837 2097 Sttbjecta
880 2044 894 2081 :
931 2033 986 2080 et
1031 2026 1207 2095 pisces
1266 2041 1402 2095 quos
1472 2029 1643 2081 nutrit
1703 2037 1900 2098 pontus
1964 2037 2019 2085 et

797 2135 1021 2185 amnes;

444 2216 550 2270 260
591 2214 722 2269 lluic
751 2212 885 2268 solis
912 2214 1157 2281 lunreque
1182 2210 1350 2276 vices,
1378 2222 1432 2267 et
1461 2210 1635 2268 sidera
1668 2213 1841 2269 noctis

584 2305 756 2372 Nosse
802 2304 1004 2369 datum,
1053 2303 1405 2373 numerisque
1452 2302 1574 2359 dies
1625 2303 2017 2375 comprendere

726 2460 727 2463 η
798 2403 855 2451 et
885 2408 1054 2448 annos
1069 2433 1085 2459 ,

584 2488 736 2545 Scire
760 2495 1056 2557 potestates
1082 2485 1391 2549 herbarum,
1415 2493 1471 2540 et
1493 2484 1711 2540 nomina
1749 2486 1912 2541 rebus

602 2580 811 2647 ludere,
836 2589 890 2633 et
918 2578 1186 2647 ingenium
1217 2578 1392 2630 varias
1413 2591 1608 2646 angere
1630 2592 1725 2646 per
1741 2584 1909 2632 artes.

588 2672 737 2726 Hunc
784 2672 1051 2741 potiorem
1085 2685 1245 2723 unum
1288 2672 1499 2723 cunctis
1530 2670 1895 2739 spirantibus,
1925 2671 2017 2724 uni

448 2765 557 2819 ‘203
596 2763 907 2833 Subjcctum
930 2763 1137 2817 servire
1158 2762 1298 2825 Deo;
1329 2777 1428 2814 nec
1452 2777 1709 2831 corporea
1730 2764 1804 2829 vi,

573 2854 690 2911 Sed
724 2854 946 2908 rationis
975 2867 1095 2922 ope,
1128 2851 1473 2921 praefortibus
1501 2853 1838 2920 imperitare.

654 2945 683 2980 l'
721 2944 869 3012 Quoo
895 2942 938 2997 si
966 2942 1085 3012 quis
1129 2956 1236 2995 non
1291 2949 1433 2996 totus
1473 2941 1637 2996 homo
1666 2941 1784 2998 haec
1827 2950 2019 3000 exten-

801 3034 930 3089 dere
952 3032 1135 3088 verbis

588 3127 668 3181 Me
688 3135 859 3195 putat,
892 3136 945 3180 et
969 3124 1205 3178 nondum
1235 3140 1357 3181 sese
1376 3124 1629 3195 cognovit
1652 3125 1703 3179 in
1728 3125 1878 3191 istis;

593 3219 780 3270 Audiat
803 3230 831 3269 a
867 3216 1054 3284 primis
1077 3216 1280 3270 distare
1310 3216 1626 3286 parentibus
1648 3227 1825 3269 actum

485 3310 552 3362 70
584 3307 693 3361 Ρω-
717 3307 908 3361 delicta
938 3322 1125 3377 genus.
1157 3310 1323 3362 multa
1355 3320 1409 3364 et
1436 3309 1680 3379 rubigine
1707 3324 1918 3364 morum

587 3398 835 3469 Corrupti
856 3400 1106 3469 exiguum
1126 3416 1310 3455 semen
1337 3416 1626 3467 superesse
1652 3402 1878 3472 vigoris.

598 3490 766 3561 thue
794 3506 904 3545 sum
927 3498 1128 3545 tantum
1165 3499 1371 3546 natura;
1394 3492 1567 3547 discat
1586 3492 1879 3560 honorem;

593 3584 646 3637 ln
674 3597 942 3638 summum
972 3583 1142 3637 sancti
1175 3583 1391 3653 generis
1430 3583 1615 3639 redeat
1661 3593 1843 3655 caput,
1872 3597 1927 3641 et
1965 3601 2025 3642 se

591 3673 847 3731 Estimet
865 3689 895 3729 a
922 3674 1171 3732 manibus
1201 3675 1433 3745 Domini,
1463 3676 1750 3748 afﬂatuque
1780 3689 2022 3750 regente,

451 3764 556 3821 275
594 3766 780 3834 Qualis
841 3764 1009 3820 Adam
1073 3766 1309 3822 nondum
1366 3774 1567 3824 terram
1628 3768 1913 3826 damnatus
1966 3772 2024 3826 in

804 3858 989 3921 istam,

597 3950 661 4003 Et
687 3949 820 4003 liber
844 3948 1040 4017 culpae,
1074 3949 1304 4017 paradisi
1335 3949 1513 4004 divitis
1534 3950 1721 4006 orbem

586 4034 869 4087 ‘Cultarum
892 4032 1132 4101 locuples
1162 4034 1421 4089 virtutum
1448 4035 1597 4103 fruge
1625 4037 1858 4092 tenebat.

594 4126 690 4176 Cui
721 4138 843 4178 cum
871 4131 1015 4177 tanta
1044 4124 1186 4176 Deus
1223 4123 1447 4192 largitus
1476 4125 1615 4179 dona
1640 4126 1854 4193 fuisset,

603 4214 812 4284 \‘iperei
836 4215 1017 4285 populi
1045 4214 1296 4283 princeps
1322 4214 1534 4284 invidit,
1565 4225 1621 4271 et
1646 4218 1752 4271 alta

455 4309 560 4365 23'.)
583 4306 743 4379 797
775 4305 1020 4375 Dejectus
1047 4303 1266 4374 regione
1294 4305 1399 4374 poli
1426 4305 1573 4376 (quia
1603 4321 1812 4361 summa
1842 4318 2026 4364 tenere

598 4398 711 4452 Non
740 4396 840 4451 nisi
872 4410 1004 4465 pura
1033 4404 1212 4464 potest
1236 4393 1495 4464 bonitas),
1528 4394 1732 4465 majora
1760 4399 1988 4453 nocendi

589 4491 855 4560 Concepit
881 4505 1037 4544 versu
1066 4495 1301 4541 mutatus
1326 4487 1491 4542 corde
1517 4503 1744 4543 venena.

597 4584 696 4650 Qui
725 4596 1092 4652 possessorem
1122 4591 1386 4635 tantarum
1417 4580 1736 4636 deliciarum
1758 4624 1773 4649 ,

602 4672 845 4727 Mandato
872 4673 1146 4726 exclusum
1177 4672 1298 4739 quia
1327 4680 1547 4726 noverat
1575 4673 1771 4728 arbore
1801 4673 1868 4727 ab
1892 4689 1994 4728 una
2012 4715 2027 4741 ,

454 4763 559 4820 QS‘i
589 4760 825 4832 Perpulit
851 4775 882 4814 a
910 4761 1088 4814 vetitis
1120 4774 1337 4828 pomum
1363 4760 1656 4831 decerpere
1686 4764 1853 4817 ramis
1875 4804 1890 4827 ,

596 4852 763 4921 Queis
792 4852 964 4907 inerat
985 4851 1125 4906 recti
1156 4860 1211 4905 et
1237 4852 1386 4921 pravi
1416 4853 1748 4921 experientia
1790 4854 1962 4924 major

598 4947 751 5001 Tunc
777 4944 982 4999 ditione
1013 4940 1249 4997 hominis
1270 4985 1285 5010 ,
1318 4944 1442 5012 quia
1472 4943 1709 4998 nondum
1749 4957 2032 5015 acceperat

739 5038 875 5091 hanc
901 5038 1004 5090 vim
1028 5079 1041 5101 ,

521 5196 553 5232 ⁸
579 5193 764 5249 CAPUT
801 5191 861 5246 V.
887 5191 951 5244 In
974 5208 1076 5261 quo
1103 5192 1345 5259 differant
1392 5209 1425 5243 a
1470 5192 1635 5260 primo
1688 5203 1897 5260 parente
1928 5195 2021 5247 Ito-

452 5268 615 5319 mines
645 5274 759 5332 post
788 5260 1011 5329 lapsum.
1041 5260 1245 5314 θέαι-οιί
1269 5262 1456 5314 invidia
1483 5262 1731 5332 adversus
1758 5262 2017 5317 hominem

455 5330 690 5407 primunt.
730 5331 868 5407 Iusti
896 5334 1054 5407 aliqui
1083 5332 1302 5407 qualtlrct
1333 5330 1510 5383 mundi
1552 5340 1722 5407 (etate.
1772 5332 2023 5407 Emetttpla

455 5400 785 5473 providentia:
833 5403 925 5473 υθέ
971 5400 1089 5470 erga
1129 5403 1354 5473 homines
1402 5413 1520 5473 ante
1563 5400 1765 5473 Legem.
1812 5403 1932 5454 Abel
1976 5414 2023 5455 et

455 5470 602 5529 Cain.
648 5472 850 5541 Raptus
881 5470 1058 5541 Enoclt
1093 5482 1140 5524 et
1172 5470 1451 5541 Eliterquid
1489 5471 1798 5541 doceataln
1832 5474 2023 5524 diluvio

452 5564 543 5599 cur
572 5538 769 5598 servata
791 5544 969 5594 domus
1007 5540 1139 5594 Noe.
1164 5540 1381 5594 Abralue
1411 5541 1561 5610 ﬁdes.
1599 5538 1727 5593 Loth
1770 5556 2022 5596 servatus.

453 5617 648 5676 Juseph
687 5616 740 5664 in
778 5611 1069 5682 ﬁgyptunt
1096 5614 1349 5665 venditus.
1387 5612 1589 5682 Moyses
1613 5612 1860 5681 populum
1891 5613 2019 5664 edu-

451 5702 567 5735 czns
592 5699 653 5736 ει
679 5685 932 5735 servitute.
958 5681 1210 5733 Protectio
1240 5682 1330 5735 Dei
1357 5681 1485 5750 erga
1503 5682 1639 5750 ﬁlios
1669 5685 1831 5734 Israel
1860 5685 1910 5735 in
1935 5684 2023 5735 dc-

1075 278 1131 333 S.
1176 275 1512 333 PROSPERI
1555 274 1876 345 AQUITANI
1916 275 2139 331 UPERA
2186 275 2507 333 “CERTAS
2548 275 3067 334 AUCTORI'I‘ATIS.

2045 393 2092 448 A

3584 269 3692 328 62$

2260 391 2371 453 Qua
2405 399 2583 458 posset
2612 388 2828 443 vitanda
2856 404 2955 443 suo
2984 389 3100 443 sine
3125 401 3285 443 nosse
3314 388 3535 458 periclo.

2266 481 2358 534 llis
2388 480 2535 534 illata
2564 481 2737 546 dolis,
2773 480 2874 534 hoc
2901 480 3126 534 crimine
3155 487 3275 533 nata
3306 479 3512 549 subegit

2120 570 2223 625 290
2256 572 2394 626 Mors
2426 571 2699 627 hominem
2722 610 2740 639 ,
2771 573 2926 641 culpa
2959 573 3012 627 in
3040 580 3266 627 cunctos
3304 583 3550 629 manante
3591 573 3692 629 nti.

2402 676 2603 718 nores:

2263 751 2393 819 Quae
2421 753 2587 808 semel
2615 754 2833 822 antiqua
2866 755 3048 821 pulsos
3077 755 3292 809 virtutis
3319 756 3389 809 ab
3414 771 3536 811 arce
3555 797 3570 821 ,

2263 843 2378 898 Non
2408 859 2513 898 uno
2539 852 2745 898 tantum
2774 844 3048 900 transfuso
3077 860 3265 901 errore
3292 856 3566 916 parentum

2261 936 2525 1004 lmplicuit
2553 953 2568 989 :
2598 936 2693 991 sed
2722 951 2842 991 cum
2875 937 3088 1006 populis
3119 939 3464 993 nascentibus
3492 951 3643 994 aucta
3672 981 3687 1001 ,

2261 1027 2606 1097 Multiplicem
2634 1027 2741 1082 lata
2768 1028 3012 1097 porrexit
3036 1035 3215 1097 strage
3242 1030 3474 1084 ruinam.

2118 1118 2225 1170 295
2261 1117 2361 1171 «At
2386 1131 2706 1187 quamquam
2738 1116 2974 1172 immissa
2997 1126 3248 1187 regnaret
3274 1128 3445 1175 morte
3474 1134 3687 1189 perem-

2400 1217 2516 1276 ptos
2545 1223 2561 1271 ;

2270 1300 2450 1355 «Nulla
2483 1310 2657 1355 tamen
2689 1299 2911 1369 placitos
2942 1299 3169 1355 Domino
3194 1315 3299 1354 non
3329 1300 3495 1356 edidit
3521 1315 3650 1357 aetas
3672 1346 3688 1367 ,

2265 1392 2600 1459 «(Iunctaque
2627 1389 2873 1445 diversos
2903 1389 3206 1446 habuerunt
3235 1392 3428 1447 saecula
3455 1393 3630 1462 justus
3655 1413 3670 1447 :

2268 1483 2445 1551 «Quos
2478 1482 2599 1537 licet
2624 1482 2693 1538 ob
2724 1483 2974 1537 meritum
2998 1483 3121 1537 vita:
3148 1484 3282 1537 b0ua
3312 1484 3472 1538 multa
3503 1501 3690 1539 manc-

2398 1584 2517 1627 rent
2548 1616 2564 1639 ,

2266 1663 2353 1717 tlu
2383 1673 2611 1718 mortem
2642 1663 2826 1718 vitiata
2857 1674 3030 1719 tamen
3058 1672 3242 1719 natura
3273 1664 3545 1728 trahebat,

2051 1747 2088 1805 Β
2120 1756 2221 1811 300
2256 1756 2401 1811 «Non
2430 1757 2580 1825 prius
2606 1771 2636 1809 a
2669 1757 2823 1822 primi
2855 1756 3033 1812 vinclo
3060 1756 3387 1811 absolvenda
3417 1757 3688 1825 parentis,

2271 1848 2470 1915 «Quam
2501 1850 2781 1917 majestate
2812 1847 3065 1901 incolumi
3097 1857 3383 1917 generatus
3417 1850 3467 1901 in
3499 1849 3614 1917 ipsa
3637 1891 3651 1913 ,

2266 1940 2610 1996 «υθςιι-υετθι
2640 1938 2769 1993 lethi
2797 1952 2988 1994 causas
3011 1946 3067 1992 et
3093 1939 3295 1993 semina
3322 1937 3583 1995 Christus.
3603 1962 3621 1992 ι

2260 2031 2429 2102 Cujus
2458 2040 2774 2101 perpetuam
2806 2032 3015 2086 cunctis
3043 2032 3300 2086 assistere
3328 2046 3511 2086 curam
3534 2071 3549 2095 ,

2261 2123 2573 2192 Promptum
2599 2131 2682 2179 est
2704 2122 2965 2191 exemplis
2987 2122 3056 2178 ab
3079 2122 3285 2193 origine
3310 2137 3466 2177 nosse
3491 2122 3639 2190 petiti
3673 2164 3688 2177 .

2118 2213 2223 2269 505
2250 2212 2367 2267 Non
2399 2214 2530 2269 latet
2558 2215 2694 2269 hanc
2722 2213 2926 2268 sanctis
2953 2227 3190 2268 onerans
3216 2214 3406 2268 altaria
3435 2215 3603 2269 sacris

2259 2305 2444 2361 Justus
2479 2304 2641 2372 Abel,
2672 2306 2759 2374 qui
2790 2304 3038 2374 primitiis
3065 2306 3247 2359 ovium
3274 2320 3437 2375 grege
3464 2305 3616 2360 lectis
3635 2347 3651 2370 ,

2257 2396 2538 2451 Convertit
2569 2396 2779 2449 Domini
2808 2395 3015 2449 sincera
3046 2395 3097 2449 in
3127 2411 3348 2449 ntunera
3376 2397 3615 2451 vultum:

2260 2489 2368 2543 Nec
2394 2488 2529 2542 fallit
2549 2489 2729 2559 specie
2751 2487 2947 2543 devota
2979 2487 3268 2559 relligionis

2262 2582 2407 2636 Dona
2430 2580 2560 2635 Cain
2578 2580 2917 2650 reprobanda
2939 2580 3123 2636 dicatis
3140 2622 3154 2646 ,
3173 2582 3257 2636 cui
3284 2581 3431 2636 virus
3451 2595 3688 2636 amarum

2120 2673 2226 2727 510
2256 2672 2460 2728 Invidia
2493 2672 2545 2726 in
2578 2672 2795 2726 fratrem
2824 2686 3087 2726 succenso
3115 2670 3240 2727 felle
3267 2672 3545 2740 coquebat.

2263 2762 2371 2816 Nec
2405 2776 2663 2816 revocare
2693 2762 2861 2816 ferum
2894 2762 3152 2818 Dominus
3180 2776 3431 2818 sermone
3459 2764 3691 2832 benigno

2269 2853 2536 2907 Abstinuit
2560 2871 2572 2907 :
2601 2864 2963 2923 quantumque
2989 2854 3138 2909 nefas
3161 2866 3461 2911 strueretur
3481 2856 3546 2909 ab
3578 2858 3695 2922 ipso

2264 2942 2523 3012 ingessit,
2558 2943 2893 3013 formamque
2920 2944 3072 2999 dedit
3100 2960 3203 3013 qua
3236 2946 3451 3000 vincere
3480 2961 3597 3001 sese

2268 3033 2487 3099 Posset,
2520 3045 2574 3088 et
2604 3034 2806 3088 insante
2836 3045 3084 3103 regnaret
3110 3035 3302 3089 fortior
3330 3037 3447 3089 irae.

2049 3111 2091 3171 C
2123 3125 2227 3179 515
2256 3124 2360 3180 Sed
2391 3134 2647 3194 concepta
2679 3124 2845 3178 semel
2874 3123 3079 3178 facinus
3103 3124 3325 3181 crudele
3350 3126 3551 3195 peregit

2264 3213 2515 3282 Impietas
2536 3255 2549 3281 ,
2577 3213 2785 3269 scelere
2813 3213 3136 3283 immergens
3166 3214 3461 3283 primordia
3489 3217 3693 3270 mundi.

2265 3307 2336 3361 At
2356 3304 2612 3372 numquid
2635 3304 2887 3374 placitum
2910 3304 3013 3360 sibi
3030 3303 3232 3374 justum
3254 3319 3284 3359 a
3305 3305 3451 3361 caede
3472 3308 3695 3361 nefau-la

2264 3396 2379 3451 Non
2410 3396 2581 3465 potuit
2608 3411 2826 3451 servare
2858 3396 3039 3451 Deus?
3068 3395 3174 3452 Sed
3207 3397 3328 3451 finis
3359 3398 3538 3453 acerbi

2264 3489 2531 3544 Occasum
2562 3490 2739 3558 pOIior
2767 3487 2872 3543 vita
2900 3496 2955 3541 et
2981 3487 3262 3542 tribuenda
3290 3502 3488 3542 corona

2124 3577 2228 3633 520
2255 3577 2548 3632 lntmodico
2577 3578 2765 3632 aeterni
2794 3577 3123 3645 superabant
3149 3576 3390 3646 pondere
3420 3578 3657 3631 honoris.

2267 3669 2402 3736 Quid
2425 3711 2439 3733 ,
2468 3683 2587 3723 cum
2614 3670 2880 3723 viventem
2902 3668 2970 3723 de
2998 3668 3157 3723 terris
3186 3669 3458 3723 transtulit
3480 3668 3694 3733 Enncb,

2266 3760 2567 3830 Spernebat
2592 3769 2807 3814 terrena
2837 3758 3017 3815 Deus?
3036 3758 3278 3828 Namque
3299 3759 3546 3814 omnibus
3567 3760 3698 3813 illud

2267 3851 2525 3906 Proderat
2551 3850 2856 3920 exemplum
2883 3889 2899 3915 ,
2930 3864 3037 3920 quo
3067 3850 3259 3905 mortis
3288 3859 3467 3905 terror
3494 3852 3660 3905 abiret
3681 3890 3700 3916 ,

2266 3942 2534 4011 Spemque
2554 3941 2924 3996 inconcussam
2946 3949 3167 4011 caperet
3185 3940 3483 3996 substantia
3502 3945 3699 3996 carnis.

2127 4035 2232 4092 325
2252 4033 2343 4090 Sic
2370 4034 2476 4088 alio
2507 4041 2629 4102 post
2657 4031 2822 4087 multa
2850 4046 2966 4085 aevo
2996 4031 3317 4088 documenta
3346 4033 3579 4087 minores

2268 4125 2559 4195 Proposita:
2588 4124 2643 4177 in
2673 4122 2894 4178 Christo
2920 4132 3237 4178 meruerunt
3264 4137 3475 4177 sumere
3505 4123 3629 4177 vitae
3648 4163 3667 4189 ,

2264 4216 2399 4271 Cum
2430 4227 2639 4286 raptum
2671 4213 2860 4284 ignitis
2887 4229 2983 4282 per
3008 4214 3170 4269 inane
3194 4213 3465 4285 iugalibus
3488 4213 3668 4269 Helim

2269 4309 2630 4366 Scaudentent
2659 4306 2820 4361 rutilo
2849 4305 3097 4361 viderunt
3124 4305 3328 4361 aethera
3357 4321 3541 4361 curru.

2268 4401 2352 4453 An
2373 4398 2559 4451 aberat
2582 4406 2691 4450 tum
2721 4409 2850 4450 cura
2885 4396 3012 4461 Dei,
3042 4409 3167 4450 cum
3194 4395 3364 4449 effusa
3396 4409 3488 4463 per
3514 4407 3709 4447 omnes

2051 4463 2102 4522 D
2131 4489 2233 4545 350
2262 4489 2427 4560 799
2448 4486 2592 4543 Gens
2615 4485 2890 4541 hominum
2911 4485 3129 4554 culpas,
3153 4488 3368 4555 penitus
3396 4486 3591 4553 pietate
3622 4501 3708 4541 reo

2412 4578 2534 4633 licta
2555 4616 2573 4643 ,

2277 4672 2398 4725 Dira
2429 4669 2563 4724 toris
2591 4668 2770 4725 vetitis
2798 4676 3079 4738 generaret
3110 4677 3347 4723 monstra
3378 4668 3628 4737 gigantas

2276 4763 2365 4817 Illa
2394 4760 2607 4829 quidem
2638 4758 2823 4815 mundi
2849 4760 3073 4815 exitium
3106 4761 3326 4829 prmfata
3358 4760 3591 4814 futurum
3618 4801 3637 4825 ,

2278 4852 2541 4918 Tempora
2572 4850 2714 4917 larga
2743 4849 2921 4917 dedit,
2947 4850 3100 4921 queis
3128 4851 3183 4905 in
3215 4851 3433 4906 meliora
3462 4834 3673 4905 reducti

2282 4942 2563 5006 Mortales,
2591 4942 2854 4997 scelerum
2884 4943 3078 4997 seriem
3105 4942 3303 4996 virtute
3330 4943 3557 5011 piarcnt.

2139 5036 2242 5091 335
2270 5034 2509 5102 Cumque
2535 5031 2683 5086 nefas
2708 5031 2960 5100 placitum
2988 5040 3100 5086 toto
3128 5034 3441 5101 persisteret
3468 5030 3633 5094 orbe,

2128 5202 2286 5246 serto.

2198 5260 2323 5313 238.
2357 5267 2431 5311 tta
2461 5257 2631 5326 Lugd.
2656 5256 2858 5312 editio:
2887 5257 3006 5312 alia:
3030 5271 3157 5311 vero
3178 5298 3193 5322 ,
3229 5257 3358 5324 Qut!
3387 5267 3568 5321 posset.

2199 5330 2323 5383 516.
2357 5326 2447 5383 Sic
2489 5330 2624 5381 alias
2656 5343 2672 5380 :
2710 5337 2765 5381 et
2808 5327 3020 5395 quidem
3067 5328 3276 5381 meliori
3323 5344 3514 5391 sensu,
3546 5345 3716 5394 quam

2124 5416 2246 5455 cum
2282 5400 2469 5465 legiter
2494 5398 2546 5451 in
2577 5397 2907 5452 editionibus
2936 5396 3169 5461 nostris,
3200 5399 3463 5451 immenso.

2194 5468 2319 5525 527.
2355 5468 2408 5521 ld
2442 5477 2559 5533 est,
2596 5467 2820 5522 Heliam.

2195 5538 2318 5593 535.
2354 5537 2523 5607 Lugd.
2564 5549 2618 5592 et
2646 5536 2873 5605 Lovan.,
2916 5536 3140 5601 deducti,
3166 5551 3364 5609 prmter
3401 5542 3542 5607 leges
3582 5556 3715 5597 (χιιι.

2126 5626 2174 5664 In
2187 5626 2306 5663 Illis.
