3972 6176
270 204 367 261 625
1290 199 1572 256 (ῖΑιιιιεΝ
1611 200 1699 255 DE
1742 196 2199 252 l'l‘tOVlDl‘LNTIA
2241 197 2481 251 Dll'lNA.
3401 198 3502 256 02.0

400 314 502 369 Nec
532 312 635 369 nisi
665 312 865 369 diluvio
893 313 1064 370 deleri
1090 315 1315 370 crimina
1350 325 1565 383 possent
1590 353 1607 377 ,
1847 316 1895 371 Α
2064 307 2128 361 Ni
2160 307 2318 363 faciat
2339 351 2353 375 ,
2386 311 2569 366 multis
2598 310 2881 379 plectenda
2903 310 3154 379 superbia
3189 310 3399 380 plagis,

391 403 510 461 Sola
535 403 648 460 Noe
675 412 887 459 servata
917 404 1150 472 domus;
1180 421 1297 475 qua:
1328 404 1496 460 libera
1521 403 1690 459 cladis
1711 442 1726 466 ,
2064 402 2273 457 Sentiet
2298 403 2527 458 excitam
2550 419 2667 473 qua:
2692 405 2839 473 regni
2872 404 2950 458 vis
2974 404 3134 458 habet
3154 403 3310 457 iram.

390 496 664 552 Conclusis
688 497 903 566 paribus
928 499 1224 566 spirantum
1256 497 1322 552 de
1346 510 1544 566 genere
1569 496 1748 562 omni,
2073 490 2165 545 Ille
2189 492 2405 562 quidem
2434 496 2647 563 quoties
2669 499 2866 563 patitur
2895 496 3135 551 celestia
3159 494 3262 549 tela
3283 535 3305 563 ,

386 586 537 644 Unde
565 588 742 644 forent
769 590 953 645 vacuis
982 590 1278 661 reparanda
1309 588 1563 644 animalia
1592 588 1780 652 terris,
1924 586 2028 640 590
2066 584 2250 653 Cedit,
2275 597 2330 643 et
2347 587 2662 658 obsequium
2690 591 2939 656 simulat;
2970 592 3064 646 sed
3095 591 3247 647 clade
3274 600 3499 661 remota,

259 679 356 738 διο
379 680 543 734 lllzesa
569 719 584 746 ,
614 679 814 735 mundo
840 690 1098 750 pereunte
1118 723 1132 746 ,
1162 680 1432 750 superfuit
1459 695 1605 734 arca.
2070 676 2304 732 Duratur
2330 688 2580 747 parcente
2596 680 2728 745 Deo,
2754 696 2942 736 causas
2969 683 3223 751 pereundi

383 770 494 824 Non
523 770 644 839 quia
675 784 782 825 non
811 771 949 827 alios
975 772 1201 842 populos
1229 771 1370 827 Deus
1399 770 1565 826 edere
1594 778 1817 839 posset:
2064 767 2267 837 Impius
2288 769 2413 825 inde
2434 772 2669 837 trahens,
2693 786 2800 842 quo
2823 782 3003 841 posset
3024 774 3220 829 habere
3249 773 3503 830 salutem~

386 859 493 916 Sed
524 861 708 916 multis
737 861 941 917 fractus
971 864 1203 931 morbis,
1236 873 1293 916 ut
1321 862 1529 918 semine
1552 860 1621 915 ab
1646 862 1764 930 ipso
2064 857 2244 914 Donec
2276 859 2331 915 vi
2356 861 2531 916 victus
2560 862 2706 917 laxat
2732 862 2839 917 fera
2862 863 2980 931 jura
3005 873 3285 934 tyrannus,

383 950 526 1005 Idem
556 951 717 1007 homo
744 953 799 1007 in
824 952 1025 1008 Christi
1055 967 1252 1023 corpus
1280 954 1550 1009 nascendo
1576 955 1814 1017 veniret;
2064 948 2199 1003 Ditia
2228 949 2528 1007 barbaricis
2551 962 2606 1007 et
2629 952 2803 1008 Moses
2824 955 3033 1023 agmina
3049 955 3213 1024 gazis,

385 1040 556 1111 thue
586 1043 697 1097 Deo
720 1042 865 1112 justo
893 1044 1206 1099 meritorum
1232 1045 1413 1113 judice
1432 1089 1446 1114 ,
1478 1054 1684 1115 partam
1918 1038 2024 1094 595
2074 1039 2361 1096 Promovet
2385 1083 2401 1108 ,
2424 1042 2616 1113 insigni
2645 1044 2794 1098 sulco
2823 1054 3153 1100 monstrante
3181 1045 3425 1099 columna

251 1129 348 1187 5-55
370 1129 662 1187 Nossemus
692 1133 935 1201 requiem
965 1134 1163 1189 sanctis
1191 1134 1245 1189 in
1273 1136 1424 1191 clade
1452 1136 1739 1191 malorum.
2060 1134 2164 1188 Per
2184 1133 2394 1188 deserta
2420 1137 2561 1189 viam
2587 1151 2738 1206 :qua:
2751 1135 2977 1190 formam
2995 1137 3044 1188 in
3068 1146 3276 1202 tempus
3290 1144 3489 1187 utrum-

377 1221 568 1278 Nonne
595 1224 753 1277 etiam
784 1224 834 1277 in
866 1234 1103 1279 nostram
1138 1226 1345 1280 Domini
1370 1226 1478 1297 jam
1510 1237 1621 1281 tum
1655 1228 1814 1283 mise-
2265 1241 2370 1295 que

513 1317 682 1371 rentis
2058 1314 2349 1385 Temperat
2376 1356 2392 1381 ,
2415 1316 2623 1371 alterna
2647 1325 2704 1371 ut
2732 1317 2932 1372 tribuat
2960 1316 3074 1372 vice
3100 1315 3380 1371 commoda
3407 1330 3495 1370 ea-

373 1404 691 1475 Progeniem
718 1406 972 1463 tendebat
995 1422 1167 1476 amor,
1192 1422 1312 1464 cum
1339 1410 1588 1465 credulus
1611 1412 1807 1467 Abram
2270 1406 2428 1473 διτίεν

377 1496 663 1552 Multorum
684 1538 699 1564 ,
730 1499 971 1569 pariente
1000 1501 1106 1556 fide
1128 1543 1142 1566 ,
1175 1502 1387 1571 genitor
1418 1506 1735 1572 populorum
2056 1498 2198 1553 Luce
2240 1508 2447 1570 tegens,
2496 1511 2548 1555 et
2572 1509 2726 1555 nocte
2762 1514 2952 1571 regens
2971 1542 2987 1567 ,
3033 1500 3221 1556 eadem
3272 1499 3408 1570 ignis
3438 1506 3495 1553 et

377 1592 704 1647 Promissum
732 1608 901 1663 genus
932 1592 1225 1649 innumeris
1250 1596 1501 1650 censebat
1532 1599 1584 1650 in
1609 1597 1765 1651 astris
1782 1598 1807 1650 ἲ
2265 1593 2452 1646 umbra
2474 1632 2488 1656 ο

246 1682 338 1737 250
364 1681 674 1737 Autcumin
690 1682 1021 1753 Pentapolim
1037 1684 1385 1740 descenderet
1404 1686 1591 1755 igneus
1613 1687 1804 1755 imber,
1838 1680 1884 1739 Β
2055 1682 2211 1737 DlSCll
2224 1682 2360 1737 tiens
2386 1683 2614 1735 flammis
2638 1681 2917 1745 tenebras,
2940 1690 2992 1735 et
3023 1680 3165 1736 nube
3188 1682 3414 1736 calores.

372 1770 562 1825 Nonne
590 1772 739 1840 prius
768 1774 936 1827 multo
964 1773 1125 1827 dilata
1154 1775 1403 1829 examine
1434 1776 1579 1830 venit
1912 1773 2021 1828 400
2059 1774 2197 1839 Quid
2232 1774 2420 1843 loquar
2444 1783 2496 1828 et
2523 1773 2742 1843 trepidis
2767 1773 3005 1843 patribus
3044 1787 3167 1827 cum
3210 1774 3487 1828 incumbe.

372 1859 575 1915 Iudicis
603 1862 679 1915 ira
712 1861 829 1921 Dei,
880 1863 969 1932 qui
1002 1873 1275 1932 promptus
1302 1880 1525 1934 parcere
1548 1907 1563 1932 ,
1595 1867 1770 1922 nullas
2270 1877 2350 1920 ret
2372 1865 2562 1930 hostis,

368 1950 589 2006 Invenit
611 1966 802 2007 causas
828 1954 997 2008 venia:
1022 1970 1037 2020 ;
1068 1954 1241 2023 deque
1268 1956 1520 2010 omnibus
1552 1974 1715 2012 unum
2057 1954 2295 2009 Divisum
2329 1956 2567 2023 pelagus,
2596 1954 2873 2023 solidoque
2902 1955 3082 2022 rigore
3113 1954 3301 2024 ligatas
3420 2022 3423 2023 ν

370 2034 696 2099 Dissimilem
726 2043 979 2099 Sodomis
1011 2044 1216 2101 incesta
1252 2045 1305 2100 in
1336 2047 1494 2116 plebe
1522 2058 1798 2117 repertum
2052 2043 2225 2100 lnstar
2249 2046 2446 2099 montis
2475 2058 2663 2113 aquas,
2701 2057 2869 2097 vacuo
2891 2043 3121 2098 cessisse
3148 2041 3449 2113 profundo;

244 2129 333 2189 3:35
363 2130 595 2201 Exemit,
626 2136 881 2205 parvique
906 2136 1053 2192 dedit
1077 2137 1351 2192 dominutn
1379 2140 1614 2208 oppiduli
1640 2140 1817 2196 Loth?
2050 2138 2274 2205 Quaque
2293 2136 2518 2206 gradum
2542 2134 2709 2189 illaesa
2737 2135 2967 2189 tulerant
2992 2144 3068 2189 tot
3094 2134 3261 2189 millia
3291 2135 3482 2203 plebis,

367 2224 503 2281 Cum
524 2241 655 2282 vero
672 2227 960 2300 Egyptum
981 2229 1391 2299 Chananaeaque
1414 2248 1573 2300 regna
1598 2241 1805 2288 teneret
2051 2229 2380 2297 Oppressum
2411 2228 2629 2297 Egypti
2660 2227 2922 2297 populum
2945 2227 3264 2282 coeuntibus
3293 2228 3485 2281 undis?

369 2320 495 2373 Dira
527 2318 728 2387 fames,
755 2331 896 2376 totos
922 2332 1128 2391 septem
1162 2323 1439 2377 toleranda
1472 2339 1567 2392 per
1594 2339 1798 2389 annos,
1903 2322 2011 2377 405
2047 2322 2232 2375 Omnis
2258 2321 2399 2375 enim
2423 2319 2627 2374 auctori
2649 2320 2815 2374 servit
2846 2328 3035 2373 natura
3076 2317 3306 2387 potenti,

366 2408 714 2465 Praestruitur
742 2422 889 2466 certe
917 2412 1234 2481 patriarchis
1259 2429 1422 2468 causa
1453 2417 1763 2482 movendis,
2045 2415 2280 2484 Qumque
2307 2413 2373 2466 ad
2400 2427 2557 2482 Opem
2595 2411 2792 2467 cedunt
2817 2453 2833 2480 ,
2858 2411 3045 2467 eadem
3071 2411 3394 2465 famulantur
3416 2409 3485 2466 ad

363 2500 423 2554 Et
448 2499 649 2556 domus
674 2511 924 2558 externos
952 2503 1096 2559 inter
1126 2504 1383 2573 placitura
1416 2517 1657 2575 paratur,
2264 2506 2420 2559 iram.

240 2588 329 2644 360
355 2589 483 2657 Qua:
522 2591 714 2646 blande
744 2591 923 2649 foveat
950 2596 1127 2664 populi
1160 2596 1495 2651 incrementa
1524 2598 1684 2653 futuri
1710 2640 1727 2663 ,
2047 2595 2153 2652 Sed
2178 2596 2307 2649 mihi
2340 2611 2438 2650 nec
2460 2608 2685 2650 vacuum
2711 2602 2932 2649 cunctas
2952 2607 3263 2660 percurrere
3284 2591 3487 2648 formas

362 2680 589 2751 Mystica
620 2682 744 2736 dum
772 2682 973 2753 Josepli
1004 2685 1317 2754 prodentem
1346 2690 1550 2743 somnia
1583 2688 1779 2745 fratres
2052 2690 2344 2755 Virtutum,
2379 2702 2429 2745 et
2462 2690 2628 2758 gestis
2654 2690 2761 2742 oris
2792 2704 2898 2741 non
2927 2702 3075 2757 aequa
3100 2687 3340 2742 facultas.

360 2773 413 2828 lu
437 2769 661 2829 servu'm
685 2777 924 2831 vendunt
948 2777 1143 2845 pretio,
1168 2779 1466 2848 falluntque
1491 2790 1799 2849 parentem;
2045 2781 2175 2835 Nam
2204 2783 2320 2851 quis
2353 2790 2616 2836 tantarum
2638 2782 2849 2836 evolvat
2878 2779 3133 2833 miracula
3164 2793 3365 2839 rerum,

357 2865 498 2920 Dum
524 2875 730 2921 castum
754 2867 988 2924 domina:
1010 2870 1300 2938 petulantia
1322 2885 1541 2926 carcere
1562 2873 1799 2940 damnat;
1905 2875 1935 2927 4
1953 2874 2010 2928 lt)
2037 2876 2241 2929 Manna:
2267 2875 2525 2940 imbrem,
2542 2883 2843 2931 etcunctos
2867 2875 2920 2928 in
2939 2874 3059 2930 cmli
3082 2889 3218 2943 pane
3238 2887 3483 2942 sapores,

362 2956 497 3011 Dom
531 2972 623 3011 rex
653 2958 864 3013 obscuri
896 2968 1114 3015 narrato
1142 2963 1426 3031 aenigmate
1455 2966 1629 3016 somni
1651 3004 1666 3029 ,
2047 2968 2216 3022 Siccae
2238 2968 2385 3037 rupis
2414 2982 2636 3038 aquam,
2666 2977 2721 3022 et
2755 2966 3026 3021 dulcorem
3055 2963 3216 3019 fontis
3238 2961 3405 3016 amari
3430 3004 3445 3028 ,

235 3043 325 3101 565
359 3049 682 3116 Exemptum
715 3058 887 3105 vatem
917 3051 1165 3121 dignatur
1195 3054 1401 3108 honore
1432 3055 1673 3110 secundo
1698 3072 1714 3121 ;
1828 3047 1873 3109 C
2046 3058 2152 3114 Aut
2182 3058 2322 3130 inter
2349 3059 2563 3115 deserta
2592 3067 2741 3114 actos
2768 3058 2935 3115 denos
2961 3066 3153 3127 quater
3181 3070 3375 3118 annos.

356 3138 610 3208 Dumque
636 3141 739 3209 piis
770 3142 1008 3197 traducta
1035 3143 1174 3197 dolis
1203 3144 1428 3199 Hebraea
1455 3146 1707 3214 juventus
1726 3190 1741 3215 ,
2040 3150 2150 3205 Nec
2166 3150 2425 3205 membris
2453 3149 2706 3205 nocuisse
2722 3164 2860 3216 aevo,
2890 3164 2990 3205 nec
3015 3147 3254 3203 vestibus
3277 3145 3413 3201 usu?

351 3229 570 3285 Gaudet
598 3231 878 3286 adoratum
912 3234 1063 3289 venia
1097 3250 1429 3304 cognoscere
1459 3238 1704 3294 fratrem.
2116 3245 2137 3267 '
2175 3242 2336 3298 LEGIS
2361 3241 2414 3296 in
2448 3242 2756 3311 exemplum
2783 3240 2939 3311 juvat
2960 3238 3395 3309 ire,etqu:erere
3418 3236 3483 3290 ab

353 3320 451 3387 Qui
493 3336 621 3375 cum
658 3322 823 3378 multa
863 3324 1052 3379 insons
1090 3324 1254 3381 ferret
1294 3330 1463 3393 mala,
1498 3346 1677 3387 nonne
1716 3350 1796 3386 re-
2252 3334 2386 3401 ipsis

490 3423 699 3467 ωοιυω
726 3455 742 3480 ο
1895 3424 2002 3479 M5
2040 3424 2139 3492 Qui
2189 3438 2371 3479 curam
2401 3424 2607 3478 Domini
2649 3430 2969 3487 removent,
3001 3436 3069 3475 an
3125 3429 3369 3489 tempore
3413 3418 3483 3474 ab

354 3501 575 3576 Resque
603 3505 881 3562 hominum
913 3506 1290 3579 dedignantem
1320 3512 1583 3580 potuisset
1613 3514 1798 3585 inepto
2252 3518 2345 3572 illo

230 3588 320 3646 570
346 3594 605 3651 lncusare
635 3596 805 3652 Deum
832 3607 1025 3668 questu
1044 3643 1060 3668 ,
1092 3600 1196 3656 nisi
1222 3615 1411 3657 cuncta
1446 3604 1728 3673 profundis
2044 3608 2286 3677 Creperit
2306 3607 2569 3661 humanas
2596 3606 2648 3660 in
2670 3605 2796 3660 vita:
2826 3604 3029 3661 fmdera
3053 3613 3264 3657 mentes

351 3684 549 3742 lodice
574 3687 672 3742 sub
697 3688 841 3755 justo
869 3690 1062 3746 scisset
1086 3691 1376 3748 decurrere
1401 3696 1622 3749 causis?
2044 3697 2340 3752 lnlormare
2374 3698 2542 3761 Deus;
2566 3708 2666 3748 uec
2690 3708 2786 3763 per
2818 3702 2893 3747 tot
2922 3692 3115 3746 smcula
3144 3692 3325 3744 mundi

352 3781 483 3846 Quae
518 3780 655 3837 licet
683 3782 879 3837 infidas
906 3784 1120 3839 soleant
1146 3785 1480 3841 confundere
1512 3799 1757 3852 mentes;
2041 3787 2322 3842 Permotus
2352 3786 2499 3841 vitiis
2523 3826 2539 3851 ,
2570 3794 2698 3840 tunc
2721 3784 2809 3853 jus
2838 3783 3214 3853 perscripserit
3241 3798 3474 3850 :nquttm.

352 3872 463 3926 Non
492 3881 729 3942 possunt
756 3873 974 3928 turbare
1006 3874 1121 3944 pias
1140 3916 1157 3942 ,
1185 3877 1307 3946 quia
1339 3888 1580 3945 tempore
1612 3880 1663 3932 in
1695 3880 1797 3933 isto
2038 3878 2312 3947 lte,ipsiin
2341 3889 2537 3933 vestra:
2565 3877 2860 3946 penetralia
2891 3876 3111 3939 mentis.
3145 3887 3200 3931 et
3229 3876 3371 3930 intus

354 3963 475 4018 llazc
508 3964 683 4034 posita
709 3974 794 4021 est
820 3967 989 4021 virtus
1007 4007 1021 4031 ,
1051 3977 1108 4022 ut
1136 3969 1385 4023 libertate
1412 3971 1640 4039 potitos,
1899 3970 2002 4025 ΩΟ
2038 3969 2241 4024 lncisos
2270 3969 2472 4038 apices,
2501 3983 2564 4023 ac
2584 3969 2781 4036 scripta
2814 3964 3087 4021 volumina
3110 3966 3288 4020 cordis

231 4053 325 4109 575
355 4056 566 4127 Exiguo
592 4057 646 4112 in
674 4058 882 4127 spatio,
908 4060 1040 4128 justi
1072 4062 1346 4129 patiantur
1376 4064 1616 4133 iniquos,
2038 4060 2312 4130 Inspicite,
2341 4069 2396 4115 et
2423 4060 2656 4129 genitam
2672 4057 2952 4111 vobiscum
2981 4058 3254 4126 agnoscite
3282 4055 3472 4124 legem.

352 4148 499 4212 Quos
532 4147 678 4203 Deus
708 4150 830 4220 ipse
860 4152 1023 4207 modo
1052 4153 1220 4207 dilata
1250 4155 1482 4210 sustinet
1512 4156 1613 4209 ira.
2037 4151 2169 4207 Nam
2197 4149 2317 4221 quis
2342 4149 2463 4214 erit,
2488 4148 2647 4203 modo
2680 4164 2785 4202 non
2817 4162 2978 4217 pecus
3008 4146 3147 4218 agri,
3175 4156 3263 4200 aut
3295 4145 3481 4199 bellua
3551 4198 3569 4213 ,

353 4236 411 4291 Si
438 4253 578 4308 gens
604 4239 765 4295 chara
798 4242 938 4307 Deo,
966 4252 1021 4298 et
1049 4258 1194 4299 saevo
1218 4255 1470 4314 suspecta
1504 4256 1755 4315 tyranno,
2244 4242 2416 4312 pomi.

352 4329 616 4399 lnjustum
645 4333 924 4402 imperium
956 4337 1098 4407 regis
1131 4337 1389 4392 tolerabat
1420 4340 1599 4393 acerbi
1629 4356 1645 4405 ;
1825 4404 1855 4407 ξ
2035 4336 2134 4402 Qui
2164 4336 2310 4389 vitiis
2339 4333 2477 4388 adeo
2504 4331 2699 4386 stolide
2722 4330 3018 4385 oblectetur
3039 4328 3259 4397 apertis,

354 4419 663 4477 Maestarnm
691 4433 744 4479 et
772 4436 1001 4481 matrum
1026 4404 1138 4481 fetu
1168 4430 1375 4497 potiore
1402 4404 1635 4497 necato,
1818 4404 1871 4465 D
2036 4428 2108 4483 Ut
2134 4426 2276 4497 quod
2299 4427 2427 4494 agit,
2453 4426 2579 4479 velit
2611 4424 2725 4491 ipse
2753 4420 2894 4490 pati?
2921 4419 3193 4473 Mendacia
3217 4417 3399 4484 fallax,

225 4504 318 4565 380
341 4509 657 4569 Condensas
677 4514 858 4586 [Forte
876 4517 1222 4590 Condendas]
1243 4520 1424 4589 jussos
1444 4521 1642 4576 lateres
1664 4537 1796 4592 prm-
1894 4522 2002 4579 425
2040 4522 2203 4578 Furta
2245 4535 2409 4588 rapax
2430 4560 2447 4586 ,
2481 4519 2736 4572 furiosum
2773 4523 2956 4580 atrox,
2991 4511 3254 4565 homicida
3282 4525 3475 4565 eruen-

494 4606 659 4660 bebat
684 4608 750 4662 ad
780 4609 971 4675 urbes,
2247 4620 2365 4663 tum
2548 4666 2559 4671 ν,

385 4700 550 4771 80],
594 4700 659 4757 Ut
690 4702 858 4758 durus
890 4704 1041 4760 labor
1064 4745 1081 4770 ,
1125 4714 1177 4760 et
1224 4718 1385 4759 saevae
1442 4704 1790 4761 inclementia
2034 4702 2301 4765 Damnat,
2325 4700 2456 4754 etin
2486 4695 2757 4751 moechum
2789 4693 2996 4765 gladios
3023 4692 3293 4763 distringit
3320 4691 3473 4747 adul-

571 4800 778 4859 tnortis,
2250 4801 2353 4846 ter.

354 4886 555 4940 Omnes
584 4886 839 4941 terribilis
860 4888 1037 4956 populi
1079 4896 1425 4943 consumeret
1456 4903 1645 4943 annos.
2038 4900 2057 4935 ι
2105 4882 2255 4939 Unus
2294 4879 2440 4936 enim
2493 4888 2645 4949 pater
2672 4886 2756 4932 est
2794 4885 3132 4942 cunctorum,
3179 4881 3233 4929 et
3261 4875 3474 4930 semine

359 4978 466 5031 Sed
500 4995 606 5032 non
636 4980 733 5033 ista
761 4981 869 5034 Deo
896 4982 1135 5050 patribus
1164 4981 1306 5033 illata
1340 4990 1572 5043 remoto,
2282 4976 2419 5032 recti

357 5070 475 5139 lpse
503 5070 692 5137 docet,
726 5087 1016 5141 curamque
1031 5071 1133 5126 sibi
1164 5072 1347 5141 prohat
1366 5086 1486 5126 esse
1514 5087 1755 5127 suorum.
2041 5090 2061 5122 ι
2098 5069 2267 5125 Nemo
2287 5078 2456 5135 caret,
2487 5066 2790 5132 similisque
2802 5077 2993 5119 omnes
3012 5060 3262 5131 produxit
3289 5057 3465 5127 origo.

222 5158 321 5215 385
357 5161 490 5216 Nam
514 5164 666 5233 jubet
685 5164 916 5219 electum
946 5164 1209 5217 Pharaoni
1232 5162 1447 5217 edicere
1468 5165 1652 5218 Mosen
1679 5202 1695 5229 ,
2044 5180 2062 5213 ι
2111 5159 2262 5216 Unde
2287 5159 2488 5214 etenim
2508 5200 2523 5227 ,
2578 5156 2814 5211 nondum
2870 5152 3139 5222 descripta
3186 5151 3335 5221 lege,
3356 5147 3471 5203 fue-

358 5250 431 5309 Ut
450 5253 594 5308 sinat
621 5254 855 5326 Egypto
888 5253 1092 5308 Domini
1118 5253 1395 5308 discedere
1417 5253 1649 5322 plebem.
2252 5259 2380 5305 runt

289 5410 311 5432 '
333 5409 517 5466 CAPUT
549 5412 629 5466 Vl.
656 5412 903 5478 Exempla
930 5409 1259 5482 providentia:
1286 5405 1381 5459 Dei
1409 5407 1464 5460 in
1486 5405 1777 5482 (legerere;
1882 5426 2006 5482 runt
2027 5410 2474 5482 annuntirwerunt.

225 5484 469 5549 naturalis
494 5485 723 5537 erunibus
749 5474 943 5536 innata:
978 5482 1098 5534 Non
1124 5482 1178 5533 in
1202 5482 1311 5532 sola
1323 5486 1467 5549 gente
1484 5474 1777 5549 Israelitico
1952 5480 2079 5534 H8.
2120 5480 2315 5549 Lugd.,
2343 5479 2547 5549 Lovan.
2574 5486 2628 5532 et
2666 5476 2828 5529 Duae.
2880 5474 3041 5549 editi,
3094 5477 3448 5548 perstrinxerit

227 5546 426 5619 effectus
472 5555 795 5617 providentia:
850 5552 959 5605 Dei.
994 5551 1137 5604 Mens
1167 5548 1426 5619 speculum
1454 5556 1527 5599 est
1554 5547 1692 5619 quod
1713 5547 1777 5612 [ἳ-
1882 5549 2071 5606 Colon.
2102 5546 2223 5605 cuni
2248 5547 2637 5605 recentioribus
2657 5591 2670 5616 ,
2705 5547 3094 5617 praescripserit.

229 5618 310 5669 des
339 5618 525 5675 Christi
548 5628 710 5693 tergit.
742 5624 847 5677 Lex
872 5633 919 5675 et
945 5617 1203 5689 prophetae
1248 5618 1503 5673 Christum
1556 5617 1778 5670 nascitu-
