4040 6178
463 280 566 337 ιε’]

487 386 555 435 50
603 405 620 438 ι
669 384 767 453 Qui
839 387 1100 456 placidum
1155 387 1354 441 sanctis
1406 397 1628 456 agerent
1687 389 1736 440 in
1789 387 2101 447 tnurihusA

809 493 978 531 mvum
1001 495 1016 544 ;

601 586 622 620 ι
667 568 773 623 Nec
801 569 992 623 suntmi
1016 569 1182 639 patris
1204 570 1394 639 ignari,
1425 570 1674 639 necjuris
1696 571 1868 639 egeni.

592 661 755 731 803
799 679 816 712 t
868 662 1004 729 Ergo
1027 678 1215 715 omnes
1238 663 1411 716 tmain
1432 662 1538 716 vita
1566 679 1685 715 cum
1724 662 1835 732 lege
1858 661 2022 715 creati

599 767 620 800 ε
671 750 952 810 Venimus,
985 761 1038 804 et
1063 753 1206 805 libris
1243 752 1508 820 gerimus,
1539 768 1656 820 quae
1701 753 1913 806 condita
1961 753 2026 806 li-

802 840 933 896 bris.

599 950 617 983 t
664 931 773 986 Nec
798 949 928 985 nova
952 950 1077 988 cura
1100 935 1196 988 luit
1226 938 1418 999 nostri,
1451 951 1571 989 cum
1606 934 1794 989 tradita
1825 935 1951 990 Mosi

451 1024 555 1082 435
596 1045 613 1078 t
664 1028 858 1082 Ltttera
885 1032 1132 1097 praisenti
1162 1030 1441 1084 damnaret
1471 1031 1694 1083 crimina
1723 1045 1902 1098 poena.

596 1135 616 1169 ι
646 1118 766 1180 Sed
799 1135 960 1188 super
982 1121 1188 1188 adjecta
1221 1129 1302 1174 est
1322 1121 1503 1191 generi
1528 1121 1766 1174 custodia
1799 1130 2022 1186 sancto;

599 1227 616 1262 ι
661 1210 776 1275 Qua
799 1225 1002 1265 memor
1032 1212 1082 1264 itt
1116 1212 1301 1280 patria:
1334 1211 1454 1266 lidei
1489 1221 1759 1280 perstaret
1783 1216 1986 1268 honore
2007 1253 2021 1278 ,

593 1315 612 1348 ι
661 1300 727 1352 Et
758 1301 1144 1369 promissorum
1176 1301 1387 1355 Domini
1420 1304 1735 1357 succederet
1757 1302 1949 1356 haeres.

594 1406 613 1442 ι
658 1388 789 1445 Cum
815 1400 992 1446 tamen
1022 1402 1076 1447 et
1102 1407 1470 1462 quoscumque
1505 1395 1696 1448 eadem
1740 1395 1840 1447 sub
1869 1408 2021 1448 sacra

804 1481 987 1538 liceret

445 1573 549 1626 ut)
597 1590 614 1626 t
662 1573 763 1641 lre,
796 1591 895 1630 nec
918 1588 1174 1633 externos
1195 1587 1441 1633 arcerent.
1469 1579 1650 1633 limina
1681 1580 1862 1650 templi
1901 1598 1913 1633 :
1945 1601 1961 1632 ›

585 1668 825 1738 Cumque
852 1668 945 1724 Dei
969 1670 1173 1724 monitu
1199 1682 1455 1727 canerent
1475 1683 1695 1726 ventura
1722 1673 2016 1742 prophetze,

584 1762 740 1828 Smpe
767 1759 928 1815 etiam
954 1761 1018 1815 ad
1045 1764 1218 1816 varias
1238 1772 1426 1833 gentes
1449 1764 1557 1818 sint
1589 1765 1945 1818 multaluculi.

580 1850 669 1906 Sic
701 1853 884 1923 regina
914 1858 1096 1910 Austri
1122 1857 1352 1926 cupidis,
1382 1857 1684 1912 Salomonis
1705 1858 1772 1911 ab
1796 1873 1922 1923 ore,

580 1944 814 1998 Auribus
863 1945 1133 2015 eloquium
1162 1948 1369 2002 Domini
1396 1959 1648 2004 venerata
1674 1949 1943 2004 trahebat.

439 2035 544 2089 415
583 2035 671 2089 Sic
699 2035 892 2092 Ninive
924 2038 1141 2092 monitis
1170 2038 1317 2093 Jonas
1340 2042 1440 2095 sub
1457 2050 1700 2110 tempore
1724 2042 1891 2096 cladis

580 2125 820 2182 Credidit
845 2147 857 2182 :
882 2140 934 2183 et
959 2129 1129 2184 tribus
1161 2131 1211 2184 in
1244 2132 1386 2186 lucttt
1407 2133 1592 2201 jejuna
1624 2133 1836 2199 diebus,

579 2218 883 2276 Promeruit
908 2237 1111 2276 morum
1135 2222 1345 2278 excidio
1373 2226 1669 2280 consistere
1684 2241 1870 2294 regno.

577 2309 775 2365 Verum
805 2327 870 2367 ne
902 2312 1060 2382 lungo
1089 2329 1342 2370 sermone
1372 2330 1646 2371 moremur
1668 2317 1720 2370 in
1754 2318 1870 2371 istis
1892 2361 1905 2380 ,

574 2403 703 2471 Quae
732 2406 962 2474 sparsim
993 2408 1243 2479 varieque
1266 2410 1378 2463 suis
1406 2419 1530 2466 sunt
1550 2409 1692 2465 edita
1723 2414 1931 2468 saeclis:

433 2492 538 2549 450
574 2494 716 2550 Neve
744 2497 885 2565 qttod
928 2500 977 2550 in
1017 2509 1164 2568 parte
1184 2509 1296 2566 est,
1327 2502 1378 2555 in
1399 2510 1512 2556 toto
1533 2503 1653 2573 quis
1683 2519 1842 2576 neget
1866 2525 2010 2574 esse,

579 2589 711 2643 Dum
741 2592 965 2645 solidam
996 2593 1205 2647 Domini
1231 2594 1400 2649 divisa
1431 2599 1641 2666 negotia
1675 2616 1858 2655 curam

576 2679 787 2746 Velant,
816 2693 870 2737 et
900 2683 1046 2738 nulla
1077 2684 1339 2753 accipitur
1366 2702 1484 2757 quze
1517 2703 1638 2743 rara
1662 2691 1901 2757 videtur;

579 2785 599 2823 α
645 2768 816 2826 Dicite
841 2787 999 2842 quem
1025 2774 1299 2843 populum,
1325 2791 1428 2846 qua
1457 2778 1641 2832 mundi
1672 2779 1723 2832 itt
1749 2793 1898 2850 parte
1929 2798 2012 2838 re-

855 2873 1081 2931 motum,

575 2971 596 3008 ε
640 2952 856 3024 Quosve
894 2955 1162 3025 homines,
1189 2957 1344 3030 cujus
1371 2962 1606 3032 generis,
1639 2964 1721 3019 vel
1750 2967 2011 3020 conditio-

857 3063 940 3102 HIS

1087 273 1144 328 S.
1184 271 1516 327 PliOSPERl
1556 270 1879 337 AQUITANI
1920 273 2148 327 OPEIU
2194 271 2510 327 lNCERTIE
2550 268 3074 328 AUCTURITATIS.

3601 267 3705 330 653

2271 385 2326 439 Si
2358 401 2586 440 cernens
2612 399 2834 453 operum
2858 383 3113 438 miracula
3133 381 3456 447 divinorum,

2267 479 2536 548 Suspicias
2583 479 2702 533 sine
2743 491 2906 532 carne
2938 477 3137 541 Deum;
3167 489 3361 531 eumve
3399 476 3574 529 omnia
3609 490 3702 529 no-

2478 569 2577 625 stri

2266 659 2521 727 Corporis
2541 674 2826 729 agnoscas,
2852 659 3126 714 hominem
3169 657 3289 714 sine
3323 657 3553 714 Numine
3589 673 3705 713 cre-

2477 752 2598 806 das.

2128 841 2232 896 480
2279 839 2431 894 Nulla
2459 842 2659 896 etenim
2687 842 2789 896 soli
2827 842 2930 897 vita
2958 850 3043 897 est
3073 840 3205 896 mihi
3227 884 3244 911 ,
3276 855 3529 912 morsque
3577 842 3708 896 sub-

2480 945 2656 987 actum

2267 1023 2515 1089 Detinet;
2538 1036 2592 1082 et
2614 1042 2718 1081 non
2741 1034 2825 1081 est
2840 1041 2946 1096 quo
2972 1028 3146 1082 victus
3166 1027 3380 1082 vincere
3410 1030 3628 1096 possim,

2272 1116 2324 1171 Si
2351 1132 2456 1170 non
2485 1133 2610 1171 vera
2644 1118 2736 1171 Dci
2763 1119 2932 1172 virtus
2955 1119 3082 1172 mihi
3107 1120 3412 1173 consociata
3441 1129 3524 1174 est
3545 1161 3562 1186 ,

2266 1208 2430 1279 305
2469 1208 2576 1262 Aut
2605 1223 2691 1262 me
2721 1223 2826 1262 non
2859 1224 2984 1263 vera
3014 1209 3260 1264 Salvator
3284 1223 3448 1263 carne
3479 1209 3703 1277 recepit,

2266 1296 2429 1367 Cujus
2457 1301 2708 1368 maiestas
2738 1301 2945 1355 stabilis
2975 1315 3082 1356 non
3113 1302 3214 1357 hoc
3243 1303 3489 1368 violatur,

2126 1388 2233 1445 485
2271 1390 2388 1458 Quo
2418 1391 2682 1456 redimor;
2728 1408 2899 1462 neque
2925 1408 2982 1447 se
3012 1395 3188 1446 minor
3215 1402 3327 1458 est,
3359 1393 3486 1447 dum
3527 1403 3704 1447 mutor

2482 1483 2534 1536 in
2567 1483 2687 1548 illo;

2268 1575 2372 1631 Sed
2405 1576 2636 1631 mortale
2677 1591 2854 1631 meum
2879 1575 3054 1644 subit,
3083 1586 3142 1632 ut
3169 1575 3288 1645 quia
3321 1586 3493 1631 morte
3531 1578 3702 1632 teneri

2267 1667 2381 1721 Vita
2415 1668 2626 1736 nequit,
2656 1675 2842 1737 pereat
2871 1667 2999 1722 mihi
3033 1681 3198 1736 mors,
3230 1676 3284 1722 et
3319 1681 3425 1722 non
3455 1682 3555 1737 ego
3589 1667 3700 1738 jam

2485 1760 2535 1812 in
2567 1775 2655 1814 nte

2268 1849 2472 1917 Vivam,
2506 1850 2600 1905 sed
2630 1848 2874 1905 Christus
2896 1893 2911 1919 ,
2942 1851 3032 1920 qui
3055 1867 3114 1907 se
3141 1851 3273 1906 mihi
3295 1850 3509 1906 miscuit
3536 1851 3586 1906 in
3615 1865 3698 1906 se.

2267 1941 2452 1997 Victus
2473 1942 2614 1998 enim
2639 1951 2887 1998 terrenus
2911 1944 3103 2009 Adam,
3129 1943 3414 1998 transfodit
3435 1945 3489 1998 in
3509 1959 3695 1997 omnes

2119 2034 2226 2091 490
2264 2036 2488 2091 Mortem
2522 2036 2789 2103 homines,
2821 2038 3072 2107 quoniam
3101 2034 3280 2092 cuncti
3305 2045 3597 2093 nascuntur
3626 2038 3696 2090 ab

2469 2130 2582 2199 illo,

2261 2222 2325 2276 Et
2355 2222 2765 2292 transgressoris
2789 2221 3029 2277 decurrit
3056 2236 3214 2278 causa
3242 2221 3497 2292 parentis.

2258 2315 2364 2370 Sed
2397 2330 2564 2369 novus
2595 2331 2625 2370 e
2647 2315 2800 2370 cmlis
2830 2332 2924 2383 per
2956 2331 3123 2369 sacra:
3152 2315 3384 2383 Virginis
3413 2316 3584 2368 alvum

2259 2407 2425 2462 Natus
2456 2408 2616 2460 homo
2638 2416 2739 2472 est,
2765 2407 3020 2475 aliudque
3043 2407 3211 2461 bonus
3230 2405 3538 2460 mortalibus
3561 2407 3614 2458 in
3633 2419 3692 2459 se

2260 2496 2408 2552 Fecit
2433 2497 2774 2567 principium,
2797 2512 3123 2565 carnemque
3145 2497 3356 2551 refusus
3381 2498 3431 2550 in
3454 2512 3688 2560 omnem,

2113 2587 2220 2645 495
2258 2590 2319 2644 Et
2349 2591 2453 2643 vita
2483 2590 2711 2658 functos,
2746 2602 2989 2644 naturam
3022 2589 3416 2658 participando,

2261 2679 2466 2744 Edidit,
2495 2689 2550 2735 et
2576 2681 2752 2747 vivos,
2781 2683 2942 2736 vitam
2973 2682 3246 2746 mutando,
3273 2683 3490 2736 creavit.

2257 2770 2431 2838 thue
2460 2773 2577 2826 illos
2603 2782 2848 2826 veterum
2875 2773 3154 2841 complexa
3178 2782 3260 2825 est
3288 2773 3454 2842 gratia
3475 2772 3618 2828 solos

2251 2862 2351 2928 Qui
2381 2861 2655 2917 Christum
2685 2863 2865 2918 videre
2897 2863 3035 2929 lide;
3064 2864 3141 2918 sic
3170 2872 3408 2934 tempore
3435 2873 3616 2918 nostro

2255 2952 2374 3008 Non
2429 2967 2656 3008 renovat
2693 2969 3014 3024 quemquam
3049 2954 3299 3010 Christus
3322 2995 3339 3024 ,
3389 2955 3490 3010 nisi
3527 2956 3689 3010 corde

2473 3057 2738 3116 receptus.

429 3140 534 3196 455
580 3156 599 3192 α
645 3139 885 3209 Neglein
912 3143 1118 3197 salvare
1149 3141 1307 3198 Deus.
1368 3145 1482 3212 Vir,
1512 3146 1730 3211 femina,
1766 3166 1973 3216 servus,
2038 3124 2082 3186 C
2117 3142 2225 3198 £00
2264 3142 2365 3208 En,
2392 3142 2574 3210 homo,
2597 3153 2791 3212 quanta
2815 3139 2905 3198 tibi
2931 3152 3012 3196 est
3031 3142 3197 3210 gratis
3215 3144 3407 3199 collata
3431 3149 3684 3211 potestas.

575 3249 592 3283 t
639 3231 834 3302 Liber,
864 3234 1112 3301 Judaeus,
1144 3234 1396 3308 ercus,
1430 3239 1657 3311 Scytha,
1705 3242 1971 3298 Barbarus
1992 3289 2008 3316 ,

853 3337 1041 3378 omnes

574 3428 592 3462 ι
640 3411 697 3466 1η
720 3411 934 3468 Christo
954 3430 1140 3469 sumus
1154 3433 1348 3474 unum:
1371 3434 1475 3473 non
1500 3435 1727 3489 persona
1753 3427 2005 3492 potentis,

573 3521 591 3556 ι
644 3504 754 3560 Nec
782 3505 1006 3568 domini,
1028 3507 1238 3577 regisve
1268 3509 1414 3578 prior
1436 3513 1726 3578 ;'distantia
1757 3517 1897 3570 nulla

573 3611 592 3645 ι
651 3594 892 3650 Luminis
922 3599 1102 3668 unius,
1137 3602 1337 3670 speculi
1361 3601 1462 3656 nisi
1495 3604 1931 3674 discrepetusus.
1963 3631 1981 3663 ι

423 3681 529 3739 ALO
575 3683 814 3756 Namque
867 3687 1014 3742 velut
1068 3691 1348 3757 Speculum
1407 3707 1558 3748 mens
1609 3708 1715 3760 est,
1749 3713 1868 3766 qua:
1897 3715 2006 3769 quo

779 3793 931 3848 mage
961 3789 1095 3834 tersa
1119 3791 1220 3838 est.

566 3867 890 3937 Expoliente
920 3872 1044 3945 (ide,
1079 3874 1350 3944 radiisque
1382 3877 1583 3931 intenta
1614 3884 1884 3949 supernis,

561 3958 676 4014 Hoc
702 3975 858 4031 mage
893 3964 1124 4018 confessi
1158 3968 1470 4034 reSplendet
1500 3969 1729 4038 imagine
1758 3974 1958 4027 Cltt'iSti
1984 3993 1995 4027 :

559 4050 661 4115 Qui
686 4065 810 4104 cum
845 4052 999 4106 Patre
1022 4053 1131 4106 Deo
1157 4070 1371 4126 semper
1389 4061 1562 4125 Deus;
1591 4063 1750 4130 inque
1782 4075 2001 4133 paterna

561 4142 834 4212 Maiestate
864 4161 1109 4214 manens,
1145 4150 1402 4205 miscetur
1423 4154 1714 4208 conditioni

345 4237 358 4244 ”
415 4233 523 4288 405
556 4234 913 4290 llumantezet
936 4235 1166 4291 Verbum
1191 4253 1317 4293 caro
1341 4243 1420 4308 lit,
1454 4257 1746 4312 rerumque
1774 4247 2000 4301 Creator

557 4328 826 4400 Nascitur,
853 4341 1016 4402 atque
1044 4331 1204 4387 armis
1233 4337 1476 4390 succedit
1497 4340 1742 4392 conditor
1766 4342 1889 4394 aevi.

559 4422 672 4476 lloc
694 4423 892 4477 etenim
910 4424 1015 4492 lex,
1037 4424 1136 4479 hoc
1163 4429 1467 4482 veneranda
1493 4430 1762 4484 volumina
1793 4444 1994 4498 vatum,

557 4511 670 4568 Hoc
695 4516 1129 4584 patriarcharum
1150 4533 1275 4586 spes
1298 4535 1404 4573 non
1435 4519 1640 4576 incerta
1674 4525 1924 4579 tenebat:

555 4600 753 4659 Ultima
783 4619 903 4660 cum
929 4608 1110 4662 mundi
1138 4609 1296 4664 linem
1319 4626 1488 4680 prope
1507 4625 1750 4669 curreret
1773 4628 1924 4678 aetas,

410 4690 518 4748 470
558 4691 849 4750 Venturum
879 4696 944 4749 ad
973 4705 1183 4754 terrena
1214 4699 1408 4771 Deum,
1457 4704 1548 4773 qui
1573 4717 1746 4760 morte
1790 4721 2001 4775 perem-

769 4796 879 4858 pta.

500 4913 506 4920 -
549 4877 796 4936 Solveret
814 4879 1008 4936 inferni
1040 4883 1207 4954 leges,
1243 4885 1563 4958 longamque
1593 4890 1800 4945 ruinam

551 4971 781 5031 Humani
807 4975 1044 5045 generis,
1068 4977 1290 5034 meliore
1317 4982 1583 5037 attolleret
1600 4993 1741 5037 ortu.

618 5066 642 5090 '
682 5062 795 5123 Sno
817 5074 872 5120 tu
901 5067 990 5137 qui
1038 5069 1305 5138 geminam
1355 5083 1606 5127 naturam
1655 5074 1995 5144 hominisque

767 5155 975 5228 Deique

547 5244 880 5305 Convenisse
909 5248 1060 5308 vides
1087 5250 1300 5323 angusti
1328 5252 1379 5307 in
1407 5253 1639 5308 tramitis
1662 5270 1776 5317 ora,

403 5335 513 5394 475
555 5337 737 5395 Firma
762 5349 886 5397 tene
913 5351 1102 5399 cautus
1129 5344 1375 5416 vestigia,
1406 5361 1474 5400 ne
1506 5346 1864 5414 trepidantem

542 5431 873 5492 Alterutram
902 5437 953 5492 in
977 5447 1183 5508 partem
1208 5481 1221 5502 ,
1249 5441 1511 5511 propellat
1538 5442 1726 5496 devius
1747 5456 1902 5496 error
1929 5460 1944 5495 :

475 5570 493 5590 ‘
522 5563 702 5641 CAPUT
733 5565 844 5623 VH.
896 5567 1090 5623 Contra
1123 5571 1423 5641 Eutychem,
1475 5572 1538 5625 de
1589 5568 1978 5626 Incarnatione.

405 5637 675 5710 Neminen:
710 5641 961 5710 saluatum
991 5637 1243 5710 umquam'
1261 5643 1370 5695 sine
1395 5643 1498 5710 ﬁde
1527 5641 1716 5695 Christi
1745 5642 1984 5694 incarna-

405 5656 675 5691 neminem
710 5656 961 5692 mutatum
991 5657 1021 5693 ιι
1113 5656 1230 5696 nam
1261 5658 1370 5695 stne
1395 5656 1498 5710 [tae
1527 5656 1716 5695 Lnrmt
1745 5657 1978 5694 incarna-

404 5708 577 5762 tionis.
619 5705 729 5762 Lex
762 5656 1229 5778 obseruatunzcilis
1269 5729 1360 5781 per
1405 5714 1626 5780 gratiam
1653 5710 1865 5779 Christi,
1889 5714 1978 5780 qui

2268 3251 2284 3284 ι
2322 3233 2494 3288 Filius
2524 3249 2645 3288 esse
2677 3235 2795 3299 Dei,
2828 3236 2870 3287 si
2906 3234 3007 3300 vis,
3040 3245 3220 3303 potes,
3254 3236 3590 3303 omnipatens
3635 3244 3687 3289 te

2259 3345 2277 3378 ι
2318 3325 2549 3396 Spiritus
2575 3326 2876 3383 umbratam
2903 3327 3060 3382 Verbi
3096 3330 3295 3383 virtute
3321 3331 3541 3382 creavit.

2259 3437 2278 3471 ι
2313 3419 2424 3474 Nec
2451 3428 2504 3473 te
2532 3435 2795 3487 corporeo
2825 3430 3032 3490 patrum
3063 3421 3129 3475 de
3176 3422 3385 3477 semine
3433 3432 3609 3474 natum

2259 3529 2277 3562 ι
2314 3513 2430 3566 Jam
2457 3523 2700 3579 reputes;
2732 3520 2957 3582 pereant
2981 3513 3194 3580 captiva
3229 3512 3692 3567 exordiacarnis.»

2111 3604 2215 3659 505
2252 3602 2335 3657 Nil
2364 3604 2561 3658 veteris
2589 3603 2857 3673 coniunge
2881 3619 3041 3667 nom,
3069 3620 3174 3658 non
3203 3605 3289 3657 hic
3312 3604 3404 3657 tibi
3435 3603 3680 3667 mundus,

2251 3694 2366 3748 Non
2396 3695 2512 3749 ltazc
2534 3696 2637 3749 vita
2667 3697 2790 3749 data
2833 3707 2951 3761 est,
2997 3695 3138 3748 nulla
3173 3694 3261 3750 hic
3283 3702 3369 3747 tua
3395 3735 3409 3758 ,
3441 3711 3535 3748 nec
3561 3703 3684 3746 tuus

2463 3785 2578 3853 ipse
2601 3800 2681 3839 es.

2251 3877 2474 3944 Emptus
2493 3878 2632 3929 enim
2649 3891 2730 3940 es,
2754 3875 3090 3944 pretiumque
3108 3875 3180 3928 tui
3200 3875 3466 3928 resolvere
3483 3872 3559 3928 fas
3577 3886 3678 3937 est,

2247 3971 2364 4035 Quo
2388 3969 2492 4042 [ΑΙ.
2529 3967 2663 4037 Qua]
2698 3979 2878 4035 potes,
2919 3977 2974 4022 ut
3025 3967 3242 4022 solvens
3287 3967 3362 4021 sis
3415 3965 3597 4031 ditior,
3629 3978 3682 4019 et

2460 4063 2552 4116 tibi
2581 4070 2830 4117 crescant

2247 4155 2378 4221 Qua:
2399 4154 2627 4222 dederis,
2649 4156 2912 4224 cedatque
2932 4154 3025 4210 tibi
3052 4169 3178 4223 pars
3201 4155 3314 4222 ipse
3335 4152 3680 4220 Redemptor.

2106 4247 2214 4302 510
2251 4246 2360 4301 Nec
2397 4258 2448 4300 te
2478 4245 2713 4300 difﬁcilis
2739 4260 2880 4300 nunc
2909 4244 3246 4300 observantia
3279 4244 3412 4306 legis

2250 4336 2362 4392 Sttb
2381 4338 2571 4392 durum
2590 4337 2742 4407 jubet
2763 4338 3060 4408 irejugum;
3085 4352 3237 4390 mens
3257 4335 3418 4390 libera
3438 4343 3683 4388 sanctum

2249 4429 2574 4497 Obsequium
2606 4429 2815 4483 ratione
2847 4429 3012 4497 lerat,
3043 4443 3200 4497 quam
3240 4427 3469 4496 Spiritus
3509 4427 3686 4478 almus

2247 4522 2302 4576 In
2333 4522 2527 4577 tabulis
2553 4522 2732 4577 cordis
2762 4521 3032 4576 describat
3060 4522 3320 4590 sanguine
3346 4518 3544 4572 Christi
3570 4560 3580 4570 .

2247 4615 2348 4680 Qui
2382 4616 2539 4668 nobis
2565 4613 2821 4683 quidquid
2857 4614 3197 4668 sermonibus
3226 4611 3512 4666 insinuavit
3534 4650 3547 4670 .

2105 4705 2211 4761 515
2248 4705 2500 4759 Condidit
2529 4704 2799 4774 exemplo,
2832 4703 2987 4758 factis
3013 4713 3273 4773 praecepta
3301 4715 3609 4768 coaequans.

2247 4799 2363 4853 Rex
2397 4798 2486 4852 ille
2506 4838 2521 4863 ,
2550 4806 2606 4851 et
2650 4813 2830 4850 rerum
2851 4796 3131 4852 dominus:
3172 4794 3266 4849 sed
3296 4795 3544 4861 pauperis
3573 4792 3684 4859 egit

2244 4889 2301 4943 ln
2322 4887 2521 4958 specie,
2546 4903 2643 4943 nec
2662 4895 2814 4942 veste
2831 4889 3030 4954 nitens,
3050 4902 3148 4941 nec
3168 4886 3369 4939 honore
3392 4886 3682 4953 superbus.

2244 4981 2472 5036 lttﬂrmis
2503 4979 2684 5044 fortis,
2715 4995 2809 5034 rex
2834 4979 3027 5044 servis,
3051 4979 3202 5032 dives
3226 4976 3438 5046 egenis;

2241 5073 2452 5128 Justitia
2480 5073 2694 5141 injustis
2719 5072 2882 5139 cedit,
2916 5071 3176 5139 sapientia
3203 5069 3395 5123 brutis.

2098 5164 2203 5221 520
2239 5165 2531 5234 Sacrilegis
2557 5163 2803 5218 manibus
2835 5178 3143 5230 percussus,
3177 5177 3282 5215 non
3327 5174 3473 5228 parat
3515 5161 3684 5216 ictum

2234 5259 2511 5325 Reddere;
2545 5259 2688 5314 nulla
2719 5257 2883 5313 refert
2914 5257 3083 5312 avidae
3116 5256 3355 5311 convicia
3387 5254 3606 5323 lingute.

2234 5353 2526 5407 Damnatur
2552 5352 2740 5422 iudex,
2774 5350 3006 5405 Verbum
3035 5356 3219 5414 tacet,
3261 5348 3527 5416 inspuitur
3561 5346 3682 5409 lux,

2233 5443 2351 5515 lpse
2369 5444 2724 5498 ministerium
2755 5442 2853 5498 sibi
2878 5456 3050 5512 poenae
3071 5451 3175 5506 est;
3194 5439 3368 5506 felque
3389 5448 3439 5492 et
3463 5445 3682 5493 aceturn

2088 5577 2225 5642 quod
2247 5579 2498 5648 ipracepit
2529 5579 2671 5646 prior
2696 5595 2802 5648 ipse
2832 5577 2969 5646 fecit.
2993 5576 3187 5631 Contra
3205 5575 3526 5630 Nestorium.

2160 5647 2288 5703 478.
2337 5650 2461 5704 Sola
2493 5650 2656 5704 editio
2679 5647 3073 5719 Lugdunensis,
3108 5649 3377 5714 suscipias.
