3972 6176
300 210 414 270 629

1326 215 1603 273 CARMEN
1647 214 1734 270 DE
1778 212 2234 270 PROVIDENTIA
2277 212 2526 270 DlV’lNA.

3466 208 3569 264 C50

450 324 664 382 Dulcius
686 324 777 383 ille
809 325 948 383 favis
980 327 1190 395 haurit;
1222 338 1439 384 sanctus
1469 327 1809 383 maledictum
1908 336 1956 392 Α
1987 325 2093 385 565
2130 324 2398 394 Numquid
2427 337 2552 379 cura
2584 322 2694 377 Deo
2721 319 2787 377 de
2807 318 3019 376 bobus?
3042 318 3300 390 numquid
3332 320 3396 374 ad
3426 320 3564 377 ullus

298 409 412 470 525
454 414 757 483 FitCrucis,
770 426 825 473 et
838 418 1067 473 moritur
1080 417 1357 485 Christus,
1383 418 1597 474 vivente
1620 418 1882 473 Barabba.

446 506 610 577 lmpia
639 522 769 578 gens
788 517 993 563 tantum
1017 523 1148 565 ausa
1178 510 1350 577 nefas,
1379 511 1619 566 sentisne
1642 508 1883 564 furorem

445 599 560 654 Jum
590 601 792 656 mundo
810 603 1103 658 damnante
1134 602 1316 657 tuum?
1349 600 1443 658 Sol
1471 599 1608 672 fugit
1636 602 1705 656 ab
1729 600 1880 665 orbe,

446 693 509 747 Et
533 692 713 749 medio
744 708 850 748 nos
879 694 1015 749 facta
1046 694 1132 749 die
1161 703 1283 761 est;
1317 707 1685 763 concussaque
1724 692 1882 747 tellus

443 782 745 849 Intremuit,
773 792 1114 855 mortemque
1155 785 1264 839 Deo
1292 786 1586 849 subeunte,
1618 782 1883 851 sepulcris

292 873 406 930 5.30
449 876 629 930 Excita
661 887 968 931 sanctorum
995 886 1341 947 sumpserunt
1366 891 1589 946 corpora
1620 876 1809 932 vitam.

448 968 631 1024 Velum
676 973 836 1025 etiam
893 970 1077 1037 templi
1127 970 1415 1025 discissum
1454 976 1580 1035 est,
1631 983 1700 1024 ne
1754 967 1880 1038 quid

648 1074 893 1130 opertum

439 1148 496 1206 lu
524 1152 696 1206 sacris
721 1151 898 1222 adytis
935 1152 1045 1221 jam
1085 1152 1237 1223 plebs
1268 1151 1486 1220 indigna
1513 1161 1721 1206 teneret
1754 1171 1767 1203 :

437 1242 745 1314 Sanetaque
777 1244 1061 1314 pontiﬁces
1083 1245 1330 1316 fugerent
1357 1244 1561 1300 offensa
1601 1254 1873 1300 cruentos.

435 1333 512 1390 Te
542 1350 668 1390 vero
694 1336 976 1392 exstincta
1002 1336 1297 1392 calcantem
1324 1335 1529 1407 spicula
1554 1337 1776 1397 mortis,

282 1424 397 1479 535
432 1424 594 1497 807
628 1426 695 1480 Et
721 1426 789 1481 de
817 1439 977 1482 carne
1001 1441 1197 1481 novum
1222 1426 1540 1481 referentem
1567 1438 1732 1479 carne
1761 1434 1875 1478 tro-

644 1531 817 1587 paeum
832 1560 848 1585 ,

434 1607 614 1663 Tertia
644 1608 941 1677 discipulis,
974 1607 1125 1675 Jesu,
1150 1608 1299 1663 dedit
1327 1609 1569 1664 attonitis
1599 1608 1711 1664 lux.

430 1701 538 1755 Nec
565 1701 746 1756 dubiis
766 1702 1053 1757 Dominum
1076 1702 1228 1758 licuit
1247 1715 1575 1772 cognoscere
1600 1702 1796 1768 signis;

429 1791 561 1846 Cum
585 1793 905 1848 documenta
933 1792 1068 1848 fides
1087 1802 1321 1863 caperet,
1354 1795 1579 1862 visuque
1605 1808 1872 1862 manuque

436 1883 653 1939 Rimans
682 1885 957 1941 clavorum
990 1886 1236 1956 vestigia,
1268 1886 1460 1941 vulnus
1487 1898 1541 1940 et
1575 1885 1776 1951 hasne;

280 1977 392 2030 540
431 1976 673 2046 Cumque
714 1988 903 2047 quater
930 1977 1084 2032 denis
1113 1978 1334 2032 ﬁrmans
1362 1977 1625 2046 promiSsa
1648 1977 1868 2045 diebus,

429 2069 767 2139 Conspicuus
790 2070 988 2138 multis,
1015 2086 1160 2141 sape
1185 2081 1240 2127 et
1275 2072 1570 2127 tractabilis
1597 2087 1758 2128 esset.

430 2160 700 2216 Hactenus
723 2163 774 2215 in
800 2163 997 2217 nostris
1027 2171 1099 2227 te,
1131 2161 1291 2228 Jesu,
1318 2164 1568 2218 novimus
1612 2180 1626 2216 :
1674 2164 1869 2219 exhinc

429 2254 485 2308 In
509 2263 594 2307 tua
620 2266 803 2308 nostra
823 2255 1059 2310 abeunt:
1083 2270 1185 2311 nec
1199 2256 1309 2324 jam
1326 2254 1567 2323 diversa,
1589 2259 1684 2310 sed
1706 2272 1867 2310 unum

425 2344 561 2398 Sunt
581 2345 711 2413 duo,
733 2346 860 2400 dum
886 2347 988 2401 vita
1016 2347 1069 2400 in
1098 2348 1205 2400 vita
1228 2354 1330 2408 est.
1365 2348 1416 2402 in
1442 2348 1641 2403 lumine
1662 2348 1863 2415 lumen,

280 2440 394 2494 5&5
434 2440 770 2508 Augmento,
818 2453 924 2493 non
965 2440 1069 2494 tlne
1099 2438 1367 2505 hominis;
1400 2454 1506 2508 quo
1534 2440 1863 2510 glorificnto,

431 2528 520 2583 Sic
551 2530 732 2593 homo,
760 2529 838 2584 sic
870 2530 1008 2585 Deus
1037 2544 1119 2596 es,
1149 2539 1205 2584 ut
1226 2545 1331 2584 non
1362 2531 1436 2583 sis
1464 2530 1602 2586 alter
1628 2542 1683 2585 et
1707 2531 1863 2586 alter.

426 2619 641 2689 Nosque
668 2620 733 2674 ad
764 2629 816 2675 te
845 2621 923 2676 ire
942 2621 1099 2691 iubes
1126 2636 1363 2688 sursum,
1396 2633 1682 2693 tecumque
1708 2625 1865 2693 potiri

428 2711 569 2765 Luce
602 2722 686 2765 tua
722 2730 734 2765 :
766 2712 813 2767 si
839 2713 975 2768 calle
1005 2724 1180 2768 tamen
1208 2729 1490 2770 curramus
1519 2716 1731 2784 eodem,

429 2801 618 2859 Edocti
651 2820 754 2858 non
780 2819 939 2875 posse
964 2803 1087 2874 capi
1106 2806 1208 2860 nisi
1235 2805 1301 2860 de
1330 2820 1492 2861 cruce
1520 2807 1735 2862 coelmn.

503 2913 523 2949 ι
561 2901 581 2923 ⁹
609 2896 785 2953 June
820 2898 910 2953 Dei
936 2908 1247 2968 compertus
1271 2912 1446 2964 amor,
1482 2899 1780 2971 diﬂ'usaque
1811 2904 1860 2956 in

631 3003 819 3044 omnes

275 2896 390 2951 550

2128 419 2215 474 Fit
2233 421 2456 472 verbum
2485 413 2695 471 Domini
2717 412 2994 468 volucres?
3014 429 3141 467 num
3168 413 3285 484 lege
3310 424 3564 469 tenentur

2127 508 2360 563 Monstra
2391 505 2588 560 maris?
2609 520 2726 575 qua:
2752 518 2872 559 cum
2902 500 3100 558 faciunt
3123 501 3271 574 jussa
3299 501 3563 574 Omnipo-

2336 598 2496 651 tentis
2510 636 2527 663 ,

2124 691 2382 760 ignorant
2409 704 2528 745 sese
2561 689 2756 755 facere,
2787 686 3145 755 aﬂectumque
3176 684 3388 741 volendi

2123 782 2377 848 Sumunt,
2394 794 2444 837 et
2464 781 2605 852 quod
2627 789 2789 850 agunt
2810 780 2949 845 aliis,
2973 777 3075 833 sibi
3095 777 3291 834 cedere
3312 778 3563 834 credunt.

1916 939 1918 941 ,
1986 877 2094 934 570
2132 877 2220 931 Sic
2249 876 2411 933 etiam
2443 891 2564 943 qua:
2597 890 2700 929 non
2732 873 2937 943 spirant
2964 882 3092 928 sunt
3128 887 3341 942 semper
3370 871 3422 927 in
3477 873 3566 927 illo

2124 970 2178 1025 ltt
2199 986 2305 1040 quo
2327 980 2451 1023 sunt
2473 968 2699 1024 formata
2731 968 2924 1022 modo:
2950 982 3054 1021 non
3078 966 3232 1036 plana
3256 974 3564 1019 tumescunt

2116 1060 2380 1124 Collibus,
2405 1068 2497 1114 aut
2516 1059 2643 1115 celsi
2664 1069 2976 1115 sternuntur
2997 1060 3047 1113 in
3070 1073 3286 1128 aequora
3311 1071 3522 1112 montes
3548 1075 3561 1111 :

2122 1151 2236 1206 Non
2271 1152 2498 1205 veniunt
2537 1149 2700 1218 Alpes
2736 1150 2787 1204 in
2825 1160 3048 1219 pontum
3073 1190 3088 1214 ,
3129 1158 3220 1203 aut
3261 1160 3455 1218 pontus
3509 1150 3561 1203 in

2332 1256 2489 1310 agros
2520 1256 2535 1295 :

2118 1332 2474 1402 Saxajaceut,
2498 1347 2687 1387 amnes
2706 1331 3016 1395 decurrunt,
3041 1340 3293 1401 stantque
3312 1330 3556 1400 paludes.

1976 1424 2082 1478 575
2124 1423 2190 1477 Et
2214 1433 2390 1477 tamen
2417 1422 2501 1477 his
2530 1423 2659 1477 nihil
2686 1431 2767 1477 est
2794 1422 3082 1488 mercedis,
3108 1438 3226 1491 qua:
3252 1422 3369 1475 sine
3395 1437 3557 1476 sensu

2122 1515 2418 1584 Dispositos
2456 1514 2507 1569 in
2539 1530 2596 1569 se
2626 1515 2867 1583 praebent
2894 1514 3196 1569 viventibus
3227 1528 3377 1567 usus.

2117 1606 2269 1673 Quod
2301 1606 2348 1660 si
2380 1606 2572 1660 horum
2606 1615 2862 1676 praestare
2894 1606 2986 1660 tibi
3022 1618 3210 1660 natura
3242 1606 3495 1670 videtur;

2117 1696 2235 1753 Jam
2264 1696 2410 1752 hove
2436 1697 2630 1751 mutari
2662 1697 2852 1764 velles,
2882 1696 2967 1750 vel
2997 1711 3150 1765 rupe,
3189 1695 3274 1750 vel
3301 1710 3483 1750 amne.

2123 1793 2366 1849 Deterior
2391 1792 2590 1848 nollem
2621 1791 2738 1847 ﬁeri
2759 1833 2773 1854 ,
2806 1791 2982 1860 putior
3008 1791 3316 1845 voluissem.

1977 1886 2082 1942 580
2129 1905 2149 1940 ι
2179 1887 2347 1959 809
2373 1886 2641 1957 Numquid
2667 1885 2755 1957 qui
2788 1885 3017 1940 Domino
3048 1884 3362 1955 placuerunt
3385 1885 3552 1938 mori-

2329 1980 2430 2034 bus
2458 1979 2636 2042 almis,

2119 2087 2138 2120 s
2177 2068 2510 2140 Displicuere
2532 2069 2678 2124 sibi?
2709 2068 2969 2138 numquid
3000 2081 3103 2121 non
3132 2067 3337 2122 semine
3360 2066 3558 2120 abnuo

2122 2179 2139 2213 ι
2178 2159 2457 2226 Venimus,
2488 2169 2581 2214 aut
2606 2160 2708 2214 alia
2736 2168 2820 2214 est
2850 2158 3123 2213 hominum
3166 2168 3352 2212 natura
3386 2158 3431 2211 bi
3458 2172 3553 2210 no-

2325 2265 2445 2304 rum
2466 2248 2489 2302 τ

2120 2362 2137 2394 ι
2170 2342 2285 2397 Non
2299 2342 2453 2397 aliter
2466 2341 2616 2396 dives
2630 2356 2789 2411 quam
2806 2355 3005 2409 pauper
3018 2338 3275 2401 nascitur,
3292 2353 3453 2391 unum
3470 2348 3551 2392 est

2120 2454 2138 2487 s
2172 2433 2501 2499 Principium
2526 2431 2702 2488 servis
2736 2440 2788 2487 et
2811 2431 3056 2503 regibus:
3089 2429 3322 2499 Optimus
3351 2428 3443 2499 ille

1973 2526 2077 2581 διδῦ
2124 2544 2140 2575 ι
2174 2526 2285 2579 Non
2300 2524 2423 2594 plus
2435 2524 2809 2593 accepitquam
2833 2522 3297 2591 pessimusuequa
3314 2523 3548 2573 creantis

2117 2634 2135 2667 ι
2183 2616 2430 2670 Mensura
2460 2623 2564 2683 est,
2598 2628 2705 2667 uno
2729 2614 2819 2682 qui
2853 2612 3054 2667 lumine
3081 2611 3525 2667 luminatomncs.
3545 2633 3561 2663 ι

2108 2708 2211 2761 Sed
2243 2708 2499 2760 mundum
2523 2703 2753 2774 ingressi
2782 2704 2948 2758 variis
2972 2717 3154 2757 rerum
3191 2700 3474 2771 speciebus

2108 2798 2486 2870 Suscipimur,
2548 2806 2893 2866 mentemque
2939 2795 3139 2851 adeunt
3195 2808 3545 2865 quacumque

2320 2890 2596 2956 videntur,

2106 2986 2320 3042 Judicio
2338 2984 2607 3043 censenda
2630 2982 2863 3040 hominis
2884 3000 2899 3038 :
2923 2988 3067 3037 stant
3095 2979 3331 3049 undique
3356 2976 3541 3033 formae

426 3097 445 3132 ι
482 3079 617 3135 Cura
649 3079 825 3151 patet?
854 3090 1038 3135 notum
1065 3089 1118 3135 et
1149 3082 1355 3136 cunctis
1388 3090 1563 3136 astare
1592 3082 1858 3138 salutem?
1888 3065 1930 3125 (ἶ
1965 3078 2070 3133 590
2112 3078 2982 3147 Innumerae,possuntqueomnes
2998 3071 3539 3143 spectandOprubaii.

424 3190 441 3223 ο
484 3171 549 3226 Ει
568 3181 766 3235 tamen,
793 3173 925 3228 heul
950 3188 1132 3227 rursus
1154 3172 1412 3242 querulis,
1439 3170 1621 3236 humo.
1646 3175 1855 3241 garrula

634 3263 810 3318 verbis

429 3376 450 3411 ι
489 3357 635 3412 Bella
667 3370 870 3421 moves,
896 3355 1195 3427 iaculisque
1224 3356 1329 3410 tuis
1360 3366 1449 3410 tua
1478 3357 1681 3411 viscera
1716 3357 1852 3427 figis.

421 3468 441 3503 s
478 3446 587 3505 Cur
626 3463 731 3502 non
769 3462 885 3502 sum
927 3446 1133 3501 bonus?
1165 3443 1269 3502 hec
1300 3459 1403 3501 non
1437 3445 1541 3500 vis.
1582 3444 1693 3501 Cur
1734 3462 1852 3501 sum

628 3538 838 3595 malus?
860 3537 963 3593 hoc
991 3538 1092 3592 vis.

266 3637 385 3693 555
428 3652 448 3689 t
478 3632 583 3691 Cur
604 3632 725 3687 volo
745 3647 863 3702 quae
887 3631 1025 3686 mala
1048 3638 1195 3696 sunt,
1227 3640 1279 3687 et
1300 3648 1396 3686 cur
1421 3647 1539 3699 qua
1563 3642 1687 3687 sunt
1715 3633 1852 3687 bona

624 3727 785 3782 nolo!

416 3838 437 3874 ι
473 3819 636 3876 Liber
668 3835 727 3875 es
771 3837 785 3873 :

623 3910 830 3980 pravis,

413 4017 434 4052 ι
475 4000 753 4056 Deteriora
776 4000 930 4071 legis,
957 3998 1271 4069 placitisque
1298 3999 1628 4070 improvidus
1650 4002 1841 4057 haeres.

413 4110 433 4144 ι
473 4091 631 4156 Erro,
659 4092 761 4155 ais,
784 4100 841 4146 et
863 4091 1058 4146 vellem
1085 4106 1191 4145 non
1221 4105 1381 4161 posse
1401 4106 1605 4147 errare.
1633 4092 1849 4150 Duobus

832 3817 927 3875 sed
973 3832 1096 3874 cum
1135 3827 1279 3874 recta
1330 3833 1498 3889 queas
1542 3818 1851 3875 discernere

413 4203 432 4236 ι
472 4183 723 4252 Subjacet
750 4182 865 4238 haec
889 4183 1028 4239 votis
1058 4182 1324 4239 sententia
1355 4200 1370 4237 :
1397 4198 1519 4239 nam
1551 4185 1858 4253 penitustei

251 4276 368 4328 L60
411 4279 516 4329 Aut
539 4289 661 4330 esse
690 4266 996 4330 exanimum
1020 4276 1195 4347 cupis,
1224 4282 1316 4330 aut
1340 4275 1562 4331 rationis
1593 4292 1842 4345 egenum.

412 4368 579 4422 Error
606 4368 748 4422 enim
775 4376 860 4422 est
888 4366 1003 4438 ejus
1032 4365 1122 4437 qui
1152 4367 1317 4421 cessit
1346 4366 1517 4422 limite
1545 4367 1707 4433 recti,

402 4461 612 4530 Quique
642 4470 818 4531 potest
846 4430 1066 4526 ad'iter,
1086 4459 1301 4516 Christo
1329 4459 1583 4525 ducente,
1616 4430 1836 4517 reverti.
1877 4430 1922 4489 θ

406 4557 477 4609 At
504 4568 662 4624 quem
691 4552 837 4608 nulla
865 4553 969 4607 via:
996 4553 1235 4623 suscepit
1260 4550 1399 4607 linea
1419 4591 1436 4618 ,
1468 4567 1729 4623 nusquam

403 4646 679 4713 Declinat;
714 4646 1029 4715 nullumque
1058 4646 1246 4701 timent
1271 4659 1377 4699 non
1400 4646 1596 4700 stantia
1624 4660 1831 4700 casum.

321 4826 356 4861 ⁸
379 4822 560 4878 CAPUT
583 4821 719 4878 XIV.
744 4822 919 4877 Homo
939 4824 1025 4892 qui
1046 4823 1230 4877 divina:
1251 4823 1578 4890 providentia:
1599 4825 1830 4892 ingratus

246 4914 352 4948 non
380 4895 476 4947 sibi
491 4894 713 4965 imputat
737 4902 943 4965 peccata
962 4910 1076 4965 sua,
1089 4894 1381 4965 refellitur,
1399 4896 1517 4962 quia
1535 4911 1650 4947 cum
1670 4893 1831 4948 libero

244 4965 471 5019 arbitrio
499 4963 699 5035 creatus
719 4963 745 5031 ,V
763 4975 811 5017 et
850 4980 939 5035 per
965 4963 1096 5018 illud
1124 4974 1318 5035 peccat.
1351 4964 1479 5031 Quae
1508 4965 1714 5035 homini
1743 4980 1831 5017 ca-

244 5036 420 5091 venda
446 5036 501 5088 in
538 5034 732 5088 mundo
759 5035 803 5089 si
830 5033 1061 5088 virtutem
1089 5033 1252 5089 colere
1294 5044 1452 5089 curet.
1490 5033 1617 5101 Quis
1662 5052 1832 5087 rerum

244 5106 611 5174 temporalium
642 5122 787 5158 usus.
822 5105 1005 5160 Sancti
1030 5121 1202 5159 omnes
1226 5148 1241 5172 ,
1268 5105 1451 5159 iisdem
1475 5106 1830 5161 tentatumibus

242 5176 429 5249 quibus
454 5192 545 5249 nos
572 5176 815 5246 subjecti,
847 5177 1098 5249 quomodo
1119 5190 1203 5249 eos
1228 5176 1460 5249 vicerint.

320 5246 450 5303 543.
481 5246 603 5300 Haec
624 5245 743 5300 cum
772 5261 937 5315 grano
974 5248 1102 5300 salis
1141 5248 1222 5314 (ut
1272 5245 1442 5315 aiunt)
1487 5246 1822 5313 accipienda.

241 5317 386 5373 Cum
418 5317 487 5372 ibi
513 5317 759 5372 videatur
783 5316 984 5371 Auctor
1015 5318 1067 5371 in
1095 5318 1233 5370 duos
1258 5332 1472 5371 errores
1509 5316 1741 5371 Nestorii
1773 5327 1826 5371 et

242 5388 573 5460 Eutychetis
591 5389 867 5460 incurrere
888 5427 905 5454 ,
950 5387 1076 5460 dum
1106 5389 1181 5441 ait
1209 5387 1481 5441 Christum
1519 5402 1585 5441 ex
1618 5388 1821 5460 Ascen-

237 5457 416 5516 sioriis
448 5458 536 5513 die
560 5458 631 5512 ita
658 5458 925 5512 hominem
952 5467 1006 5511 et
1033 5457 1199 5513 Deum
1228 5473 1369 5520 esse,
1400 5468 1452 5511 ut
1479 5473 1580 5511 non
1602 5459 1664 5511 sit
1690 5460 1823 5511 alter

229 5541 290 5587 et
320 5528 457 5584 alter
485 5543 507 5583 :
528 5544 620 5583 nec
642 5528 749 5595 iam
777 5528 989 5581 diuersa:
1014 5528 1103 5583 sed
1141 5544 1303 5582 unum
1334 5528 1440 5582 sint
1470 5529 1522 5582 in
1549 5542 1615 5582 eo
1653 5528 1823 5583 anthte

233 5610 473 5655 naturae.
521 5599 715 5654 Verum
759 5600 1029 5667 sapienter
1080 5598 1422 5653 observatum
1460 5613 1489 5651 a
1534 5598 1650 5653 viro
1698 5614 1822 5653 cru-

228 5670 553 5735 ditissimo;
611 5679 964 5739 ιιωπιυιπιμικω
1022 5671 1163 5741 quod
1205 5668 1359 5725 facile
1402 5669 1605 5740 ignosci
1650 5669 1824 5739 possit

2104 3169 2362 3237 Quadam
2388 3171 2551 3224 etiam
2579 3167 2787 3237 patulas
2804 3164 3217 3233 intrantstipata
3240 3177 3337 3232 per
3358 3175 3539 3224 aures,

2104 3264 2326 3317 Errores
2356 3270 2598 3316 veterum
2641 3258 2939 3313 studiorum
2958 3296 2973 3321 ,
3002 3266 3059 3312 et
3088 3270 3222 3309 vana
3256 3259 3538 3324 parentum

2102 3352 2379 3422 Dogmata,
2418 3367 2541 3407 cum
2568 3351 2799 3419 quodam
2828 3350 2949 3404 luco
2975 3348 3301 3404 ostentantia
3332 3345 3467 3401 veri.

2105 3447 2228 3503 llaec
2255 3446 2525 3501 modulata
2558 3460 2697 3500 sono
2724 3442 2970 3508 veniunt,
3004 3440 3118 3497 haec
3142 3440 3275 3495 levia
3300 3447 3466 3501 tactu.

1960 3540 2065 3593 595
2111 3539 2231 3593 llaec
2264 3536 2474 3592 blandis
2503 3536 2611 3591 late
2640 3535 2935 3590 funduntur
2964 3533 3242 3599 odoribus,
3271 3530 3358 3584 illa

2100 3630 2404 3687 Conciliant
2424 3630 2600 3684 varias
2626 3627 2679 3682 in
2709 3628 2857 3682 mille
2877 3624 3160 3695 saporibus
3185 3638 3358 3678 escas.

2099 3724 2286 3793 llsgno
2316 3735 2448 3789 ergo
2479 3721 2592 3774 haec
2634 3717 2835 3773 homini
2883 3724 3011 3773 sunt
3045 3714 3398 3771 discernenda
3443 3729 3535 3785 pe-

2310 3814 2442 3868 riclo
2468 3829 2481 3866 :

2095 3907 2169 3960 Ne
2200 3905 2419 3961 nimium
2448 3902 2687 3973 trepidus
2716 3900 2918 3956 nullum
2950 3898 3206 3971 procedat
3232 3902 3283 3955 in
3314 3914 3532 3971 mquor;

2095 3998 2206 4054 Neu
2231 4013 2395 4067 vagus
2424 3996 2611 4054 eﬂusis
2639 3996 2759 4051 sine
2787 3996 2903 4065 lege
2926 3994 3128 4049 feratur
3155 3992 3404 4048 habenis.

1936 4091 2057 4149 ’600
2098 4091 2403 4146 Εδιυιθιιίηι
2425 4097 2643 4143 sanctus
2657 4102 2834 4142 rerum
2866 4102 3018 4153 usus,
3037 4100 3193 4156 quem
3215 4084 3532 4141 cohibentes

2094 4183 2236 4237 intra
2263 4181 2481 4235 modum
2525 4177 2767 4242 numeri,
2802 4189 2856 4233 et
2898 4188 3229 4233 momentum
3277 4175 3532 4248 ponderis

2306 4271 2466 4341 alqui,

2093 4365 2199 4420 Pro
2222 4364 2429 4419 cunctis
2458 4360 2561 4417 soli
2594 4360 2821 4416 Domino
2848 4359 3134 4413 reddemus
3168 4357 3451 4412 honorent.

2087 4456 2280 4515 Omnia
2306 4472 2426 4527 qua:
2450 4454 2579 4511 fecit
2611 4455 2751 4509 bona
2782 4451 2956 4517 valde,
2984 4461 3043 4507 ut
3073 4466 3177 4505 non
3201 4450 3453 4506 vitiorum

2088 4550 2381 4613 lncentiva,
2405 4548 2500 4604 sed
2525 4556 2582 4601 ut
2616 4559 2843 4613 superas
2865 4557 3186 4615 caperemus
3209 4543 3263 4598 in
3286 4541 3443 4610 illis,

1941 4640 2048 4699 605
2088 4642 2183 4696 llic
2215 4639 2494 4695 decertato
2527 4635 2739 4690 virtutis
2761 4648 2957 4705 agone,
2990 4647 3237 4690 coronas.

1935 4831 2110 4892 poetae
2140 4836 2237 4892 per
2263 4828 2605 4892 transennam
2644 4834 2759 4873 rem
2795 4818 3171 4892 difficillimam
3207 4819 3518 4892 attingenti,

1933 4888 1979 4947 si
2007 4888 2344 4961 quid'minus
2370 4901 2560 4961 exacte
2589 4889 2639 4942 in
2671 4890 2917 4961 terminis
2949 4890 3160 4961 locutus
3198 4891 3520 4961 reperiatur.

1937 4958 2139 5017 Auctor
2170 4962 2271 5016 iste
2326 4961 2425 5015 hoc
2459 4958 2651 5015 eodem
2692 4961 2742 5013 in
2783 4960 2900 5015 loco
2936 4960 3133 5017 Christi
3176 4958 3523 5024 gloriﬁcatiu-

1936 5049 2059 5087 nem
2113 5032 2310 5087 fatetur
2362 5031 2554 5086 factam
2606 5040 2906 5099 augmento,
2961 5046 3061 5083 non
3111 5030 3212 5097 ﬁne
3256 5028 3521 5095 hominis;

1936 5106 2232 5172 praisertim
2260 5117 2380 5157 cum
2411 5118 2517 5156 non
2551 5102 2707 5168 longe
2736 5113 2894 5172 antea
2915 5101 3062 5155 clare
3093 5101 3397 5172 praedicarit
3435 5117 3521 5170 ge-

1936 5169 2131 5228 im'nam
2179 5183 2421 5228 naturam
2469 5173 2786 5244 hominisque
2828 5171 3021 5244 Deique
3071 5172 3120 5223 in
3154 5169 3367 5244 Christo
3392 5186 3518 5223 cen-

1934 5245 2167 5311 t'em'sse;
2218 5260 2319 5298 nec
2370 5258 2493 5315 esse
2519 5260 2622 5315 quo
2662 5241 2819 5295 victus
2847 5243 3046 5294 vincere
3074 5249 3274 5312 posset,
3300 5241 3368 5315 _st'
3415 5256 3518 5294 non

1927 5332 2050 5439 3;?
2085 5315 2380 5439 Biigvirtus
2408 5311 2655 5368 humana:
2688 5325 2892 5366 natura;
2916 5311 3082 5365 esset
3104 5311 3397 5364 consociata
3418 5352 3434 5378 ,
3462 5325 3515 5364 ν.

2054 5395 2109 5439 et
2210 5390 2265 5439 0.

1966 5386 2034 5441 75
2054 5395 2109 5440 et
2136 5387 2265 5442 480.

2000 5457 2127 5512 575.
2160 5457 2234 5511 lta
2268 5456 2460 5525 Lugd.;
2487 5462 2540 5508 at
2580 5452 2805 5518 Lovan.,
2845 5450 3008 5507 Duae.
3037 5461 3093 5509 et
3123 5451 3309 5508 Colon.
3342 5462 3393 5508 et
3426 5466 3515 5506 re-

1929 5527 2198 5581 centiores
2215 5568 2230 5591 ,
2268 5529 2320 5580 in
2349 5542 2573 5596 (equore.

2000 5598 2124 5654 694.
2158 5597 2337 5655 Editiu
2368 5593 2710 5653 Coloniensis
2734 5604 2788 5649 et
2817 5595 3173 5661 recentiores,
3214 5593 3374 5650 lenia.
