3972 6176
463 229 558 288 631
1085 240 1144 295 S.
1187 239 1520 297 PROSPERI
1562 239 1889 308 AQUITANI
1928 239 2158 294 OPERA
2204 237 2523 294 INCERTL
2559 238 3086 299 AUCTORITATIS.
3615 244 3719 302 6δὶ

601 348 684 404 Δη
715 350 807 406 tibi
836 351 1085 408 cmlcstes
1107 354 1204 422 illi,
1237 370 1372 423 quos
1397 354 1616 424 protulit
1650 354 1800 409 orbis
2063 356 2110 413 Α
2281 351 2363 407 Ad
2393 350 2535 422 quod
2578 352 2656 406 vis
2685 353 2915 410 extende
2944 370 3190 422 manum;
3244 364 3391 427 patet
3437 372 3588 427 aequa
3636 360 3718 411 ia-

602 440 856 511 Fertque,
888 444 987 498 viri
1014 461 1119 500 non
1145 448 1258 500 hzec
1280 446 1466 500 eadem
1494 447 1756 500 tolerasse
1784 443 2034 498 videntur
2493 443 2688 498 cultas.

599 533 995 602 Quaepatimur,
1024 547 1197 591 motus
1219 536 1404 599 animi,
1425 537 1754 606 aﬂectusque
1776 535 2030 600 rebelles,
2136 531 2242 588 655
2279 532 2429 600 Quod
2452 532 2586 603 legis
2616 533 2869 597 monitus,
2902 543 2956 590 et
2977 544 3156 591 vatum
3180 541 3378 609 scripta
3407 541 3634 609 piorum,

597 624 662 679 Et
686 626 1046 695 circumiectis
1073 627 1202 682 vitia
1231 625 1591 696 oppugnantia
1618 626 1852 680 castris?
2275 626 2343 680 Et
2371 627 2511 681 Deus
2541 628 2654 695 ipse
2681 643 2779 682 suo
2808 631 3164 699 nequidquam
3188 641 3463 702 promeret
3492 649 3609 698 ore,

460 714 561 772 610
600 715 703 769 Sed
726 716 902 784 gladio
931 716 1102 784 verbi,
1134 717 1366 788 fideique
1389 719 1618 773 umbone
1651 717 1857 786 potenti
2274 718 2570 772 Arbitrium
2595 729 2834 774 nostrum
2863 721 2909 774 si
2934 722 3014 775 vis
3051 732 3272 777 externa
3306 733 3537 779 teneret.

603 805 899 861 Vincebant
919 823 1076 863 arcus
1104 810 1470 876 tenebrarum,
1498 817 1552 864 et
1575 809 1777 880 Spicula
1803 809 2023 862 mortis:
2272 808 2470 863 Verum
2488 809 2534 862 si
2555 809 2680 878 quid
2700 811 2856 865 obest
2877 813 3086 876 virtuti,
3108 814 3424 881 animosque
3445 813 3711 874 retardat,

591 893 832 968 Cumque
853 913 988 967 opus
1022 901 1122 953 hoc
1143 899 1326 955 mundi
1355 915 1603 969 magnum
1634 899 2025 969 pulchrumque
2271 898 2387 953 Non
2410 903 2588 969 superi
2614 903 2823 969 pariunt
2850 903 3021 971 ignes,
3055 920 3154 959 nec
3175 906 3242 960 ab
3267 905 3471 961 mthere
3495 919 3709 960 manat:

801 989 1076 1055 viderent;
2127 989 2231 1046 660
2269 992 2372 1046 Sed
2403 993 2601 1047 nostris
2630 993 2802 1046 oritur
2831 995 2897 1047 de
2926 996 3209 1062 cordibus;
3239 998 3461 1067 ipsaque
3502 999 3707 1053 bellum

588 1081 702 1137 Non
733 1098 900 1144 mare,
932 1099 1036 1138 non
1067 1084 1287 1154 malum,
1337 1099 1444 1140 non
1475 1084 1676 1156 ignem,
1706 1091 1801 1137 aut
1845 1082 2020 1137 sidera
2266 1084 2513 1139 Libertas
2534 1097 2732 1152 movet,
2761 1096 2814 1140 et
2839 1090 3111 1156 quatimur
3131 1091 3380 1145 civilibus
3404 1091 3602 1144 armis:

798 1174 919 1229 caali
940 1217 956 1243 ,
2265 1176 2380 1229 Otia
2421 1191 2542 1230 cum
2572 1177 2750 1231 mollis
2779 1179 3056 1246 complexa
3081 1181 3269 1248 ignava
3293 1183 3542 1250 voluptas

591 1263 720 1329 Quae
749 1280 972 1321 numero
992 1267 1232 1337 subjecta
1262 1269 1362 1324 sibi
1395 1270 1620 1338 visuque
1646 1269 1920 1334 tenebant,
2265 1265 2474 1320 Dillicili
2506 1277 2663 1336 negat
2691 1268 2767 1322 ire
2803 1268 2908 1336 via,
2938 1269 3227 1341 bravioque
3259 1273 3455 1340 potitos

445 1351 550 1410 6l5
588 1353 898 1423 Suspexcre
922 1359 1084 1414 deos:
1115 1377 1300 1424 unum,
1330 1362 1539 1415 ratione
1566 1360 1840 1429 magistra,
2261 1354 2441 1410 Ardua
2463 1371 2686 1426 quaeque
2717 1359 2859 1427 piget
2889 1374 2984 1427 pro
3021 1375 3119 1429 Spe
3147 1371 3354 1416 tentare
3384 1363 3589 1417 latenti.

585 1447 874 1501 Auctorem
920 1458 973 1502 et
1001 1448 1288 1503 Dominum
1316 1465 1520 1515 rerum,
1571 1465 1679 1503 non
1719 1448 1854 1504 facta
1877 1491 1892 1516 ,
1921 1464 2015 1504 co-
2121 1444 2226 1499 665
2263 1444 2504 1516 Cumque
2527 1446 2643 1501 haec
2669 1449 2809 1504 intus
2831 1451 2911 1518 agi
2938 1453 3214 1520 prospexit
3231 1453 3458 1508 callidus
3487 1454 3653 1508 hostis
3678 1497 3696 1519 ,

793 1540 988 1594 lentes.
2260 1537 2336 1592 De
2365 1538 2557 1593 studiis
2585 1540 2775 1594 vestris
2805 1541 2950 1596 vires
2976 1544 3145 1611 capit:
3177 1552 3340 1610 utque
3373 1545 3608 1612 parentis

578 1631 647 1684 At
680 1641 732 1686 tu
760 1631 992 1687 nobilius
1019 1633 1111 1703 qui
1135 1632 1334 1687 factum
1366 1642 1418 1688 te
1446 1632 1730 1699 voluisses,
2261 1627 2481 1683 Avertat
2509 1630 2622 1685 veri
2652 1631 2875 1698 cultum,
2909 1633 3198 1701 persuadet
3222 1635 3290 1688 ab
3314 1636 3476 1690 astris

580 1722 847 1794 Numquid
863 1727 912 1779 in
929 1725 1174 1795 angelico
1188 1735 1335 1780 satus
1347 1725 1536 1780 ordine
1557 1740 1661 1780 non
1685 1723 2012 1795 querereris?
2045 1714 2089 1773 Β
2260 1715 2391 1771 Fata
2412 1719 2515 1773 seri
2534 1759 2550 1785 ,
2577 1718 2886 1790 lruslraque
2913 1723 3156 1778 homines
3177 1714 3509 1780 contendere
3528 1726 3692 1784 divis.

580 1815 712 1871 Nam
743 1833 863 1872 cum
891 1819 984 1873 ille
1014 1818 1229 1874 excelso
1250 1819 1492 1887 deiectus
1514 1818 1728 1874 Lucifer
1757 1832 1858 1873 axe
2257 1807 2391 1862 Hinc
2416 1811 2562 1864 vario
2591 1813 2712 1866 vita:
2741 1812 2990 1867 dominos
3020 1827 3329 1871 mercantur
3359 1818 3586 1872 honore.

440 1905 543 1962 620
579 1907 908 1975 conciderit,
934 1907 1207 1978 rueriiquc
1233 1908 1324 1962 illo
1356 1923 1477 1977 pars
1507 1909 1664 1964 tertia
1695 1907 1849 1977 ριιιεο
2115 1895 2222 1952 670
2262 1896 2430 1952 Error
2458 1899 2563 1968 abi,
2591 1902 2776 1970 procul
2808 1917 2959 1956 error
2985 1903 3109 1959 abi:
3153 1907 3286 1960 satis
3323 1907 3499 1976 agnita
3531 1908 3693 1976 prisci

579 1997 883 2063 Asti-orum,
909 2013 1092 2068 quaero
1114 1997 1171 2052 in
1197 2014 1426 2068 quanam
1450 2008 1575 2054 tunc
1607 2007 1757 2067 parte
1777 1996 2010 2053 fuisses?
2255 1990 2702 2048 Suntcoutmeuta
2723 1994 2852 2062 doli,
2871 1997 3104 2052 monitos
3122 1999 3316 2068 quibus
3335 2001 3695 2069 Omnipotens

582 2091 738 2144 Clara
763 2091 858 2146 Dei
887 2105 1102 2160 semper
1121 2090 1375 2147 bonitatis
1404 2093 1577 2161 imago
1608 2105 1874 2156 maneres,
2465 2099 2566 2138 nos

577 2186 662 2236 An
688 2191 864 2237 castra
895 2182 1110 2236 invidiae
1138 2183 1443 2252 sequereris
1466 2191 1518 2234 et
1544 2182 1754 2250 agmina
1797 2181 1988 2235 noctis.
2257 2173 2536 2245 Elaquent,
2568 2177 2848 2249 cultusque
2874 2181 3032 2236 docet
3059 2181 3228 2238 vitare
3256 2186 3530 2253 profanos.

656 2275 676 2296 ⁶
701 2273 811 2329 Seu
839 2287 947 2342 quo
976 2282 1029 2327 te
1049 2287 1291 2343 praeceps
1319 2274 1458 2342 rapit
1490 2272 1704 2327 orbita?
1728 2272 1818 2327 Vis
1841 2273 2011 2327 bonus
2257 2265 2472 2321 Scimus
2491 2268 2631 2323 enim
2644 2282 2840 2340 quanta
2864 2274 3073 2328 steterit
3098 2278 3349 2332 mercede
3369 2281 3691 2347 quibusdam

795 2379 914 2420 esse
2254 2356 2415 2412 Sidus
2439 2358 2717 2441 adoratum
2752 2362 3074 2434 Rempham,
3106 2379 3470 2440 venerataque
3493 2375 3617 2428 εωιί

439 2455 542 2512 625
584 2456 797 2525 Absque
824 2457 1006 2512 labore
1034 2457 1165 2511 tuo?
1187 2455 1375 2512 Credis
1402 2456 1505 2511 hoc
1533 2456 1725 2512 cedere
1753 2470 1933 2525 posse,
2113 2446 2218 2502 675
2256 2447 2466 2512 Militia.
2498 2459 2551 2503 el
2580 2451 2752 2504 cultus
2778 2453 2886 2506 Soli
2918 2453 3187 2524 Lunaeque
3216 2458 3443 2516 dicatus.

575 2548 632 2604 Si
667 2549 762 2602 ubi
789 2559 1062 2602 ιηυιεηιυι-
1084 2549 1279 2602 natalia
1307 2549 1508 2615 sidera,
1535 2563 1760 2617 quorum
2255 2537 2362 2593 Nec
2384 2539 2514 2594 latet
2544 2539 2660 2596 haec
2698 2544 2876 2598 verbis
2907 2545 3140 2601 hominis
3182 2549 3476 2605 subsistere
3509 2552 3653 2621 iussa

576 2640 651 2695 Te
675 2655 894 2708 pravum
925 2639 1182 2694 decursus
1211 2638 1359 2709 agit?
1389 2639 1526 2704 Quid
1555 2653 1691 2693 vana
1719 2637 1912 2692 vetusti
2255 2630 2338 2683 Ad
2367 2645 2550 2686 vocem
2579 2635 2815 2690 servisse
2843 2651 3015 2704 mora,
3046 2641 3321 2707 noctisque
3353 2644 3582 2710 repulsa:

579 2731 825 2799 Perfugia
851 2730 1053 2785 erroris
1081 2729 1347 2784 Chaldaeis
1373 2730 1568 2798 quaeris
1597 2729 1648 2782 in
1674 2726 1875 2782 astris?
2254 2721 2607 2792 Temporibus
2635 2725 2868 2781 crevisse
2894 2727 3068 2782 diem:
3095 2743 3213 2782 cum
3241 2731 3328 2784 lux
3359 2731 3613 2789 famulata

578 2821 831 2889 Quamvis
860 2820 1105 2875 sollicitis
1133 2821 1293 2876 adeas
1315 2822 1554 2876 cmlestia
1586 2820 1750 2888 curis,
2255 2812 2497 2869 Nesciret
2526 2814 2627 2868 uisi
2658 2830 2814 2884 quem
2839 2817 3039 2872 faceret
3063 2821 3285 2874 victoria
3311 2823 3493 2878 linem.

436 2915 540 2972 6ζο
578 2915 645 2969 Ει
675 2914 884 2981 penitus
907 2928 1097 2968 causas
1123 2929 1304 2968 rerum
1334 2913 1593 2968 scruteris
1624 2920 1835 2981 apertas
1865 2928 1880 2975 ;
2113 2904 2216 2962 680
2255 2905 2510 2960 Novimus
2534 2917 2587 2962 et
2616 2909 2755 2964 coelo
2787 2910 3126 2980 prtescriptas
3156 2914 3492 2970 conditiones

568 3008 730 3078 311
774 3005 891 3060 Non
941 3003 1124 3059 renuis
1168 3018 1321 3074 mage
1367 3017 1529 3059 nosse
1584 3002 1788 3069 Deum,
1845 3016 2003 3073 quam
2253 2997 2489 3053 Arbitrlo
2517 2998 2786 3067 quondam
2818 3002 2989 3057 sancti
3013 3004 3273 3060 mansisse
3304 3008 3612 3076 prophetae;

787 3101 979 3170 cuique
1010 3100 1280 3155 elemento
2031 3083 2077 3145 C
2249 3087 2380 3142 Cum
2415 3091 2644 3159 positum
2688 3090 2756 3146 ad
2798 3100 3006 3163 tempus
3035 3095 3282 3161 clausos,
3323 3099 3635 3156 sitientibus

577 3190 833 3246 Naturam
865 3192 1094 3256 dederit,
1122 3206 1223 3261 qua
1257 3197 1477 3259 pontum
1509 3187 1626 3257 lege
1659 3186 1865 3242 moveri
2459 3182 2600 3250 agris
2623 3222 2638 3246 9

573 3283 823 3348 Jusserit,
847 3295 938 3338 aut
956 3285 1328 3354 tenerisquam
1347 3283 1454 3336 vim
1469 3283 1813 3336 consueverit
1834 3281 2002 3348 auris,
2247 3270 2408 3341 813
2429 3271 2540 3326 Non
2569 3273 2719 3327 licuit
2744 3289 2931 3330 rorare
2956 3277 3140 3345 polos;
3171 3278 3471 3348 ipsumque,
3498 3291 3692 3338 vocata

571 3376 928 3445 Sidereosque
951 3378 1100 3444 ignes
1140 3374 1193 3429 in
1228 3387 1349 3442 qua:
1377 3383 1647 3427 momenta
1677 3374 1895 3425 crearit.
2248 3360 2494 3418 Partibus
2523 3378 2555 3419 e
2585 3366 2798 3435 superis
2826 3367 2878 3420 in
2911 3376 3095 3423 sancta
3127 3370 3313 3424 altaria
3345 3373 3579 3439 flamma,

431 3463 535 3518 635
573 3463 674 3532 Qui
705 3481 824 3519 cum
849 3466 1094 3520 sincerus
1123 3464 1192 3518 sit
1221 3463 1340 3518 l‘ons
1363 3464 1610 3532 aequique
1641 3463 1895 3532 bonique,
2106 3453 2211 3509 685
2251 3454 2416 3520 Quem
2444 3454 2669 3511 dederat
2692 3458 2863 3511 sacris
2893 3457 3071 3528 ignem
3105 3461 3392 3516 immisisse
3423 3463 3687 3531 profanis.

566 3556 827 3612 [inmitem
854 3557 1017 3626 iussis
1043 3556 1216 3624 legem
1243 3554 1575 3625 prmscripsit
1600 3554 1820 3623 iniquis,
2245 3550 2406 3616 Cuius
2427 3549 2506 3603 vis
2533 3553 2696 3604 etiam
2724 3549 2924 3605 Christi
2955 3552 3172 3621 delapsa
3205 3552 3394 3608 fuisset

569 3649 623 3704 Si
641 3648 914 3718 priusipse
928 3649 1200 3703 hominum
1215 3661 1392 3702 mores
1409 3645 1998 3700 constrinxeratastris.
2247 3639 2558 3708 DiscipuliS,
2593 3655 2801 3709 poenam
2831 3642 3047 3711 hospitii
3075 3655 3332 3698 exactura
3363 3647 3580 3713 negati;

568 3740 808 3811 Namque
858 3740 1082 3795 adversa
1128 3739 1232 3794 sibi
1287 3746 1413 3793 sunt
1460 3737 1574 3793 ba-c
1601 3777 1618 3805 ,
1675 3736 2003 3804 nimiumque
2250 3730 2312 3784 Ni
2346 3730 2555 3800 patiens
2588 3733 2842 3787 Dominus
2870 3736 3022 3787 venia
3056 3744 3401 3802 pratverteret
3429 3736 3562 3788 iram

779 3839 1110 3900 repugnant,
2245 3821 2461 3875 Nullum
2518 3837 2646 3892 ergo
2699 3823 2753 3876 iu
2798 3837 2896 3877 nos
2943 3832 3025 3877 est
3071 3824 3392 3892 permissum
3439 3824 3528 3893 jus
3576 3826 3695 3878 ele-

567 3920 795 3991 Exigere
818 3922 1058 3976 insontes
1083 3932 1256 3989 actus,
1286 3922 1590 3990 delictaque
1618 3923 1791 3990 poenis
2456 3919 2684 3981 mentis.

426 4010 533 4065 6ιο
574 4010 824 4075 Amcere,
851 4022 903 4065 et
929 4023 1156 4066 cunctos
1181 4013 1369 4066 eadem
1399 4013 1464 4066 ad
1489 4013 1749 4082 promissa
1775 4029 1996 4069 vocare:
2103 4005 2209 4062 690
2250 4004 2304 4059 In
2328 4022 2446 4076 qua!
2463 4007 2549 4075 ius
2572 4007 2803 4062 hominis
2829 4025 2840 4061 :
2865 4023 2964 4064 nec
2990 4017 3209 4077 possunt
3229 4007 3464 4063 condere
3487 4008 3689 4077 legem,

564 4100 762 4154 Contra
793 4111 970 4153 autem
999 4102 1140 4155 natis
1165 4101 1451 4156 violentum
1483 4103 1703 4172 afﬁgere
1721 4104 1890 4171 sidus,
2246 4100 2375 4165 Quae
2414 4100 2586 4167 legem
2625 4100 2918 4170 accipiunt.
2970 4100 3127 4155 Solus
3169 4100 3308 4154 Deus
3345 4101 3693 4169 omnipotens

564 4188 716 4257 Quod
749 4203 851 4243 uec
876 4189 1015 4244 velle
1043 4189 1246 4243 homini
1293 4189 1490 4256 cedat,
1534 4206 1634 4245 nec
1671 4205 1826 4259 posse
1849 4231 1863 4257 ,
1903 4193 1999 4251 sed
2455 4191 2589 4256 Rex,

776 4296 964 4336 omnes
2245 4283 2434 4338 Omnia
2459 4285 2546 4352 qui
2575 4294 2774 4339 nostra:
2803 4284 3079 4354 dispensat
3108 4293 3345 4351 tempora
3375 4282 3499 4335 vita:
3519 4323 3532 4340 .

566 4371 809 4443 Desuper
839 4375 1052 4443 ignaros
1079 4382 1133 4428 et
1166 4371 1337 4427 virtus
1366 4372 1544 4438 ducat,
1571 4383 1627 4428 et
1651 4389 1824 4429 error.
2245 4375 2355 4429 Nec
2377 4376 2580 4430 servire
2607 4377 2769 4430 astris
2797 4377 2911 4430 vult
2939 4391 3075 4446 quos
3102 4391 3262 4444 super
3290 4385 3432 4427 astra
3467 4374 3690 4427 locavit.

564 4463 705 4532 Ergo
726 4474 817 4518 aut
835 4464 1088 4520 mthereis
1115 4464 1318 4519 nullum
1345 4472 1430 4519 est
1450 4465 1536 4533 jus
1564 4465 1772 4533 ignibus
1791 4466 1842 4519 in
1876 4480 1995 4531 nos,
2034 4449 2080 4508 ο
2245 4464 2374 4517 Nam
2398 4481 2765 4535 quoscumque
2786 4482 2940 4520 sacro
2957 4463 3478 4533 rcnovavitSpiritus
3504 4479 3690 4531 amne,

422 4554 528 4610 645
565 4555 672 4610 Aut
692 4559 738 4612 si
774 4557 898 4627 quid
946 4559 1112 4613 nostri
1142 4559 1410 4625 retinent,
1457 4559 1699 4612 amittere
1730 4569 1951 4627 possunt
1982 4577 1994 4611 :
2103 4555 2209 4611 6'95
2247 4558 2303 4610 ln
2331 4556 2549 4610 Christo
2578 4560 2818 4626 genitos.
2849 4559 3064 4612 mortali
3096 4573 3158 4611 ex
3189 4555 3353 4623 stirpe
3384 4555 3617 4620 recisos,

564 4645 696 4701 Cum
727 4648 853 4701 mihi
885 4650 1166 4719 progenito
1209 4651 1276 4705 ad
1305 4651 1468 4705 vitam
1513 4651 1758 4703 mandata
1805 4651 1998 4705 salutis
2245 4647 2360 4701 Jam
2390 4649 2546 4703 sedes
2576 4650 2810 4704 caelestis
2839 4649 3036 4710 habet.
3070 4662 3169 4702 nec
3199 4657 3371 4700 terrea
3399 4645 3570 4699 nectit

565 4737 633 4793 Et
653 4739 802 4793 cordi
829 4740 1064 4795 insinuet
1089 4742 1259 4795 bonus
1283 4752 1468 4795 auctor
1489 4751 1539 4795 et
1562 4742 1802 4807 auribus,
1832 4758 1896 4796 ac
1914 4758 1998 4798 me
2245 4741 2536 4812 Progenies
2584 4742 2837 4811 templum
2878 4742 2932 4795 in
2982 4741 3193 4795 Domini
3237 4753 3543 4809 corpusque
3604 4755 3695 4792 re-

565 4831 881 4885 Currentem
934 4832 1184 4886 mercede
1214 4840 1392 4896 vocet,
1438 4841 1644 4885 terrore
1677 4841 1996 4888 morantem.
2457 4833 2664 4887 dactos.

565 4922 1262 4993 Solum,inquit,venerare
1285 4923 1473 4985 Deum,
1498 4922 1703 4990 solique
1724 4934 1995 4979 memento
2241 4928 2392 4995 Quod
2424 4928 2468 4981 si
2495 4928 2616 4997 quis
2643 4941 2801 4980 cursu
2832 4934 3100 4980 astrorum
3140 4923 3442 4991 eﬂ'ectuque
3474 4930 3691 4983 notato,

422 5014 530 5070 650
566 5015 801 5085 Servire,
826 5024 1074 5070 externas
1101 5025 1155 5070 et
1175 5015 1392 5084 despice
1421 5013 1749 5082 relligiones.
2244 5017 2532 5072 Contendit
2559 5027 2805 5071 naturam
2839 5017 3071 5070 hominis
3109 5015 3381 5083 vitamque
3407 5013 3580 5067 videri
3604 5028 3619 5076 ;

565 5108 679 5163 lloc
706 5109 886 5177 operis
907 5116 1118 5163 sectare
1145 5107 1292 5172 boni,
1322 5105 1425 5160 hoc
1445 5105 1570 5175 iuge
1591 5117 1778 5160 cautus
1801 5105 1991 5175 iniqui.
2105 5111 2209 5165 700
2246 5110 2441 5177 Quaero
2461 5109 2587 5180 quid
2611 5112 2710 5163 hac
2734 5109 2958 5178 trepidis
2983 5106 3300 5182 mortalibus
3322 5105 3509 5159 aﬂ'erat
3535 5116 3678 5156 artu.

562 5198 679 5254 Vita
709 5198 865 5254 beata
893 5201 998 5254 isto
1030 5200 1257 5268 paritur,
1285 5210 1432 5251 mors
1461 5196 1637 5250 editur
1666 5197 1780 5251 illo.
2246 5202 2341 5257 Hic
2375 5202 2593 5273 (inquit)
2624 5201 2750 5256 felix
2776 5246 2790 5270 ,
2835 5201 3002 5255 miser
3044 5200 3130 5253 hic
3159 5201 3298 5264 erit,
3342 5198 3482 5252 hunc
3515 5199 3693 5266 rapiet

556 5291 751 5347 Coram
770 5290 1112 5361 adsuntaqua
1137 5287 1423 5356 servatrix,
1450 5288 1730 5358 populator
1750 5296 1805 5344 et
1822 5289 1987 5360 ignis:
2459 5307 2607 5348 mors

487 5522 699 5577 ’ϐινοτ
725 5519 815 5574 IX.
842 5519 1032 5575 Contra
1055 5533 1140 5571 eos
1169 5515 1256 5580 qui
1276 5519 1483 5585 peccata
1508 5527 1602 5564 sua
1621 5510 1990 5586 sideribusim-
2090 5517 2279 5569 sanctis
2331 5517 2536 5570 subdita
2587 5517 2762 5586 fuere:
2793 5514 2972 5579 Iosue,
3029 5513 3196 5568 Elius.
3242 5512 3396 5586 Vanus
3436 5519 3481 5562 et
3508 5511 3684 5565 noxia

417 5602 619 5665 putant.
647 5592 876 5665 Libertos
901 5588 1235 5665 arbitrii‘sol‘u
1260 5581 1418 5665 causa
1441 5583 1660 5665 peccati.
1690 5581 1811 5665 Non
1831 5584 1990 5665 .lto'mo
2092 5589 2448 5654 praedictiones
2471 5581 2814 5642 Itunianorum
2831 5595 3038 5639 actuum
3060 5600 3123 5639 ea;
3146 5584 3297 5638 astris
3326 5583 3514 5634 ducta.

417 5651 665 5716 Sideribus
704 5661 974 5723 subditur;
1026 5656 1112 5711 sed
1161 5651 1452 5724 aliquando
1488 5653 1656 5707 sidera
1703 5651 1991 5707 hominibus
