4040 6178
407 199 514 256 633

1463 207 1743 264 CARMEN
1781 209 1870 265 DE
1912 211 2376 272 PRUVIDENTIA
2417 219 2668 276 DlVlNA.

552 317 843 387 impubem,
871 317 957 374 hic
980 327 1133 376 sento
1163 323 1506 377 transcendet
1527 323 1764 379 Nestoris
1789 339 1978 379 annos.
2009 329 2057 387 Α

548 408 763 463 Falsum
793 410 923 475 hoc,
956 421 1047 464 aut
1078 426 1266 465 verum
1303 413 1422 466 est?
1468 411 1521 467 Si
1556 421 1700 467 stant
1730 414 1983 482 praedicta

757 503 1002 556 canentis
1016 545 1031 568 ,

544 590 654 646 Nec
679 591 879 646 misero
908 601 1152 660 superest
1180 608 1325 662 Spes,
1353 608 1451 649 nec
1479 595 1707 650 formido
1732 597 1908 650 beato.

400 681 506 737 705
549 683 613 737 Et
643 698 762 752 qua:
803 683 1070 738 sideribus
1099 685 1272 739 danda
1302 696 1387 740 est
1411 689 1714 742 reverentia
1747 688 1866 741 lixis
1891 705 1906 752 ;

3560 230 3666 287 (ει

2226 333 2307 386 An
2336 348 2456 403 qua:
2485 351 2606 403 pars
2635 338 2906 394 hominum
2947 342 3150 411 peccati
3189 345 3371 401 nescia
3412 348 3667 403 mundum

2231 425 2546 479 Possessura
2571 427 2702 482 foret
2725 429 2749 482 ἲ
2779 432 2860 485 vel
2883 443 3081 489 sancta:
3101 438 3221 504 quis
3242 438 3395 496 locus
3419 449 3566 494 esset

2234 512 2426 568 Virtuti
2453 517 2503 569 in
2534 519 2723 574 terris?
2754 521 2839 574 cui
2867 524 2908 575 si
2935 528 3214 592 prmsentia
3240 528 3381 583 dona

2227 604 2542 673 Affluerent,
2576 611 2714 664 caelo
2747 613 2921 680 potius
2951 616 3155 670 sublata
3180 628 3440 673 maneret.

2085 694 2190 750 755
2229 697 2320 750 Sic
2347 700 2528 751 mundi
2557 711 2692 756 meta
2715 703 2955 771 abruptis
2980 719 3259 774 properata
3291 710 3483 765 fuisset

547 777 600 829 Si
632 791 752 845 quas
777 779 914 830 ferre
937 787 1160 845 queunt,
1178 789 1449 846 nequeunt
1475 779 1689 834 decreta
1719 795 1932 834 movere
1957 781 1979 835 ?

542 866 677 919 Dent
703 880 822 921 sese
857 869 1124 920 scelerum
1167 870 1343 937 potius
1389 870 1716 924 torrentibus
1743 885 1930 924 omnes
1961 889 1974 923 :

541 956 783 1022 Fallant,
810 958 1092 1024 diripiant,
1120 958 1393 1027 jugulent,
1425 959 1504 1012 fas
1532 975 1692 1014 omne
1719 959 1976 1027 nefasque

539 1049 898 1115 Confundant,
919 1054 1171 1121 persistet
1196 1055 1336 1108 enim
1362 1052 1706 1109 nihilominus
1726 1066 1927 1110 astrum
1955 1072 1970 1121 ;

392 1139 501 1194 710
539 1140 701 1209 Cujus
728 1143 795 1196 ab
822 1142 1012 1196 effectu
1047 1143 1256 1197 firmato
1286 1144 1504 1199 cardine
1533 1159 1732 1213 rerum,

539 1229 604 1285 Ut
642 1233 782 1286 mala
822 1250 927 1287 non
967 1246 1215 1302 powrunt
1246 1245 1431 1289 sancta
1461 1237 1730 1305 probitate
1759 1237 1967 1305 repelli,

534 1321 625 1377 Sic
662 1323 799 1377 bona
847 1340 950 1378 non
993 1325 1190 1394 fugient
1233 1341 1523 1394 perversos
1552 1327 1732 1380 debita
1767 1343 1965 1382 mores.

2221 785 2604 859 Temporibus,
2647 807 2821 862 neque
2860 796 2912 848 in
2949 797 3188 852 sobolem
3227 803 3530 868 generanda
3561 820 3657 859 ve-

2434 880 2576 934 niret
2690 952 2697 960 .

2221 964 2534 1032 Posteritas,
2567 969 2767 1037 pariter
2795 986 2913 1026 cum
2938 973 3115 1039 justos
3142 985 3300 1044 atque
3329 990 3584 1037 nocentes

2218 1055 2324 1110 Aut
2363 1061 2662 1125 promissus
2711 1058 2917 1129 honos,
2966 1073 3058 1117 aut
3104 1079 3258 1134 poena
3306 1068 3539 1125 auferret
3585 1071 3653 1125 ab

2428 1148 2579 1202 orbe.

2213 1233 2367 1290 Nunc
2390 1253 2516 1291 vero
2542 1250 2595 1292 et
2621 1241 2834 1308 generis
2859 1246 3024 1298 nostri
3053 1245 3311 1311 profunda
3344 1263 3577 1320 pr0pago

2073 1322 2177 1378 760
2212 1325 2491 1394 Tenditur,
2520 1344 2581 1383 ac
2606 1332 2805 1399 duplici
2835 1336 3076 1388 succedit
3107 1338 3312 1405 origine
3341 1341 3530 1406 pubes,

532 1419 599 1468 At
624 1415 669 1469 si
700 1417 971 1484 praedictae
999 1419 1161 1472 sortis
1192 1418 1467 1471 mutabilis
1499 1418 1633 1472 ordo
1663 1428 1765 1483 est,

535 1506 599 1560 Et
623 1508 881 1562 declinari
914 1520 1136 1577 possunt
1161 1520 1423 1575 ventura;
1466 1512 1640 1564 soluta
1677 1521 1758 1566 est

389 1595 496 1650 715
532 1596 717 1650 Omnis
747 1599 814 1652 ah
843 1601 1062 1670 ancipiti
1092 1617 1217 1656 casu
1249 1603 1330 1658 vis
1361 1605 1589 1673 pendula
1633 1605 1743 1658 fati.

529 1690 791 1746 Scrutatis
822 1693 980 1761 igitur
1009 1696 1284 1750 stellarum
1316 1697 1577 1761 motibus,
1607 1697 1709 1750 hoc
1736 1705 1817 1752 est

529 1783 678 1834 Artis
709 1797 863 1853 opus,
907 1795 1070 1839 totam
1103 1788 1418 1843 subvertere
1449 1789 1818 1857 relligionem;

528 1870 663 1924 Dum
695 1876 899 1929 nullum
930 1891 1121 1933 curare
1155 1879 1319 1933 Deum
1352 1880 1596 1933 mortalia
1633 1881 1855 1945 suadet;

528 1965 635 2016 Aut
658 1965 785 2019 dum
815 1981 973 2035 posse
1006 1969 1164 2022 docet
1189 1971 1326 2022 votis
1358 1972 1624 2025 elementa
1662 1971 1889 2038 moveri,

382 2049 493 2106 720
527 2051 866 2110 Innumeram
913 2059 1124 2112 miseris
1162 2059 1370 2126 plebem
1411 2060 1684 2116 insinuare
1711 2059 1958 2115 deorum.

599 2149 621 2170 ‘
656 2148 764 2202 Sen
783 2149 905 2218 quia
926 2151 1150 2205 detectis
1167 2152 1492 2220 laqueisjam
1517 2154 1714 2207 fraudis
1736 2164 1958 2223 operta,

526 2237 644 2302 Quo
672 2250 860 2308 captos
886 2242 1037 2296 vanis
1063 2243 1255 2297 studiis
1288 2244 1572 2299 deduceret
1598 2261 1749 2298 error

522 2327 898 2398 Compertum;
924 2343 1166 2400 superest
1199 2350 1340 2388 nunc
1363 2335 1694 2403 respondere
1721 2336 1957 2405 querelis

521 2422 648 2489 Quae
681 2425 861 2478 mundi
892 2427 1051 2481 rebus
1080 2427 1312 2481 divinam
1341 2428 1602 2482 absistere
1644 2443 1826 2482 curam

375 2512 486 2567 725
521 2515 809 2584 Objiciunt,
839 2517 964 2570 dum
998 2533 1142 2586 saepe
1175 2519 1342 2573 bonos
1382 2519 1533 2573 labor
1563 2521 1751 2573 anxius
1782 2532 1954 2591 urget,

523 2608 586 2660 Et
617 2609 902 2676 tranquilla
931 2610 1048 2665 fluit
1079 2621 1394 2666 cunctorum
1428 2614 1534 2665 vita
1561 2613 1847 2666 malorum.

521 2695 617 2751 Dic
645 2714 773 2767 age,
802 2699 892 2768 qui
933 2700 1093 2754 nullis
1123 2701 1331 2756 Domini
1363 2704 1694 2756 moderantis
1732 2701 1956 2756 habenis

519 2791 788 2845 llumanas
822 2807 909 2846 res
938 2795 1013 2846 ire
1044 2804 1215 2862 putas,
1247 2795 1373 2863 quid
1404 2795 1472 2848 ab
1498 2795 1685 2850 ordine
1709 2804 1884 2848 cessat

514 2882 762 2937 Naturae?
800 2899 918 2952 qua:
950 2884 1089 2939 bella
1127 2895 1342 2940 movent
1371 2885 1670 2942 elementa?
1709 2887 1835 2955 quid
1863 2903 1951 2941 us-

728 2990 886 3044 quam

367 3061 480 3119 730
517 3064 746 3119 Dissidet
777 3083 805 3120 a
837 3068 1012 3135 prisco
1041 3068 1268 3122 divisum
1312 3067 1512 3121 foedere
1554 3069 1774 3123 rerum?

515 3155 605 3211 Sic
634 3157 909 3226 interjecta
951 3159 1079 3212 solis
1118 3166 1404 3213 revocatur
1442 3159 1495 3213 in
1526 3170 1700 3214 ortum

516 3247 682 3302 Nocte
737 3248 887 3314 dies,
933 3250 1074 3304 idem
1111 3260 1194 3306 est
1238 3249 1376 3304 luna:
1433 3259 1808 3320 astrorumque
1858 3269 1948 3308 rc-

721 3354 913 3393 cnrsus
929 3380 946 3407 ,

515 3432 578 3485 Et
605 3433 851 3501 relegunt
882 3442 1036 3487 notas
1064 3433 1347 3488 subeuntia
1375 3443 1613 3502 tempora
1648 3444 1836 3490 metas.

515 3523 632 3578 Non
666 3526 819 3580 aliter
849 3529 990 3582 venti
1021 3529 1262 3598 spirant,
1297 3529 1366 3582 ita
1399 3529 1629 3582 nubibus
1661 3530 1852 3584 imber.

359 3617 475 3672 735
509 3618 671 3691 815
707 3619 853 3673 Laeta
885 3628 1099 3690 negant,
1130 3629 1454 3690 servantque
1480 3635 1647 3690 genus
1676 3622 1942 3677 trudentis

1996 1690 2044 1749 B

1979 3035 2025 3097 C

2212 1414 2342 1469 Nata
2379 1428 2585 1483 patrum
2621 1422 2877 1476 membris
2897 1464 2911 1488 ,
2941 1432 2996 1478 et
3019 1424 3215 1480 Christi
3247 1428 3389 1481 fonte
3420 1437 3601 1482 renata
3629 1471 3672 1501 ς,

2210 1505 2278 1559 Ει
2303 1507 2383 1574 pia
2418 1507 2541 1562 dum
2571 1511 2780 1578 p0pulis
2813 1513 3022 1567 Domini
3047 1518 3297 1582 patientia
3327 1519 3500 1587 parcit
3527 1559 3540 1583 ,

2210 1595 2267 1650 In
2298 1597 2468 1651 lucem
2505 1601 2700 1655 multos
2722 1601 2789 1656 de
2811 1608 2949 1656 tetra
2973 1614 3128 1660 nocte
3153 1623 3430 1675 reversos,

2210 1688 2288 1741 Ac
2314 1691 2480 1756 posita
2503 1692 2677 1745 claros
2715 1696 2916 1760 peccati
2956 1695 3074 1749 labe
3099 1696 3362 1751 videmus.

2069 1777 2174 1832 765
2213 1777 2306 1833 Ille
2339 1793 2435 1847 per
2459 1780 2768 1836 innumeros
2793 1784 3001 1851 vultus,
3025 1795 3077 1838 et
3103 1786 3246 1839 mille
3272 1801 3367 1854 per
3391 1802 3533 1849 aras,

2206 1871 2487 1935 Barbatos,
2515 1873 2783 1943 lzevesque
2803 1875 2956 1939 deos,
2977 1876 3330 1946 juvenesque,
3353 1893 3637 1948 senesque,

2208 1964 2274 2020 Ut
2303 1965 2572 2034 quondam
2614 1969 2789 2022 fecere
2812 2007 2826 2032 ,
2858 1968 3070 2035 colens,
3093 1969 3202 2037 jam
3236 1984 3422 2024 errore
3451 1986 3640 2039 paren-

2420 2066 2532 2111 tum

2203 2146 2447 2216 Abjecto,
2477 2149 2648 2202 solum
2679 2147 2976 2217 Unigenam
3007 2149 3303 2204 submissus
3328 2151 3532 2206 adurat.

2205 2238 2302 2292 llic
2324 2239 2572 2308 50phicas
2598 2251 2740 2297 artes
2763 2241 3095 2306 Graecorum,
3123 2252 3175 2297 et
3197 2259 3333 2297 vana
3354 2254 3568 2299 secutus

2063 2330 2165 2384 770
2208 2330 2459 2399 Dogmata
2486 2375 2500 2399 ,
2549 2333 2656 2399 jam
2699 2333 2912 2388 Christo
2950 2349 3138 2403 sapere
3167 2378 3182 2404 ,
3230 2346 3282 2388 et
3331 2336 3638 2392 brutescere

2416 2425 2640 2489 mundo,

2202 2511 2410 2567 Gaudet
2436 2517 2729 2582 apostolico
2764 2516 2955 2570 doctus
2985 2517 3224 2572 cwlestia
3256 2517 3400 2573 ludo.

2203 2604 2370 2668 Quam
2401 2606 2598 2660 multos
2624 2607 2806 2673 procul
2839 2622 2864 2658 a
2901 2618 3054 2674 portu
3083 2607 3300 2659 rationis
3325 2607 3374 2658 in
3401 2607 3562 2659 altum

2203 2694 2530 2750 Dcdecorum
2565 2698 2721 2748 turbo
2749 2697 3075 2762 abstulerat;
3120 2713 3252 2765 quos
3278 2713 3492 2765 mqnore
3523 2709 3635 2750 toto

2198 2784 2437 2840 Jactatos
2457 2827 2471 2850 ,
2507 2788 2836 2856 nimiumque
2867 2789 3016 2857 vagis
3043 2789 3314 2842 erroribus
3338 2797 3508 2850 actos,

2056 2878 2161 2931 775
2199 2877 2348 2932 Nunc
2388 2879 2616 2934 reduces
2651 2879 2804 2948 juvat
2845 2880 3116 2948 excipere,
3157 2881 3509 2948 amplexuque
3541 2894 3633 2949 pa-

2409 2979 2562 3025 terno

2195 3059 2475 3129 Confotos,
2501 3079 2763 3134 nusquam
2793 3066 3023 3119 statione
3046 3065 3334 3120 abscedere
3369 3066 3524 3121 vita?

2194 3155 2339 3222 Quos
2365 3158 2408 3209 si
2437 3157 2600 3210 multa
2626 3158 2765 3211 inter
2792 3173 2996 3211 morum
3024 3157 3217 3211 delicta
3248 3160 3486 3227 priorum

2192 3248 2460 3302 Plexisset
2495 3265 2721 3318 propere
2750 3250 2895 3320 rigor
2923 3250 3278 3318 implacabilis
3302 3253 3417 3316 irae,

2193 3339 2488 3411 Intercepta
2529 3342 2703 3396 forent
2741 3343 2980 3398 melioris
3010 3352 3249 3412 tempora
3289 3346 3448 3412 vitm,

2050 3429 2156 3485 780
2194 3430 2301 3484 Nec
2324 3433 2495 3485 standi
2526 3433 2665 3486 vires
2693 3433 2936 3488 licuisset
2962 3448 3176 3488 sumere
3209 3436 3390 3504 lapsis.

2192 3524 2415 3578 Mortem
2457 3525 2652 3594 (inquit
2678 3524 2958 3596 Dominus)
2999 3529 3271 3595 peccantis
3313 3531 3439 3584 nolo
3469 3574 3484 3600 ,
3530 3547 3627 3587 nce

2402 3617 2570 3669 ullum

719 3710 882 3767 ﬂores
2190 3707 2263 3761 De
2302 3715 2555 3776 pereunte
2587 3706 2790 3762 lucrum
2831 3715 2913 3761 est
2951 3724 2964 3759 :
2999 3707 3184 3763 redeat
3230 3712 3420 3781 magis,
3463 3711 3624 3782 inque

509 3799 724 3856 Semina
771 3819 998 3874 quasque
1046 3821 1200 3859 suum
1238 3820 1254 3860 :
1298 3819 1399 3861 nec
1436 3806 1588 3860 abest
1630 3807 1698 3861 ab
1734 3808 1943 3878 origine
2397 3799 2641 3853 τειῖοιυῐη

720 3911 900 3949 rerum
2187 3892 2418 3945 Mutatus
2441 3891 2705 3944 referatur
2726 3890 2825 3944 iter
2841 3933 2854 3953 ,
2877 3892 3090 3960 vitaque
3112 3891 3338 3945 fruatur.

505 3986 650 4041 Ordo
681 4003 903 4043 manens
925 4030 938 4054 ,
971 3989 1160 4044 iisdem
1199 3991 1494 4045 subsistunt
1525 3991 1703 4044 omnia
1740 3992 1939 4046 causis.

507 4079 634 4145 Quae
660 4081 760 4133 nisi
789 4081 1031 4150 perpetui
1060 4081 1227 4134 solers
1265 4083 1545 4150 prudentia
1580 4082 1742 4151 Regis

503 4169 809 4236 Astrueret,
845 4172 1146 4239 molemque
1185 4188 1399 4226 omnem
1427 4174 1680 4242 spirando
1711 4174 1936 4241 foveret,

353 4261 469 4316 740
506 4260 860 4318 Conciderent
890 4265 1065 4317 subita
1097 4265 1148 4317 in
1189 4265 1415 4317 nihilum
1442 4265 1731 4331 redigenda
1762 4267 1937 4318 ruina.

503 4353 706 4407 Etcum
732 4355 841 4408 haec
866 4356 1102 4424 pervigili
1121 4373 1244 4409 cura
1273 4357 1666 4422 Omnipotentis
1687 4365 1930 4424 agantur,

500 4443 627 4507 Quae
658 4454 862 4499 certum
894 4447 959 4499 ad
1009 4447 1168 4500 ﬁnem
1200 4447 1408 4501 devexo
1452 4447 1623 4499 limite
1667 4456 1932 4516 vergunt;

500 4535 628 4602 Quis
653 4545 815 4606 neget
836 4538 889 4591 in
911 4546 1145 4592 nostram
1175 4547 1392 4608 gentem
1416 4538 1698 4608 specialius
1725 4554 1933 4608 mquum

500 4627 694 4682 Partiri
724 4643 818 4682 sua
844 4629 967 4698 jura
997 4631 1200 4685 Deum?
1241 4631 1325 4685 cui
1353 4633 1590 4701 perpetis
1623 4634 1722 4686 arvi

344 4717 462 4772 745
499 4716 661 4788 Spem
701 4720 916 4786 tribuit,
955 4724 1182 4790 propria
1214 4724 1433 4792 largitus
1462 4724 1708 4794 imaginis
1742 4726 1931 4781 instar.

500 4813 567 4865 At
591 4813 680 4879 qui
710 4827 807 4866 nec
840 4828 1047 4881 ptenam
1082 4815 1313 4883 injustis,
1349 4832 1450 4871 nec
1482 4819 1698 4883 praemia
1728 4817 1931 4872 sanctis

497 4901 723 4956 Restitui
742 4903 808 4956 ad
833 4919 1068 4970 praesens
1089 4908 1354 4974 quereris,
1375 4908 1611 4962 vellesne
1632 4923 1726 4977 per
1742 4924 1930 4964 omnes

499 4993 751 5048 Ultricem
781 4996 968 5065 culpas
1002 4997 1336 5052 descendere
1359 4999 1558 5068 judicis
1585 5000 1752 5054 iram?

499 5087 561 5140 Et
590 5103 697 5156 quo
724 5088 1044 5159 magnanimi
1071 5090 1310 5144 clemens
1341 5091 1593 5159 patientia
1625 5091 1786 5161 Regis

343 5178 457 5234 750
495 5180 728 5236 Distaret
754 5197 894 5236 saeva
922 5182 1140 5236 immitis
1164 5183 1374 5238 feritate
1398 5185 1646 5253 tyranni?

423 5369 446 5390 °
480 5364 661 5420 CAPUT
690 5364 758 5419 Χ.
806 5364 996 5419 Contra
1040 5364 1352 5432 Epicureos,
1398 5363 1624 5416 divinam
1655 5365 1924 5431 providen-

344 5437 476 5488 tiam
497 5447 754 5506 negantes,
779 5451 834 5489 eo
856 5437 988 5501 quod
1014 5435 1128 5487 boni
1151 5436 1231 5486 hic
1255 5436 1466 5506 adversa
1492 5437 1772 5506 patiantur,
1801 5437 1924 5486 dum

343 5507 476 5559 mali
502 5504 746 5575 prospera
774 5508 942 5558 omnia
969 5507 1319 5573 experiuntur.
1352 5504 1521 5568 Quare
1548 5520 1636 5575 nec
1659 5504 1818 5556 mulos
1845 5505 1926 5555 hic

349 5577 558 5644 puniri,
593 5592 683 5628 nec
706 5577 861 5628 bonos
898 5577 1208 5627 remunerari
1246 5583 1495 5645 oporteat.
1533 5574 1666 5627 Deus
1705 5575 1926 5643 patiens,

347 5648 477 5712 quia
504 5647 817 5715 omnipotens
841 5654 888 5698 et
916 5657 1152 5700 mternus.

2189 3985 2252 4038 Et
2283 3985 2403 4052 quia
2437 3985 2688 4037 virtutum
2721 3984 2922 4037 similes
2953 3984 3065 4036 vult
3101 3999 3221 4038 esse
3261 4000 3473 4037 suarum

2041 4080 2148 4139 785
2183 4079 2343 4150 817
2366 4076 2511 4142 Quos
2538 4074 2756 4144 genuit:
2781 4072 3085 4128 Vindictam
3107 4113 3122 4138 ,
3148 4075 3342 4142 inquit,
3373 4074 3499 4127 mihi
3530 4090 3618 4129 ce-

2399 4169 2544 4233 dite;
2574 4167 2793 4220 reddam

2183 4262 2402 4317 Judicio
2429 4276 2548 4329 quae
2577 4259 2736 4327 digna
2766 4271 2918 4321 meo;
2947 4255 3106 4310 detur
3131 4256 3284 4310 locus
3308 4254 3426 4309 irae.

2186 4356 2276 4411 Sic
2304 4354 2431 4407 dum
2464 4351 2752 4405 multorum
2782 4349 3027 4401 differtur
3059 4362 3215 4414 pinna
3251 4348 3545 4411 tnalorum,

2181 4446 2434 4502 Nonnulli
2461 4444 2783 4512 plerumque
2809 4439 3003 4507 probos
3026 4447 3346 4490 revocantur
3363 4436 3415 4490 in
3440 4448 3614 4507 actus,

2182 4537 2259 4590 Ac
2287 4534 2593 4603 fitquisque
2624 4530 2728 4583 sibi
2755 4529 2951 4597 judex,
2985 4526 3236 4592 ultorque
3267 4539 3517 4587 severus.

2039 4630 2143 4688 790
2181 4627 2334 4697 Quod
2371 4626 2546 4680 fuerat
2586 4621 2735 4693 prius
2763 4620 3116 4685 interimens,
3157 4618 3407 4689 aliusque
3439 4635 3616 4675 resur-

2393 4731 2551 4786 gens.

2179 4811 2366 4881 Atqui
2400 4809 2700 4878 persistunt
2723 4806 2903 4860 errori
2945 4805 3261 4861 incumbere
3296 4804 3478 4871 longo,

2178 4901 2434 4970 Quamvis
2466 4899 2518 4952 in
2552 4899 2735 4952 multis
2759 4898 2900 4952 vitiis
2932 4898 3151 4966 impune
3183 4902 3507 4956 senescant,

2180 4999 2233 5051 ln
2264 5010 2467 5050 szevum
2502 4994 2662 5047 tinem
2688 4994 2946 5047 venient:
2977 4993 3049 5045 ibi
3081 5005 3185 5044 non
3214 4991 3319 5044 erit
3345 4990 3454 5042 ulla

2179 5091 2314 5160 Spes
2343 5087 2541 5155 venite,
2566 5087 2789 5141 minimo
2820 5086 2887 5141 ad
2928 5099 3141 5154 poenam
3188 5082 3483 5149 quadrante
3513 5095 3609 5135 vo-

2387 5177 2583 5233 cando.

2106 5361 2231 5413 'ltiO.
2273 5359 2438 5411 Duac.
2480 5365 2534 5410 et
2573 5355 2762 5410 Colon.
2789 5369 2908 5407 cum
2934 5349 3322 5420 poSIeriuribus
3348 5346 3603 5400 editioni-

2033 5432 2153 5492 bus,
2182 5431 2442 5482 successit.

2105 5486 2229 5552 778.
2276 5499 2549 5554 Editiones
2578 5494 2832 5564 antiquae,
2871 5490 3174 5554 Plectisset;
3211 5495 3437 5555 recent.,
3482 5486 3602 5544 Ριεη

2035 5572 2188 5625 sisset
2201 5609 2212 5622 .
