4040 6178
478 250 582 305 655

609 547 724 601 Νοη
757 549 956 615 patitur
983 548 1128 600 lzrsis
1159 556 1374 614 tempus
1404 549 1638 601 transire
1666 549 1915 602 nocendi.

609 640 676 690 At
706 653 837 691 vero
864 647 1125 692 ueternum
1161 639 1234 692 nil
1267 638 1479 707 effugit,
1521 641 1813 708 omniaque
1853 639 2049 692 adsunt

606 729 764 784 Salva
794 730 937 795 Deo;
972 730 1104 783 nihil
1136 738 1221 784 est
1252 730 1325 784 illi
1360 730 1642 785 tardumve
1669 733 1905 786 citumve
1932 749 1947 788 :

469 820 571 875 800
607 819 713 874 Nec
742 821 852 874 dila
877 836 904 873 a
938 836 1220 890 umquam,
1255 836 1354 874 nec
1385 821 1640 875 festinata
1676 832 1944 889 putemus,

607 912 737 979 Quae
763 914 1016 979 veniunt,
1053 912 1253 965 nostris
1281 919 1560 974 mutantur
1590 923 1834 980 tempora
1861 911 2045 965 rebus.

605 1006 739 1059 Nam
787 1004 932 1074 quod
983 1004 1182 1074 ubique
1232 1004 1442 1073 agitur,
1483 1004 1625 1073 quod
1678 1012 1892 1072 gestum
1932 1010 2047 1068 est,

827 1097 1077 1166 quodque
1105 1095 1406 1166 gerendum
1440 1103 1547 1158 est,

611 1191 749 1244 Ante
775 1191 959 1244 oculos
990 1188 1205 1243 Domini
1237 1196 1440 1258 puncto
1469 1188 1723 1243 subsistit
1751 1187 1802 1241 in
1840 1203 1978 1254 uno,

609 1281 724 1339 Una
756 1281 870 1336 dies
899 1281 984 1335 cui
1017 1295 1237 1350 semper
1266 1280 1422 1335 adest
1447 1295 1568 1335 cras
1597 1289 1759 1352 atque
1790 1279 1922 1334 bere
1952 1296 2049 1332 no-

820 1381 1014 1426 strum.

471 1468 573 1522 $05

825 1562 877 1611 iu
918 1557 1048 1611 illud

607 1653 725 1718 Quo
748 1669 867 1722 quae
893 1668 1037 1707 nunc
1059 1653 1272 1708 occulta
1304 1652 1472 1706 latent
1503 1660 1742 1706 reserata
1771 1650 2049 1720 patebunt,

606 1746 767 1800 Multa
783 1754 962 1801 tamen
987 1745 1244 1800 mundum
1270 1759 1364 1813 per
1385 1746 1577 1799 sarcula
1594 1755 1786 1800 cuncta
1812 1746 2050 1814 regentis
2081 1731 2126 1789 Β

605 1838 837 1892 Justitize
864 1837 1185 1892 documenta
1216 1837 1388 1903 dedit,
1419 1837 1546 1891 dum
1585 1837 1818 1892 maxima
1849 1837 2006 1892 bellis

611 1930 793 2001 Regna
822 1931 1016 2000 quatit,
1044 1931 1172 1986 dum
1200 1944 1345 2000 smpe
1369 1931 1557 1995 urbes,
1589 1931 1923 2001 populosque
1955 1945 2051 2000 po-

821 2035 998 2080 tentes
1833 2030 1848 2040 ⁶

471 2116 578 2169 810
622 2114 883 2169 Exltaurit
908 2114 1137 2178 morbis,
1160 2124 1366 2170 cremat
1396 2114 1632 2182 ignibus,
1655 2114 1834 2168 obruit
1861 2112 2048 2180 undis;

615 2208 856 2275 Dumque
883 2207 1073 2276 inopes
1095 2206 1260 2273 ditat,
1288 2207 1528 2276 dejectos
1556 2205 1761 2274 elevat,
1793 2216 1980 2261 auctos

613 2293 906 2362 ltnminuit,
939 2294 1102 2349 solvit
1127 2294 1365 2363 vinctos,
1397 2293 1700 2364 subigitque
1729 2294 2014 2364 superbos.

609 2385 716 2441 Nec
756 2401 886 2441 vero
933 2386 1034 2442 hoc
1064 2386 1170 2441 nisi
1208 2402 1328 2442 cum
1375 2401 1566 2456 magna
1597 2387 1810 2442 ratione
1857 2395 2048 2456 putan-

823 2478 948 2530 dum
981 2486 1066 2531 est

611 2569 892 2634 Accidere,
918 2580 975 2623 ut
1005 2571 1220 2640 quoties
1251 2571 1385 2626 iram
1414 2570 1771 2639 experiuntur
1797 2570 2000 2640 iniqui,

470 2662 568 2715 Elii
609 2661 881 2731 Supplicia
913 2663 1160 2718 insontes
1188 2662 1478 2717 videantur
1501 2663 1654 2718 obire
1683 2672 1998 2719 nocentum.

611 2755 772 2807 Multa
803 2755 1018 2824 quidem
1046 2770 1261 2824 semper
1291 2756 1495 2810 mundo
1526 2756 1829 2810 communia
1863 2757 1914 2810 in
1944 2756 2051 2811 isto

609 2845 862 2916 Indignus
893 2845 1192 2916 dignosque
1221 2857 1444 2902 manent
1471 2864 1484 2899 :
1510 2848 1592 2903 sol
1622 2848 1875 2903 omnibus
1911 2847 2050 2902 idem

820 2946 910 2990 est
929 2975 944 3000 ,

605 3025 752 3083 idem
785 3027 977 3094 imber,
1007 3027 1209 3098 pariter
1232 3029 1530 3084 subeuntur
1561 3029 1759 3101 frigora
1783 3041 1838 3086 et
1863 3044 2045 3086 testus.

611 3116 783 3188 thue
831 3091 1125 3173 indiscreta
1172 3128 1254 3174 est
1297 3121 1506 3176 cunctis
1544 3091 1715 3192 aqua,
1747 3123 1964 3190 lumen,
1995 3135 2048 3178 et
2079 3091 2124 3154 Ο

825 3223 954 3263 aura
981 3226 997 3276 ;

468 3303 574 3357 820
612 3302 703 3356 Sic
731 3303 1057 3368 injustorum
1097 3304 1272 3374 justos
1302 3305 1441 3360 mala
1488 3305 1631 3361 ferre
1674 3321 1900 3364 necesse
1931 3319 2048 3365 est:

616 3391 683 3448 Ut
706 3392 830 3446 dum
863 3394 1026 3447 multa
1058 3395 1217 3449 malis
1244 3397 1487 3451 insontes
1513 3398 1941 3466 compatiuntur,

609 3480 736 3536 Sint
764 3497 990 3552 quorum
1021 3485 1217 3540 merito
1247 3487 1460 3554 populis
1492 3500 1744 3556 parcatur
1771 3490 1988 3559 iniquis,

616 3573 683 3629 Et
711 3575 802 3645 qui
826 3589 1120 3632 conversos
1151 3578 1374 3633 virtutis
1414 3579 1645 3648 imagine
1673 3581 1893 3636 ducant.

615 3666 719 3720 Sed
747 3682 870 3721 cum
903 3668 1198 3736 perdendis
1230 3670 1634 3727 indentutabilis
1664 3673 1827 3727 instat

473 3757 578 3815 825
617 3758 787 3823 Finis,
818 3775 925 3814 non
953 3759 1140 3816 eadem
1175 3761 1438 3818 incumbit
1466 3766 1732 3819 sententia
1760 3765 1981 3821 sanctis.

616 3848 755 3904 Sunt
782 3865 918 3919 quos
948 3852 1210 3906 diluvium
1243 3853 1424 3908 mundi
1461 3869 1567 3910 non
1595 3856 1810 3925 obruat,
1838 3867 1892 3912 et
1923 3873 2058 3926 quos

615 3943 834 3995 Arsuris
859 3942 1019 3997 liceat
1041 3942 1291 3999 Sodomis
1313 3946 1545 4001 evadere
1575 3965 1587 4001 :
1618 3959 1776 4001 norat

619 4034 855 4100 Angelus
882 4033 1100 4104 Egypti
1130 4045 1373 4091 vastator
1405 4037 1592 4091 limina
1622 4040 1776 4108 signo

619 4121 830 4193 Scripta
859 4126 1057 4189 crucis,
1086 4141 1240 4180 sacro
1273 4143 1557 4184 removens
1584 4145 1613 4182 a
1644 4132 1908 4200 sanguine
1941 4132 2058 4200 pla-

838 4229 979 4282 gam.

467 4304 583 4358 -830
619 4301 727 4359 Nec
755 4307 920 4359 rutilo
950 4307 1142 4360 mulier
1166 4306 1391 4374 decepta
1421 4317 1506 4362 est
1544 4310 1764 4376 vellere,
1798 4311 1952 4380 cujus

622 4396 746 4451 Sola
778 4396 971 4451 domus
1004 4408 1151 4452 tanta
1181 4408 1444 4465 pereunte
1473 4400 1740 4468 superfuit
1768 4403 1920 4457 urbe.

621 4486 706 4542 Fit
737 4503 887 4542 mare
931 4503 1026 4556 per
1071 4489 1330 4544 tumidum
1379 4492 1583 4546 sanctis
1623 4493 1738 4560 via,
1771 4493 1934 4565 fitquc
1967 4511 2060 4565 per

832 4595 1079 4647 amnem;

625 4670 690 4722 Et
722 4684 819 4737 per
849 4672 1008 4726 inane
1040 4672 1139 4740 piis
1167 4673 1368 4742 gradus
1394 4682 1477 4728 est
1502 4690 1517 4728 :
1547 4675 1703 4730 cibus
1744 4676 1874 4732 alite
1903 4692 2056 4732 serva

617 4762 786 4833 319
814 4761 1151 4831 Suggeritur,
1187 4766 1469 4835 perditque
1498 4768 1686 4822 avidus
1715 4783 1810 4823 sua
1854 4770 2056 4825 fercula

837 4868 1071 4909 messor.

481 4944 587 4999 855
627 4942 800 5013 thue
828 4943 920 4998 Dei
951 4944 1127 4998 servis
1161 4946 1289 5000 nihil
1317 4948 1491 5012 obsit,
1523 4950 1749 5004 vertitur
1777 4953 1912 5007 ordo

622 5033 860 5101 Naturae,
884 5034 1094 5091 vinctos
1124 5036 1360 5091 labentia
1387 5039 1598 5094 vincula
1629 5042 1882 5108 solvunt;

553 5175 677 5248 804.
704 5175 889 5248 ᾉΕόίῑὶό
912 5175 1156 5248 Lugdun.
1186 5177 1351 5233 habet
1381 5180 1532 5244 here;
1562 5182 1702 5244 aliae,
1733 5180 1872 5245 heri,
1907 5185 2061 5248 cujus

483 5247 664 5318 ultima
704 5246 859 5318 longa
882 5261 1072 5301 versus
1103 5247 1300 5302 debita:
1340 5252 1623 5318 quantitati
1657 5266 1760 5302 non
1789 5246 2058 5304 convenit.

483 5315 623 5390 Here
652 5317 963 5370 adverbium
991 5325 1169 5372 autem
1198 5318 1337 5390 idem
1360 5315 1561 5376 sonare
1583 5320 1724 5390 quod
1755 5321 1889 5387 lteri,
1921 5330 2064 5390 patet

482 5401 547 5438 ex
581 5385 682 5438 hoc
705 5401 867 5441 versu
895 5397 1236 5456 pentametro
1263 5389 1523 5443 Martialis
1556 5408 1568 5443 :

639 5477 699 5526 Et
724 5482 927 5539 positum
947 5488 1026 5530 est
1050 5481 1189 5530 nobis
1212 5480 1277 5529 nil
1299 5482 1423 5529 here
1449 5491 1628 5544 preter
1653 5496 1838 5544 aprum.

553 5559 767 5615 ‘CAPur
926 5561 1060 5615 Deus
1088 5576 1253 5635 tanien
1284 5567 1509 5618 maxima
1533 5567 1752 5635 jttstitt'a:
1776 5581 1883 5618 stite
1911 5569 2069 5618 docu-

485 5641 651 5681 menta
681 5648 811 5700 sirpe
834 5632 914 5684 hic
944 5635 1068 5685 edit.
1127 5634 1295 5688 Multa
1338 5638 1387 5686 in
1415 5637 1509 5689 hac
1533 5632 1642 5688 cita
1673 5638 1811 5688 bonis
1840 5647 1886 5687 et
1919 5639 2066 5689 malis

489 5703 826 5755 communiter
857 5703 1128 5762 accidunt,
1171 5705 1223 5758 in
1274 5706 1377 5758 alia
1421 5705 1712 5761 nullatenus
1743 5709 1814 5761 ita
1842 5724 1918 5760 res
1950 5711 2063 5761 erit.

1103 249 1159 305 S.
1205 249 1543 306 PROSPERI
1587 248 1911 316 AQUITANI
1953 250 2184 305 OPERA
2225 247 2545 304 INCERTAS
2586 246 3116 306 AUCTORITATlS.

472 363 574 418 ’ἔιιό
613 363 720 418 Nos
746 365 944 419 etenim
967 362 1181 433 qumies
1196 377 1358 418 causa
1375 378 1713 433 quacumque
1742 377 2047 427 movemur,
2084 367 2130 425 Α

613 455 914 511 Vindictam
945 456 1178 510 celerem
1210 455 1482 524 cupimus,
1511 457 1635 526 quia
1668 472 1788 510 rara
1819 455 2049 510 facultas

686 1471 702 1489 ‘
732 1467 840 1520 Sen
872 1480 1198 1534 quamquam
1239 1480 1468 1520 examen
1496 1466 1637 1521 Deus
1664 1467 1842 1521 omnia
1873 1476 2053 1521 servet

3628 249 3738 304 650

2301 361 2499 416 Carcer
2525 370 2718 431 sponte
2749 368 2923 431 patet,
2955 373 3076 415 sera
3113 373 3220 414 non
3265 367 3410 414 tenet
3439 359 3593 413 obice
3640 370 3754 422 γειι-

2508 468 2603 506 vas
2632 469 2648 516 ;

2300 545 2490 600 Deficit
2519 543 2713 598 humor
2743 557 2931 612 aquas,
2963 544 3112 614 ignes
3144 544 3312 608 calor,
3343 544 3422 598 ira
3455 544 3660 598 le0nes.

2295 639 2408 693 Non
2437 647 2616 692 autem
2642 637 2862 692 dubium
2890 647 2974 692 est
3007 637 3061 691 in
3089 652 3298 706 magna:
3329 637 3538 690 turbine
3566 636 3738 691 cladis

2153 729 2259 786 840
2297 729 2505 784 lnvolvi
2538 736 2754 782 teneros
2782 742 2977 795 annos,
3007 735 3088 793 et,
3119 743 3268 781 more
3309 738 3620 796 parentum,

2291 821 2548 876 Criminis
2575 829 2850 890 expertes,
2874 819 3051 874 aliena
3083 819 3408 873 occumbere
3435 820 3612 886 culpa.

2298 912 2430 966 Nam
2478 927 2598 967 cum
2641 913 2888 967 homines
2937 917 3133 980 pontus
3164 919 3404 979 tegeret,
3436 908 3602 962 deleta
3640 925 3738 976 per

2505 1002 2696 1057 orbem

2293 1095 2456 1150 Multa
2483 1095 2784 1164 puellarum
2814 1102 2868 1149 et
2897 1106 3180 1162 puerorum
3214 1091 3380 1145 millia
3415 1101 3596 1146 notum
3621 1099 3728 1142 est.

2295 1187 2404 1242 Nec
2433 1197 2612 1242 tamen
2645 1186 2844 1255 injuste
2874 1184 3036 1240 terris
3063 1191 3314 1253 exempta
3346 1183 3558 1236 videtur

2155 1279 2260 1334 8l5
2298 1278 2590 1347 Progenies
2621 1289 2839 1331 auctura
2873 1275 3064 1339 malos,
3094 1274 3178 1328 cui
3211 1272 3412 1328 mul:us
3438 1274 3489 1326 in
3523 1273 3638 1340 ipso

2298 1369 2474 1423 Exitio
2497 1380 2579 1423 est
2607 1367 2835 1422 collatus
2863 1366 3058 1432 honos,
3087 1365 3225 1435 quod
3258 1365 3483 1418 crimine
3523 1373 3732 1431 patrum

2294 1461 2506 1517 Occidit
2529 1470 2654 1515 ante
2681 1475 2775 1514 sua
2802 1459 3018 1513 caderet
3039 1473 3195 1526 quam
3231 1456 3395 1510 noxia
3428 1457 3604 1523 culpa.

2294 1553 2448 1621 Quod
2485 1553 2532 1607 si
2561 1562 2615 1607 et
2656 1552 2857 1620 justum
2901 1549 3134 1618 aliquem
3165 1548 3442 1616 complexa
3465 1556 3546 1601 est
3577 1561 3733 1614 pcena

2508 1645 2770 1698 malorqu
2787 1683 2802 1709 ,

2294 1738 2370 1793 Ne
2395 1738 2608 1792 dubites
2644 1735 2911 1806 placuisse
2936 1735 3078 1802 Deo;
3113 1749 3214 1790 nec
3245 1733 3389 1788 enim
3420 1733 3555 1786 mala
3589 1745 3736 1784 mors

2505 1838 2587 1884 est

2154 1923 2258 1978 830
2297 1922 2412 1977 Ulla
2442 1922 2620 1989 bonis,
2651 1921 2846 1992 quibus
2866 1920 3016 1975 vario
3047 1919 3311 1988 longoque
3351 1916 3536 1971 labore

2293 2012 2530 2080 Quilibet
2557 2012 2610 2066 in
2649 2013 2894 2082 requiem
2927 2019 3072 2080 patet
3098 2010 3275 2064 exitus
3301 2025 3314 2062 :
3344 2023 3530 2076 aspera
3571 2007 3736 2060 vitam

2297 2105 2394 2158 Dat
2422 2105 2528 2171 via,
2561 2119 2661 2160 nec
2689 2117 2878 2171 campo
2898 2102 3134 2171 capitur,
3159 2099 3254 2154 sed
3285 2101 3390 2154 line
3411 2113 3633 2154 corona.

2300 2195 2493 2249 Verum
2526 2211 2623 2250 nos
2650 2194 2863 2249 blandis
2894 2192 3068 2261 capti,
3097 2190 3396 2261 otl'ensique
3425 2190 3648 2254 severis,

2295 2285 2404 2341 Nec
2432 2286 2571 2340 bona
2595 2285 2800 2356 judicio
2827 2291 3156 2354 spectamus,
3186 2297 3288 2336 nec
3319 2280 3455 2335 mala
3481 2295 3626 2334 vero.

2156 2380 2189 2433 8
2229 2381 2263 2436 5
2305 2379 2437 2432 Dum
2477 2394 2583 2433 non
2615 2387 2916 2432 nostrarum
2947 2375 3181 2430 curanda
3209 2373 3417 2443 negotia
3446 2387 3626 2426 rerum

2298 2470 2651 2539 Suscipimus,
2673 2467 3015 2540 propriisque
3040 2466 3228 2536 juvant
3250 2466 3423 2518 aliena
3451 2462 3676 2517 relictis.

2297 2562 2404 2618 Nec
2425 2577 2747 2633 quemquam
2772 2561 2918 2616 vitiis
2945 2561 3202 2616 miserum
3223 2601 3238 2626 ,
3266 2567 3356 2612 aut
3384 2557 3578 2611 virtute
3609 2555 3738 2608 bea-

2509 2667 2617 2710 tum

2295 2747 2614 2816 Censentes,
2646 2747 2842 2802 frustra
2866 2746 3106 2801 externis
3128 2744 3444 2814 culpamque
3465 2740 3738 2808 decusque

2295 2839 2595 2908 .lungitnus,
2628 2849 2681 2892 et
2712 2838 2850 2893 ccelo
2884 2836 3103 2905 ascripti
3153 2844 3363 2889 terrena
3394 2832 3655 2886 fovemus.

2153 2928 2259 2984 860
2297 2928 2507 2984 Felices
2533 2929 2638 2984 dici
2672 2944 2789 2982 mos
2818 2938 2922 2994 est,
2951 2941 3085 2997 quos
3114 2925 3305 2981 blanda
3335 2931 3572 2993 potestas

2297 3020 2354 3074 In
2385 3035 2626 3075 summos
2654 3021 2834 3090 apices
2868 3017 3191 3073 tumidorum
3222 3017 3398 3072 evexit
3437 3014 3696 3068 bonorum
3717 3053 3733 3076 ,

2297 3114 2443 3179 Quos
2472 3111 2649 3182 magni
2680 3119 2916 3179 quaestus
2941 3110 3202 3174 ditarnnt,
3228 3116 3281 3162 et
3307 3105 3499 3176 quibus
3527 3104 3736 3174 amplos

2294 3203 2577 3274 Congessit
2602 3204 2809 3258 reditus
2837 3212 3004 3257 totum
3031 3215 3121 3256 res
3153 3199 3267 3253 fusa
3298 3212 3394 3268 per
3422 3196 3624 3250 orbem.

2298 3297 2608 3352 Laudatnur
2629 3306 2810 3352 vestes
2842 3294 3183 3364 pretiosae,et
3216 3290 3439 3360 pulchra
3469 3287 3734 3356 supellex,

2156 3389 2258 3444 865
2292 3388 2495 3457 Magnae
2521 3388 2683 3452 mdes,
2707 3386 2889 3440 famuli
2919 3384 3217 3448 innumeri,
3247 3381 3544 3450 vigilesque
3566 3379 3739 3433 clien-

2511 3489 2590 3534 tes
2609 3519 2623 3542 ,

2301 3572 2366 3626 Et
2394 3570 2650 3641 quidquid
2682 3586 2788 3624 non
2819 3576 2903 3624 est
2939 3577 3218 3629 nostrum,
3248 3562 3496 3634 quodque
3523 3571 3580 3616 ut
3607 3560 3738 3616 dare

2517 3663 2689 3732 quivit

2301 3755 2415 3813 Una
2444 3756 2580 3822 dies,
2605 3756 2683 3809 sic
2711 3769 2814 3809 una
2847 3761 3028 3821 potest
3055 3749 3268 3805 auferre
3292 3765 3308 3803 :
3335 3763 3436 3802 nec
3465 3745 3595 3803 illud

2299 3847 2450 3916 Quod
2491 3847 2724 3915 speciale
2773 3846 2971 3899 bonum
3015 3854 3098 3898 est
3142 3839 3406 3908 hominis,
3435 3840 3742 3906 nullamque

2515 3941 2663 3993 timet
2693 3938 2799 3992 vim
2817 3978 2832 4001 ,

2305 4031 2550 4101 Amplexi
2567 4073 2581 4093 ,
2607 4030 2836 4083 miseros
2860 4026 3053 4097 quibus
3083 4024 3200 4080 haec
3223 4022 3503 4094 perdentia
3526 4022 3742 4086 desunt,

2161 4123 2265 4179 870
2308 4124 2369 4176 Et
2401 4137 2495 4191 per
2522 4120 2668 4176 mille
2696 4119 2886 4174 modos
2920 4116 3226 4187 pereuntia,
3255 4114 3561 4177 credimus;
3603 4128 3668 4166 ac
3699 4114 3745 4166 si

2303 4212 2574 4268 Justitiam
2601 4211 2769 4266 durus
2797 4210 2952 4265 labor
2983 4215 3202 4278 urgeat,
3232 4217 3287 4261 et
3315 4206 3472 4261 dolor
3491 4204 3622 4274 aegri

2302 4306 2579 4374 Corporis,
2605 4311 2662 4358 et
2690 4311 2896 4356 mortes
2925 4309 3169 4353 natorum
3190 4339 3205 4362 ,
3233 4307 3288 4352 et
3313 4297 3484 4365 turpis
3511 4303 3745 4364 egestas.

2306 4397 2420 4450 Non
2447 4404 2674 4464 quantas
2699 4392 2869 4463 pariat
2890 4400 3144 4447 constans
3172 4388 3458 4444 tolerantia
3485 4386 3711 4453 palmas,

2310 4488 2416 4542 Nec
2442 4502 2548 4558 quo
2579 4499 2754 4555 pugna
2783 4483 2961 4538 brevis
2989 4480 3060 4535 sit
3089 4494 3403 4550 processura
3429 4477 3713 4530 videmus:

2167 4579 2272 4634 875
2310 4579 2417 4633 Sed
2449 4576 2672 4632 calicem
2701 4575 2878 4630 crucis
2901 4588 2966 4627 ac
2994 4573 3114 4626 vita:
3144 4571 3313 4626 libare
3333 4576 3605 4633 verentes,

2312 4669 2597 4738 Vipereum
2625 4665 2860 4722 obducto
2892 4674 3141 4732 potamus
3169 4659 3334 4714 melle
3359 4672 3651 4713 venenum.

2309 4761 2492 4814 Dulcia
2519 4767 2646 4814 sunt
2672 4758 2875 4814 etenim
2904 4762 3094 4823 gustu,
3127 4753 3414 4821 specieque
3443 4748 3662 4812 decora,

2309 4855 2440 4919 Quae
2486 4851 2707 4906 morbos
2757 4857 3099 4914 mortemque
3145 4843 3339 4897 anima:
3386 4848 3756 4910 generautque

2527 4942 2839 5010 foventque,

2309 5039 2562 5097 Canceris
2590 5045 2647 5093 et
2676 5038 2779 5091 ritu
2820 5033 3126 5105 languentia
3157 5031 3364 5088 viscera
3392 5036 3640 5097 carpunt.

2167 5177 2331 5232 Nulla
2360 5191 2494 5227 mors
2522 5176 2663 5227 bonis
2693 5169 2849 5224 mala.
2884 5171 3053 5238 Quam
3081 5167 3272 5238 injuste
3296 5166 3498 5235 judicet
3529 5169 3758 5216 mundus

2166 5254 2227 5302 de
2259 5245 2571 5299 beatitudine
2589 5241 2622 5315 !_
2701 5312 2714 5315 _
2934 5311 2945 5315 _
3473 5303 3483 5315 ,

2241 5317 2367 5372 840.
2400 5317 2576 5369 Editio
2603 5312 2797 5380 Ludg.,
2837 5321 2884 5365 et
2929 5311 2983 5363 in
3013 5325 3113 5380 ore_
3137 5316 3443 5380 parentum;
3472 5302 3522 5356 id
3554 5311 3666 5380 est.
3701 5312 3759 5355 et

2169 5388 2270 5442 sub
2284 5387 2451 5440 oculis
2473 5373 2774 5454 parentum.
2798 5381 3076 5435 Editiones
3094 5373 3320 5454 laevam,
3343 5373 3754 5454 DuacuColnn.

2169 5471 2222 5511 et
2250 5457 2381 5520 alia,
2423 5442 2636 5526 et'more
2673 5460 2979 5524 parentum;
3014 5448 3154 5516 quod
3201 5447 3338 5501 forte
3377 5442 3669 5526 signiﬁcat,
3701 5455 3759 5497 et

2170 5543 2266 5598 pro
2307 5525 2540 5600 peccatis
2568 5539 2785 5600 suorum
2821 5531 3134 5600 parentum,
3167 5534 3291 5580 seu,
3326 5525 3543 5600 pariter?
3568 5527 3762 5600 alti-pa:

2174 5584 2375 5651 ientés.
2401 5595 2498 5649 llic
2521 5609 2708 5649 sensus
2724 5584 2937 5662 juvatur
2959 5589 3138 5647 verbis
3163 5586 3508 5655 sequentibus
3535 5584 3760 5639 :Atiena

2173 5668 2466 5722 accumbere
2493 5666 2664 5734 culpa.
