3972 6176
243 185 308 237 37
1196 174 1479 232 CABMEN
1519 173 1606 230 DE
1645 171 2106 229 PROVIDENTIA
2148 172 2401 228 DlVlNA.

191 297 307 352 880
347 294 586 362 Cumque
611 291 746 346 Deus
777 289 1038 345 medicam
1066 289 1203 344 cmlo
1229 290 1512 344 demittere
1541 303 1722 342 curam
1805 294 1853 349 Α

343 386 622 453 Dignatur,
655 384 973 451 penitustjue
1017 391 1203 449 putres
1247 381 1570 436 abscindere
1603 380 1784 443 ﬁbras,

346 478 653 531 lncusamus
683 488 836 544 opem
871 471 1076 538 teneri,
1101 483 1154 528 et
1183 474 1465 528 tabescere
1493 471 1683 526 morbo

342 571 504 641 821
553 568 837 634 Malumus,
866 567 1089 622 antidoti
1116 582 1273 637 quam
1303 567 1410 621 vim
1441 567 1672 622 tolerare
1701 580 1782 619 se-

558 661 693 714 veri.

349 749 470 806 Non
501 751 662 820 igitur
691 749 832 804 mala
861 758 986 804 sunt
1010 763 1131 819 quae
1164 763 1261 804 nos
1293 747 1432 803 mala
1460 746 1738 813 ducimus;

561 852 614 896 et
641 857 763 896 cum

179 934 307 989 885
355 932 639 988 Ulceribus
667 933 798 986 diris
827 947 930 985 non
964 933 1131 1001 parcit
1160 931 1349 986 dextra
1381 930 1664 994 medentis,

351 1025 740 1093 Amplectenda
771 1025 939 1091 salus,
971 1040 1074 1077 non
1103 1023 1408 1077 exacuenda
1438 1025 1649 1093 querela
1682 1031 1783 1076 est.

343 1121 465 1175 Jam
512 1133 648 1187 quos
701 1126 982 1185 peccantes
1028 1117 1170 1170 Deus
1215 1116 1426 1184 arguit,
1480 1116 1579 1169 hos
1625 1115 1784 1169 etiam

561 1221 701 1261 nunc

347 1295 552 1366 Diligit,
585 1303 639 1350 et
667 1297 837 1365 patrio
864 1297 976 1350 vult
1003 1297 1294 1352 emendare
1322 1296 1563 1366 ﬂagello.

348 1389 536 1457 Meque
576 1390 692 1444 istis
723 1389 899 1456 potius
926 1390 1122 1454 societ,
1153 1405 1311 1459 quam
1341 1397 1628 1457 congreget
1658 1390 1780 1452 illis,

180 1479 302 1533 δυο
345 1480 493 1545 Quos
520 1481 624 1548 jam
650 1480 901 1534 submoto
928 1482 1172 1548 permisit
1204 1482 1446 1541 verbere.
1482 1495 1644 1534 cursu

344 1570 430 1626 Ire
460 1571 775 1630 voluntatis,
808 1573 1134 1641 propriaque
1165 1571 1386 1625 libidine
1420 1569 1570 1624 ferri.

347 1660 414 1715 Hi
447 1671 572 1716 sunt
601 1677 730 1716 vero
760 1661 856 1725 illi,
887 1677 1020 1732 quOs
1047 1662 1187 1715 inter
1217 1663 1440 1717 crimina
1472 1671 1638 1727 tutos,

347 1751 416 1805 Et
441 1753 706 1806 scelerum
739 1751 880 1806 dites
910 1752 1107 1817 fructu,
1138 1753 1396 1820 impunita
1425 1763 1676 1806 senectus

341 1843 614 1896 Extrema:
646 1842 817 1911 turpis
845 1844 969 1897 vita:
1001 1843 1250 1912 produxit
1283 1845 1334 1898 iu
1367 1857 1510 1897 oras.

180 1936 298 1990 893
350 1936 409 1988 l-li
431 1936 630 2003 justum
662 1935 870 2005 injustis
901 1935 1040 1989 odiis
1074 1950 1356 2003 pressere;
1411 1950 1506 2005 per
1537 1935 1668 1989 istos

339 2026 488 2080 Bella
517 2026 688 2081 excita
723 2027 845 2094 piis,
877 2035 930 2080 et
960 2025 1124 2094 ﬂagra
1159 2026 1428 2080 medentia
1464 2026 1653 2078 tardis.

407 2117 673 2182 'Nnroue
716 2119 904 2173 cadent
947 2127 1174 2173 cunctos
1211 2127 1473 2174 exercent
1518 2118 1618 2173 tela
1653 2119 1785 2171 lide—

550 2212 647 2271 les,

334 2301 452 2355 Sub
481 2289 676 2370 duplici
713 2317 905 2368 cansa;
953 2301 1081 2357 dum
1109 2319 1218 2372 quo
1245 2311 1560 2372 torquentur
1589 2303 1777 2372 iniqui,

337 2393 451 2447 lloc
481 2395 650 2447 sancti
674 2403 953 2456 crescunt;
985 2403 1041 2449 et
1061 2394 1202 2462 quod
1238 2409 1446 2462 pmnam
1478 2395 1651 2448 attulit
1678 2396 1781 2448 illis

184 2484 300 2538 900
349 2485 453 2538 Pro
477 2485 653 2554 culpa,
687 2485 787 2540 hoc
816 2485 932 2539 istis
963 2485 1052 2539 dat
1080 2500 1176 2556 pro
1207 2485 1403 2540 virtute
1428 2500 1705 2539 coronam.

340 2577 581 2646 Denique
612 2579 654 2630 si
687 2578 943 2647 quidquid
972 2578 1254 2632 mundanis
1277 2578 1436 2632 rebus
1462 2578 1713 2632 acerbum

339 2670 548 2723 Accidit
577 2671 842 2738 excutias,
879 2678 1045 2724 totum
1072 2670 1184 2738 jam
1213 2677 1404 2736 sponte
1432 2669 1638 2723 videbis

341 2762 676 2831 Anticipasse
708 2763 797 2817 Dei
825 2761 1076 2816 famulos.
1109 2762 1286 2817 Gemit
1315 2763 1403 2816 ille
1432 2763 1652 2817 talentis

335 2853 559 2922 Argenti
602 2862 762 2920 atque
811 2853 928 2906 auri
974 2851 1230 2917 amissis,
1288 2852 1434 2908 hunc
1484 2864 1636 2923 rapta
1682 2867 1773 2908 su-

553 2945 757 3013 pellex,

178 3035 284 3092 905
337 3035 549 3105 Perque
579 3052 746 3090 nurus
777 3036 996 3091 Geticas
1026 3036 1194 3090 divisa
1219 3036 1437 3090 monilia
1465 3044 1736 3105 torquent.
1806 3030 1848 3086 C

327 3127 486 3182 Hunc
531 3141 695 3195 pecus
738 3128 1050 3194 abductum,
1096 3127 1288 3182 domus
1336 3136 1492 3195 ustae,
1538 3134 1773 3196 potaque

547 3221 667 3270 vina

330 3309 611 3374 Afficiunt,
643 3311 822 3364 tristes
849 3310 980 3376 nati,
1011 3309 1335 3378 obscenique
1364 3308 1617 3362 ministri.

327 3401 441 3456 Sed
471 3403 684 3470 sapiens
713 3401 913 3456 Christi
945 3415 1132 3455 servus
1162 3402 1233 3454 nil
1265 3401 1498 3468 perdidit
1531 3400 1720 3454 horum

325 3495 461 3560 Quae
487 3495 712 3564 sprevit,
741 3495 985 3562 cmloque
1016 3494 1159 3562 prius
1193 3493 1450 3546 translata
1482 3492 1707 3556 locavit,

177 3591 280 3646 9l0
331 3589 413 3643 Ac
439 3589 484 3642 si
516 3587 643 3657 quid
672 3586 856 3640 mundi
882 3586 983 3639 sub
1015 3593 1333 3654 tempestate
1361 3585 1603 3638 laborum

335 3680 548 3745 Incidit,
583 3679 848 3749 intrepide
877 3678 1060 3742 subiit,
1093 3677 1407 3731 manifestus
1447 3677 1668 3730 honoris

331 3771 612 3835 Promissi,
641 3781 694 3823 et
722 3768 948 3837 cupidus
977 3768 1119 3822 victo
1147 3767 1444 3822 certamine
1469 3767 1626 3822 solvi.

331 3864 404 3916 At
431 3867 513 3926 tu,
545 3861 633 3929 qui
666 3859 940 3928 squalidos
969 3873 1125 3928 agros
1150 3859 1470 3927 desertaque
1499 3857 1666 3913 deﬂes

329 3951 505 4010 Atria.
534 3959 589 4004 et
622 3960 831 4004 exustae
863 3954 1140 4016 proscenia
1167 3950 1341 4002 diruta
1375 3950 1542 4015 villae;

179 4045 282 4098 915
327 4042 526 4098 Nonne
582 4043 750 4111 magis
798 4045 1026 4112 propriis
1081 4057 1270 4112 posses
1322 4043 1586 4114 lacryinas
1641 4044 1771 4099 dare

548 4133 782 4198 damnis,

334 4225 392 4280 Si
426 4226 604 4294 potius
631 4234 835 4278 vastata
869 4226 943 4278 tui
978 4226 1266 4294 penetralia
1294 4227 1473 4281 cordis

333 4317 656 4386 Inspiceres,
692 4317 963 4386 multaque
992 4318 1264 4372 obtectum
1295 4319 1455 4374 sorde
1493 4320 1767 4387 decorem,

3364 177 3475 232 (ὶδεῦ

2020 287 2151 353 Quae
2176 298 2430 356 congesta
2459 287 2662 355 jacent.
2699 287 2936 356 populati
2966 288 3146 344 cordis
3179 289 3230 342 in
3257 288 3380 344 aula

2036 379 2358 449 Plangamus
2386 380 2592 450 captiva
2625 394 2836 447 manus,
2861 395 2958 436 nos
2987 381 3267 450 splendida
3298 396 3473 452 quon-

2249 472 2371 524 dum

2034 560 2170 616 Vasa
2197 563 2314 622 Dei.
2345 577 2443 616 nos
2470 563 2627 616 almae
2655 578 2783 627 arae,
2815 571 2871 618 et
2896 564 3129 618 sacraria
3158 562 3382 632 Christi,

2038 650 2090 703 In
2118 653 2314 722 quibus
2343 664 2627 723 argentum
2674 655 2894 722 eloquii,
2927 656 3139 709 virtutis
3173 664 3225 709 et
3252 670 3466 722 auriam,

1891 742 1994 799 930
2033 743 2098 798 Et
2145 757 2413 813 sceptrum
2469 757 2680 816 captum
2728 757 2811 802 est
2854 749 3066 817 crucis,
3120 757 3177 805 et
3223 751 3468 805 diadema

2244 837 2484 892 decoris.

2032 926 2140 982 Nec
2169 928 2367 982 rabidis
2404 929 2600 998 justam
2636 946 2948 986 moveamus
2981 932 3275 1001 questubns
3311 934 3465 1002 iram,

2032 1018 2297 1073 Judirium
2326 1021 2590 1087 culpando
2625 1022 2744 1086 Dei,
2777 1023 2917 1092 quod
2951 1025 3145 1079 mentis
3175 1033 3229 1079 et
3256 1028 3366 1081 oris

2029 1108 2276 1164 Officium
2311 1113 2472 1165 multa
2509 1115 2839 1168 transcendit
2870 1117 3040 1186 majus
3071 1119 3287 1187 abysso.

2031 1203 2285 1270 Quamvis
2313 1205 2508 1275 exiguo
2540 1207 2638 1260 hoc
2666 1208 2917 1274 fugientis
2948 1219 3192 1277 tempore
3218 1212 3340 1264 vita)

1889 1292 1994 1350 955
2030 1293 2220 1361 lnjusti
2255 1308 2516 1362 tumeant,
2549 1305 2603 1351 et
2633 1306 2740 1350 tnta
2770 1313 2897 1364 pace
2927 1314 3146 1354 suorum

2033 1387 2306 1440 Lzetentur
2331 1388 2630 1453 scelerum;
2677 1405 2889 1451 nomine
2922 1390 3038 1443 illos
3070 1393 3224 1446 vinea
3256 1391 3422 1455 fallat,

2031 1477 2145 1533 Non
2174 1492 2335 1547 ager;
2381 1489 2437 1532 et
2466 1489 2694 1532 noceant
2741 1480 2935 1543 illaesi,
2986 1491 3040 1535 et
3087 1482 3314 1535 crimine
3344 1499 3464 1536 cre-

2243 1585 2328 1624 sca
2339 1579 2400 1624 nt
2424 1589 2434 1623 :
3241 1619 3244 1622 .

2035 1661 2165 1729 Nos,
2216 1663 2411 1732 quibus
2465 1664 2516 1716 in
2549 1662 2764 1717 ChriSto
2812 1673 2934 1715 sunt
2976 1664 3181 1728 omnia,
3230 1680 3333 1718 non
3380 1680 3468 1718 ca-

2248 1755 2393 1820 piant
2421 1767 2507 1806 res

2031 1845 2302 1914 Occiduaz,
2333 1860 2465 1914 quas
2496 1860 2594 1899 nec
2627 1845 2906 1899 nobiscum
2939 1844 3239 1898 inveximus
3268 1846 3390 1910 orti,

1887 1937 1994 1993 940
2034 1937 2145 1992 Nec
2171 1937 2458 1992 discessuri
2490 1936 2690 1991 mundo
2716 1936 3122 2004 exportabimns
3155 1937 3280 1989 isto.

2028 2030 2134 2083 Sed
2160 2031 2202 2082 si
2233 2029 2354 2096 quis
2382 2037 2636 2096 superest
2665 2026 2832 2080 animi
2864 2027 3040 2095 vigor,
3074 2027 3404 2080 excutiamus

2030 2121 2239 2176 Pei'cati
2268 2120 2462 2174 servile
2490 2120 2697 2188 jugum,
2733 2120 3012 2186 ruptisque
3042 2116 3268 2183 catenis,

2029 2213 2081 2267 lu
2113 2215 2413 2269 libertatem
2446 2221 2500 2266 et
2529 2211 2714 2279 patria:
2747 2211 3031 2265 redeamus
3063 2209 3343 2264 honorent.

2029 2305 2189 2372 Impia
2223 2319 2328 2358 non
2369 2303 2605 2358 oberunt
2641 2318 2764 2358 cum
2797 2317 2950 2356 saevo
2985 2309 3137 2370 pacta
3172 2313 3418 2372 tyranno,

1883 2394 1990 2451 945
2029 2395 2250 2462 Captiva
2282 2395 2589 2463 conscripta
2615 2409 2797 2459 manu,
2825 2393 3113 2448 resolubile
3144 2393 3360 2446 Christo
3386 2403 3468 2447 cst

2029 2486 2140 2540 lioc
2170 2485 2366 2550 fmdus,
2399 2486 2538 2554 quod
2568 2485 2689 2554 jure
2719 2493 2893 2551 potest
2924 2485 3235 2538 subvertere
3255 2483 3434 2553 just0°

2031 2594 2051 2627 ι
2098 2577 2334 2629 Aversos
2367 2591 2627 2629 revocans
2663 2587 2716 2630 et
2747 2575 3046 2643 suSpiciens
3075 2589 3392 2638 conversos;

2030 2684 2050 2719 ι
2097 2667 2370 2736 Sanguine
2432 2680 2568 2735 quos
2627 2667 2849 2735 proprio
2909 2666 3157 2734 quaesivit
3209 2665 3466 2736 prodigus

2237 2776 2256 2811 ι
2303 2766 2535 2826 emptor,

2029 2872 2047 2904 ι
2094 2853 2148 2908 Si
2173 2863 2349 2906 tamen
2375 2850 2665 2906 assertoris
2696 2864 2852 2918 opem
2891 2849 3082 2903 festina
3113 2849 3363 2904 voluntas

1881 2947 1988 3004 950
2031 2965 2050 3000 ι
2097 2945 2416 3011 Praeveniat,
2445 2945 2571 2998 ﬂetu
2604 2942 2887 2999 Dominum
2917 2955 3123 2997 m0tura
3158 2942 3321 2996 fideli.

2029 3056 2048 3089 σ
2096 3038 2228 3092 Nam
2274 3045 2330 3090 ut
2373 3051 2530 3091 nemo
2583 3036 2804 3100 invitus,
2853 3048 3113 3088 somuove
3149 3033 3365 3102 quietus
3411 3034 3463 3088 in

2242 3145 2261 3178 ο
2307 3128 2417 3181 alto

2029 3238 2047 3270 ι
2095 3217 2180 3273 Fit
2206 3218 2408 3283 salvus,
2434 3231 2533 3271 nec
2557 3217 2606 3270 vi
2638 3216 2833 3283 petitur
2859 3217 2950 3284 qui
2980 3225 3174 3286 spoiite
3205 3215 3426 3270 reces‘it
3451 3232 3465 3280 ;

2029 3328 2048 3362 σ
2094 3309 2185 3366 Sic
2215 3310 2421 3378 pulsata
2455 3318 2640 3377 patent
2670 3308 3018 3362 redeuntibus
3045 3309 3180 3360 atria
3215 3309 3358 3370 vitae,

2030 3420 2048 3452 ι
2103 3402 2168 3456 Et
2196 3401 2383 3471 recipit
2413 3400 2536 3456 cmli
2567 3411 2810 3454 servatos
2839 3400 2986 3454 curia
3013 3400 3180 3456 οἰνιιε.

1879 3493 1984 3550 955
2021 3493 2189 3563 Cujus
2218 3509 2368 3562 spem
2402 3493 2577 3546 veniae
2601 3492 2812 3545 firmato
2843 3493 3004 3546 corde
3039 3491 3302 3556 foventes,

2023 3583 2314 3652 lmplorate
2340 3583 2532 3649 Deum,
2565 3597 2876 3652 pugnasque
2905 3584 3212 3652 relinquite.
3247 3585 3462 3645 fratres,

2023 3676 2346 3739 Verborum,
2377 3684 2433 3728 et
2462 3674 2582 3728 lites
2609 3675 2674 3727 de
2706 3675 2884 3742 pravis
2914 3674 3163 3726 sensibus
3190 3683 3356 3725 ortas.

2023 3767 2131 3822 Nec
2161 3767 2286 3836 quia
2319 3765 2648 3830 procidituus
2681 3764 2782 3818 fusi
2813 3765 3111 3819 certamine
3144 3765 3338 3832 primo,

2021 3863 2196 3928 Stare,
2230 3868 2286 3913 et
2311 3858 2622 3913 conﬂictum
2658 3872 2940 3911 vereamur
2979 3858 3115 3911 inire
3144 3859 3461 3911 secundum.

1877 3953 1983 4010 960
2026 3952 2232 4007 Cuncta
2265 3951 2388 4004 licet
2416 3950 2579 4004 variis
2611 3951 2909 4004 terroribus
2939 3950 3163 4017 impleat
3190 3950 3377 4016 hstis,

2021 4046 2086 4100 Et
2111 4044 2254 4114 vigili
2283 4045 2494 4098 clausas
2520 4043 2735 4097 obsidat
2764 4042 2935 4096 milite
2968 4053 3172 4109 portas,

2021 4137 2156 4191 Cum
2185 4137 2327 4190 victo
2355 4145 2536 4189 tamen
2565 4146 2646 4189 εει
2675 4135 2900 4200 bellum,
2931 4135 2975 4187 si
3010 4150 3172 4188 carne
3201 4143 3407 4188 vetusta

2023 4228 2200 4291 Exuti,
2233 4228 2283 4280 in
2314 4225 2514 4280 Christi
2543 4241 2869 4281 renovemur
2899 4239 3118 4294 corpus,
3163 4237 3217 4280 et
3243 4241 3464 4283 omnem

2022 4319 2282 4375 Vinceudi
2311 4320 2467 4374 nobis
2493 4321 2600 4373 vim
2631 4319 2698 4373 de
2728 4321 2932 4373 victore
2962 4327 3223 4387 petamus.

334 4409 766 4477 Grassantesque
794 4410 974 4463 hostes
1002 4411 1229 4477 captivae
1265 4414 1460 4467 mentis
1492 4413 1543 4466 in
1574 4413 1734 4467 arce?
1798 4399 1850 4459 D
1880 4411 1986 4468 965
2023 4411 2123 4477 Qui
2153 4411 2281 4464 dum
2310 4420 2492 4463 nostra
2520 4412 2633 4463 suis
2658 4409 2849 4474 sociat,
2874 4409 3050 4477 junxit
3079 4423 3175 4462 sua
3206 4409 3428 4465 nostris.

331 4500 467 4567 Quae
495 4500 596 4553 nisi
631 4515 724 4568 per
754 4511 973 4554 cunctas
1001 4505 1258 4570 patuisset
1291 4504 1467 4558 dedita
1500 4514 1701 4573 portas,

188 4591 289 4648 920
333 4591 500 4662 Inque
531 4606 684 4646 suam
709 4592 916 4646 cladem
947 4593 1150 4646 facibus
1181 4592 1413 4648 fomenta
1457 4594 1698 4649 dedisset

337 4683 454 4737 Hoc
483 4683 643 4737 etiam
674 4697 794 4752 quae
827 4683 960 4736 facta
994 4697 1152 4736 manu
1179 4686 1424 4752 speciosa
1455 4685 1695 4752 fuerunt,

336 4773 527 4828 Devoti
554 4775 800 4827 meritum
835 4775 1012 4841 populi
1046 4783 1240 4828 testata
1271 4787 1580 4830 manerent.

334 4865 444 4920 Sed
474 4880 595 4919 cum
623 4866 855 4921 deformi
883 4867 1098 4934 jaceant
1126 4877 1392 4935 prostrata
1425 4869 1600 4934 ruina,

338 4957 612 5026 Objiciunt
642 4958 794 5011 nobis
821 4972 979 5012 casus
1006 4969 1329 5030 nostrosque
1358 4976 1626 5029 suusque.

190 5049 298 5106 9'25
339 5051 449 5106 ﬂos
493 5051 661 5120 igitur
704 5050 914 5105 cineres
956 5051 1296 5121 templorum,
1336 5051 1449 5106 haec
1481 5052 1634 5107 busta
1675 5069 1774 5124 po-

556 5151 782 5209 ternum,

267 5259 393 5314 899.
424 5259 514 5312 Sic
559 5256 822 5312 editiones
868 5256 1065 5326 Lugd.,
1107 5255 1337 5325 Lovan.,
1385 5258 1551 5316 Duac.
1591 5269 1646 5314 et
1673 5261 1775 5316 Co-

196 5330 306 5384 lon.
338 5329 684 5384 Recentiores
715 5343 859 5390 vero,
886 5329 937 5378 in
967 5343 1146 5380 auras.

268 5404 288 5423 ‘
318 5401 501 5454 CAPUT
542 5397 654 5452 XII.
707 5399 940 5467 Afﬂictio
982 5398 1132 5450 malis
1185 5413 1333 5467 paena
1377 5407 1449 5451 est
1497 5401 1725 5454 criminis
1754 5443 1770 5466 ,

201 5469 344 5522 bonis
374 5485 560 5522 corona
589 5467 808 5521 virtutis.
840 5468 1039 5540 Anima:
1063 5469 1282 5532 damna,
1321 5471 1483 5540 magis
1509 5487 1664 5536 quam
1695 5490 1775 5524 re-

200 5557 316 5592 rum
343 5542 646 5611 exteriorum
677 5539 919 5611 lugenda.
945 5535 1209 5591 Conversis
1241 5535 1442 5611 prodest
1475 5541 1774 5609 afﬂictionis

203 5612 491 5665 tolerantia.
529 5608 760 5663 Vincitur
787 5610 1022 5662 diabolus
1062 5611 1210 5662 etiam
1239 5612 1302 5662 ab
1342 5609 1422 5661 Itis
1459 5608 1581 5680 quos
1622 5623 1772 5666 antea

2034 4504 2101 4556 Ut
2128 4517 2233 4555 non
2266 4502 2512 4554 humanis
2541 4500 2712 4554 fidens
2743 4504 2922 4561 homo,
2947 4509 3091 4554 totus
3125 4500 3176 4552 in
3211 4499 3361 4554 illum

2026 4594 2097 4650 Se
2144 4593 2369 4660 referat,
2424 4597 2540 4648 sine
2590 4608 2696 4662 quo
2741 4608 2846 4646 non
2887 4601 3032 4647 stant
3071 4591 3162 4662 qui
3204 4603 3350 4648 stare
3392 4593 3472 4648 vi-

2242 4686 2458 4749 dentur,

2030 4777 2096 4831 Et
2119 4794 2212 4847 per
2235 4794 2394 4846 quem
2423 4776 2595 4847 sparsi
2625 4787 2844 4843 coeunt,
2869 4781 3132 4850 stratique
3162 4791 3468 4850 resurgunt.

2102 4871 2228 4926 Hmc
2257 4880 2341 4925 sat
2367 4871 2467 4925 erit
2499 4885 2663 4939 parvo
2688 4871 2910 4926 rudibus
2937 4872 3222 4941 scripsisse
3251 4873 3435 4928 libello
3453 4892 3472 4930 ε

1883 4963 1993 5018 970
2031 4961 2130 5029 Qui
2157 4975 2276 5015 cum
2308 4961 2577 5015 sincerum
2610 4961 2730 5017 vivo
2755 4962 2823 5017 de
2850 4961 2998 5016 fonte
3027 4963 3289 5031 liquorem

2027 5053 2327 5118 Custarint,
2356 5055 2457 5123 ipsi
2487 5054 2813 5124 profundent
2841 5056 3060 5109 ﬂumina
3093 5056 3162 5109 ab
3185 5057 3310 5110 alvo

2023 5146 2236 5214 Cordis,
2268 5156 2320 5201 et
2345 5146 2575 5217 irriguas
2602 5147 2914 5216 praebebunt
2941 5146 3194 5202 fratribus
3227 5164 3408 5204 urnas.

1877 5262 2163 5331 viceral,_si
2207 5277 2342 5328 spem
2371 5260 2422 5314 in
2450 5260 2650 5315 Christo
2697 5270 2908 5331 ponant,
2943 5271 2991 5314 et
3019 5261 3258 5316 uincendi
3298 5264 3458 5318 virtu-

1879 5344 1978 5386 tem
2005 5349 2034 5383 (ι
2066 5330 2290 5394 Christo,
2320 5332 2406 5399 qui
2433 5330 2704 5384 diabolum
2723 5333 2862 5398 vicit,
2896 5340 3094 5394 petant.

1950 5402 2075 5456 916.
2109 5403 2162 5456 ld
2191 5415 2294 5463 est,
2326 5411 2515 5461 certus.
2549 5400 2608 5453 V.
2642 5416 2799 5468 supra
2831 5418 2883 5454 v.
2920 5401 3041 5455 190.

1952 5471 2076 5528 944.
2113 5473 2186 5525 lta
2235 5473 2351 5524 libri
2401 5484 2611 5525 veteres
2661 5471 2852 5539 Lugd.,
2897 5471 3098 5525 Lovan.
3139 5481 3195 5530 et
3235 5473 3438 5532 Colon.

1877 5558 2001 5599 cum
2037 5543 2362 5613 posteriores
2393 5543 2642 5607 habeant,
2678 5541 2962 5595 inteximus
2999 5543 3131 5598 orbi.
