4040 6178
491 257 589 315 539
1119 257 1175 313 S.
1218 255 1554 311 PROSPEHI
1597 255 1923 322 AQUITANI
1962 254 2086 309 Ol’E

2156 255 2189 307 A
2228 251 2548 307 ικϐειιτιε
2589 248 3106 306 AUCTOBITATIS.
3641 245 3751 303 6m

1779 463 2191 544 ADMON
2205 461 2445 542 ΙΤΙΟ

1207 606 1289 667 ΙΝ
1333 605 1613 666 LIBROS
1657 604 1760 664 DE
1805 601 2265 666 VOCATIONE
2315 600 2636 663 OMNIUM
2681 601 3063 664 GENTIUM.

566 707 664 762 Diu
691 716 772 762 est
794 721 915 761 cum
946 707 1202 775 quaeritur
1243 706 1362 775 quis
1391 706 1551 760 fuerit
1601 715 1788 759 auctor
1843 705 2099 758 librorum
2146 705 2212 758 de
2255 704 2547 759 Vocatione
2593 707 2831 758 omnium
2877 704 3147 760 Gentium.
3183 705 3246 758 Et
3273 704 3501 770 primum
3534 703 3750 770 quidem

452 773 458 781 ’
493 779 710 845 rscripti
739 789 862 832 sunt
885 773 1070 830 sancto
1095 773 1378 831 Ambrosio
1401 793 1466 830 ex
1495 777 1844 844 quorumdam
1877 775 2357 843 manuscriptorum
2407 776 2650 828 codicum
2696 775 2816 830 ﬁde.
2856 775 2961 830 Sed
3008 792 3112 830 non
3146 776 3310 830 multo
3343 783 3461 845 post
3509 781 3754 845 tempore

491 851 559 903 ab
592 844 689 901 hac
717 849 967 916 opinione
991 847 1285 901 discessum
1317 859 1416 909 eSt.
1460 861 1583 900 cum
1614 845 2041 899 animadversum
2068 856 2149 898 est
2178 846 2245 898 ab
2271 845 2494 899 eruditis
2523 861 2626 898 non
2659 845 2831 898 solum
2871 846 2952 898 his
2981 847 3034 899 in
3069 846 3217 899 libris
3243 845 3396 916 citari
3431 844 3751 912 Pelagiano-

492 933 611 973 rutn
646 915 1046 986 bmresim,quze
1079 917 1549 984 pnstAmbrosium
1583 918 1722 970 inter
1747 916 1953 969 caelites
1977 925 2308 986 assumptum
2332 923 2447 968 orta
2501 916 2712 986 est,sed
2745 917 2905 968 etiam
2933 916 2985 969 in
3032 916 3138 969 illis
3181 916 3265 986 agi
3301 915 3370 986 de
3405 916 3758 971 contentione

493 1002 614 1058 quae
641 987 693 1041 in
726 984 964 1041 Ecclesia
995 996 1132 1058 nata,
1147 997 1228 1058 est
1249 1001 1317 1058 ex
1344 987 1583 1058 doctrina
1611 1001 1769 1054 quam
1800 994 2019 1058 sanctus
2043 984 2367 1058 Augustinus
2387 993 2574 1058 contra
2601 985 3007 1058 Pelagianorum
3031 984 3283 1058 haeresim
3305 985 3591 1058 decertans
3613 995 3757 1038 stre—

495 1054 599 1111 nue
631 1066 1075 1126 pr0pugnaverat.
1109 1056 1308 1126 Deinde
1337 1072 1465 1111 vero
1496 1057 1758 1124 Prospero
1785 1055 2000 1122 ascripti
2024 1065 2195 1126 sunta
2221 1054 2560 1126 quibusdam,
2591 1058 2680 1121 qui
2710 1056 2830 1109 illos
2855 1056 2906 1108 in
2941 1056 3317 1126 manuscriptis
3348 1054 3618 1108 nonnullis
3646 1058 3754 1108 sub

494 1131 551 1182 S.
577 1128 822 1195 Pr05peri
853 1128 1066 1180 nomine
1093 1125 1390 1193 descriptos
1421 1127 1680 1194 legerunt,
1708 1135 1763 1180 et
1789 1126 1910 1192 quia
1941 1140 2130 1196 magna
2159 1125 2209 1179 in
2245 1125 2328 1196 his
2369 1126 2599 1178 aftinitas
2633 1133 2848 1196 notatur
2879 1141 2998 1179 cum
3028 1125 3412 1196 quaestionibus
3453 1138 3587 1196 quas
3621 1140 3754 1196 san-

496 1207 615 1252 ctus
645 1194 731 1251 ille
755 1197 1033 1266 Augustini
1063 1196 1356 1264 discipulus
1384 1205 1440 1249 et
1460 1197 1656 1249 vindex
1687 1197 1738 1248 in
1771 1196 1881 1248 suis
1907 1195 2157 1263 operibus
2183 1194 2377 1263 attigit.
2410 1195 2516 1250 Sed
2560 1195 2785 1266 eruditis
2809 1194 3170 1266 criticis,'ncc
3193 1196 3375 1266 paucis
3403 1195 3642 1263 quidem,
3672 1194 3756 1266 vi-

497 1282 616 1320 sum
645 1277 749 1329 est,
771 1278 826 1320 et
850 1265 904 1320 in
930 1269 1027 1320 hac
1051 1266 1278 1320 secunda
1297 1267 1606 1334 opinatione
1627 1275 1860 1319 erratum
1882 1279 2026 1329 esse.
2047 1279 2142 1319 nec
2164 1279 2256 1319 eos
2279 1275 2336 1319 ut
2361 1279 2518 1319 veros
2539 1267 2708 1319 sancti
2734 1265 2906 1320 Patris
2926 1267 3066 1321 illius
3091 1266 3228 1319 fetus
3255 1265 3458 1319 debere
3487 1265 3707 1332 agnosci
3734 1281 3750 1317 :

499 1338 582 1389 his
610 1336 822 1406 quidem
847 1345 1061 1404 propter
1084 1337 1205 1406 styli
1236 1336 1621 1397 diversitatem,
1652 1335 1758 1406 illis
1779 1349 1906 1406 vero
1931 1347 2147 1406 propter
2175 1334 2434 1406 doctrinm
2463 1335 2900 1400 discrepantiam.
2925 1335 3058 1390 Cum
3087 1351 3216 1390 vero
3247 1351 3353 1389 non
3397 1345 3754 1406 superessent

499 1406 592 1459 ulli
623 1405 836 1459 codices
859 1404 1229 1474 manuscripti,
1254 1406 1308 1459 in
1332 1407 1524 1473 quibus
1549 1405 1668 1458 libri
1697 1405 1768 1457 illi
1799 1404 1952 1458 alteri
1980 1405 2188 1458 cuidam
2215 1405 2418 1473 parenti
2449 1407 2870 1472 assignarentur,
2897 1417 3008 1460 tum
3031 1421 3158 1461 vero
3183 1414 3398 1459 ventum
3423 1413 3506 1458 est
3532 1405 3597 1457 ad
3622 1418 3752 1456 con-

497 1477 752 1544 jecturas.
783 1475 887 1529 Alii
918 1475 1082 1539 enim,
1114 1480 1251 1529 inter
1275 1490 1408 1543 quos
1431 1475 1618 1529 Latius
1648 1484 1702 1529 et
1735 1474 1973 1540 Vossius,
2005 1474 2207 1528 Hilario
2239 1475 2312 1527 illi
2359 1475 2670 1529 tribuendos
2699 1475 3066 1538 crediderunt,
3109 1475 3263 1543 cujus
3303 1476 3531 1541 epistola
3557 1474 3752 1542 legitur

499 1545 566 1597 ad
590 1557 830 1598 sanctum
873 1546 1224 1612 Augustinum
1265 1546 1408 1610 data,
1440 1559 1705 1614 quemque
1733 1546 1973 1597 nonnulli
2002 1559 2121 1597 cum
2143 1544 2444 1599 Arelatensi
2477 1545 2633 1613 hujus
2664 1545 2895 1599 nominis
2935 1547 3191 1613 episcopo
3227 1545 3610 1599 confuderunt.
3644 1545 3744 1597 Alii

501 1625 703 1678 autem,
731 1625 786 1667 ut
809 1615 1084 1676 Erasmus,
1116 1614 1378 1669 Eucherio
1410 1615 1568 1668 tribui
1599 1628 1754 1680 posse
1793 1615 2046 1680 suspicati
2078 1623 2224 1676 sunt,
2249 1614 2494 1682 illiusque
2514 1614 2727 1683 genium
2756 1617 2886 1668 satis
2923 1616 3130 1670 referre
3153 1616 3480 1683 iudicarunt.
3511 1614 3755 1682 Denique

502 1684 563 1738 P.
590 1685 896 1748 Quesnellio
919 1687 969 1738 in
995 1694 1224 1738 mentem
1243 1685 1404 1739 subiit
1423 1699 1558 1753 opus
1580 1685 1680 1737 hoc
1701 1683 1864 1737 Leoni
1896 1684 2085 1754 Magno
2108 1684 2330 1754 omnino
2355 1699 2475 1739 esse
2498 1685 2911 1752 assignandum;
2945 1686 3099 1754 cujus
3121 1685 3417 1739 doctrinam
3442 1686 3754 1754 stylumque

504 1756 556 1807 in
597 1755 679 1806 his
707 1755 914 1807 duobus
947 1755 1097 1808 libris
1125 1755 1343 1808 omnino
1374 1761 1651 1824 agnovisse
1676 1769 1736 1807 se
1762 1753 2008 1824 asseruit.
2041 1753 2194 1819 Quod
2215 1769 2368 1807 suum
2400 1756 2498 1809 liae
2528 1755 2581 1808 in
2606 1770 2664 1808 re
2691 1755 2944 1822 judicium
2967 1753 3096 1810 satis
3126 1755 3405 1823 probabile
3439 1753 3637 1808 feeisse
3671 1754 3754 1806 vi-

501 1824 746 1888 debatur,
779 1825 845 1877 ita
876 1833 933 1877 ut
957 1825 1103 1878 multi
1132 1823 1511 1892 postremmilli
1540 1823 1777 1894 opinioni
1808 1826 1945 1878 ultro
1971 1824 2371 1879 subscribereut
2402 1841 2421 1878 :
2450 1841 2571 1879 cum
2621 1825 2886 1894 Josephus
2916 1825 3217 1880 Antelmius
3249 1824 3638 1892 Forojuliensis
3665 1837 3754 1876 ca-

503 1894 726 1964 nnnicus
755 1896 806 1947 in
836 1896 1162 1948 contrarium
1186 1909 1244 1949 se
1269 1909 1544 1963 opponens
1569 1936 1582 1959 ,
1610 1903 1665 1946 et
1704 1893 1858 1964 longa
1885 1894 2256 1948 dissertatione
2285 1895 2422 1948 lianc
2447 1893 2760 1964 opinionem
2799 1896 3060 1951 subruere
3105 1906 3358 1961 conatus,
3386 1895 3612 1949 alteram
3651 1907 3755 1963 qua

505 1964 561 2016 hi
588 1963 706 2017 libri
729 1964 981 2033 Prosperi
1007 1979 1127 2019 esse
1155 1965 1598 2033 agnoscebantur.
1623 1963 1815 2017 iterum
1847 1967 2097 2019 statuisse
2124 1980 2183 2018 se
2207 1965 2466 2032 gloriatus
2489 1963 2592 2020 est.

576 2033 855 2105 lnterhtam
891 2034 1128 2088 diiersas
1152 2035 1348 2105 unade
1374 2049 1433 2088 re
1462 2033 1763 2102 opiniones,
1788 2034 1906 2087 dum
1936 2043 2141 2105 tantum
2167 2037 2284 2102 ejus
2312 2046 2435 2089 sunt
2465 2035 2715 2105 ponderis
2743 2051 2861 2104 qua:
2893 2035 2946 2089 in
2973 2050 3196 2090 examen
3239 2033 3480 2089 revocari
3511 2048 3759 2088 merean-

507 2112 629 2176 tur:
659 2103 861 2176 sciiicet
891 2118 1011 2172 quas
1039 2112 1224 2176 sancto
1244 2104 1536 2176 Prospero,
1561 2113 1615 2158 et
1641 2118 1762 2176 quae
1799 2113 1984 2158 sancto
2016 2104 2178 2158 Leoni
2212 2105 2313 2159 hoc
2335 2103 2480 2170 Opus
2500 2103 2879 2174 assignandum
2909 2106 3144 2176 probant
3172 2123 3185 2159 :
3211 2106 3327 2159 alia:
3357 2106 3500 2176 enim
3528 2116 3621 2157 aut
3644 2119 3756 2158 ma-

511 2171 710 2254 nifesto
737 2171 1027 2254 falsagaut
1055 2171 1578 2254 nullo_l‘uu_damento
1618 2173 2424 2254 nitiAinveuiuntur._Atnbrosio
2469 2171 3202 2254 enim—quomodo'iribuetur
3230 2190 3363 2245 opus
3479 2189 3758 2254 (μιᾳ-μυίᾳ-

506 2242 711 2296 stiones
742 2244 1008 2314 agitantur
1029 2259 1147 2311 qua:
1180 2245 1416 2310 pluribus
1445 2244 1598 2297 annis
1626 2252 1745 2312 post
1774 2244 2038 2298 Ambrosii
2079 2245 2285 2298 obitum
2326 2247 2543 2300 tractari
2591 2242 2902 2314 cuipernnt?
2937 2245 3047 2301 Nec
3073 2261 3134 2299 ea
3182 2242 3281 2299 est'
3310 2245 3432 2313 styli
3461 2242 3757 2298 similitudo

520 2313 845 2384 luterliosce
877 2313 1043 2367 libros
1065 2321 1308 2384 etopera
1335 2316 1507 2368 sancti
1531 2314 1802 2384 Eucherii.
1835 2325 1888 2368 ut
1917 2329 1981 2366 ex
2007 2315 2121 2369 solo
2149 2314 2250 2368 hoc
2274 2317 2615 2370 fundamento
2645 2313 2692 2370 ei
2723 2319 2922 2369 auctori
2953 2317 3109 2369 tribui
3143 2324 3362 2384 queant.
3387 2315 3547 2368 Multo
3583 2315 3759 2366 minus

508 2382 576 2434 ab
607 2382 808 2455 Hilario
840 2383 1140 2455 Arelatensi
1171 2393 1421 2455 exaratos
1447 2383 1720 2448 credibile,
1747 2399 1868 2437 cum
1900 2384 1987 2439 ille
2017 2384 2066 2437 in
2100 2387 2319 2455 materia
2351 2389 2534 2455 gratim
2581 2402 2684 2438 non
2712 2386 2855 2450 paria
2900 2388 3128 2440 sentiret
3157 2382 3278 2439 cum
3312 2384 3756 2455 Augustino,sed

509 2452 676 2525 magis
702 2467 824 2525 cum
859 2453 940 2506 bis
977 2455 1088 2525 qui
1115 2454 1166 2506 in
1198 2454 1300 2508 hoc
1335 2455 1594 2522 onusculo
1637 2455 2035 2525 impugnantur.
2071 2454 2178 2509 Nec
2208 2452 2530 2525 Syracusani
2559 2455 2742 2510 Hilarii
2773 2471 2895 2510 esse
2925 2456 3233 2518 verisimile,
3261 2463 3352 2508 aut
3401 2455 3584 2508 Hilarii
3618 2454 3760 2507 illius

507 2521 676 2594 sancti
700 2523 951 2594 l’rOSperi
983 2521 1114 2578 socii
1144 2525 1220 2592 (si
1254 2521 1428 2579 tamen
1453 2542 1556 2578 tton
1590 2521 1727 2577 unus
1755 2527 1824 2578 sit
1845 2524 2213 2592 idemque);si
2246 2521 2458 2594 quidem
2482 2527 2828 2593 epistolarum
2861 2541 2993 2594 quas
3014 2526 3077 2580 ad
3111 2527 3459 2594 Augustinum
3495 2525 3759 2576 dederunt

509 2592 681 2660 stylns
708 2593 861 2662 longe
888 2593 1050 2647 distat
1079 2609 1106 2645 a
1139 2596 1278 2664 stylo
1305 2596 1540 2649 auctoris
1565 2595 1752 2647 nostri.
1787 2594 1890 2649 Sed
1916 2610 2013 2649 nec
2043 2592 2290 2664 Prosperi
2318 2592 2715 2650 Aurelianensis
2736 2592 3019 2664 opus'esse
3049 2592 3358 2663 agnoscitur
3390 2611 3405 2648 :
3436 2594 3524 2663 qui
3549 2603 3756 2647 tantum

508 2666 659 2740 abest
679 2674 736 2716 ut
765 2674 1045 2740 tractatum
1073 2664 1320 2740 ejus_quo
1350 2666 1451 2720 iste
1475 2664 1782 2740 agnoscitur
1803 2680 1928 2740 esse
1958 2664 2157 2740 ingenii
2181 2666 2420 2740 scribere
2461 2668 2712 2740 potuerit,
2740 2675 2794 2718 ut
2818 2665 3094 2740 Sidonium
3122 2666 3521 2740 Appollinarem
3555 2679 3758 2740 conve-

510 2735 629 2785 nire
651 2745 868 2806 coactus
890 2735 982 2796 sit,
1003 2749 1125 2806 cum
1153 2736 1316 2789 vitam
1348 2739 1518 2789 sancti
1549 2736 1738 2806 Aniani
1783 2735 2085 2790 decessoris
2113 2737 2193 2788 sui
2222 2737 2378 2790 scribi
2405 2737 2640 2805 Optavit,
2666 2751 2825 2804 quam
2872 2736 2988 2806 ipse
3029 2752 3121 2803 pro
3151 2737 3233 2788 sui
3267 2736 3459 2804 ingenii
3498 2736 3758 2806 tenuitate

509 2805 723 2874 aggredi
758 2819 919 2874 ausus
943 2819 1048 2857 non
1080 2805 1207 2868 fuit;
1236 2806 1332 2874 isic
1361 2806 1590 2874 denique
1608 2805 1724 2874 ejus
1754 2806 1996 2873 Prosperi
2030 2807 2118 2871 qui
2147 2807 2384 2860 interluit
2409 2807 2831 2874 subscripsitque
2855 2805 3082 2860 cOncilio
3124 2805 3600 2873 Carpentoracensi
3633 2807 3758 2856 anni

508 2870 721 2944 5i],et
753 2873 974 2927 Vasensi
998 2877 1120 2928 anni
1153 2873 1275 2928 5‘29.
1307 2870 1579 2938 Siquidem
1607 2870 1742 2942 opus
1768 2870 1900 2928 illud
1917 2877 1983 2930 de
2002 2870 2288 2930 vocatione
2313 2875 2560 2930 Gentium
2589 2870 2790 2944 absque
2820 2879 3051 2929 auctoris
3081 2870 3296 2930 nomine
3317 2878 3537 2930 citatum
3564 2876 3761 2943 legitur

507 2941 778 3021 :iicenlasio
806 2958 940 3021 papa
973 2945 1026 2997 in
1056 2959 1153 2999 suo
1178 2954 1360 3021 contra
1389 2941 1701 3021 Pelagianos
1724 2945 1982 3015 opusculo
2013 2963 2025 2998 :
2059 2947 2190 3021 obiit
2224 2946 2635 3021 verouGelasius
2683 2941 2825 2999 anno
2849 2946 2976 3010 496,
3011 2947 3150 3002 unde
3180 2956 3332 3001 extra
3377 2961 3590 3001 omnem
3620 2941 3761 2998 veri-

507 3012 868 3084 similitudinis
892 3020 1124 3081 speciem
1153 3025 1235 3070 est
1254 3015 1471 3069 citatum
1503 3017 1568 3068 ab
1599 3014 1689 3067 illo
1717 3012 1954 3081 auctore,
1989 3014 2082 3084 qui
2124 3031 2265 3071 anno
2313 3014 2416 3070 529
2452 3027 2567 3070 erat
2594 3025 2886 3083 superstes.

581 3086 635 3136 ln
661 3083 761 3138 hoc
786 3099 914 3153 ergo
943 3101 1104 3139 unum
1131 3092 1238 3139 tota
1262 3086 1485 3139 vertitur
1505 3087 1731 3153 quaestio
1762 3103 1775 3138 :
1808 3101 1875 3140 an
1907 3083 2040 3154 opus
2065 3089 2226 3141 hocce
2259 3087 2506 3153 Prosperi
2537 3086 2626 3152 sit,
2659 3101 2725 3140 an
2773 3086 2967 3140 Leonis
2997 3086 3192 3154 Magni,
3231 3102 3296 3140 an
3326 3085 3540 3139 tandem
3587 3084 3756 3154 ignoti

507 3151 804 3224 liuc‘ttstiue
833 3151 1064 3208 auctoris
1095 3156 1199 3208 dici
1225 3156 1439 3209 debeat.
1470 3151 1560 3208 Hie
1582 3169 1757 3210 autem
1791 3151 2060 3224 utrimque
2089 3159 2322 3210 rationes
2344 3151 2675 3211 diversarum
2703 3157 3068 3222 opinationum
3085 3151 3409 3210 afferuntur.

538 3219 590 3299 1‘:
602 3219 982 3299 ProProspero
995 3224 1208 3299 quidem
1230 3226 1403 3299 primo
1428 3225 1746 3280 exhibentur
1775 3219 2121 3299 manuscripti
2151 3227 2386 3289 codices,
2416 3235 2472 3299 et
2503 3227 2680 3299 plures
2711 3219 2944 3294 quidem,
2975 3227 3027 3299 in
3058 3227 3251 3299 quibus
3280 3225 3585 3299 l_itiic_operi
3615 3239 3754 3299 pra:-

508 3289 894 3366 ligitur‘nomen
921 3289 1166 3362 Prosperi
1194 3289 1550 3349 :Hincmarus
1574 3311 1784 3365 quoque
1831 3297 1977 3366 testis
2007 3289 2308 3361 adducitur,
2340 3297 2430 3366 qui
2469 3289 2522 3350 in
2561 3296 2698 3350 libro
2729 3289 2888 3364 quem
2921 3289 3135 3363 scripsit
3177 3295 3244 3350 de
3270 3289 3758 3366 Praedestinatioue

505 3359 634 3436 citat
654 3359 792 3436 illud
815 3363 916 3417 sub
944 3359 1160 3436 nomine
1189 3369 1356 3420 sancti
1395 3359 1640 3431 Prosperi
1675 3359 2020 3420 {doctrinam
2049 3382 2260 3436 quoque
2285 3359 2503 3432 hujusce
2545 3367 2722 3432 Operis
2748 3359 2806 3422 S.
2841 3359 3369 3433 Prospéridoctrinm
3398 3367 3760 3430 conlormem,

504 3428 699 3496 stylum
727 3433 883 3508 etiam
905 3433 1067 3508 _vaide
1091 3428 1664 3508 similem._sententias
1695 3437 1910 3490 easdem
1940 3428 2228 3508 utrobique
2269 3428 2374 3506 legi
2403 3428 2750 3492 contendunt.
2780 3428 3026 3506 Exempli
3051 3439 3247 3506 gratia,
3277 3436 3407 3491 dicit
3433 3436 3666 3504 Prosper
3696 3428 3757 3489 in

503 3511 600 3551 suo
624 3505 859 3556 carmine
887 3501 953 3557 de
978 3503 1202 3571 [ngratis
1223 3505 1366 3574 quod

994 3615 1152 3680 gedes
1173 3615 1321 3665 Roma
1345 3617 1502 3680 Petri,
1529 3632 1639 3680 quas
1663 3616 1914 3679 pastoralis
1932 3618 2129 3668 honoris

997 3675 1142 3742 [facta
1164 3686 1306 3742 caput
1329 3675 1523 3738 mundo,
1541 3675 1774 3741 quidquid
1801 3692 1896 3728 non
1924 3681 2140 3742 possidet
2162 3681 2310 3730 armis

995 3737 1274 3803 Reliigione
1293 3748 1451 3790 tenet.

572 3838 688 3894 Hoc
716 3839 854 3897 idem
882 3849 935 3895 et
966 3839 1155 3896 iisdem
1189 3856 1325 3910 pene
1352 3841 1531 3896 verbis
1569 3843 1764 3910 legitur
1787 3841 1930 3906 apud
1975 3841 2226 3902 eumdem
2257 3847 2528 3896 auctorem
2569 3842 2826 3898 librorum
2874 3843 2944 3898 de
2978 3841 3267 3898 Vocatione
3297 3842 3550 3899 Gentium
3582 3842 3761 3911 capite

506 3911 570 3963 l6
631 3912 748 3966 libri
807 3927 866 3965 ιι.
910 3912 1142 3982 Prosper
1196 3927 1411 3981 quoque
1474 3913 1525 3966 iit
1565 3911 1934 3980 Responsione
1997 3914 2062 3966 ad
2117 3912 2463 3980 Objectiones
2525 3912 2799 3968 Gallorum
2841 3915 3033 3969 asserit
3095 3913 3235 3982 quod
3301 3931 3364 3968 ex
3426 3923 3533 3966 toto
3566 3914 3761 3966 mundo

501 3990 636 4034 totus
667 3982 886 4035 mundus
916 3981 1124 4053 eligitur
1154 3999 1172 4038 :
1207 3982 1454 4051 loquendi
1488 3984 1677 4037 modus
1705 3982 1896 4036 similis
1936 3982 2128 4051 legitur
2163 3983 2219 4036 in
2247 3982 2386 4036 libro
2413 3999 2428 4036 l
2456 3982 2533 4053 de_
2555 3982 2844 4038 Vocatione
2874 3981 3125 4039 Gentium
3175 3999 3296 4051 cap.
3338 3983 3390 4043 9.
3425 3983 3513 4036 ubi
3565 3985 3628 4036 de
3654 3994 3760 4036 toto

502 4054 690 4107 mundo
712 4061 845 4104 totus
874 4051 1093 4107 mundus
1123 4053 1362 4107 liberatus
1388 4054 1714 4121 agnoscitur.
1745 4053 1804 4107 S.
1838 4053 2070 4121 Prosper
2091 4053 2145 4106 in
2167 4053 2404 4106 carmine
2428 4053 2494 4106 de
2517 4051 2764 4122 lngratis,
2801 4057 2939 4108 inter
2969 4056 3178 4108 diversa
3217 4054 3647 4108 inscrutabilium
3670 4057 3760 4122 ju-

501 4124 760 4177 diciorum
784 4122 878 4176 Dei
900 4124 1145 4190 exempla
1175 4133 1419 4176 numerat
1446 4137 1538 4177 eas
1566 4122 1896 4176 dill‘erentias
1924 4138 2044 4191 qua:
2076 4123 2422 4190 reperiuntur
2449 4124 2590 4176 inter
2617 4125 2878 4189 homines,
2913 4127 3074 4178 etiam
3108 4126 3158 4178 in
3189 4125 3524 4178 naturalibus
3552 4124 3708 4176 donis
3740 4139 3756 4175 :

505 4193 764 4264 libroruin
785 4192 1161 4264 de_Vocatione
1182 4193 1414 4262 gentium
1439 4207 1641 4264 parens
1653 4194 1896 4264 eamdem
1917 4193 2369 4264 comparationem
2403 4192 2624 4247 adhibet
2646 4195 2779 4248 libro
2804 4211 2821 4249 ι
2851 4196 3024 4264 capite
3049 4194 3133 4250 ﬂ.
3163 4195 3398 4263 Denique
3417 4195 3473 4247 S.
3499 4195 3755 4262 Prosper,

503 4273 557 4335 et
584 4262 768 4335 scripti
796 4262 1170 4335 subsequentis
1198 4271 1404 4327 auctor,
1437 4262 1986 4335 exemplainfantium
2006 4264 2128 4335 sine
2155 4263 2421 4335 baptismo
2452 4265 2816 4335 morientium,
2849 4262 3144 4319 infidelium
3185 4262 3398 4335 quoque
3428 4265 3484 4318 in
3513 4274 3758 4319 extremo

505 4334 626 4385 vitm
658 4331 825 4386 halitu
853 4332 918 4386 ad
947 4331 1112 4388 Deum
1141 4348 1541 4399 conversorum,
1575 4342 1627 4386 ct
1653 4331 1752 4385 alia
1778 4332 1926 4400 plura
1956 4331 2021 4384 ad
2051 4333 2266 4387 easdem
2298 4348 2382 4387 res
2414 4333 2713 4401 probandas
2743 4331 3025 4401 usurpant.

575 4402 642 4456 Et
664 4417 790 4457 vero
817 4401 931 4457 Jos.
963 4403 1284 4465 Antelmius,
1315 4403 1404 4471 qui
1437 4402 1573 4456 hanc
1602 4403 1910 4470 Opinionem
1940 4403 2084 4457 inter
2100 4403 2317 4458 criticos
2334 4403 2442 4471 jam
2475 4405 2769 4457 obsoletam
2803 4408 2935 4458 tueri
2964 4406 3223 4472 suscepit,
3249 4403 3618 4472 hujuscemodi
3644 4418 3759 4456 mo-

506 4483 686 4527 menta
717 4475 998 4540 ponderat,
1046 4482 1435 4544 exaggeratque
1466 4473 1673 4545 sedulo,
1717 4475 1927 4545 aliaque
1975 4475 2196 4545 insuper
2225 4473 2384 4545 addit
2428 4471 2585 4545 ducta
2613 4489 2679 4528 ex
2710 4476 2831 4545 styli
2879 4477 3252 4540 similitudine,
3281 4471 3677 4545 verborumque
3702 4482 3759 4526 et

505 4545 892 4598 sententiarum
920 4542 1290 4610 consonantia,
1328 4559 1461 4614 quas
1485 4544 1536 4597 in
1567 4544 1787 4598 diﬂ‘usas
1828 4544 2035 4597 tabulas
2085 4542 2430 4606 distribuens,
2466 4543 2617 4614 longa
2648 4554 2703 4598 et
2728 4542 2866 4614 pene
2906 4546 3176 4599 fastidiosa
3209 4545 3458 4613 parallela
3493 4544 3753 4598 instituit.

507 4615 642 4666 Tum
676 4613 851 4668 Photii
885 4616 1245 4670 testimonium
1275 4613 1490 4668 adducit
1513 4614 1562 4666 in
1588 4614 1840 4676 medium,
1867 4613 1957 4682 qui
1985 4613 2036 4666 in
2061 4614 2180 4667 cod.
2206 4614 2239 4667 5
2291 4612 2634 4683 BibliotbeCa:
2657 4612 2907 4669 Actorum
2936 4612 3304 4683 episcoporum
3331 4615 3755 4668 Occidentalium

507 4691 690 4755 contra
729 4683 1038 4752 Pelagianos
1063 4687 1362 4754 insurgens,
1391 4685 1466 4737 ait
1497 4699 1512 4738 :
1545 4683 1672 4736 Cum
1704 4685 1941 4755 temporis
1969 4699 2237 4754 progressu
2263 4694 2409 4737 secta:
2433 4682 2587 4752 hujus
2615 4685 2843 4755 nomines
2874 4682 3193 4754 per’hwresis
3236 4701 3342 4738 sua:
3371 4686 3755 4755 abjurationem

509 4754 754 4808 Ecclesia:
774 4757 990 4807 restituti
1009 4768 1191 4816 essent,
1218 4757 1401 4808 iterum
1434 4754 1627 4806 malum
1657 4755 1719 4806 ab
1748 4754 1870 4823 ipsis
1900 4755 2210 4823 principium
2236 4755 2473 4823 sumpsit,
2505 4762 2561 4805 ut
2593 4754 2824 4822 Septimo
2847 4757 3082 4821 episcOpo
3103 4772 3369 4809 renascens
3415 4754 3593 4806 eadem
3619 4756 3754 4819 lues,

506 4835 778 4894 antequam
816 4823 1016 4894 longius
1036 4837 1256 4894 serperet
1277 4827 1428 4892 fuerit
1452 4822 1791 4894 reprimenda,
1821 4825 1954 4877 datis
1992 4824 2057 4875 ad
2086 4822 2305 4894 Leonem
2335 4822 2509 4877 Roma:
2547 4832 2670 4894 tunc
2697 4826 2863 4878 sedem
2893 4825 3225 4890 apostolicam
3246 4834 3495 4878 tenentem
3520 4825 3706 4877 litteris
3737 4840 3757 4877 :

507 4897 592 4962 qui
621 4893 720 4949 Leo
751 4893 959 4963 ferventi
992 4898 1097 4947 zelo
1127 4905 1299 4948 contra
1351 4893 1660 4960 impietatem
1699 4897 1840 4947 illam
1868 4894 2190 4963 depugnavit.
2223 4893 2349 4946 Post
2395 4911 2496 4947 non
2528 4893 2618 4946 diu
2645 4911 2850 4947 rursum
2880 4895 3034 4946 veluti
3077 4897 3288 4948 existere
3315 4903 3466 4962 atque
3495 4895 3694 4946 renasci
3725 4910 3752 4946 e

493 4965 644 5017 imala
669 4965 838 5019 radice
869 4966 1182 5034 impudenter
1216 4981 1331 5017 cum
1366 4967 1612 5034 coepisset,
1644 4965 1818 5017 Romae
1846 4966 1998 5017 etiam
2027 4965 2235 5030 quidam
2265 4965 2415 5017 libere
2443 4981 2532 5030 pro
2559 4965 2738 5017 haeresi
2784 4965 2940 5017 locuti
2976 4975 3114 5025 sunt,
3142 4980 3266 5031 quos
3297 4965 3372 5015 vir
3397 4979 3521 5016 sane
3547 4965 3752 5034 dirutus

507 5034 733 5104 Prosper
763 5033 949 5090 libellis
969 5037 1206 5089 adversus
1227 5051 1311 5089 eos
1337 5035 1389 5086 in
1415 5033 1594 5106 uulgus
1614 5036 1760 5106 editis
1791 5035 1942 5106 fecile
1971 5033 2615 5106 dissipavitiexstinxitque,
2644 5034 2814 5106 Leone
2850 5035 3148 5106 etiamnum,
3175 5049 3334 5106 quem
3352 5035 3596 5098 diximus,
3638 5033 3750 5087 Ro-

507 5103 714 5159 manam
739 5108 907 5160 sedem
927 5106 1252 5178 gubernante.
1286 5105 1438 5178 Quod
1469 5103 1596 5178 vero
1620 5103 1708 5178 hic
1737 5106 1811 5157 ait
1835 5104 2202 5178 Photiusaliis
2235 5105 2758 5178 Prosperioperibus
2780 5112 2908 5178 ante
2937 5105 3132 5178 Leonis
3166 5103 3339 5178 Magni
3380 5106 3751 5172 pontiﬁcatum

508 5178 740 5231 exaratis
767 5173 1053 5231 convenire
1079 5185 1369 5245 nequeunt.
1403 5176 1476 5228 De
1505 5175 1657 5228 libris
1680 5190 1806 5243 ergo
1833 5173 1915 5228 liis
1935 5174 2003 5245 de
2025 5173 2314 5245 Vocatione
2339 5173 2586 5228 Gentium
2619 5174 2935 5245 loquebatur
2963 5174 3034 5245 ibi
3065 5174 3302 5228 Photius.

578 5247 678 5312 Qui
701 5257 880 5302 autem
906 5263 938 5302 e
974 5243 1289 5300 contra‘hos
1308 5245 1468 5299 libros
1498 5259 1527 5297 a
1547 5245 1791 5310 Prosperi
1821 5244 2074 5311 operibus
2097 5244 2409 5298 alienandos
2437 5254 2673 5304 tuentur,
2715 5244 2766 5296 id
2797 5245 2966 5311 primo
3004 5243 3228 5297 dicunt:
3254 5243 3460 5313 Stylum
3490 5243 3754 5296 librorum

507 5316 720 5370 illorum
761 5317 919 5386 longe
945 5317 1137 5371 didere
1157 5332 1185 5370 a
1219 5317 1368 5386 styloﬁ
1389 5313 2066 5386 operumiPro‘sperinHiec
2088 5313 2187 5386 fuit
2206 5329 2435 5386 censura
2465 5313 2901 5386 doctissimorum
2927 5314 3068 5386 inter
3087 5314 3304 5368 criticos
3336 5314 3506 5386 hujus
3522 5314 3703 5386 surculi
3735 5330 3748 5362 :

507 5387 585 5440 sic
609 5387 748 5440 enim
778 5382 984 5451 Laiius,
1024 5382 1294 5451 Erasmus,
1325 5385 1573 5447 Vossius,
1602 5384 1840 5447 Grotius,
1885 5383 2078 5450 aliique
2122 5384 2257 5437 bene
2287 5384 2436 5436 multi
2471 5385 2840 5451 praecellentes
2879 5383 3164 5452 eximiique
3193 5383 3402 5451 saporis
3431 5382 3604 5436 critici
3625 5397 3758 5435 cen-

506 5467 746 5509 suerunt.
779 5458 1064 5512 Enimvero
1092 5458 1323 5509 auctoris
1345 5455 1600 5507 librorum
1631 5454 1697 5507 de
1727 5453 2016 5507 Vocatione
2041 5454 2208 5523 stylus
2237 5454 2592 5521 Prosperiano
2614 5454 2771 5522 longe
2814 5455 3119 5522 castigatior
3163 5452 3603 5518 concinniorque,
3637 5454 3756 5505 ele-

504 5526 716 5594 gautior
751 5527 934 5593 dictio,
975 5527 1178 5595 periodi
1222 5527 1388 5592 magis
1411 5533 1878 5595 eommeusurata',
1919 5522 2216 5595 antith‘eses
2250 5525 2661 5595 sententiarum,
2693 5523 3086 5595 verborumque
3115 5538 3303 5595 pugnae
3328 5522 3754 5595 irequeuiinres,

505 5591 836 5650 schematum
863 5591 990 5650 usu;-
1020 5596 1282 5663 crebrior,
1314 5591 1422 5649 tcta
1445 5595 1672 5662 denique
1701 5593 1871 5646 oratio
1911 5609 1982 5647 ex
2026 5592 2272 5647 atIeCIato
2318 5593 2688 5662 rhythmorum
2717 5607 2942 5647 occursu
2973 5591 3132 5661 Iunge
3162 5591 3502 5646 modulatior.
3536 5591 3759 5658 Hocque

507 5664 770 5731 imprimis
791 5666 1193 5732 attendendum,
1223 5677 1408 5737 utpote
1435 5682 1540 5720 non
1567 5667 1666 5720 nisi
1698 5681 1762 5720 ex
1792 5663 2016 5720 consilio
2046 5663 2326 5735 studioque
2351 5674 2568 5728 natum;
2603 5681 2708 5720 nou
2730 5665 2875 5719 enim
2913 5674 3039 5718 tunc
3077 5663 3251 5720 solum
3277 5668 3587 5725 occurrunt,
3632 5675 3761 5717 cum
