4040 6178
500 163 599 221 5n
1127 158 1186 216 S.
1227 155 1562 215 PROSPERI
1599 154 1929 225 AQUITANI
1965 156 2191 214 OPERA
2234 154 2561 214 INCERTAS
2599 153 3102 216 AUCTOBITATIS
3644 163 3759 223 διε

492 284 715 349 fratrum
741 291 1008 349 numeroso
1036 274 1273 349 concilio.
1301 273 1436 349 Nu_m
1459 272 1586 349 inde
1607 272 1865 349 conﬁcies
1906 273 2170 349 fautorem
2192 271 2753 349 Semipelagianorum
2781 273 3060 349 Leonem?
3085 273 3200 329 Νοη
3234 272 3293 349 id
3316 274 3533 349 quidem
3570 279 3758 335 multis

500 342 834 419 coiisequens
862 346 1153 419 videndum
1186 359 1332 419 reor.
1362 345 1494 419 Cttm
1527 342 1768 419 Faustus
1797 343 2055 419 Romano
2083 344 2323 419 interfuit
2364 342 2624 419 concilio,
2651 343 2893 419 nondum
2916 344 3211 419 scripserat
3243 342 3434 400 librum
3463 347 3615 402 illum
3646 365 3759 419 quo

499 422 549 474 tn
581 412 750 471 sancti
779 416 1054 487 Augustini
1087 414 1389 487 doctrinam
1422 414 1693 487 insurgit;
1721 413 1809 466 diu
1854 422 1975 480 post
2007 413 2056 466 id
2080 414 2344 487 temporis
2376 412 2573 487 librum
2612 412 2767 487 hunc
2788 413 3004 487 scripsit
3031 412 3050 468 Ξ
3079 424 3131 469 ει
3168 415 3292 468 Ιίεει
3320 425 3475 470 antea
3502 412 3759 487 scripsis-

498 496 601 549 set,
632 502 735 539 non
780 486 904 539 inde
939 485 1134 540 inieras
1167 486 1447 554 probatum
1480 483 1547 536 ab
1590 483 1773 537 llilaro
1802 498 1957 549 Opus,
1982 484 2154 554 multo
2196 482 2373 554 minus
2402 497 2433 536 a
2478 482 2657 537 Leone
2688 484 2856 554 ililari
2880 485 3210 554 decessore,
3239 500 3339 540 nec
3382 487 3522 541 hunc
3550 482 3757 545 Fausto

498 558 690 628 lavisse
719 556 1029 628 concludas.
1061 552 1189 628 Sed,
1211 554 1353 623 quod
1378 554 1607 628 maxime
1638 553 2145 628 mirumvidebitur,
2169 567 2273 628 non
2299 552 2534 606 advertit
2565 553 2865 628 Atiteltnius
2880 552 3067 628 omnia
3095 569 3122 607 a
3155 569 3216 628 se
3251 556 3487 628 adducta
3504 560 3757 628 exempla

502 627 616 698 solo
645 625 892 694 Prosperi
923 622 1456 698 exemplo_c’onvelli.
1485 624 1605 698 Nec
1623 625 1766 677 enim
1783 623 2009 698 fidetur
2037 623 2127 678 ille
2156 624 2360 691 aliquot
2383 631 2569 698 cont_ra
2595 622 3061 698 semipelagianos
3084 624 3343 698 scriptum
3368 626 3606 698 edidisse
3630 622 3757 698 post

496 697 692 767 librum
735 691 893 749 suum
942 691 1126 749 contra
1169 693 1607 767 Cullatorem._id
1640 705 1744 767 εει,
1774 691 2288 767 Cassianum,quem
2331 701 2455 746 ante
2498 692 2705 767 Leonis
2726 694 3092 767 pontiﬁcatum
3123 691 3386 767 ediderat.
3420 696 3476 752 Si
3514 691 3643 767 ergo
3670 700 3751 753 illi

498 766 744 837 homines
771 767 870 837 sub
913 766 1014 820 hoc
1054 767 1363 832 pontiﬁcatu
1378 762 1591 837 aliquid
1626 766 1744 817 novi
1775 763 2031 837 inducere
2054 771 2347 837 tentarunt,
2368 778 2474 837 cur
2505 764 2618 831 ipse
2646 763 2813 829 siluit,
2836 774 2927 837 aut
2951 779 3047 818 cur
3084 778 3190 818 non
3228 766 3368 830 illos,
3396 777 3455 820 ut
3483 762 3631 831 ante,
3657 784 3755 837 pa-

497 836 600 889 lam
630 845 684 889 ει
712 836 924 903 publice
950 839 1243 890 insectatus
1272 833 1394 888 est?
1420 834 1530 888 Cur
1557 848 1622 887 eo
1652 848 1759 903 quo
1791 834 2027 901 pollebat
2056 834 2193 901 apud
2236 832 2538 901 pontiﬁcem
2579 848 2843 903 summum
2872 833 3058 889 favore
3086 850 3189 887 non
3220 850 3348 889 usus
3378 848 3461 891 est
3492 832 3753 893 adversus

499 907 661 960 illos?
688 902 797 961 Cur
824 921 929 959 non
960 906 1097 974 apud
1139 906 1370 959 Leonem
1413 904 1603 957 detulit
1640 902 1919 958 errantes?
1944 904 1998 957 Si
2041 905 2159 972 quis
2190 904 2288 957 hoc
2313 917 2482 974 genus
2522 902 2787 974 ratiocinii
2818 918 2885 957 eo
2914 919 3082 972 usque
3109 916 3327 973 urgeret
3358 906 3427 960 de
3458 906 3749 974 Prospero,

497 987 754 1046 quantum
780 972 1078 1030 Antelmius
1111 986 1264 1045 urget
1288 976 1354 1029 de
1378 976 1434 1031 S.
1461 974 1661 1041 Leone,
1682 989 1866 1042 parum
1888 975 2103 1028 abesset
2137 974 2263 1043 quin
2289 972 2413 1027 inde
2438 973 2852 1029 concluderetur
2879 988 3091 1044 qu0que
3117 972 3254 1029 nihil
3282 991 3529 1046 umquam
3558 972 3753 1033 adver-

497 1060 589 1101 sus
618 1046 1364 1117 Semipelagianos_exarassc
1392 1056 1634 1099 sanctum
1667 1046 2011 1117 Prospcrum.

569 1117 719 1184 Quod
749 1112 960 1171 ducitur
986 1133 1052 1172 ex
1078 1115 1277 1170 Gelasii
1322 1130 1467 1183 papae
1497 1112 1819 1169 auctoritate
1856 1122 2253 1184 argumentum,
2284 1113 2425 1184 quod
2468 1112 2557 1184 ille
2586 1120 2860 1168 auctorem
2892 1113 3153 1168 librorum
3180 1114 3247 1169 de
3277 1114 3575 1170 Vocatione
3605 1116 3755 1173 Geu-

498 1183 633 1241 tium
663 1189 799 1241 inter
825 1188 1074 1241 doctores
1106 1187 1362 1240 Ecclesiae
1405 1196 1671 1249 numeret,
1713 1184 1815 1239 etsi
1843 1183 2070 1251 ab’ejus
2100 1183 2313 1239 nomine
2356 1183 2642 1247 abstineat,
2677 1184 3104 1253 praecedentibus
3138 1184 3477 1252 plausibilius
3506 1188 3749 1241 videtur.

500 1257 556 1312 Si
582 1259 722 1310 enim
755 1257 949 1311 Leonis
979 1266 1119 1310 esset
1149 1271 1284 1323 opus
1326 1256 1491 1314 istud,
1524 1256 1791 1323 quomodo
1844 1254 1895 1307 id
1942 1256 2213 1309 Gelasium
2251 1255 2525 1319 latuisset;
2552 1264 2642 1307 aut
2685 1254 2729 1307 si
2772 1269 2876 1307 non
2918 1255 3092 1317 latuit,
3125 1270 3231 1323 quo
3273 1257 3501 1310 consilio
3552 1258 3755 1312 Leonis

500 1341 693 1381 nomen
724 1327 1017 1382 tacuisset?
1041 1326 1239 1380 Verum
1258 1328 1371 1396 hoc
1401 1337 1719 1393 argumento
1745 1325 2003 1396 probatur
2031 1333 2261 1389 tantum,
2294 1340 2429 1396 opus
2469 1323 2609 1378 istud
2638 1335 2763 1379 tunc
2786 1325 2945 1378 etiam
2980 1327 3238 1396 temporis
3259 1341 3587 1396 anonymum
3617 1342 3752 1396 pro-

499 1397 683 1467 diisse,
713 1398 780 1452 de
810 1413 914 1467 quo
957 1397 1210 1467 convenit
1251 1395 1390 1467 inter
1438 1409 1669 1467 omnes:
1706 1394 2090 1467 undesemper
2118 1394 2463 1463 quaerendum
2505 1404 2770 1467 superest,
2804 1394 3060 1467 numquid
3086 1409 3195 1467 non
3231 1397 3346 1467 ipse
3382 1394 3750 1459 sanctus'Leo

500 1466 704 1534 absque
748 1464 966 1520 nomine
1010 1466 1258 1521 ediderit.
1288 1466 1395 1536 Eas
1424 1464 1577 1519 aﬂ‘ert
1605 1464 1943 1530 Quesnellius
1987 1464 2247 1536 rationes,
2268 1480 2399 1536 quae
2424 1478 2537 1518 rem
2580 1464 2926 1519 verisimilem
2956 1464 3214 1536 efﬁciant.
3249 1466 3341 1536 Ad
3360 1480 3422 1520 ea
3454 1480 3597 1523 nunc
3625 1482 3749 1536 qua:

501 1537 620 1590 istis
642 1538 1034 1605 respondeatur
1063 1535 1476 1600 descendamus,
1507 1549 1627 1589 cum
1660 1536 1775 1604 jam
1817 1545 2020 1589 certum
2051 1535 2120 1589 sit
2142 1535 2281 1605 apud
2308 1549 2407 1589 nos
2438 1535 2585 1589 nullo
2616 1545 2929 1605 argumento
2957 1536 3131 1589 evinci
3164 1534 3261 1589 hos
3289 1535 3458 1590 libros
3488 1552 3595 1590 non
3626 1534 3751 1593 esse

502 1606 560 1662 S.
594 1606 815 1662 Leonis.
846 1606 1139 1674 Quesnellii
1166 1605 1505 1676 adversarius
1533 1608 1634 1676 hoc
1664 1621 1827 1659 unum
1853 1606 2080 1673 probare
2112 1604 2316 1673 nititur,
2345 1616 2589 1661 sanctum
2620 1604 2941 1676 Prosperum
2972 1604 3155 1676 sancti
3178 1606 3489 1676 Hieronymi
3520 1609 3753 1662 transla-

502 1677 645 1730 tione
674 1692 851 1742 usum,
880 1676 1150 1746 quomodo
1178 1685 1231 1729 et
1261 1675 1320 1731 S.
1347 1674 1485 1741 Leo;
1512 1684 1566 1728 et
1597 1675 1735 1729 hunc
1762 1690 2170 1746 nonnumquam
2211 1677 2484 1746 antiquam
2521 1690 2737 1745 quoque
2784 1674 3086 1746 versionem
3132 1674 3539 1745 Scripturarum
3583 1677 3745 1732 adbi-

501 1747 713 1810 buisse;
743 1762 849 1816 quo
887 1744 1005 1801 solo
1036 1746 1342 1818 ﬁrmissimo
1370 1746 1664 1818 adversarii
1691 1744 1775 1800 sui
1804 1756 2119 1818 argumento
2144 1744 2473 1818 satisfactum
2498 1746 2810 1818 arbitratur,
2840 1744 2970 1818 Non
2987 1744 3075 1799 hic
3105 1745 3428 1815 investigare
3461 1747 3750 1818 aggrediar

500 1819 621 1883 quis
645 1814 829 1871 eorum
864 1828 1032 1880 recte,
1064 1817 1187 1886 quis
1231 1831 1388 1870 secus
1430 1814 1533 1869 hoc
1562 1821 1615 1869 in
1648 1814 2135 1886 negotio’seuserit
2164 1834 2176 1867 :
2203 1817 2302 1870 soli
2328 1824 2643 1884 argumento
2674 1815 2815 1886 quod
2855 1814 3065 1886 ducitur
3092 1831 3163 1870 ex
3191 1814 3319 1886 styli
3353 1814 3742 1874 confdfmitate

504 1886 767 1952 insistam,
798 1887 865 1941 de
894 1903 1000 1956 quo
1032 1884 1167 1956 parti
1190 1888 1430 1940 adversae
1456 1887 1707 1940 assentiri
1725 1884 2072 1954 cognoscitur
2100 1886 2429 1951 Antelmius;
2455 1900 2578 1941 cum
2611 1886 2728 1954 ipse
2757 1884 2875 1939 ideo
2903 1885 3192 1939 Sermones
3217 1884 3271 1940 et
3296 1886 3566 1954 Epistolas
3595 1886 3743 1943 Leo-

502 1958 587 2041 nis
615 1957 880 2041 magni
911 1955 1195 2041 Prospero
1219 1956 1378 2011 tribui
1399 1957 1547 2041 vult,
1576 1955 1701 2036 quia
1735 1956 2186 2041 concinitnstylus
2206 1956 2398 2041 horum
2429 1970 2655 2024 operum
2703 1969 2824 2009 cum
2868 1958 3011 2041 stylo
3055 1957 3311 2041 librorum
3338 1958 3405 2011 de
3441 1956 3745 2038 Vocatione

500 2025 774 2082 Gentium.
805 2029 919 2094 Qua
966 2026 1303 2080 confessione
1360 2025 1492 2079 nihil
1535 2027 1706 2096 magis
1746 2040 1963 2081 causam
1988 2025 2286 2095 Quesnellii
2320 2040 2637 2096 promovere
2669 2034 2863 2094 potest.
2894 2025 3049 2096 Cum
3071 2026 3213 2080 enim
3260 2026 3420 2095 longe
3445 2028 3650 2082 certius
3678 2027 3751 2082 sit

499 2097 785 2166 Sermones
811 2109 862 2150 et
896 2096 1166 2166 Epistolas
1199 2095 1392 2165 quibus
1423 2094 1715 2165 prteﬁgitur
1743 2096 1939 2150 Leonis
1972 2094 2193 2165 nomen,
2219 2094 2414 2151 Leonis
2455 2110 2591 2166 opus
2619 2111 2762 2161 esse,
2800 2111 2958 2166 quam
3001 2095 3167 2150 libros
3193 2097 3261 2151 de
3287 2094 3581 2152 vocatione
3608 2096 3751 2153 Gen-

502 2164 633 2236 tium
656 2182 776 2222 esse
802 2168 961 2221 fetum
989 2166 1044 2221 S.
1076 2164 1327 2236 Prosperi
1352 2182 1367 2229 ;
1397 2168 1441 2220 si
1474 2167 1779 2221 necessario
1807 2166 2357 2236 agnoscendusidem
2400 2164 2749 2236 utrorumque
2777 2164 2992 2236 parens.
3022 2167 3240 2235 :equiori
3266 2166 3392 2233 jure
3445 2168 3749 2222 tribuentur

498 2234 666 2291 Leoni
696 2237 815 2292 libri
858 2237 927 2291 de
968 2236 1255 2291 Vocatione
1282 2235 1563 2307 Gentium,
1578 2250 1738 2305 quam
1779 2234 2046 2306 Prospero
2074 2238 2330 2305 Epistolze
2376 2246 2432 2292 et
2476 2234 3393 2307 SermonesS.iLeonisliEquidctn
3445 2237 3504 2291 P.
3533 2237 3746 2293 Natalis

498 2306 822 2377 Alexander,
851 2319 904 2362 et
932 2307 989 2361 P.
1018 2307 1265 2372 Oldinus,
1298 2306 1423 2377 styli
1460 2305 1821 2377 differentiam
1850 2307 2240 2377 agnovissese
2269 2308 2474 2372 dicunt,
2506 2321 2604 2362 nec
2646 2314 2724 2360 tot
2766 2306 2819 2360 in
2864 2306 3048 2361 Leone
3086 2305 3391 2377 rhythmos,
3415 2315 3494 2362 tot
3522 2310 3742 2377 ﬁguras,

500 2384 577 2429 tot
605 2376 852 2433 similiter
879 2377 1149 2442 cadentia,
1183 2386 1313 2447 quot
1352 2374 1403 2430 in
1455 2374 1562 2430 illis
1593 2377 1762 2447 libris,
1788 2374 1908 2431 Sed
1928 2393 2033 2431 non
2073 2376 2264 2432 sedulo
2294 2393 2407 2432 rem
2433 2377 2809 2433 considerasse
2844 2377 3111 2445 videntur,
3140 2374 3186 2431 si
3213 2378 3338 2447 quid
3362 2379 3507 2432 enim
3538 2374 3746 2434 diversi

504 2448 830 2516 reperiatur,
855 2447 958 2501 huc
987 2447 1163 2514 exigui
1192 2445 1479 2501 admodum
1506 2446 1765 2501 momenti
1795 2447 2098 2516 apparebit.

567 2517 644 2571 Ex
672 2516 755 2572 his
784 2515 901 2587 quae
933 2521 1188 2573 hactenus
1218 2517 1483 2587 disputata
1511 2527 1637 2571 sunt
1680 2516 1748 2571 de
1806 2515 2026 2572 anetore
2068 2517 2327 2571 librorum
2370 2517 2438 2571 de
2481 2516 2776 2587 Vocatione
2805 2516 3055 2572 Gentium
3104 2515 3219 2587 haec
3247 2516 3437 2573 conﬁci
3469 2525 3697 2585 possunt
3725 2533 3744 2571 :

498 2586 559 2641 1ο
590 2587 707 2658 Hoc
733 2604 867 2657 opus
896 2589 1126 2658 primum
1158 2586 1419 2656 prodiisse
1446 2601 1806 2658 anonymutn;
1836 2587 1900 2641 2°
1927 2595 2201 2643 exaratum
2226 2602 2349 2643 esse
2374 2595 2496 2658 post
2524 2602 2719 2641 annum
2752 2586 2874 2646 450.
2909 2598 2962 2642 et
2991 2596 3116 2642 ante
3140 2586 3280 2653 496;
3311 2589 3375 2641 5ο
3405 2590 3505 2642 ευι)
3528 2587 3750 2656 pontiﬁ-

492 2665 618 2730 catu
646 2656 845 2713 Gelasii
876 2656 1026 2730 papae
1052 2672 1186 2727 opus
1208 2667 1399 2730 notum
1422 2656 1608 2730 fuisse,
1636 2657 1731 2730 sed
1761 2660 2136 2730 sineauctoris
2161 2656 2390 2714 nomine
2408 2661 2599 2730 lectum
2629 2672 2779 2730 esse;
2822 2657 2881 2712 4⁸
2912 2666 3041 2730 post
3059 2674 3175 2712 eam
3203 2667 3412 2712 aetatem
3442 2659 3494 2711 in
3523 2659 3751 2730 quibus-

492 2724 615 2797 dam
646 2743 774 2783 mss.
806 2724 1005 2783 nomen
1031 2724 1331 2797 praetulisse
1356 2727 1415 2782 S.
1444 2726 1735 2793 Ambrosii,
1761 2728 1815 2782 in
1842 2728 1962 2784 aliis
1987 2744 2181 2784 nomen
2209 2730 2269 2785 S.
2303 2728 2584 2797 Prosperi;
2629 2728 2692 2782 5°
2723 2738 2871 2782 certo
2912 2724 3111 2783 certius
3139 2742 3243 2782 non
3291 2743 3413 2783 esse
3438 2724 3704 2782 Ambrosii
3730 2742 3748 2792 ;

492 2796 549 2849 6'
570 2812 680 2869 nec
711 2814 835 2869 vero
865 2796 1045 2869 simile
1070 2798 1207 2852 idem
1240 2813 1358 2853 csse
1388 2797 1461 2869 S.
1480 2799 1764 2869 Prosperi;
1802 2799 1864 2852 7°
1897 2809 2169 2854 auctorem
2199 2814 2319 2853 cum
2347 2796 2603 2869 hactenus
2622 2799 2843 2869 ignotus
2881 2803 3157 2869 manserit,
3183 2797 3399 2853 difﬁcile
3430 2812 3589 2869 posse
3617 2798 3749 2853 sciri

490 2867 851 2940 quistandem
883 2868 973 2923 ille
1000 2868 1157 2923 fuerit
1177 2870 1294 2940 ;_8°
1326 2867 1466 2937 quod
1481 2867 1538 2940 ‘si
1564 2883 1631 2940 ex
1648 2870 1819 2940 modo
1847 2884 1936 2924 res
1963 2870 2224 2925 tractandi
2261 2877 2315 2923 et
2354 2868 2481 2940 styli
2509 2867 2883 2940 conformitate
2908 2868 3161 2940 judicium
3188 2867 3444 2940 ducatur,
3460 2883 3581 2923 esse
3607 2869 3752 2923 unde

490 2937 811 3009 conjiciatur
835 2953 970 3007 opus
997 2941 1165 3009 sancti
1196 2936 1425 3004 Leonis;
1470 2937 1533 2993 9°
1563 2938 1875 2993 Nullatenus
1907 2940 2120 3009 probari
2149 2940 2253 2994 hoc
2293 2936 2429 3009 opus
2457 2955 2563 3009 non
2590 2955 2617 2991 a
2649 2936 2829 2993 Leone
2856 2936 3207 2993 elaboratum.
3252 2937 3428 2994 Unum
3468 2950 3747 3006 superest,

491 3007 697 3080 scilicet
728 3023 823 3077 pro
861 3017 1009 3063 certo
1034 3007 1262 3063 deﬁnire
1291 3012 1386 3064 hos
1414 3009 1581 3063 libros
1605 3023 1727 3066 esse
1755 3007 1923 3064 sancti
1955 3009 2149 3067 Leonis
2187 3007 2372 3065 fetum.
2417 3008 2570 3077 Quod
2602 3022 2699 3080 nos
2726 3022 2793 3062 ex
2821 3016 3139 3080 argumento
3166 3010 3217 3063 in
3257 3011 3370 3080 sola
3396 3012 3531 3080 styli
3556 3009 3753 3062 simili-

488 3078 675 3200 (tlndine
705 3079 923 3202 τηιςᾳᾶιο
942 3087 1186 3202 lstatuere
1217 3094 1323 3134 non
1349 3079 1584 3135 ausimus
1605 3121 1620 3147 ,
1649 3080 1791 3150 quod
1833 3088 2009 3135 tamen
2043 3084 2328 3137 momentis
2360 3094 2392 3135 a
2429 3079 2738 3148 Quesnellio
2767 3081 2819 3134 in
2850 3078 3085 3134 medium
3111 3079 3358 3135 adductis
3384 3078 3495 3135 fere
3524 3093 3756 3149 persua-

526 3164 604 3202 eri
635 3163 739 3202 non
807 3165 822 3202 ι
865 3158 938 3202 tte
977 3164 1137 3202 tmur.

526 3148 604 3202 eri
635 3163 739 3202 non
768 3149 1137 3204 dil'litebimur.

562 3218 868 3289 Probationi
899 3234 1028 3273 vero
1055 3234 1213 3289 quam
1238 3219 1536 3275 Antelmius
1563 3235 1629 3274 ex
1660 3218 1832 3274 Photii
1881 3220 2189 3275 testimonio
2224 3219 2363 3275 eruit
2409 3233 2515 3275 non
2559 3218 2953 3289 respondimus,
2987 3220 3109 3289 quia
3149 3219 3280 3274 illud
3309 3219 3361 3274 in
3402 3233 3515 3275 rem
3545 3218 3613 3274 de
3639 3233 3755 3287 qua

487 3287 662 3363 agitur
686 3286 817 3342 nihil
848 3286 1088 3344 confert;
1127 3290 1259 3344 Huic
1278 3290 1427 3363 enim
1468 3290 1671 3363 auctori
1714 3292 1935 3363 confuse
1978 3291 2272 3363 leviterque
2320 3300 2444 3363 nota
2469 3286 2698 3363 videtur
2747 3290 2967 3363 historia
3006 3286 3445 3363 Pelagianorum,
3485 3286 3753 3363 etignota

488 3360 709 3429 omnino
743 3369 859 3412 urta
901 3368 1021 3428 post
1069 3360 1347 3429 Augustith
1387 3370 1610 3414 mortem
1639 3359 1707 3414 de
1734 3360 1850 3428 ejus
1878 3359 2120 3415 doctrina
2162 3358 2299 3416 inter
2322 3359 2694 3416 Occidentales
2735 3358 2977 3414 dissidia.
3031 3361 3109 3415 Ex
3142 3358 3245 3415 suo
3278 3361 3493 3429 ingenio
3518 3358 3647 3413 ait’a
3678 3359 3745 3415 S.

489 3426 753 3500 Prospero
781 3426 1071 3497 pugnatum
1101 3426 1289 3484 contra
1318 3427 1635 3500 Pelagianos
1663 3426 2098 3499 sub'pontiﬁcatu
2124 3432 2180 3487 S.
2209 3429 2425 3487 Leonis.
2465 3430 2724 3486 Audierat
2760 3429 2828 3485 de
2855 3431 3024 3500 gratia
3052 3426 3749 3500 scripsisse—Prosperum:

488 3496 800 3570 Pelagianos
837 3496 906 3553 ab
950 3515 1017 3554 eo
1046 3499 1386 3569 impugnatos
1408 3496 1668 3570 credidit;
1717 3496 1802 3555 et'
1822 3514 1942 3554 cum
1976 3501 2192 3570 legisset
2226 3503 2281 3555 in
2310 3501 2552 3570 epistolis
2577 3501 2823 3570 Septimii
2854 3496 2907 3554 et
2937 3500 3133 3557 Leonis
3160 3496 3227 3555 ad
3252 3496 3557 3556 Januarium
3581 3498 3754 3569 Aqui-

488 3568 742 3642 leiettsem
760 3570 1009 3642 rsubghoc
1037 3568 1346 3640 pontilicatu
1375 3581 1549 3642 motos
1569 3569 1876 3642 istiusmodi
1905 3568 2170 3639 homines,
2203 3571 2306 3627 hoc
2331 3568 2448 3641 ipso
2474 3568 2716 3642 tempore
2746 3586 2777 3642 a
2803 3571 3068 3642 Prospero
3093 3570 3430 3642 impugnattis
3459 3568 3756 3642 arbitratus

486 3650 590 3704 est,
622 3653 689 3694 eo
717 3639 966 3693 libentius
990 3639 1131 3710 qhud
1173 3654 1277 3711 non
1303 3655 1424 3694 eum
1458 3639 1661 3695 latebat
1686 3652 1810 3711 tunc
1838 3642 2092 3711 temporis
2123 3642 2309 3697 Roma:
2334 3639 2662 3697 diversatum
2696 3641 2857 3695 fuisse
2882 3639 3227 3710 Prosperum.
3248 3639 3374 3696 ‘Sed
3412 3641 3527 3696 haec
3562 3640 3753 3694 omnia

483 3724 550 3762 ex
581 3711 1101 3783 merisconjecturis
1126 3726 1155 3766 a
1187 3710 1607 3783 Photioscripta
1637 3710 1919 3766 manifeste
1955 3710 2120 3781 patet,
2152 3713 2494 3783 locutumque
2520 3721 2579 3783 ut
2603 3712 2870 3783 hominem
2898 3727 2926 3765 a
2956 3714 3288 3781 temporibus
3314 3722 3368 3765 et
3396 3712 3528 3783 locis
3556 3712 3753 3778 sejun-

482 3790 650 3853 ctum,
680 3781 767 3850 qui
797 3791 985 3853 exacta
1015 3798 1191 3836 rerum
1220 3782 1439 3853 historia
1470 3783 1712 3853 carebat,
1741 3783 1835 3836 sed
1860 3783 2040 3837 omnia
2068 3799 2136 3838 ex
2161 3797 2258 3837 suo
2282 3781 2493 3853 ingenio
2523 3781 2775 3853 ﬁngebat.
2808 3781 2919 3836 Etsi
2944 3797 3072 3853 vero
3102 3783 3398 3853 lateremur
3421 3781 3753 3853 Prospei-uin

482 3849 784 3924 sedentem
815 3850 1054 3924 Romana
1084 3852 1214 3907 sede
1242 3852 1431 3924 Leone
1444 3864 1630 3924 contra
1660 3852 1976 3924 Pelagianos
2003 3855 2201 3924 stylum
2238 3849 2549 3924 exercuisse
2581 3849 2696 3924 {ex
2730 3867 2875 3924 mera
2906 3852 3210 3924 conjectura
3235 3851 3287 3906 id
3316 3851 3565 3924 tribuitur
3594 3851 3753 3924 libris

481 3918 550 3994 de
585 3919 1175 3994 Vocationerntium)
1207 3923 1297 3990 qui
1322 3923 1377 3976 in
1405 3922 1720 3992 Pelagianos
1744 3918 1848 3977 n6n
1880 3918 2201 3994 diriguntur.
2233 3922 2383 3979 Unde
2411 3923 2638 3979 habetur
2666 3923 2735 3977 de
2763 3922 2844 3976 his
2866 3918 3020 3994 libris
3047 3924 3279 3994 locutum
3308 3937 3434 3994 esse
3454 3921 3703 3975 Photium
3728 3922 3754 3994 ζ

482 3986 747 4058 Numquid
775 3990 889 4045 ﬁeri
920 3994 1102 4060 nequit
1140 3986 1465 4063 Prosperum
1510 3986 1713 4047 interea
1744 3986 2011 4062 temporis
2037 3994 2248 4063 aliquos
2294 3993 2464 4048 libros
2492 3994 2728 4048 edidisse
2755 4005 2940 4047 contra
2970 3992 3280 4062 Pelagianos
3302 4032 3317 4056 ,
3347 3992 3439 4062 qui
3471 4004 3648 4045 tamen
3674 3990 3750 4045 ad

482 4072 582 4138 nos
609 4075 712 4112 non
744 4065 1105 4140 pervenerint.
1143 4062 1246 4140 Sed
1268 4062 1496 4140 tandem
1526 4062 1656 4117 nihil
1693 4063 1828 4119 certi
1857 4065 2016 4118 statui
2058 4062 2235 4134 poteSt
2261 4078 2329 4119 ex
2369 4065 2471 4118 hoc
2499 4063 2674 4119 Photii
2702 4064 2841 4129 loco,
2872 4064 2961 4132 qui
2990 4065 3105 4118 lucc
3130 4063 3311 4117 omnia
3339 4077 3407 4117 ex
3434 4076 3584 4117 mera
3608 4075 3749 4115 cuu-

476 4132 683 4197 jecmra
723 4132 1006 4193 scripsisse
1037 4132 1391 4185 convincitur.

552 4197 636 4272 Ex
667 4198 771 4272 his
786 4200 1033 4272 omnibus
1064 4202 1218 4256 facile
1243 4203 1459 4271 colliget
1485 4218 1670 4271 aequus
1700 4205 1870 4257 lector
1891 4242 1908 4269 ,
1938 4204 2069 4259 nihil
2105 4204 2310 4271 satius,
2342 4214 2397 4261 et
2422 4203 2489 4259 ab
2518 4203 2661 4259 omni
2694 4202 3009 4259 temeritatis
3045 4201 3353 4272 suspicione
3396 4202 3679 4265 remotius,
3714 4215 3748 4254 a

482 4266 637 4322 nobis
659 4268 775 4340 ﬁeri
793 4268 1066 4339 debuisse,
1093 4285 1250 4340 quam
1276 4283 1333 4325 ιιι
1360 4266 1523 4327 hosce
1545 4266 1711 4328 libros
1735 4275 1874 4328 inter
1893 4266 2134 4329 eruditus
2163 4266 2442 4330 hinc'inde
2473 4284 2616 4329 tanta
2643 4276 3043 4331 concertatione
3066 4266 3360 4335 discussos,
3390 4273 3533 4327 unde
3560 4281 3750 4325 tamen

478 4350 684 4418 certum
717 4339 1032 4418 de__aucture
1058 4339 1328 4418 judicium
1348 4344 1512 4397 statui
1540 4353 1787 4418 nequeat,
1821 4358 1920 4418 nec
1942 4345 2086 4400 veris
2115 4345 2453 4418 S.7Prospe_ri
2491 4345 2742 4418 operibus
2780 4358 3220 4418 annumeretnus,
3248 4357 3348 4418 nec
3371 4342 3751 4418 adsupposita

478 4410 701 4465 omnino
727 4410 1062 4485 rejiciamus;
1097 4412 1273 4485 donec
1299 4413 1368 4468 de
1395 4424 1537 4468 tanta
1567 4410 1659 4469 lite
1684 4415 1971 4471 statuerint
1999 4415 2219 4471 eruditi.
2265 4410 2357 4471 Ex'
2381 4410 2543 4471 dictis
2570 4428 2745 4474 tamen
2772 4410 2926 4471 facile
2953 4410 3234 4485 conjicitur
3270 4413 3369 4469 hos
3399 4410 3577 4467 libros
3596 4412 3749 4467 circa

477 4494 675 4535 annum
716 4483 914 4537 Christi
951 4483 1057 4540 440
1091 4481 1256 4539 fuisse
1293 4493 1563 4540 exaratos.

474 4596 3737 4625 ________________________________________

1763 4694 2072 4767 LIBRI
2148 4691 2355 4763 ι)υο
2384 4685 2416 4724 ³

556 4870 788 4993 DE
874 4865 1880 5007 VOCA'FIONE
1975 4859 2732 4990 OMNIUM
2796 4855 3669 4987 GENTIUM.

736 5086 741 5092 ’
1512 5136 1985 5249 LIBER
2058 5086 2697 5243 PRIMUS.

887 5304 1049 5377 847
1088 5302 1313 5361 CAPUT
1354 5301 1639 5359 PRIMUM.
2080 5316 2135 5375 Α
2230 5312 2330 5349 non
2351 5296 2697 5377 recte-sentire
2717 5312 2802 5351 eos
2823 5296 2907 5377 qui
2932 5295 3298 5377 purificatione
3324 5294 3504 5365 gratia
3528 5292 3750 5349 liberm

2230 5368 2406 5436 negari
2431 5368 2696 5421 arbitrium
2724 5368 3057 5421 contendunt.

476 5460 751 5516 Haterium
779 5460 875 5513 hoc
904 5460 1034 5514 libro
1073 5458 1398 5514 tractandam
1420 5457 1706 5528 'proponit,
1739 5457 2056 5525 ostenditque
2232 5458 2378 5515 inter
2425 5458 2741 5517 defensores
2780 5459 2933 5517 liberi
2979 5456 3230 5524 arbitrii,
3273 5464 3327 5513 et
3362 5454 3751 5527 praedicatores

550 5602 577 5632 ⁸
596 5592 809 5661 περι-ἰριί
833 5592 1050 5649 circiter
1075 5607 1274 5647 annum
1301 5589 1427 5647 ΗΟ.
