3972 6176
540 287 633 343 631

1318 284 1649 341 PROSPERI
1683 285 2007 352 AQUITAN’I
2038 284 2079 339 Ο

2197 283 2265 337 lA
2300 280 2620 337 [NCERTAE
2652 280 3181 337 AUCTORITATIS.

3701 288 3787 341 653

541 408 794 477 voluptati
840 422 941 461 non
976 406 1198 474 turpiter
1245 409 1499 468 serviam,
1533 415 1587 459 et
1631 404 1949 474 cupiditates
1992 416 2116 454 suas
2149 407 2187 459 Λ
2220 408 2463 451 mortates
2512 415 2709 463 sumus,
2758 401 2945 453 similes
2987 401 3125 453 vobis
3158 401 3404 460 homines.
3436 404 3789 459 annuntianm

534 501 755 571 iustitia:
802 510 964 568 alque
1009 498 1305 553 honestatis
1355 497 1559 565 legibus
1609 502 1930 564 temperent,
1979 492 2111 546 nihil

534 606 693 660 supra
749 587 1053 643 mercedem
1099 588 1281 656 gloria:
1328 587 1640 655 temporalis
1691 585 2012 654 acquirunt;
2060 593 2113 637 et

532 696 652 734 cum
704 686 1024 749 prmsentem
1066 678 1226 733 vitam
1265 678 1520 732 decenter
1567 684 1849 741 exornent,
1896 684 2112 729 acterna:

532 782 707 825 tamen
747 768 1091 824 beatitudinis
1118 769 1396 836 praemium
1443 783 1549 822 non
1601 766 1831 829 habent;
1864 767 1984 835 quia
2028 782 2114 820 re-

528 872 644 916 ctas
687 861 928 915 actiones
970 871 1025 915 et
1054 861 1190 913 bona
1231 859 1406 913 Studia
1455 873 1571 925 sua,
1604 872 1710 911 non
1742 856 1808 910 ad
1853 856 1968 924 ejus
2000 857 2111 910 lau-

527 954 648 1007 dem
675 964 835 1020 atque
866 952 1123 1005 honorem
1156 950 1419 1014 referunt,
1450 963 1477 1001 a
1506 964 1613 1019 quo
1646 960 1969 1015 acceperunt
2000 956 2025 984 α
2055 958 2113 1002 ut

525 1044 810 1098 sublimius
835 1052 1106 1111 saperent,
1137 1051 1191 1096 et
1214 1042 1574 1097 excellentius
1606 1042 1817 1096 caeteris
1845 1042 2108 1095 enitesce-

523 1146 665 1190 rcnt.
694 1136 828 1189 Cum
858 1135 999 1189 enim
1031 1134 1246 1202 quidam
1280 1148 1383 1186 non
1413 1134 1587 1187 solum
1620 1132 1686 1186 ad
1720 1131 1965 1185 instituta
2005 1130 2107 1184 uti-

523 1227 849 1281 lissimarum
884 1226 1100 1290 artium,
1135 1232 1192 1279 et
1220 1224 1491 1277 doctrinas
1532 1223 1832 1277 liberalium
1870 1221 2105 1289 discipli-

524 1335 736 1381 narum,
756 1319 848 1374 sed
872 1318 1030 1374 etiam
1055 1316 1118 1371 ad
1141 1316 1542 1385 inquisitionem
1566 1313 1762 1368 summi
1786 1314 1911 1368 boni
1932 1312 2103 1367 aciem

522 1410 719 1466 mantis
746 1409 1093 1471 intenderint,
1117 1416 1164 1461 et
1193 1407 1473 1460 invisibilia
1510 1405 1608 1459 Dei
1639 1422 1728 1476 per
1753 1421 1811 1457 ea
1837 1419 1951 1473 qua:
1972 1404 2106 1472 facta

521 1512 641 1555 sunt
676 1500 851 1572 (Rom.
886 1516 922 1563 ι,
950 1497 1045 1568 ‘20)
1077 1497 1348 1552 intellecta
1379 1496 1913 1566 conspexerint;non
1941 1509 2104 1563 agen-

520 1606 601 1648 tes
631 1605 806 1648 tamen
831 1592 1030 1662 gratias
1054 1592 1181 1653 Deo,
1218 1605 1317 1644 nec
1342 1588 1662 1644 conﬁtentes
1685 1588 1837 1641 illum
1865 1586 1965 1640 sibi
1984 1600 2104 1640 esse

521 1688 676 1755 hujus
702 1685 965 1740 facultatis
986 1692 1282 1752 auctorem,
1308 1682 1401 1737 sed
1428 1683 1651 1736 dicentes
1684 1697 1736 1735 se
1762 1696 1870 1734 esse
1900 1680 2104 1751 sapien-

2216 489 2349 540 robis
2371 491 2593 541 converti
2622 490 2690 540 ad
2722 490 2887 543 Deum
2916 492 3102 554 vivum,
3128 491 3215 558 qui
3240 491 3360 559 fecit
3390 491 3592 557 calum,
3622 503 3671 547 et
3703 507 3787 547 ter-

2214 593 2345 642 ram,
2380 587 2428 631 et
2456 594 2618 641 mare,
2661 588 2707 633 et
2734 580 2906 632 omnia
2933 595 3047 648 qua:
3085 582 3138 633 in
3168 582 3238 633 eis
3264 590 3403 646 sunt,
3436 583 3523 651 qui
3547 582 3601 635 in
3626 594 3789 649 prsete-

2214 668 2325 719 ritis
2363 669 2777 738 generationibus
2822 671 3019 725 dimisit
3047 687 3222 724 omnes
3264 681 3435 740 gentes
3466 673 3673 745 ingredi
3697 677 3788 729 vias

2213 776 2334 813 suas
2362 762 2498 830 (Act.
2532 757 2722 823 xw,“
2741 756 2781 819 l;
2802 764 3046 833 quamvis
3070 778 3199 833 ergo
3230 765 3345 818 haec
3375 776 3430 820 et
3457 766 3626 819 multa
3654 768 3789 821 simi-

2216 852 2282 905 lia
2316 853 2559 907 veritatis
2588 853 2864 923 Scriptura
2899 857 3229 924 pronuntiet,
3254 865 3278 894 θ
3302 857 3600 911 secundum
3628 858 3784 923 ipsam

2213 955 2389 999 tamen
2416 946 2712 1014 credimus,
2746 956 2799 1003 et
2829 949 3065 1016 piissime
3096 949 3437 1013 conﬁtemur,
3469 952 3615 1020 quod
3642 967 3785 1005 num'

2211 1052 2369 1105 quam
2400 1038 2738 1093 universitati
2766 1040 3039 1093 hominum
3069 1040 3262 1095 divina:
3286 1042 3642 1109 providentia:
3662 1057 3778 1097 cura

2212 1126 2472 1191 defuerit;
2504 1143 2623 1196 quas
2650 1127 2775 1184 licet
2801 1139 3082 1197 exceptum
3110 1129 3213 1183 sibi
3252 1132 3510 1199 populum
3552 1135 3781 1201 speciali-

2210 1220 2310 1274 bus
2346 1221 2411 1274 ad
2443 1222 2693 1290 pietatem
2727 1222 2987 1278 direxerit
3016 1223 3298 1290 institutis,
3336 1225 3467 1279 nulli
3497 1235 3673 1282 tamen
3708 1243 3781 1281 na-

2212 1313 2341 1365 tioni
2375 1312 2650 1368 hominum
2679 1314 2933 1369 bonitatis
2961 1331 3073 1370 suze
3100 1316 3238 1371 dona
3257 1317 3527 1372 subtraxit
3552 1335 3565 1370 :
3595 1329 3651 1373 ut
3676 1336 3782 1388 pro-

2211 1402 2452 1471 pbeticas
2482 1420 2640 1459 voces
2662 1413 2714 1459 el
2746 1416 3013 1476 prmcepta
3045 1407 3235 1478 legalia
3257 1409 3717 1465 convincerentur
3738 1412 3781 1465 in

2208 1495 2598 1549 elementorum
2647 1496 2924 1565 obsequiis
2986 1512 3051 1552 ac
3101 1497 3431 1553 testimoniis
3495 1502 3775 1569 accepisse.

2208 1584 2362 1640 Unde
2388 1596 2442 1641 et
2475 1587 2876 1643 inexcusabiles
2908 1588 3034 1643 facti
3071 1597 3220 1654 sunt,
3244 1590 3363 1658 quia
3408 1590 3543 1645 deos
3575 1592 3675 1646 sibi
3704 1592 3779 1648 Dei

2206 1676 2349 1731 dona
2380 1678 2645 1744 fecerunt,
2678 1688 2733 1733 et
2761 1696 2880 1750 qua:
2902 1691 3081 1737 creata
3102 1692 3257 1737 erant
3286 1682 3353 1737 ad
3386 1685 3672 1752 utendum,
3705 1701 3777 1743 ve-

518 1744 775 1849 tes-(ibid.
799 1775 912 1845 22),
944 1774 1045 1833 hoc
1070 1783 1173 1842 est,
1204 1744 1310 1827 non
1339 1774 1392 1827 in
1424 1773 1554 1834 Deo,
1587 1772 1680 1826 sed
1710 1772 1763 1826 in
1794 1744 2101 1839 semetipsis
2132 1744 2179 1802 Β
2206 1770 2375 1823 nerati
2405 1780 2530 1823 sunt
2554 1771 2619 1823 ad
2648 1744 2955 1826 colendum.

514 1872 827 1939 gloriantes,
862 1866 1015 1934 quasi
1045 1865 1109 1919 ad
1139 1864 1379 1919 veritatis
1412 1864 1804 1931 inspectioncm
1841 1861 1955 1915 suis
1986 1871 2099 1915 stu-

478 1962 479 1965 “
515 1964 618 2016 diis
651 1972 810 2029 atque
840 1959 1137 2015 rationibus
1176 1958 1662 2027 propinquassent;
1695 1965 2016 2010 evanuerunt
2043 1957 2095 2008 in

516 2052 907 2125 cogitationibus
945 2053 1074 2113 suis,
1116 2060 1170 2105 et
1210 2050 1375 2119 quod,
1401 2050 1741 2103 illuminantc
1782 2049 1874 2104 Dei
1899 2050 2091 2119 gratia,

513 2144 542 2183 δ
572 2146 906 2209 invenerant,
941 2142 1248 2197 obcazcante
1291 2140 1542 2209 superbia
1590 2139 1957 2208 perdiderunt,
2007 2155 2095 2193 re-

512 2236 651 2307 lapsi
679 2250 711 2290 a
739 2250 970 2306 superna
1004 2234 1127 2289 luce
1155 2243 1177 2272 θ
1214 2233 1267 2287 in
1304 2234 1553 2288 tenebras
1585 2246 1731 2295 suas,
1762 2231 1864 2285 hoc
1892 2240 1995 2295 est,
2027 2231 2094 2283 ab

510 2326 930 2383 incommutabili
975 2334 1139 2394 atque
1193 2333 1399 2378 aeterno
1453 2323 1616 2383 bono,
1668 2321 1735 2375 ad
1782 2322 2090 2376 mutabilem

509 2421 1027 2491 corruptibiletnque
1060 2428 1325 2473 naturam.
1359 2418 1491 2471 Cum
1523 2430 1653 2485 ergo
1692 2416 1828 2469 tales
1864 2416 1915 2469 in
1943 2430 2092 2467 amo-

507 2531 619 2571 rem
656 2515 737 2569 sui
779 2513 1045 2577 recidunt,
1084 2519 1139 2565 et
1185 2512 1254 2563 ita
1288 2510 1501 2562 sibimet
1554 2508 1770 2575 placent
1816 2514 1875 2560 ut
1919 2514 2088 2559 totum

504 2606 649 2678 quod
673 2607 723 2660 in
756 2619 814 2659 se
842 2603 1112 2657 laudabile
1132 2601 1398 2670 judicant,
1426 2613 1532 2652 non
1558 2597 1625 2651 ad
1655 2597 1798 2651 dona
1824 2597 1921 2650 Dei
1950 2596 2089 2651 rele-

422 2682 429 2689 h
503 2710 645 2761 rant,
678 2697 769 2751 sed
794 2696 893 2750 sibi
917 2693 1210 2754 vindicent,
1243 2701 1297 2746 et
1326 2690 1506 2744 studio
1530 2689 1765 2759 proprias
1796 2688 2088 2742 voluntatis

502 2788 796 2851 ascribant,
842 2785 1025 2853 procul
1057 2784 1123 2837 ab
1167 2782 1259 2836 illa
1304 2783 1468 2853 851
1498 2781 1726 2848 spiritali
1758 2779 1784 2816 ά
1835 2779 2089 2834 exsulant

500 2882 802 2943 voluntate,
826 2885 883 2932 et
909 2876 1044 2931 nihil
1078 2877 1129 2930 in
1163 2890 1220 2928 se
1252 2876 1450 2929 habent
1476 2888 1581 2942 quo
1605 2872 1670 2927 ad
1700 2872 1861 2926 vitam
1896 2887 2089 2941 prove-

503 2976 697 3029 hantur
729 2984 1008 3035 mternam,
1044 2968 1367 3037 incipientes
1390 2966 1441 3020 in
1469 2966 1778 3033 semetipsis
1807 2965 1969 3019 etiam
1995 2965 2080 3019 illa

501 3065 817 3137 temporalia
851 3063 944 3118 Dei
978 3063 1117 3117 dona
1148 3075 1522 3130 corrumpere,
1564 3068 1617 3114 et
1644 3074 1673 3113 a
1703 3059 1850 3113 bono
1894 3074 2079 3113 eorum

498 3172 598 3210 usu
635 3156 688 3209 in
727 3152 1170 3209 consuetudinem
1217 3149 1688 3205 innumerabilium
1737 3149 1969 3204 transire
2002 3151 2079 3202 vi-

498 3248 713 3299 tiorum.

1118 3330 1349 3386 CAPUT
1393 3331 1453 3383 ν.

497 3426 687 3481 Omnes
711 3433 883 3498 gentes
912 3425 965 3476 in
991 3424 1249 3498 elementis
1283 3423 1537 3498 accepisse
1561 3431 1821 3498 .prtecepta
1858 3421 2075 3492 legalta,

786 3505 840 3548 ut
862 3493 1232 3547 inexcusabiles
1259 3494 1357 3545 sint
1382 3493 1435 3545 in
1463 3492 1784 3545 idololatria.

562 3607 817 3674 Quamvis
847 3606 993 3661 enim
1033 3605 1291 3675 scriptum
1337 3607 1406 3659 sit
1440 3604 1580 3674 quod
1634 3621 1750 3659 cum
1787 3608 2075 3674 dispertire!

490 3698 739 3754 Excelsus
760 3706 954 3769 gentes,
984 3696 1419 3769 quemadmodum
1448 3697 1690 3764 dispersit
1717 3697 1857 3766 ﬁlios
1884 3698 2071 3764 Adam,

487 3792 663 3845 statuit
695 3791 936 3844 terminos
979 3790 1206 3862 gentium
1241 3790 1523 3841 secundum
1560 3804 1827 3842 numerum
1863 3790 2075 3859 angelo-

485 3902 598 3936 rum
632 3884 745 3948 Dei,
770 3896 813 3937 et
832 3884 968 3954 facta
990 3892 1065 3936 est
1088 3883 1253 3949 portio
1281 3881 1485 3934 Domini
1508 3880 1730 3951 papulas
1754 3882 1864 3950 ejus
1885 3879 2069 3945 Jacob,

489 3975 747 4033 funiculus
773 3973 1085 4026 litereditatis
1112 3973 1221 4042 ejus
1264 3969 1431 4026 Israel
1462 3972 1642 4041 (Deut.
1688 3988 1854 4033 χχχιι,
1898 3973 1986 4042 8);
2019 3983 2071 4026 et

483 4066 743 4131 scriptum
792 4065 863 4117 sit
908 4062 1191 4117 Dominum
1224 4063 1404 4117 dicere
1434 4064 1499 4117 ad
1536 4063 1718 4127 Israel,
1756 4062 1919 4117 Erilis
1945 4066 2071 4118 milii

482 4157 669 4220 sancti,
695 4156 818 4226 quia
844 4172 934 4225 ego
964 4167 1169 4209 sanctus
1191 4172 1303 4208 sum
1330 4155 1581 4209 Dominus
1606 4155 1742 4208 Deus
1772 4167 1955 4223 vester,
1982 4159 2069 4221 qui

480 4249 735 4318 segregavi
756 4264 841 4303 vos
863 4248 926 4301 ab
949 4247 1179 4301 omnibus
1198 4247 1430 4319 gentibus
1460 4263 1565 4300 esse
1595 4248 1720 4300 mihi
1743 4246 1925 4313 (Levii.
1954 4265 2063 4312 XIX,

480 4338 564 4403 2);
594 4351 648 4392 et
679 4338 923 4409 quamvis
952 4339 1210 4408 scriptum
1248 4337 1322 4390 sit
1351 4337 1401 4389 in
1429 4336 1569 4389 libro
1600 4335 1820 4401 Esther,
1851 4336 2066 4392 dicente

478 4429 841 4495 Mardochreo,
909 4428 1115 4482 Gratias
1154 4426 1261 4493 tibi,
1316 4425 1560 4494 Domine,
1612 4427 1859 4498 quoniam
1901 4428 2065 4497 fecisti

478 4536 608 4573 nova
645 4521 795 4589 signa
826 4530 871 4572 et
899 4518 1160 4589 prodigia,
1185 4518 1359 4581 qualia
1387 4532 1489 4572 non
1516 4526 1632 4572 sunt
1658 4518 1798 4587 facta
1821 4519 1874 4571 in
1902 4522 2065 4588 genti-

477 4615 593 4675 bus,
636 4612 867 4665 dividens
895 4629 1042 4666 omne
1083 4613 1330 4667 sarculum
1376 4612 1431 4666 in
1475 4622 1635 4666 sortes
1683 4613 1832 4679 duas,
1864 4613 2064 4681 elegiin

476 4718 631 4756 unam
652 4701 742 4756 tibi
768 4701 946 4772 papuli
985 4704 1080 4765 tui,
1111 4704 1399 4774 relinquens
1428 4704 1587 4756 aliam
1610 4702 1883 4775 gentibns(
1910 4703 2054 4757 Est/1.

475 4812 583 4863 Xt't,
602 4798 760 4868 juxta
785 4789 976 4860 LXX);
993 4800 1048 4845 et
1070 4792 1263 4848 Paulus
1284 4802 1339 4848 et
1363 4794 1635 4848 Barnabas
1651 4793 1854 4859 dicant,
1882 4792 1946 4845 Et
1968 4810 2060 4846 nos

468 5026 520 5064 tn
549 5010 853 5075 semetipsis
877 5009 1173 5078 glorientur
1197 5024 1211 5073 ;
1244 5010 1305 5062 5°
1333 5018 1655 5064 evanescant
1685 5010 1734 5062 in
1763 5010 2047 5077 cegitatio-

468 5081 625 5135 nibus
646 5082 786 5146 suis;
814 5080 880 5134 4°
911 5081 962 5132 in
989 5094 1225 5132 amorem
1258 5079 1339 5131 sui
1371 5080 1640 5144 recidant;
1670 5080 1732 5133 5°
1768 5082 1819 5132 in
1851 5088 2047 5132 semet.

465 5152 596 5221 ipsis
626 5152 764 5206 dona
788 5150 882 5203 Dei
915 5149 1537 5221 corrumpant.llonsuli,
1564 5159 1787 5221 possunt
1818 5150 2048 5221 Prostier

462 5218 632 5277 carm.
677 5222 745 5277 de
788 5221 1034 5290 ingratis,
1080 5234 1241 5274 versu
1274 5218 1401 5283 408,
1442 5229 1497 5272 et
1528 5227 1666 5273 nota:
1695 5220 1868 5273 eidem
1919 5219 2044 5273 sub-

467 5295 636 5347 iectas.

486 5309 636 5347 cette.

460 5309 480 5362 ³
509 5374 561 5411 ,ιι
593 5363 647 5417 In
678 5362 837 5418 editis
866 5361 1017 5419 alias,
1046 5370 1101 5414 ut
1146 5360 1196 5414 in
1243 5360 1353 5428 ipsa
1383 5359 1594 5412 animali
1621 5359 1921 5413 discretione
1950 5377 2039 5413 su-

462 5431 667 5487 blimius
691 5446 946 5504 saperent.
968 5433 1075 5485 Nos
1097 5431 1419 5504 edit._l.eon.
1446 5430 1512 5483 ad
1534 5429 1801 5504 Camb._et
1824 5430 2033 5504 Thuan.

461 5518 593 5557 mss.
622 5500 986 5570 emendatam,
1016 5514 1068 5556 et
1098 5517 1197 5556 ms.
1223 5500 1514 5557 Joliensem
1545 5516 1576 5554 a
1620 5501 1775 5553 nobis
1824 5500 2037 5570 consul-

459 5582 575 5627 tum
602 5576 768 5628 secuti
802 5587 1005 5628 sumus.
1040 5572 1210 5628 Verba
1238 5576 1435 5642 quippe
1467 5573 1576 5635 illa,
1605 5571 1659 5623 in
1678 5571 1793 5639 ipsa
1819 5569 2037 5642 animali

458 5643 784 5707 discretione,
824 5643 1163 5710 glossematis
1220 5640 1418 5698 habent
1462 5643 1720 5710 speciem,
1772 5640 1914 5709 quod
1968 5656 2036 5697 ex

460 5714 701 5775 margine
726 5712 950 5768 studiosi
980 5713 1275 5784 cuiuspiam
1302 5714 1355 5769 in
1388 5723 1589 5770 textum
1619 5712 1921 5782 irrepserit.

2828 1882 2907 1938 CA
2920 1884 3053 1940 PUT
3096 1885 3183 1938 Vl.

2205 1971 2357 2048 Quod
2385 1973 2791 2048 absquedt’vina
2815 1976 2985 2045 gratia
3020 1975 3252 2031 voluntas
3284 1987 3427 2031 tanto
3467 1982 3623 2033 citius
3670 2000 3776 2048 pra-

2270 2043 2486 2118 pinquat
2526 2043 3025 2118 iniquitati,‘quanto
3057 2049 3223 2101 acrius
3253 2047 3542 2103 intenditur
3577 2043 3773 2118 actioni,

2270 2114 2391 2180 quia
2419 2131 2519 2167 non
2544 2116 2595 2166 in
2619 2116 2835 2185 gloriam
2861 2114 2958 2170 Dei
2979 2118 3116 2170 vivit.

2271 2224 2325 2278 In
2354 2241 2512 2295 quam
2544 2228 2874 2296 impietatem
2913 2231 3073 2285 etiam
3107 2232 3194 2286 illa
3221 2248 3354 2303 gens
3399 2251 3561 2304 quam
3594 2240 3692 2295 sibi
3718 2240 3775 2294 ab

2195 2319 2448 2373 omnibus
2478 2320 2732 2389 gentibus
2763 2322 3024 2377 Dominus
3057 2328 3378 2394 segregavit,
3418 2336 3527 2383 tota
3561 2333 3774 2386 transis-

2196 2418 2297 2475 set,
2330 2410 2433 2465 nisi
2462 2411 2853 2467 misericordize
2877 2428 2990 2469 sua:
3010 2417 3342 2484 propositum
3368 2416 3389 2457 θ
3418 2421 3773 2475 sustentandis

2194 2500 2489 2555 electorum
2536 2502 2776 2571 lapsibus
2818 2506 3197 2573 prsetendisset
3230 2523 3245 2561 :
3294 2523 3416 2563 nam
3449 2510 3627 2578 plena:
3660 2522 3775 2565 sunt

2194 2592 2399 2660 pagina}
2432 2596 2636 2649 veteris
2665 2594 2995 2651 Testamenti
3025 2599 3091 2653 de
3123 2598 3433 2656 lsraeliticze
3464 2602 3771 2658 defectionis

2193 2685 2401 2738 relatu:
2444 2696 2504 2740 ut
2545 2697 2731 2756 aperte
2773 2702 3052 2759 appareat,
3112 2693 3306 2748 divinae
3360 2709 3578 2765 semper
3622 2696 3776 2752 fuisse

2191 2776 2398 2844 gratiae,
2429 2778 2593 2850 852
2624 2779 2769 2848 quod
2805 2797 2908 2836 non
2939 2785 3117 2837 omnis
3148 2785 3236 2839 ille
3268 2787 3498 2853 populus
3533 2788 3773 2844 discessit

2189 2881 2219 2920 a
2244 2866 2493 2921 Domino.
2522 2870 2593 2922 Ita
2626 2871 2858 2925 humana
2890 2882 3077 2928 natura
3106 2875 3156 2928 in
3181 2877 3341 2944 primi
3382 2876 3615 2933 hominis
3646 2894 3776 2949 prte-

2194 2959 2528 3015 varicatione
2549 2961 2759 3025 vitiata,
2791 2965 2955 3018 etiam
2988 2964 3130 3020 inter
3158 2968 3440 3034 beneficia,
3474 2970 3619 3026 inter
3646 2988 3775 3042 prcc—

2189 3061 2342 3120 cepta
2373 3063 2425 3107 et
2454 3054 2653 3108 auxilia
2682 3053 2800 3121 Dei,
2833 3069 3048 3126 semper
3088 3057 3139 3112 in
3178 3059 3503 3116 deteriorem
3533 3074 3618 3117 est
3658 3080 3775 3131 pro-

2189 3142 2381 3197 clivior
2412 3144 2771 3213 voluntatem,
2804 3148 2889 3201 cui
2920 3150 3181 3204 committi
3209 3167 3316 3205 non
3340 3161 3423 3206 est
3444 3154 3591 3209 aliud
3620 3172 3772 3224 quam

2187 3233 2411 3289 dimitti.
2443 3234 2567 3289 Haec
2612 3237 2793 3308 itaque
2818 3237 3066 3295 voluntas
3109 3256 3267 3310 vaga,
3304 3243 3527 3308 incerta,
3556 3256 3582 3293 ε
3616 3248 3773 3299 inSta-

2187 3328 2331 3392 bilis,
2364 3329 2639 3398 imperita,
2687 3331 2897 3386 infirma
2945 3332 3010 3386 ad
3070 3332 3448 3399 efﬁciendum,
3499 3336 3672 3392 facilis
3709 3338 3775 3391 ad

2183 3418 2515 3484 audendum,
2565 3420 2618 3474 in
2655 3421 3040 3489 cupiditatibus
3069 3438 3235 3489 caeca,
3263 3426 3317 3479 in
3356 3427 3655 3483 honeribus
3687 3438 3771 3481 tn-

2183 3511 2348 3579 mida,
2406 3514 2550 3567 curis
2603 3515 2785 3573 anxia.
2834 3515 3235 3579 suspicionibus
3273 3518 3535 3586 inquieta,
3586 3519 3774 3588 gloria:

2181 3620 2341 3673 quam
2372 3605 2632 3659 virtutum
2665 3606 2890 3673 avidior,
2921 3606 3077 3663 fama;
3111 3623 3269 3675 quam
3313 3610 3661 3665 conscientiae
3686 3611 3771 3664 di-

2179 3694 2455 3765 ligentior,
2492 3704 2548 3751 et
2575 3712 2670 3765 per
2702 3712 2917 3753 omnem
2963 3701 3043 3753 sui
3081 3702 3476 3768 experientiam
3527 3704 3775 3757 miserior

2180 3785 2408 3842 fruendo
2437 3788 2520 3842 his
2548 3804 2668 3857 qua!
2696 3791 3091 3859 concupiverit,
3134 3807 3293 3861 quam
3334 3794 3574 3849 carendo
3597 3810 3611 3859 ;
3638 3794 3768 3848 nihil

2178 3878 2230 3933 in
2262 3879 2376 3933 suis
2398 3879 2561 3934 habet
2590 3880 2816 3944 viribus,
2852 3881 2952 3935 nisi
2984 3882 3210 3951 periculi
3251 3883 3597 3939 facilitatem:
3628 3900 3767 3954 quo-

2176 3971 2318 4023 niam
2351 3970 2600 4024 voluntas
2628 3971 2921 4032 mutabilis,
2952 3988 3073 4041 quae
3104 3988 3210 4027 non
3239 3972 3307 4026 ab
3338 3973 3763 4030 incommutabiti

2175 4062 2452 4116 voluntate
2479 4062 2706 4132 regitur,
2738 4073 2884 4117 tanto
2912 4064 3072 4119 citius
3103 4066 3433 4135 propinquat
3477 4068 3761 4136 iniquitati,

2171 4161 2372 4221 quanto
2402 4154 2585 4207 acrius
2616 4153 2913 4209 intenditur
2941 4156 3165 4210 actioni.

2241 4243 2509 4309 Quamdiu
2535 4258 2665 4315 ergo
2707 4244 2909 4300 homini
2941 4262 3001 4302 ea
3029 4248 3243 4317 placent
3276 4264 3403 4319 quze
3434 4250 3541 4305 Deo
3570 4250 3761 4320 displi-

2170 4344 2315 4405 cent,
2350 4337 2599 4392 voluntas
2641 4337 2760 4407 ejus
2787 4337 3036 4393 animalis
3085 4350 3215 4395 est:
3248 4342 3370 4411 quia
3418 4343 3577 4397 etiam
3621 4345 3666 4398 si
3708 4345 3761 4399 in

2170 4428 2329 4485 bonis
2355 4430 2596 4485 moribus
2626 4438 2772 4500 agat,
2806 4431 2947 4486 male
2976 4431 3154 4487 adhuc
3184 4434 3334 4499 vivit,
3368 4435 3416 4489 si
3447 4450 3549 4488 non
3576 4437 3626 4488 in
3658 4436 3765 4491 Dei

2170 4522 2395 4591 gloriam
2430 4523 2581 4577 vivit.
2620 4521 2733 4577 lloc
2755 4531 2839 4578 est
2859 4523 3005 4579 enim
3038 4524 3308 4593 proprium
3351 4534 3404 4579 et
3433 4528 3765 4596 praecipuum

2171 4612 2407 4680 piorum,
2437 4621 2496 4665 ut
2528 4613 2582 4665 in
2613 4611 2845 4667 Domino
2868 4612 3196 4683 glorientur,
3224 4628 3323 4669 nec
3349 4628 3410 4669 se
3438 4614 3536 4669 nisi
3568 4615 3618 4668 in
3642 4615 3764 4669 De)

2170 4703 2415 4773 diligant.
2450 4704 2598 4759 Bene
2641 4704 2787 4759 enim
2819 4720 2879 4760 se
2919 4714 3124 4773 amant,
3160 4705 3253 4776 qui
3286 4706 3338 4760 in
3368 4720 3430 4761 se
3465 4721 3624 4774 opera
3658 4706 3760 4760 Dei

2169 4804 2373 4848 ainant.
2417 4793 2549 4849 Nam
2598 4801 2653 4849 et
2697 4795 2840 4850 Deus
2872 4796 2974 4850 hoc
3000 4804 3147 4851 amat
3184 4797 3236 4850 in
3279 4796 3436 4851 nobis
3467 4797 3603 4865 quod
3635 4797 3763 4864 ipse

2226 5007 2252 5046 ι)
2276 5008 2375 5063 Ms.
2402 5009 2749 5067 Camberon.,
2775 5009 3096 5063 invenerunt.

2227 5090 2248 5117 α
2286 5079 2447 5142 Editi,
2495 5080 2562 5131 ad
2610 5079 2843 5133 tenebras
2888 5095 3040 5145 suas;
3099 5093 3200 5134 ms.
3233 5078 3489 5135 Jolicnsis
3535 5091 3586 5135 ct
3608 5084 3756 5137 edit.

2153 5148 2347 5212 Leom,
2376 5151 2427 5203 in
2456 5149 2689 5202 tenebras
2719 5166 2862 5202 suas.

2218 5215 2244 5254 ά
2276 5219 2460 5273 Melius
2506 5220 2767 5283 exsulant,
2812 5235 2877 5273 ex
2906 5232 3007 5275 ms.
3038 5218 3265 5275 Joliensi
3311 5229 3368 5275 et
3421 5222 3549 5276 edit.
3579 5220 3755 5288 Oper.

2147 5287 2338 5351 Leon.,
2363 5305 2523 5359 quam
2546 5292 2828 5353 exsultant,
2856 5290 2908 5342 in
2934 5290 3093 5344 editis
3126 5290 3417 5357 prioribus,
3443 5293 3651 5359 legitur.

2222 5369 2244 5397 θ
2278 5359 2385 5414 llas
2427 5374 2606 5421 voces,
2652 5361 2934 5414 secundum
2978 5362 3145 5428 ipsam
3204 5377 3310 5415 non
3362 5361 3559 5416 habent
3600 5376 3748 5418 mss.

2146 5429 2333 5489 Camb.
2368 5440 2422 5483 et
2451 5429 2685 5495 Thuan.,
2720 5445 2817 5484 nec
2842 5430 3119 5486 Joliensis.

2221 5498 2241 5537 τ
2274 5500 2369 5554 Ms.
2394 5500 2672 5566 Joliensis,
2696 5501 3049 5555 sustentantis.

2146 5640 2185 5696 ι
2217 5570 2391 5653 Blitec
2434 5570 2563 5637 duo,
2616 5571 2891 5640 instabilis,
2935 5570 3201 5642 imperita,
3259 5571 3459 5628 absunt
3506 5573 3572 5627 ab
3609 5573 3763 5631 t-siit.

2191 5656 2364 5696 eonts.

2191 5656 2364 5698 coms.
