4040 6178
263 268 377 324 653

1144 262 1233 318 DE
1276 243 1660 318 VOCATIONE
1702 258 1972 316 OMNIUM
2014 254 2324 311 GENTIUM
2367 253 2569 308 uasa
2610 253 2654 306 ι,

3448 248 3554 302 6ὅῦ

264 378 426 446 fecit,
456 388 510 433 et
542 380 641 430 hoc
673 376 786 430 odit
814 374 957 445 quod
994 374 1108 443 ipse
1161 389 1267 427 non
1299 373 1446 428 fecit.
1480 372 1537 428 Si
1570 387 1698 441 ergo
1724 385 1859 440 opus
1888 371 1931 428 Α
1967 366 2176 435 placet?
2205 365 2244 417 A
2268 378 2374 433 quo
2398 378 2521 418 cum
2552 362 2712 417 homo
2734 361 3083 431 spoliaretur,
3119 374 3223 413 non
3252 357 3549 421 voluntate,

268 467 365 521 Dei
415 481 661 520 amatnus
715 467 768 518 in
822 465 1003 527 nobis,
1059 465 1254 517 bonam
1282 464 1611 517 voluntatem
1648 470 1673 497 ει
1716 469 1863 514 recte

268 573 513 612 amamus
545 558 599 611 in
630 556 790 610 nobis
818 572 833 609 :
866 571 985 625 qua:
1016 557 1202 626 utique
1246 556 1292 609 si
1335 570 1473 624 opus
1503 554 1597 607 Dei
1639 568 1746 607 non
1778 566 1861 606 cs-

1969 457 2062 511 sed
2096 454 2391 509 voluntatis
2438 454 2671 508 sanitate
2716 452 2954 521 privatus
2995 458 3076 505 est
3107 469 3121 506 :
3150 449 3275 519 quia
3323 462 3422 502 nec
3461 448 3557 501 de-

1978 547 2120 601 trudi
2175 547 2244 599 ab
2293 546 2615 599 innocentiae
2673 553 2813 597 statu
2870 551 3075 614 posset,
3127 542 3229 595 nisi
3284 540 3562 596 voluntate

268 659 376 713 set,
422 647 651 700 amanda
683 662 789 699 non
822 655 986 701 esset.
1022 646 1153 713 Quis
1192 657 1370 700 autem
1404 649 1587 712 homo,
1621 644 1721 697 nisi
1756 657 1867 696 ma-
1906 711 1918 723 .
1968 645 2239 707 peccaret.
2271 635 2401 702 Quae
2425 650 2557 704 ergo
2590 645 2776 688 natura
2807 643 2923 687 erat
2950 635 3111 697 bona,
3137 630 3391 701 qualitate
3416 631 3558 685 facta

270 739 337 791 la:
368 738 688 800 voluntatis,
722 735 748 774 ι)
774 736 971 789 bonam
1007 737 1057 788 in
1099 750 1158 789 se
1189 752 1295 791 non
1325 745 1471 789 amet
1508 734 1864 795 voluntatem,

271 844 394 897 qua:
436 828 657 896 superni
682 826 937 897 agricolte
979 826 1151 894 prima
1191 826 1451 894 plantatio
1497 825 1613 879 est?
1642 823 1868 877 Dicente

275 922 421 974 enim
454 920 727 986 Veritate,
766 918 947 972 Omnis
992 917 1246 987 plantatio
1290 934 1444 987 quam
1473 933 1575 970 non
1619 915 1871 974 plantavit

278 1013 436 1066 Pater
483 1029 625 1067 meus
666 1011 903 1073 calcatis,
953 1010 1296 1063 eradicabitur
1336 1008 1553 1079 (Matth.
1598 1024 1662 1061 xv
1688 1050 1703 1073 ,
1753 1005 1866 1073 l5),

278 1106 536 1173 quidquid
584 1118 690 1157 non
740 1110 828 1156 est
878 1100 1287 1165 eradicandum,
1334 1099 1677 1154 manifestum
1717 1104 1803 1151 est
1842 1110 1871 1148 a

282 1198 441 1250 l‘atre
463 1209 585 1249 esse
614 1194 935 1263 plantatum.
968 1192 1115 1245 Bona
1143 1203 1323 1244 autem
1354 1189 1602 1243 voluntas
1631 1186 1871 1241 omnium

282 1289 539 1340 virtutum
588 1297 811 1353 germen
852 1290 939 1336 est
980 1282 1235 1351 primum.
1264 1280 1396 1347 Qua:
1446 1278 1632 1333 innixa
1679 1276 1876 1346 origini

286 1394 442 1443 suae,
488 1376 542 1431 in
591 1376 679 1429 illa
721 1382 925 1429 {eterna
985 1384 1039 1428 et
1108 1371 1538 1428 incommutabili
1603 1369 1879 1425 voluntate

284 1470 599 1539 requiescit,
634 1476 691 1522 ut
716 1482 844 1522 vere
874 1466 946 1520 sit
972 1466 1231 1535 Spiritalis
1260 1465 1551 1534 :quoniam
1587 1464 1673 1533 qui
1703 1462 1880 1514 adhic-

283 1572 360 1616 ret
407 1560 534 1624 Deo,
570 1575 703 1612 unus
743 1558 954 1625 spiritus
1003 1568 1075 1611 est
1117 1557 1162 1628 (l
1193 1557 1314 1611 Cor.
1344 1572 1421 1620 vt,
1456 1552 1572 1626 17),
1612 1555 1740 1609 dum
1788 1568 1884 1622 per

284 1654 725 1707 communionem
756 1651 1116 1706 illuminantis
1145 1661 1200 1706 et
1231 1650 1542 1714 illuminati,
1572 1647 1880 1718 justifican-

291 1748 359 1800 tis
386 1755 441 1801 et
464 1744 770 1815 justificati,
803 1744 1037 1813 regentis
1077 1752 1131 1798 et
1167 1742 1387 1807 subditi,
1431 1741 1606 1794 omnis
1648 1740 1788 1793 actio
1817 1739 1880 1793 ad
1915 1742 1960 1799 B

291 1854 457 1892 unum
486 1838 752 1901 refertur;
785 1845 840 1890 et
860 1836 1002 1905 quod
1026 1835 1092 1889 ad
1121 1849 1284 1888 unum
1318 1832 1569 1896 refertur,
1597 1832 1881 1900 utriusque

290 1940 398 1984 est.
431 1929 564 1996 Quia
588 1942 689 1982 nec
719 1943 746 1979 a
778 1927 890 1981 Deo
921 1926 1144 1982 alienari
1192 1935 1372 1997 potest
1399 1924 1543 1994 quod
1583 1922 1751 1997 dedit,
1782 1937 1885 1977 nec

292 2023 362 2077 ah
395 2022 610 2078 homine
638 2020 779 2091 quod
805 2020 1035 2089 accepit.

899 2132 1129 2187 CAPUT
1171 2131 1283 2187 Vll.

298 2224 365 2279 In
395 2225 619 2287 hoorine,
661 2240 778 2277 cum
822 2224 890 2277 ad
921 2225 1158 2294 pietatem
1184 2223 1337 2291 redit,
1386 2239 1487 2275 non
1521 2221 1783 2294 etiamin
1826 2236 1889 2294 eo

372 2298 535 2349 creari
563 2290 931 2354 substantiam,
964 2293 1054 2349 sed
1080 2290 1327 2345 eamdem
1358 2308 1474 2361 qua:
1503 2293 1673 2362 fuerat
1693 2290 1891 2361 labefa-

372 2374 505 2418 ctata
533 2367 799 2434 reparari;
833 2380 926 2417 nec
965 2365 1108 2416 aliud
1132 2364 1195 2415 ab
1237 2380 1295 2417 eo
1334 2364 1528 2432 auferri
1564 2362 1663 2415 nisi
1692 2363 1887 2428 vitium,

373 2439 537 2506 priore
568 2438 827 2489 voluntate
849 2444 1099 2487 correcta.

377 2571 472 2627 llic
506 2568 842 2625 tractandum
870 2568 1087 2623 videtur
1105 2577 1284 2621 utrum
1316 2582 1437 2622 cum
1466 2568 1621 2622 bona
1644 2566 1895 2622 volunta-

312 2664 378 2716 tis
406 2676 527 2717 esse
552 2663 713 2715 homo
744 2660 953 2728 incipit,
987 2658 1176 2713 eadem
1208 2673 1330 2727 qua:
1354 2658 1406 2712 iu
1439 2658 1558 2728 ipso
1580 2669 1694 2713 erat
1726 2657 1899 2712 corri-

305 2763 462 2825 gatur
484 2755 761 2818 voluntas;
790 2752 955 2825 853
977 2767 1045 2805 an
1068 2751 1169 2806 alia
1191 2752 1239 2805 ei
1261 2767 1420 2822 quam
1450 2763 1472 2791 ο
1502 2768 1607 2825 non
1642 2752 1896 2817 habebat,

307 2858 363 2901 et
403 2859 525 2914 qua:
556 2843 724 2914 priori
763 2850 1048 2913 repugnet,
1093 2841 1271 2896 detur.
1306 2842 1459 2909 Quod
1497 2852 1555 2897 ut
1602 2841 1903 2897 evidentius

308 2944 595 3006 appareat,
622 2935 786 2989 altius
812 2934 865 2989 id
898 2950 1005 2989 non
1047 2935 1229 3003 pigeat
1253 2934 1548 3004 inquirere.
1579 2934 1779 2991 Omnes
1807 2936 1902 2989 ho-

311 3030 488 3083 mines
519 3028 571 3081 in
603 3026 779 3095 primo
820 3026 1040 3081 homine
1069 3027 1187 3080 sine
1217 3024 1350 3080 vitio
1379 3026 1580 3080 conditi
1609 3040 1817 3095 sumus,
1851 3036 1907 3082 et

1971 736 2054 783 est
2077 727 2215 780 mala
2243 744 2256 789 ;
2287 736 2341 780 et
2383 727 2472 780 ille
2505 726 2670 778 animi
2699 732 2901 790 motus,
2942 724 3030 793 qui
3057 736 3348 791 numquam
3379 729 3560 790 potest

1972 820 2090 873 sine
2120 820 2298 887 aliquo
2329 832 2451 872 esse
2473 831 2682 880 amore,
2718 816 2818 869 hoc
2849 823 2951 878 est,
3002 814 3120 868 sine
3146 814 3321 882 aliqua
3365 811 3560 866 volun-

1974 920 2104 974 tate,
2141 923 2245 963 non
2280 907 2509 977 perdidit
2531 907 2849 975 appetitum,
2882 905 2978 959 sed
3008 904 3237 959 mutavit
3265 902 3514 957 aﬂ‘ectum
3542 918 3557 966 ;

1976 998 2028 1052 id
2056 998 2326 1067 recipiens
2357 997 2630 1052 desiderio
2670 996 2812 1065 quod
2842 995 3028 1050 debuit
3064 994 3300 1049 refutare
3333 993 3556 1061 judicio.

1975 1090 2108 1146 Cum
2142 1091 2302 1159 igitur
2334 1090 2494 1145 homo
2525 1090 2590 1143 ad
2622 1090 2871 1157 pietatem
2910 1088 3067 1151 redit,
3100 1088 3167 1142 de
3195 1103 3301 1157 quo
3330 1088 3451 1142 ideo
3482 1085 3564 1140 di-

1977 1189 2121 1234 ctum
2152 1190 2256 1243 est,
2283 1180 2511 1251 Spiritus
2538 1182 2727 1233 vadens
2751 1188 2797 1231 et
2820 1195 2921 1231 non
2948 1179 3149 1231 rediens
3172 1176 3343 1241 (Psal.
3362 1191 3563 1241 Lxxvu,

1982 1271 2090 1340 '59),
2130 1274 2252 1339 quia
2281 1271 2385 1325 nisi
2420 1271 2567 1323 illum
2601 1271 2739 1324 Deus
2776 1277 3139 1335 converteret,
3172 1283 3278 1322 non
3327 1270 3562 1331 rediret;

1985 1360 2005 1400 ί
2035 1379 2156 1418 cum
2188 1363 2244 1417 fit
2277 1378 2472 1417 novum
2504 1363 2843 1430 ﬁgmentum,
2872 1354 3119 1429 novaque
3149 1371 3422 1424 creatura,
3458 1376 3565 1413 non

1983 1453 2091 1507 alia
2126 1456 2175 1507 in
2207 1470 2272 1507 eo
2298 1461 2513 1509 creatur
2539 1454 2863 1519 substantia,
2901 1451 2994 1506 sed
3022 1453 3214 1507 eadem
3246 1467 3369 1520 qua:
3394 1450 3573 1506 fuerat

1988 1543 2306 1599 labefactata
2355 1554 2685 1613 reparatur:
2721 1559 2821 1599 nec
2874 1544 3022 1597 aliud
3072 1544 3139 1597 ab
3180 1558 3247 1597 eo
3294 1542 3569 1609 aufertur,

1990 1643 2015 1679 ε
2045 1635 2149 1688 nisi
2181 1634 2368 1688 vitium
2397 1635 2538 1703 quod
2570 1644 2761 1689 natura
2793 1649 2898 1688 non
2935 1633 3142 1687 habuit.

2577 1768 2800 1823 CAPUT
2858 1767 2992 1823 Viii.

1987 1856 2222 1911 Gratiam
2252 1860 2327 1912 sic
2356 1875 2602 1927 reparare
2641 1876 2769 1928 opus
2798 1858 2927 1922 Dei,
2971 1870 3026 1912 ut
3058 1860 3273 1914 liberum
3304 1860 3577 1914 arbitrium

2055 1944 2161 1983 non
2189 1930 2394 1999 auferat
2420 1970 2434 1995 ,
2465 1930 2559 1983 sed
2577 1934 2746 2000 potius
2771 1946 2862 2000 per
2884 1932 3156 2000 ipsummet
3181 1931 3317 1985 illud
3341 1942 3503 1985 sanet.

2061 2016 2185 2073 Fuit
2214 2020 2356 2074 enim
2384 2019 2436 2073 in
2467 2020 2636 2075 Adam
2668 2028 2858 2073 natura
2888 2021 3001 2074 sive
3030 2021 3198 2083 vitio,
3227 2020 3318 2089 qui
3349 2035 3447 2089 per
3485 2026 3584 2075 vo-'

1989 2110 2210 2164 luntatis
2232 2110 2653 2165 inohedientiam
2678 2111 2813 2169 mala
2836 2110 3001 2164 multa
3024 2112 3317 2177 contraxit,
3340 2122 3394 2166 et
3414 2112 3466 2165 in
3487 2126 3584 2181 po-

1992 2212 2167 2257 steros
2184 2202 2355 2272 magis
2368 2199 2684 2273 magisqueh
2699 2203 2853 2259 multi
2862 2204 3106 2272 plicanda
3123 2205 3432 2259 transfodit.
3453 2205 3584 2272 Qum

1993 2294 2350 2349 utvincantur
2367 2305 2531 2363 atque
2559 2296 2613 2349 in
2634 2293 2857 2349 nihilum
2879 2294 3237 2361 deducantur,
3258 2294 3274 2332 ί
3294 2310 3401 2350 non
3418 2298 3584 2351 efﬁcit

1999 2385 2100 2440 nisi
2122 2386 2294 2454 gratia
2316 2385 2637 2451 Salvatoris,
2659 2386 2898 2456 quiopus
2916 2400 3072 2440 suum
3110 2384 3277 2458 854
3292 2401 3456 2456 opere
3486 2401 3585 2441 suo

1998 2485 2218 2547 reparat
2243 2495 2257 2533 :
2285 2478 2423 2532 sicut
2449 2478 2593 2533 enim
2620 2479 2745 2533 dicit
2772 2480 3010 2534 Joannes
3045 2482 3318 2549 apostolus
3340 2523 3354 2547 ,
3390 2481 3457 2533 In
3489 2480 3589 2535 hoc

1998 2572 2243 2642 apparuit
2278 2570 2451 2626 Filius
2479 2573 2606 2640 Dei,
2634 2582 2690 2626 ut
2721 2574 2883 2627 solvat
2914 2589 3072 2643 Opera
3114 2574 3305 2628 diaboli
3336 2576 3354 2646 (
3378 2576 3396 2629 Ι
3426 2575 3587 2629 Joan.

2000 2663 2076 2727 '5,
2122 2660 2222 2731 8).
2273 2661 2341 2716 Et
2374 2664 2454 2718 sic.
2513 2664 2716 2731 rumpit
2778 2665 2985 2718 vincula
3044 2665 3276 2735 captivi,
3324 2665 3403 2720 sic
3467 2681 3593 2721 ves-

2005 2757 2066 2807 tit
2091 2744 2385 2808 nuditatem
2414 2753 2651 2821 spoliati,
2682 2754 2761 2808 sic
2787 2764 2940 2808 sanat
2967 2755 3189 2809 vulnera
3230 2756 3455 2810 sauciati
3484 2798 3499 2823 ,
3534 2767 3594 2811 ut

2005 2843 2149 2914 quod
2206 2845 2259 2899 iu
2311 2844 2428 2914 ipso
2453 2843 2590 2914 agit,
2644 2845 2806 2900 etiam
2860 2860 2958 2914 per
2996 2847 3169 2916 ipsum
3212 2857 3447 2917 geratur.
3493 2846 3596 2905 Cui

2007 2938 2193 3008 utique
2218 2947 2406 2993 contra
2435 2937 2643 2992 hostem
2681 2936 2695 2987 i
2738 2951 2893 2992 suum
2936 2954 3042 2993 non
3068 2939 3286 3007 expedit
3312 2940 3430 2994 sine
3471 2955 3595 3008 pro-

2011 3039 2215 3085 tectore
2269 3028 2583 3098 conﬂigere.
2615 3027 2750 3083 Cum
2785 3028 2878 3084 illo
2920 3029 3062 3084 enim
3121 3028 3283 3085 habet
3319 3039 3594 3085 certamen

308 3133 502 3174 ouines
532 3129 740 3172 natura:
769 3128 969 3172 nostra:
1000 3118 1426 3173 incolumitatem
1458 3118 1699 3187 ejusdem
1725 3119 1904 3174 homi—
1932 3103 1976 3163 (Σ
2013 3136 2043 3174 a
2073 3135 2181 3189 quo
2201 3120 2495 3190 aliquando
2517 3129 2803 3189 superatus
2827 3129 2930 3175 est.
2982 3120 3098 3175 Non
3147 3135 3279 3191 ergo
3318 3119 3445 3176 fidat
3470 3119 3497 3160 ιι
3528 3122 3598 3177 de

312 3212 400 3266 nis
428 3210 874 3282 praevaricatione
900 3208 1251 3279 perdidimus.
1285 3209 1413 3263 lude
1456 3218 1627 3266 tracta
1662 3211 1904 3265 mortali-

312 3314 419 3366 tas.
455 3303 578 3358 inde
611 3302 886 3371 multiplex
928 3302 1174 3370 corporis
1204 3299 1231 3337 ά
1264 3302 1539 3371 animique
1585 3306 1903 3371 corruptio;

315 3397 445 3450 inde
482 3395 780 3465 ignorantia
807 3403 861 3449 et
890 3393 1203 3457 difﬁcultas,
1236 3408 1381 3449 curae
1420 3394 1665 3461 inutiles,
1702 3396 1908 3450 illicita!

311 3490 675 3558 cupiditates,
727 3486 976 3554 sacrilegi
1014 3500 1251 3548 errores,
1308 3486 1469 3540 timor
1511 3502 1703 3553 vanus,
1755 3502 1910 3543 amor

312 3580 541 3643 noxius,
577 3577 778 3646 iujusta
809 3577 1024 3647 gaudia,
1062 3576 1368 3643 pamitenda
1416 3579 1664 3645 consilia,
1710 3588 1766 3634 et
1803 3595 1909 3634 non

315 3670 503 3724 minor
544 3669 886 3723 miseriarum
933 3669 1221 3723 multitudo
1252 3684 1412 3737 quam
1462 3670 1770 3727 criminum.
1819 3671 1913 3725 llis

314 3773 459 3828 ergo
485 3768 642 3827 atque
668 3758 790 3812 aliis
822 3757 979 3812 malis
1010 3759 1062 3812 in
1096 3767 1340 3813 naturam
1374 3761 1662 3814 humanam
1697 3762 1911 3816 irruen-

315 3849 489 3913 tibus,
521 3848 624 3902 lide
668 3847 901 3916 perdita,
950 3862 1049 3916 spe
1098 3849 1309 3913 relicta,
1352 3848 1709 3919 intelligentia
1738 3850 1913 3905 obcaz—

313 3951 471 4008 cata,
506 3940 781 3994 voluntate
813 3941 1051 4009 captiva,
1092 3955 1252 3995 nemo
1286 3941 1336 3994 in
1366 3956 1427 3996 se
1458 3942 1601 3996 unde
1631 3957 1913 4012 reparare-

320 4046 417 4088 tur
464 4032 687 4087 invenit.
735 4031 871 4097 Quia
917 4032 1019 4086 etsi
1059 4030 1159 4086 fuit
1206 4033 1297 4102 qui
1358 4033 1587 4087 naturali
1641 4034 1915 4092 intellectu

317 4134 558 4180 conatus
598 4123 667 4178 sit
713 4122 858 4176 vitiis
898 4122 1175 4189 rcluctari,
1222 4122 1380 4192 hujus
1421 4134 1628 4179 tantum
1661 4127 1918 4194 temporis

316 4219 499 4270 vitam
543 4216 802 4271 steriliter
824 4218 1055 4284 ornavit,
1089 4216 1338 4271 ad‘veras
1370 4225 1549 4271 autem
1599 4219 1828 4273 virtutes
1854 4233 1921 4271 ae-

320 4322 653 4377 ternamque
696 4308 1085 4363 beatitudinem
1135 4322 1240 4363 non
1296 4308 1546 4376 profecit.
1602 4308 1731 4364 Siue
1773 4310 1918 4364 cultu

322 4401 483 4457 enim
515 4408 538 4436 °
573 4400 689 4454 veri
738 4399 853 4463 Dei,
906 4401 1072 4454 etiam
1124 4400 1264 4469 quod
1310 4401 1479 4453 virtus
1518 4400 1733 4454 videtur
1774 4417 1916 4467 esse,

2011 3212 2217 3266 viribus
2266 3212 2413 3278 suis,
2460 3226 2582 3281 quae
2627 3212 2788 3264 etiam
2818 3225 2942 3266 cum
2993 3220 3176 3266 essent
3206 3213 3457 3282 intcgrze,
3488 3229 3598 3267 non

2012 3310 2316 3366 steterunt;
2347 3301 2443 3356 sed
2473 3316 2567 3370 per
2596 3301 2748 3355 illum
2780 3312 2987 3371 quierat
3026 3303 3305 3359 victoriam
3333 3306 3423 3374 qui
3447 3305 3600 3360 solus

2015 3410 2120 3448 non
2150 3404 2233 3449 est
2264 3394 2437 3449 victus
2457 3436 2472 3458 ,
2503 3402 2559 3447 et
2598 3394 2848 3448 omnibus
2878 3394 3025 3448 vicit.
3058 3394 3123 3448 Et
3147 3395 3190 3449 si
3222 3396 3409 3465 quiccrit
3431 3437 3445 3461 ,
3494 3411 3602 3450 non

2014 3486 2224 3541 dubitet
2248 3485 2526 3555 quierendi
2557 3484 2807 3539 affectum
2831 3487 2898 3539 ab
2931 3484 3029 3539 illo
3060 3501 3119 3540 se
3146 3486 3419 3556 accepisse
3440 3502 3603 3555 quem

2014 3576 2227 3645 quaerit.
2257 3576 2369 3633 Nec
2395 3576 2517 3647 quia
2548 3577 2754 3646 Spiritu
2792 3577 2883 3631 Dei
2913 3576 3090 3645 agitur
3117 3575 3287 3644 (Rom.
3325 3592 3416 3631 vui
3436 3618 3449 3639 ,
3487 3576 3600 3647 Μ).

2017 3669 2139 3723 ideo
2162 3682 2221 3723 se
2247 3675 2397 3738 putet
2428 3666 2657 3721 liberum
2705 3666 2987 3720 arbitriqu
3023 3681 3127 3720 non
3177 3668 3410 3721 habere:
3457 3672 3603 3736 quod

2019 3775 2087 3815 ne
2119 3769 2247 3814 tunc
2274 3759 2492 3829 quidem
2550 3756 2780 3826 perdidit
2822 3756 3039 3826 quando
3076 3757 3287 3811 diabolo
3327 3760 3606 3813 voluntate

2019 3867 2080 3908 se
2108 3852 2277 3915 dedit,
2305 3865 2334 3903 a
2361 3864 2469 3918 quo
2506 3848 2767 3918 judicium
2806 3846 3093 3901 voluntatis
3121 3832 3469 3915 depravatum
3499 3861 3602 3912 est,

2022 3959 2130 3999 non
2168 3941 2427 3997 ablatum.
2454 3939 2607 4007 Quod
2656 3954 2785 4009 ergo
2816 3954 2921 3993 non
2955 3934 2972 3974 ι
3006 3938 3345 3993 interfectum
3399 3948 3482 3993 est
3510 3955 3607 4009 per

2022 4036 2433 4098 vulnerantem,
2489 4049 2593 4088 non
2629 4031 2833 4087 tollitur
2871 4046 2967 4100 per
3014 4031 3357 4087 medentem:
3412 4033 3610 4088 vulnus

2023 4139 2263 4193 sanatur,
2298 4143 2403 4181 non
2430 4138 2617 4181 natura
2670 4136 2996 4181 removetur.
3025 4124 3130 4180 Sed
3162 4127 3302 4195 quod
3334 4126 3387 4180 in
3418 4137 3610 4183 natura

2025 4222 2203 4291 periit,
2234 4236 2338 4277 non
2358 4220 2657 4276 restituitur
2682 4218 2784 4273 nisi
2812 4218 2880 4272 ab
2900 4227 3120 4274 auctore
3149 4227 3352 4272 natura:
3373 4238 3384 4273 :
3407 4228 3446 4255 ω
3471 4220 3615 4288 apud

2024 4330 2183 4384 quem
2211 4313 2351 4381 quod
2384 4312 2616 4381 perdidit
2636 4320 2851 4376 natura,
2887 4326 2993 4365 non
3020 4309 3179 4379 periit
3202 4309 3372 4381 (Idem
3396 4311 3614 4378 Prosp..

2028 4424 2144 4473 cap.
2174 4404 2247 4458 26
2275 4415 2412 4457 cont.
2458 4401 2706 4473 Collat.).
2747 4401 2975 4456 Eterua
3008 4410 3091 4455 est
3134 4400 3279 4455 enim
3322 4401 3609 4469 sapientia,

324 4501 616 4564 peccatmn
642 4500 745 4555 est,
776 4506 873 4545 nec
904 4494 1117 4561 placere
1143 4493 1282 4547 ullus
1305 4492 1416 4546 Deo
1440 4492 1557 4545 siue
1586 4492 1696 4546 Deo
1720 4505 1916 4562 potest.
1953 4480 2003 4539 Ῑ)
2029 4505 2228 4550 aeterna
2261 4495 2705 4556 veritas,.:eterna
2735 4493 2979 4553 bonitas,
3013 4502 3213 4545 interna
3238 4492 3468 4562 justitia,
3497 4510 3614 4548 om.

322 4583 442 4653 Qui
470 4597 598 4638 vero
627 4582 737 4637 Deo
769 4598 875 4636 non
908 4585 1101 4652 placet,
1154 4584 1261 4647 cui,
1308 4583 1412 4637 nisi
1458 4582 1563 4636 sibi
1608 4593 1663 4637 et
1701 4585 1921 4639 diabolo

417 4806 443 4834 ⁸
472 4797 571 4851 Ms.
599 4796 887 4850 Thuaueus
913 4805 1059 4850 caret
1084 4809 1214 4847 voce
1234 4804 1388 4848 recte.

422 4863 451 4905 δ
473 4868 569 4921 llic
597 4868 721 4920 editi
756 4865 1000 4920 inserunt
1027 4865 1199 4933 fuerit,
1237 4880 1342 4932 quo
1371 4877 1555 4919 carent
1587 4882 1715 4919 ms<.
1749 4866 1852 4919 .lol.
1878 4875 1931 4918 et

323 4939 531 4993 Camb.
564 4946 620 4991 et
668 4936 799 4992 edit.
828 4936 1042 4989 Leonis.
1082 4935 1242 4989 Iidem
1289 4945 1495 5001 postea,
1545 4954 1643 4987 non
1672 4950 1832 4999 amat,
1879 4946 1933 4989 et

324 5015 515 5070 Leon.
549 5007 706 5071 edit.,
736 5007 823 5060 ubi
853 5021 954 5063 ms.
979 5006 1079 5060 Jol.
1108 5014 1162 5058 et
1191 5002 1404 5071 Camb.,
1430 5019 1611 5058 amat-

423 5089 447 5117 ε
477 5076 875 5142 Colon.editio,
907 5092 1008 5129 non
1041 5075 1241 5129 habeat.
1602 5084 1607 5140 ς

481 5150 578 5202 Ms.
601 5148 952 5211 Camberon.,
984 5147 1285 5214 animatque.

421 5230 449 5257 ο
484 5220 595 5273 Vox
622 5219 735 5272 hate
786 5218 892 5271 veri
934 5217 1089 5271 abest
1115 5218 1182 5268 ab
1226 5216 1462 5271 editione
1500 5216 1733 5280 Leonis,
1767 5227 1849 5271 est
1881 5217 1932 5269 in

333 5290 553 5351 nosnris
575 5289 825 5343 omnibus
852 5294 908 5341 et
938 5302 1037 5340 ms.
1067 5286 1311 5341 .loliensi.

426 5359 448 5399 ¹
484 5360 560 5414 lta
595 5374 727 5413 mss.
766 5357 977 5413 'l'buan.
1021 5366 1073 5410 et
1125 5356 1227 5409 Jul.
1284 5366 1340 5411 et
1386 5357 1518 5412 edit.
1565 5357 1732 5410 Leon.
1774 5356 1939 5425 Cujus

334 5437 475 5491 Inoo
504 5430 638 5483 alias
662 5430 977 5497 legebatur:
1008 5444 1107 5480 non
1136 5427 1193 5497 fit
1216 5442 1401 5480 novum
1431 5428 1729 5497 ﬁgmentum
1757 5444 1774 5491 ;
1799 5428 1939 5491 quod

334 5516 404 5561 et
468 5496 843 5567 Apostolo,et
886 5498 989 5567 ipsi
1043 5496 1378 5566 baptismatis
1434 5496 1496 5552 ac
1539 5498 1941 5568 justifieationis

335 5571 991 5646 mysterio_co_ntrarium.

427 5638 458 5722 ξ
485 5642 582 5695 Ms.
611 5638 886 5706 Joliensis,
906 5640 1006 5694 nisi
1031 5638 1170 5709 quod
1198 5649 1401 5706 natura,
1429 5638 1626 5693 omissa
1656 5653 1784 5693 voce
1819 5639 1940 5705 hac,

342 5728 561 5773 mttunt.

2030 4588 2170 4640 nium
2202 4587 2433 4654 denique
2462 4586 2716 4638 virtutum
2759 4584 2940 4637 lumen
2987 4592 3245 4638 attentum
3278 4597 3383 4651 est,
3416 4597 3617 4641 totum-

2107 4792 2131 4830 δ
2167 4794 2292 4847 Mss.
2322 4794 2533 4847 Thuau.
2555 4801 2607 4845 et
2632 4791 2763 4857 Jol.,
2789 4791 3202 4863 multiplicando.

2112 4864 2127 4901 ί
2166 4864 2306 4918 Etliti
2338 4864 2537 4918 Lovan.
2574 4863 2736 4916 Duae.
2761 4871 2817 4916 et
2842 4862 3059 4928 Colum,
3089 4881 3190 4917 non
3213 4863 3403 4929 effecit.
3432 4866 3625 4922 Melius

2037 4952 2137 4991 ms.
2184 4935 2289 4989 Jol.
2317 4945 2369 4987 et
2390 4934 2558 4987 Leon.
2584 4932 2771 4989 editio.
2808 4932 2976 5002 rﬁicit.

2112 5006 2127 5056 i
2172 5004 2283 5057 Vox
2318 5005 2433 5058 ilch
2453 5044 2468 5069 ,
2495 5019 2667 5067 suum,
2700 5002 2851 5057 abesc
2882 5020 2909 5054 a
2937 5019 3035 5056 ins.
3066 5004 3312 5059 Joliensi.

2112 5075 2134 5114 ι
2177 5073 2342 5140 Editi,
2393 5075 2459 5127 de
2511 5074 2723 5127 viribus.
2764 5074 2859 5127 Ms.
2914 5073 3019 5127 Jol.
3070 5085 3123 5128 et
3154 5076 3285 5128 edit.
3319 5074 3489 5144 Lugd.
3522 5094 3628 5132 non

2040 5147 2237 5202 habent
2268 5144 2581 5211 particulam
2614 5146 2696 5198 de.

2122 5216 2140 5254 1
2176 5217 2265 5269 Sic
2292 5216 2422 5269 editi
2456 5216 2627 5269 nostri
2658 5229 2865 5269 omnes.
2902 5212 3063 5268 Forte
3093 5215 3358 5283 infectum,
3406 5230 3511 5269 non
3545 5219 3629 5270 in-

2045 5290 2331 5357 terfectum.
2364 5287 2491 5341 Mss.
2521 5285 2628 5341 Jol.
2660 5294 2716 5340 et
2744 5286 2932 5340 Camb.
2965 5296 3018 5339 et
3049 5284 3219 5339 Leon.
3252 5290 3418 5353 oper.
3462 5288 3598 5342 edit.

2164 5373 2270 5409 tum
2294 5373 2388 5411 εστ.

2044 5373 2270 5428 ereptum
2294 5364 2388 5411 est.

2117 5437 2156 5464 ω
2191 5428 2317 5482 llaec
2366 5442 2489 5495 quze
2542 5434 2843 5496 sequuntur
2900 5439 3068 5494 usque
3123 5425 3190 5479 ad
3234 5425 3395 5481 linem
3446 5429 3635 5493 capitis

2046 5499 2242 5554 absunt
2299 5511 2331 5551 α
2387 5495 2716 5552 Lovaniensi
2748 5496 2984 5551 editione
3030 5496 3204 5551 :oliin
3237 5511 3302 5550 ex
3345 5496 3636 5553 Cambero-

2050 5570 2204 5624 nensi
2254 5582 2357 5621 ms.
2391 5568 2635 5638 suppleta
2653 5577 2795 5638 sunt
2851 5565 2904 5618 in
2950 5565 3110 5619 Duae.
3148 5576 3203 5638 et
3248 5571 3571 5638 sequentibu
3621 5586 3637 5632 ;

2048 5649 2100 5691 et
2148 5648 2359 5704 reperta
2420 5636 2760 5707 poStmodum
2824 5639 2875 5689 tn
2935 5650 3063 5692 mss.
3100 5636 3223 5691 cod.
3283 5637 3543 5695 'l'huaneo
3584 5652 3639 5695 et

2052 5711 2293 5765 JohensL
