3972 6176
440 253 546 310 035

1075 253 1129 308 S.
1173 251 1511 308 PROSPI'LRI
1553 249 1884 319 AQUI'I'ANI
1922 248 2148 305 OPERA
2191 248 2516 304 INCERTrE
2557 247 3079 308 AUCTORITATIS.

3617 248 3725 304 056

440 384 543 440 que
572 370 715 439 quod
742 369 911 424 virtus
933 376 1036 432 est,
1074 369 1220 424 Deus
1250 377 1353 422 est.
1407 367 1510 435 Qui
1545 368 1590 420 si
1625 381 1732 421 non
1777 372 2035 434 operatur
2064 368 2114 424 Α
2140 363 2366 427 audivit,
2397 371 2453 417 et
2481 371 2650 418 totum
2682 363 2749 419 de
2782 364 3058 418 voluntate
3084 364 3226 433 quod
3265 365 3536 421 credidit?
3575 369 3734 437 Quod

439 460 702 537 iulnobis,
737 460 936 514 nullius
981 474 1270 528 possumus
1319 459 1610 528 participes
1640 470 1763 511 esse
1792 454 2028 508 virtutis.

441 553 570 609 Sine
599 554 700 607 hoc
722 553 918 622 quippe
941 553 1083 607 bono
1111 552 1246 606 nihil
1271 559 1356 606 est
1384 551 1587 604 bonum
1605 591 1618 612 ,
1645 547 1762 603 sine
1793 545 2031 601 hacluce

440 645 572 698 nihil
593 655 674 699 est
697 644 950 711 lucidum,
975 644 1092 698 sine
1118 645 1218 696 hac
1238 643 1499 712 sapientia
1520 641 1650 695 nihil
1671 653 1886 700 sanum,
1913 636 2031 692 sine

440 733 540 788 hac
557 733 765 802 justitfa
792 733 923 787 nihil
947 743 1170 788 rectum.
1191 733 1330 787 Dicit
1350 733 1493 786 enim
1519 746 1617 801 per
1635 730 1825 784 lsaiam
1846 727 2030 781 Domi-

441 838 562 886 nus,
583 821 841 892 Egosum,
862 838 951 893 ego
968 838 1080 874 sum
1102 821 1312 887 Deus,et
1327 836 1427 873 non
1445 829 1516 874 est
1532 827 1719 890 praeter
1731 816 1909 886 mequi
1925 815 2028 868 sal-

439 924 516 966 νει
534 912 684 983 (lsai.
714 914 893 975 xmu,l
911 915 925 966 l
943 915 981 978 );
1014 923 1069 967 et
1096 911 1380 977 Jeretnias,
1404 910 1548 978 Scio,
1569 910 1764 980 inquit,
1786 906 2024 974 Domine,

439 1002 560 1073 quia
573 1019 676 1056 non
704 1010 812 1055 aest
842 1002 893 1054 in
925 1003 1130 1054 homine
1160 1001 1242 1054 via
1272 1017 1386 1066 sua,
1419 1016 1510 1053 nec
1531 999 1626 1053 viri
1657 1007 1728 1051 est
1759 1006 1815 1050 ut
1841 997 2030 1065 dirigat

437 1093 534 1146 iter
545 1109 691 1146 suum
709 1089 766 1160 (1
772 1109 845 1144 er.
875 1108 906 1145 x
921 1091 1031 1161 .25)
1045 1131 1059 1144 .
1081 1091 1253 1145 Homo
1267 1105 1497 1160 namque
1513 1089 1759 1144 mortalis
1777 1087 2028 1142 damnata

439 1183 494 1238 in
520 1183 688 1237 Adam
714 1183 919 1251 origine
948 1181 1238 1236 carnaliter
1258 1190 1446 1246 natus,
1482 1179 1549 1234 ad
1573 1177 1875 1250 spiritalem
1904 1178 2025 1231 novi

438 1277 652 1345 generis
681 1273 1033 1343 dignitatem,
1065 1272 1164 1327 nisi
1196 1271 1401 1342 Spiritu
1430 1280 1621 1327 sancto
1661 1280 1883 1342 regente
1921 1283 2024 1323 non

437 1365 703 1435 pervenit.
737 1364 842 1420 Sed
892 1378 993 1419 nec
1032 1364 1142 1418 ullo
1175 1363 1314 1418 hanc
1356 1363 1626 1418 desiderio
1670 1362 1906 1432 appetit,
1936 1361 2025 1429 qui

438 1457 674 1511 calorem
705 1455 872 1523 ipsius
892 1453 1145 1508 desiderii
1179 1468 1283 1507 non
1309 1453 1520 1520 accepit
1547 1452 1577 1490 ι’
1605 1467 1634 1506 a
1658 1452 1800 1518 Deo,
1833 1451 1900 1506 de
1920 1466 2026 1518 quo

439 1545 568 1600 dicit
595 1545 875 1610 Dominus,
907 1541 1086 1614 Ignem
1117 1544 1228 1597 veni
1258 1545 1459 1598 mittere
1489 1545 1542 1596 in
1570 1553 1761 1597 terram
1783 1557 1803 1595 :
1830 1551 1877 1594 et
1900 1540 2027 1610 quid

436 1640 550 1693 volo
577 1639 676 1690 nisi
699 1648 754 1690 ut
775 1637 951 1690 ardeat
972 1635 1126 1707 (Luc.
1159 1651 1233 1689 xu
1259 1676 1273 1698 .
1312 1633 1381 1690 49
1403 1635 1461 1706 )?
1496 1634 1639 1705 Ignis
1667 1633 1986 1692 autem-iste
2007 1673 2024 1699 ,

2138 454 2184 506 si
2211 453 2283 508 ita
2312 463 2477 520 esset,
2525 455 2654 508 nihil
2705 455 2846 510 inter
2879 456 3108 526 gratiam
3154 456 3434 527 legemque
3477 459 3732 525 distaret,

2134 559 2237 600 nec
2287 546 2638 616 indulgentia:
2685 563 3009 616 quemquam
3041 549 3263 618 spiritus
3301 549 3636 618 viviﬁcaret,
3688 554 3734 607 si

2110 636 2391 697 .occideus
2417 637 2592 691 littera
2620 647 2980 706 permaneret.
3007 638 3115 692 Lex
3144 640 3289 694 enim
3319 642 3461 710 quod
3489 642 3603 696 ﬁeri
3637 651 3733 696 aut

2136 741 2242 781 non
2276 726 2391 780 ﬁeri
2417 727 2591 795 jubet,
2625 744 2729 781 non
2765 736 2986 797 praestat
3010 738 3064 782 ut
3091 739 3182 782 aut
3222 730 3312 783 ﬁat
3339 741 3430 785 aut
3459 748 3564 786 non
3595 734 3731 800 ﬁat;

2133 818 2386 887 quoniam
2419 819 2695 875 severitati
2742 820 2862 889 ejus
2911 835 3015 874 non
3064 821 3338 888 libertate,
3389 825 3486 878 sed
3534 826 3732 882 timere

2131 911 2367 965 servitur
2392 928 2406 964 :
2436 911 2695 967 Dominus
2721 923 2901 966 autem
2935 923 2991 966 ut
3015 913 3189 982 legem
3223 929 3326 968 non
3353 915 3610 984 solveret,
3631 921 3728 972 sed

2132 1001 2385 1072 impleret
2414 1001 2633 1073 (Matth.
2681 1019 2736 1071 v,
2775 1003 2888 1074 17),
2922 1019 3018 1072 per
3041 1005 3228 1072 gratia:
3255 1006 3512 1060 auxilium
3535 1008 3728 1064 efﬁcax

2132 1090 2260 1146 fecit
2295 1091 2428 1161 legis
2472 1093 2787 1162 imperium,
2835 1103 2892 1148 et
2931 1094 3337 1164 multiplicando
3382 1096 3728 1154 clementiam

2132 1183 2346 1237 sustulit
2372 1197 2582 1252 pmnam
2608 1200 2624 1249 ;
2654 1193 2710 1238 ut
2749 1196 3024 1254 peccatum
3052 1199 3157 1240 non
3184 1185 3500 1243 ulciscendo
3525 1191 3731 1259 plecte-

2132 1284 2236 1346 ret,
2267 1275 2358 1332 sed
2390 1278 2714 1331 remittendo
2755 1278 2979 1333 deleret.
3020 1278 3171 1334 Unde
3203 1280 3503 1335 adulteram
3541 1299 3604 1336 ex
3651 1286 3724 1339 le-

2130 1368 2214 1438 gis
2234 1369 2620 1424 constitutione
2644 1369 3007 1436 Iapidandatn,
3037 1377 3092 1423 et
3121 1369 3346 1424 veritate
3376 1371 3645 1438 liberavit,
3672 1385 3727 1427 et

2129 1459 2342 1528 gratia;
2392 1474 2512 1513 cum
2563 1469 2911 1515 exsecutores
2961 1461 3219 1530 prtecepti
3267 1461 3334 1518 de
3374 1466 3726 1522 conscientiis

2133 1551 2325 1616 territi,
2365 1561 2683 1608 trementem
2725 1568 2871 1607 reatu
2911 1554 3012 1608 sub
3045 1554 3188 1608 illius
3227 1554 3434 1624 judicio
3475 1558 3724 1628 reliquis-

2131 1653 2252 1698 sent
2281 1645 2370 1712 qui
2410 1653 2634 1698 venerat
2660 1660 2887 1715 quterere
2914 1654 2964 1697 et
2989 1645 3188 1699 salttum
3231 1646 3398 1714 facere
3439 1650 3581 1717 quod
3605 1667 3724 1716 per-

437 1731 655 1786 dileClio
683 1738 768 1786 est
800 1731 913 1797 Dei,
935 1745 1098 1799 quam
1129 1738 1339 1783 amator
1377 1729 1561 1783 mundi
1604 1727 1768 1784 corde
1811 1724 2026 1792 captivo
2057 1739 2104 1799 Β
2129 1735 2258 1788 ierat
2282 1735 2431 1807 (Luc.
2466 1752 2583 1799 xix,
2616 1735 2744 1803 l0);
2786 1744 2841 1790 et
2873 1734 2992 1789 ideo
3023 1736 3340 1803 inclinatus,
3390 1738 3442 1792 id
3501 1750 3617 1805 est,
3648 1741 3722 1796 ad

436 1838 543 1876 non
573 1831 747 1892 potest
772 1823 1092 1890 concipere;
1124 1821 1316 1890 plenus
1357 1828 1444 1876 est
1476 1819 1618 1875 enim
1651 1831 1835 1875 amore
1870 1818 2026 1871 vani-

437 1925 626 1975 tatum,
659 1927 792 1984 quas
818 1914 978 1968 etiam
1003 1913 1048 1967 si
1076 1913 1306 1981 potuerit
1331 1926 1397 1966 ex
1423 1911 1600 1981 aliqua
1630 1922 1780 1978 parte
1825 1908 1992 1962 vitare
2013 1948 2027 1971 ,

438 2013 526 2071 et,
581 2001 908 2057 transcensis
977 2013 1001 2040 ε
1043 2000 1432 2070 temporalibus
1475 2014 1540 2055 ac
1581 1996 1911 2063 visibilibus,
1958 1997 2026 2050 ad

437 2106 637 2150 aeterna
666 2104 716 2149 et
740 2093 1026 2149 invisibilia
1068 2092 1419 2162 intelligendo
1451 2090 1777 2162 profecerit;
1812 2090 1858 2143 si
1885 2103 1914 2142 a
1935 2103 2029 2143 co-

437 2186 611 2240 lendis
634 2200 849 2255 quoque
873 2184 1181 2239 simulacris
1210 2184 1518 2249 recesserit,
1550 2192 1606 2238 et
1635 2182 1886 2237 venerari
1915 2195 2028 2235 cu:-

437 2282 546 2335 lum
574 2295 638 2335 ac
691 2291 919 2343 terram,
971 2279 1262 2349 omniaque
1322 2279 1503 2333 mundi
1555 2278 1715 2348 hujus
1757 2277 2025 2332 elementa

435 2373 738 2436 destiterit;
773 2371 930 2426 ﬁdem
961 2381 1137 2426 tamen
1166 2370 1620 2444 dilectipnemque
1669 2369 1833 2442 855
1863 2369 2025 2423 Chri-

435 2465 526 2530 sti,
558 2465 908 2519 conturbatus
931 2463 999 2518 de
1030 2463 1145 2533 ejus
1177 2463 1288 2532 ipsa
1321 2461 1656 2527 humilitate,
1689 2477 1795 2516 non
1825 2461 2022 2531 capiet,

435 2567 490 2612 et
510 2556 821 2612 scandalum
865 2555 1163 2611 Dominica:
1208 2554 1507 2610 nativitatis
1554 2569 1618 2608 ac
1667 2553 1858 2608 mortis
1901 2569 2026 2624 pro-

435 2653 554 2721 prio
594 2653 800 2722 judicio
843 2665 949 2705 non
997 2651 1230 2705 evincet.
1269 2650 1496 2718 Propter
1521 2647 1839 2718 sapientiam
1879 2647 2022 2701 enim

434 2746 619 2800 mundi
655 2746 994 2799 resistentem
1028 2743 1307 2813 sapientia:
1337 2743 1466 2806 Dei,
1499 2750 1556 2794 ut
1586 2740 1840 2810 superbia
1870 2739 1938 2794 de
1963 2754 2024 2794 se

432 2839 871 2912 prmsumentium
899 2845 1215 2904 caecaretur,
1245 2836 1439 2905 placuit
1478 2833 1586 2888 Deo
1628 2851 1715 2899 per
1748 2833 2022 2887 stultitiam

433 2931 813 3002 praedicationis
857 2931 1022 2984 salvos
1055 2931 1224 3000 facere
1262 2929 1526 2982 credentes
1557 2927 1574 2996 (
1605 2926 1626 2980 Ι
1658 2926 1775 2981 Car.
1807 2942 1844 2991 ι,
1886 2925 1950 2981 21
1979 2928 2019 2994 ).

432 3024 586 3083 Unde
631 3024 721 3094 qui
763 3022 1024 3078 doctrinis
1055 3020 1406 3076 saecularibus
1461 3027 1709 3084 tument,
1741 3018 2018 3073 ridendam

2130 1825 2364 1880 humana
2407 1826 2672 1881 demissus
2693 1867 2707 1891 ,
2739 1835 2793 1880 et
2829 1825 2881 1880 in
2912 1840 3046 1895 Opus
3079 1836 3279 1882 nostra:
3305 1829 3710 1886 reformationis

2129 1917 2389 1984 inﬁexus,
2419 1919 2582 1989 digito
2626 1918 2877 1973 scribebat
2913 1918 2967 1971 in
3019 1927 3207 1973 terram
3247 1918 3429 1989 (Joan.
3454 1937 3602 1989 xvut,
3634 1925 3723 1994 6),

2128 2021 2181 2063 ut
2213 2011 2383 2080 legem
2407 2011 2781 2065 mandatorum
2826 2025 2922 2081 per
2943 2012 3130 2082 gratia:
3166 2011 3382 2067 decreta
3418 2028 3673 2068 vacuaret
3703 2057 3720 2079 ,

2127 2109 2182 2156 et
2203 2101 2514 2156 ostenderet
2543 2116 2602 2156 se
2640 2117 2761 2156 esse
2795 2103 2885 2171 qui
2923 2101 3163 2163 dixerat,
3195 2102 3342 2155 Dabo
3380 2104 3515 2174 leges
3552 2105 3725 2177 856

2128 2210 2265 2247 meas
2292 2193 2345 2246 in
2384 2209 2534 2246 sensu
2563 2194 2793 2263 ipsorum
2813 2233 2827 2257 ,
2853 2201 2901 2246 et
2943 2194 2994 2247 in
3045 2193 3204 2246 corde
3240 2194 3470 2262 ipsorum
3498 2197 3723 2249 scribam

2127 2299 2214 2336 eas
2247 2281 2458 2353 (Jerem.
2493 2299 2644 2346 xxxi,
2676 2283 2794 2340 '53).
2845 2283 2999 2349 Quod
3057 2284 3240 2352 utique
3284 2284 3520 2352 quotidie
3559 2283 3718 2351 facit,

2126 2371 2251 2426 dum
2278 2372 2531 2425 cordibus
2568 2382 2880 2424 vocatorum
2931 2386 3080 2424 suam
3127 2371 3318 2426 inserit
3364 2374 3718 2440 voluntatem,

2126 2476 2177 2516 et
2208 2463 2348 2534 stylo
2377 2462 2612 2531 Spiritus
2665 2464 2836 2516 sancti
2886 2460 3145 2532 quidquid
3193 2462 3244 2516 in
3274 2464 3468 2519 animae
3507 2469 3720 2535 paginis

2126 2553 2372 2609 diabolus
2400 2553 2688 2608 invidendo
2730 2553 2946 2607 falsavit
2980 2550 3008 2589 ι
3043 2562 3243 2610 veritas
3289 2556 3594 2612 miserando
3622 2574 3719 2614 re-

2125 2647 2336 2701 scribit.

2197 2737 2328 2791 Cum
2384 2737 2544 2805 igitur
2582 2736 2804 2790 verbum
2856 2737 2950 2792 Dei
2994 2753 3090 2806 per
3116 2738 3470 2795 ministerium
3518 2743 3723 2811 praedi-

2125 2827 2361 2884 cantium
2393 2829 2616 2883 auribus
2648 2829 2829 2884 carnis
2874 2829 3104 2883 infertur
3129 2871 3142 2894 ,
3185 2830 3442 2886 miscetur
3468 2836 3723 2902 operatio

2124 2921 2382 2990 potentim
2437 2920 2637 2974 divinas
2695 2937 2817 2975 cum
2867 2936 3002 2975 sono
3029 2922 3176 2978 vocis
3218 2924 3494 2991 humanae,
3529 2936 3584 2980 et
3623 2930 3722 2997 qui

2126 3014 2369 3070 incitavit
2408 3014 2828 3083 evangelizantis
2876 3013 3143 3079 ofﬁcium,
3191 3017 3457 3072 audientis
3499 3034 3723 3088 quoque

432 3115 603 3184 magis
630 3129 788 3182 quam
819 3113 1148 3167 adorandam
1181 3125 1397 3166 crucem
1429 3109 1628 3165 Christi
1669 3109 2015 3175 existimant;
2048 3103 2094 3167 C
2134 3114 2146 3141 ‘
2196 3105 2430 3160 ﬁrmavit
2480 3105 2754 3160 allectum.
2810 3105 3084 3160 Dulccscit
3134 3108 3276 3160 enim
3326 3108 3520 3161 anima:
3563 3111 3722 3178 cibus

431 3213 487 3258 et
514 3214 714 3272 quanto
738 3203 1020 3257 sublimius
1054 3203 1285 3273 quisque
1315 3202 1380 3256 ad
1413 3203 1764 3256 humanarum
1809 3201 2019 3270 dicipli-

431 3311 619 3351 narum
650 3295 893 3349 instituta
933 3295 1268 3361 conscendit,
1304 3304 1450 3348 tanto
1485 3295 1654 3361 magis
1683 3294 2021 3363 prmdicatio-

431 3389 512 3443 nis
545 3393 742 3440 nostra:
772 3385 996 3439 humilia
1025 3393 1081 3439 et
1106 3385 1320 3438 inﬁrma
1351 3384 1572 3438 fastidit.

500 3478 610 3532 Nec
633 3476 827 3530 mirum
859 3476 904 3528 si
939 3474 1226 3542 Evsngelio
1245 3475 1423 3528 crucis
1451 3474 1650 3528 Christi
1679 3475 2015 3544 philosophia

431 3567 457 3608 ἀ
487 3570 703 3641 gentilis
735 3568 1028 3633 obnititur,
1059 3565 1143 3619 cui
1194 3567 1356 3621 etiam
1404 3565 1622 3622 Judaica
1661 3566 1894 3622 eruditio
1927 3583 2014 3623 re-

430 3665 683 3718 luctatur.
725 3660 836 3715 Nec
875 3659 1018 3714 docti
1064 3658 1260 3728 igitur,
1309 3672 1411 3713 nec
1454 3657 1693 3725 indocti,
1731 3658 2019 3728 cujuslibet

431 3754 614 3822 stirpis
656 3762 746 3807 aut
779 3750 1019 3815 ordinis,
1055 3750 1284 3804 humana
1320 3749 1527 3802 ratione
1557 3757 1578 3784 °
1612 3747 1677 3802 ad
1708 3747 1878 3802 Deum
1921 3749 2019 3802 dti-

431 3854 662 3908 cuntur;
694 3842 788 3898 sed
816 3841 991 3898 omnis
1031 3839 1193 3894 homo
1229 3839 1320 3910 qui
1363 3840 1428 3893 ad
1459 3838 1629 3893 Deum
1661 3839 2013 3904 convertitur,

431 3934 524 3988 Dei
549 3933 775 4002 primum
805 3933 972 4000 gratia
1001 3940 1391 3985 commovetur.
1428 3929 1542 3983 Non
1573 3930 1715 3984 enim
1764 3932 1879 3999 ipse
1913 3932 2015 3985 sibi

431 4027 612 4081 lumen
643 4032 744 4088 est,
774 4021 792 4059 ί
825 4037 923 4077 nec
970 4038 1066 4077 cor
1107 4036 1261 4077 suum
1304 4023 1454 4076 radio
1498 4025 1729 4092 propriae
1769 4023 1902 4078 lucis
1927 4038 2018 4102 ac-

430 4119 632 4174 cendit.
661 4119 715 4172 Si
760 4120 901 4172 enim
937 4117 1127 4171 beatus
1175 4117 1442 4182 Joannes,
1486 4132 1592 4186 quo
1637 4132 1796 4172 nemo
1844 4117 2018 4172 homi-

429 4225 556 4266 num
586 4210 756 4278 major
805 4218 963 4262 natus
1006 4218 1109 4274 est,
1139 4223 1241 4260 non
1272 4219 1376 4261 erat
1399 4208 1567 4262 lumen
1589 4250 1602 4274 ,
1630 4211 1749 4276 quia
1785 4224 1890 4263 non
1919 4224 2016 4263 suo

429 4301 716 4374 splendore
743 4300 956 4354 lucebat
981 4339 996 4363 ,
1021 4298 1114 4352 sed
1135 4298 1203 4352 de
1232 4298 1325 4351 illo
1351 4312 1481 4352 vero
1504 4298 1707 4354 lumine
1729 4299 1867 4368 quod
1894 4301 2016 4353 illu-

429 4397 590 4450 minat
618 4409 818 4449 omnem
864 4391 1120 4445 hominem
1164 4391 1443 4444 uenientem
1490 4391 1542 4444 in
1593 4392 1730 4444 hunc
1767 4392 2016 4446 mundum

2125 3197 2305 3263 verbi,
2335 3205 2550 3252 veteres
2581 3198 2817 3252 tenebrte
2856 3213 2990 3252 nova
3033 3198 3153 3253 luce
3189 3199 3488 3266 pelluntur,
3533 3209 3588 3255 et
3617 3202 3722 3255 ob-

2122 3299 2269 3345 tutus
2315 3290 2541 3344 interior
2604 3288 2833 3359 caligine
2898 3289 3107 3359 antiqui
3162 3292 3362 3345 erroris
3410 3292 3655 3346 exsuitur
3705 3313 3721 3347 :

2122 3381 2313 3437 transit
2334 3379 2546 3434 animus
2570 3379 2637 3435 de
2673 3381 2950 3435 voluntate
2980 3381 3031 3434 in
3063 3380 3393 3436 voluntatem
3421 3397 3436 3445 ;
3488 3383 3590 3437 etsi
3625 3383 3720 3437 illa

2120 3490 2241 3544 qua:
2289 3472 2545 3542 pellitur,
2594 3471 2772 3540 aliqua
2818 3469 2834 3521 i
2881 3471 3222 3526 cunctatione
3267 3481 3605 3536 remoratur;
3650 3489 3719 3527 ea

2123 3576 2303 3620 tamen
2324 3578 2441 3632 qua:
2463 3562 2693 3633 gignitur
2716 3562 2972 3616 electiora
2995 3575 3224 3631 quaque
3247 3560 3350 3616 sibi
3373 3562 3631 3630 vindicat,
3658 3573 3722 3619 ut

2121 3659 2206 3714 lex
2254 3655 2456 3727 peccati
2485 3664 2540 3710 et
2585 3656 2668 3710 lex
2716 3654 2811 3709 Dei
2856 3653 3102 3709 diversas
3150 3663 3309 3724 atque
3354 3654 3617 3708 discretas
3659 3658 3718 3708 in

2118 3749 2311 3805 eodem
2342 3746 2561 3802 homine
2587 3744 2821 3800 habeant
2848 3746 3156 3800 mansiones
3183 3762 3197 3799 :
3221 3754 3273 3800 et
3293 3745 3721 3816 coucupiscente

2119 3856 2283 3897 carne
2312 3839 2570 3894 adversus
2596 3837 2866 3908 spiritum,
2894 3836 2920 3874 ι
2944 3838 3123 3892 carnis
3144 3838 3304 3892 etiam
3325 3840 3726 3908 ceucupisccm

2120 3935 2207 3989 tiis
2236 3933 2426 4004 spiritu
2464 3942 2798 4004 repugnante
2848 3932 2992 4003 (Gal.
3027 3949 3082 3999 v,
3117 3934 3207 4003 17)
3236 3976 3251 3999 ,
3303 3949 3400 4004 per
3440 3936 3716 3990 exteriora

2119 4027 2333 4096 quidem
2365 4025 2604 4080 insidiari
2647 4035 2883 4080 tentatur
2913 4025 3149 4091 audeat,
3183 4025 3276 4081 sed
3321 4041 3474 4081 mens
3505 4029 3719 4082 auxilio

2120 4119 2214 4173 Dei
2240 4118 2440 4172 munita
2469 4119 2777 4187 praevaleat.
2815 4116 2834 4156 ι
2872 4119 2950 4195 Ad
2977 4133 3222 4188 magnam
3257 4118 3399 4172 enim
3424 4120 3720 4176 utilitatem

2119 4211 2359 4266 ﬁdelium
2395 4212 2615 4264 materia
2663 4219 2745 4265 est
2775 4220 3043 4266 reservata
3083 4211 3440 4266 certaminum
3467 4253 3481 4274 ,
3517 4222 3573 4264 ut
3606 4228 3719 4266 non

2119 4303 2392 4372 superbiat
2420 4301 2679 4356 sanctitas
2702 4343 2716 4366 ,
2749 4302 2876 4356 dum
2927 4301 3167 4370 pulsatur
3205 4301 3508 4355 inﬁrmitas.
3555 4301 3721 4359 Unde

2119 4403 2174 4448 et
2201 4393 2492 4464 Apostolus
2523 4393 2653 4448 dicit
2685 4411 2697 4447 :
2733 4392 2799 4446 In
2839 4395 3192 4464 magnitudine
3237 4393 3606 4448 revelationum
3648 4412 3720 4450 ne

430 4490 449 4556 (
477 4486 630 4540 Joan.
665 4503 700 4544 ι.
727 4486 760 4541 9
789 4483 826 4554 ),
862 4494 916 4537 ut
948 4485 1036 4538 lux
1074 4493 1220 4537 esset
1257 4492 1543 4552 acceperat
1575 4499 1588 4537 :
1631 4483 1751 4553 quis
1789 4483 1882 4538 ille
1911 4485 2015 4539 erit
2041 4476 2094 4536 D
2117 4486 2361 4550 extollar,
2393 4489 2544 4541 datus
2575 4496 2646 4541 est
2674 4487 2798 4540 mihi
2817 4487 3029 4558 angelus
3070 4486 3281 4541 Satana:
3315 4487 3402 4550 qui
3441 4504 3521 4540 me
3561 4488 3716 4540 cola-

429 4580 520 4648 qui
551 4588 627 4631 tet
656 4577 965 4643 Opinionum
997 4576 1426 4643 colluctatioues,
1457 4584 1537 4631 tot
1557 4577 1768 4631 vincula
1783 4592 2008 4634 consue-

430 4670 649 4736 tudinis,
685 4677 761 4721 tot
790 4667 1097 4735 prtejudicia
1127 4669 1431 4737 vetustatis,
1480 4684 1577 4724 suo
1621 4677 1822 4725 tantum
1862 4671 2008 4740 judi-

427 4763 514 4817 cio
545 4770 569 4809 ι
596 4775 723 4813 usus
752 4760 1070 4827 abrumpat;
1121 4768 1175 4814 et
1201 4760 1312 4814 sola
1362 4775 1495 4814 voce
1539 4762 1875 4816 extrinsecus
1925 4776 2011 4816 so-

428 4863 596 4908 nante
613 4851 870 4916 doctoris,
899 4851 998 4904 hoc
1052 4859 1255 4905 tantum
1297 4852 1364 4907 de
1409 4855 1578 4922 gratia
1627 4852 1824 4908 habeat
1867 4854 2010 4923 quod

500 5031 529 5049 -
560 5008 794 5062 Verbum
825 5006 1212 5060 substantivum
1254 5017 1327 5060 est
1363 5023 1426 5061 ex
1457 5025 1560 5062 ms.
1604 5011 1712 5064 101.
1748 5008 1960 5063 additur
1992 5027 2003 5061 :

428 5081 581 5136 deest
609 5081 662 5132 in
696 5079 836 5132 aliis.

503 5151 528 5189 δ
556 5150 654 5203 Ms.
688 5148 792 5202 101.
826 5146 1027 5201 omittit
1055 5164 1085 5198 a
1115 5146 1240 5199 Deo.

504 5231 526 5260 ⁸
557 5221 654 5274 Ms.
686 5219 818 5287 101.,
851 5218 1221 5289 corporalibus.

495 5290 521 5328 ει
554 5291 653 5344 Ms.
686 5286 892 5360 Jol.'et_
919 5286 1050 5343 edit.
1091 5288 1253 5357 Oper.
1302 5286 1468 5341 Leon.
1515 5289 1720 5344 addunt
1760 5290 1967 5360 gentilis
1994 5332 2008 5356 ,

427 5364 511 5415 cui
543 5361 832 5427 respOtnlet
859 5357 1102 5412 Iudaica.

499 5442 522 5468 ⁶
557 5430 692 5484 Editi
723 5430 887 5483 Duac.
930 5438 985 5483 et
1011 5431 1227 5493 Colou.,
1258 5429 1325 5482 ad
1351 5428 1648 5483 Dominum.

501 5501 519 5540 ί
557 5501 652 5554 Ms.
687 5499 814 5564 Jol.,
849 5516 936 5553 nec
968 5517 1192 5554 cursum.

499 5581 523 5617 κ
557 5571 650 5622 Ms.
683 5570 792 5625 101.
823 5578 878 5624 et
905 5569 1032 5625 edit.
1067 5571 1236 5625 Leon.
1269 5570 1472 5625 addunt
1511 5586 1652 5637 usus,
1684 5583 1788 5636 quo
1820 5580 2006 5625 carent

425 5642 513 5694 alii
569 5642 712 5693 libri.

500 5707 526 5745 ιι
559 5710 681 5762 Haec
721 5708 940 5762 aberant
986 5711 1053 5764 ab
1102 5711 1229 5766 edit.
1282 5709 1477 5766 Leonis
1529 5720 1578 5765 et
1611 5709 1924 5767 exciderant
1974 5727 2004 5768 a

2118 4579 2309 4649 phizet.
2336 4577 2558 4647 PrOpter
2576 4579 2711 4647 quod
2734 4588 2809 4632 ter
2839 4579 3122 4632 Dominum
3150 4578 3323 4649 rogaui
3352 4589 3408 4630 ut
3429 4580 3722 4633 discederet

2117 4686 2149 4721 a
2186 4686 2294 4735 me;
2340 4670 2431 4722 sed
2459 4670 2586 4723 dixit
2617 4671 2790 4723 mihi:
2820 4671 3016 4740 Suﬁicit
3059 4671 3149 4723 tibi
3195 4672 3360 4741 gratia
3406 4688 3517 4724 mea
3539 4713 3553 4736 ,
3590 4690 3718 4726 nam

2119 4765 2275 4817 virtus
2301 4765 2354 4816 in
2378 4763 2676 4831 inﬁrmitate
2701 4765 2964 4834 perﬁcitur
3006 4765 3070 4835 (ll
3103 4764 3221 4818 Cor.
3253 4781 3347 4830 xtl,
3380 4763 3459 4833 7).
3494 4765 3713 4831 ρυειιηε

2121 4868 2250 4924 ergo
2283 4853 2539 4908 Dominus
2588 4855 2874 4923 imaginem
2919 4870 3068 4909 suam
3099 4896 3112 4918 ,
3163 4864 3217 4910 et
3246 4866 3518 4910 errantem
3550 4871 3710 4912 ovem

2112 5009 2305 5064 Colon.
2331 5011 2470 5065 Sunt
2500 5015 2552 5066 in
2573 5028 2701 5068 mss.
2734 5012 2916 5069 Camb.
2955 5024 3005 5067 et
3035 5015 3140 5068 101.
3174 5027 3227 5069 et
3256 5017 3708 5074 Duac.edittone.

2156 5151 2166 5161 .
2194 5081 2208 5116 ί
2246 5081 2413 5161 Duae.
2447 5093 2502 5161 et
2531 5084 2747 5151 Colon.,
2781 5085 3023 5153 ﬁrmavit.
3055 5086 3154 5142 Ms.
3185 5087 3294 5142 101.
3327 5092 3532 5144 ctedtt.
3566 5089 3714 5145 Leo-

2115 5152 2221 5210 nis,
2253 5152 2517 5215 formavit.

2191 5221 2203 5270 i
2246 5222 2334 5275 Sic
2365 5238 2466 5302 m_s_.
2496 5225 2601 5278 101.
2635 5233 2689 5278 et
2720 5224 2850 5280 edit.
2883 5224 3052 5281 Leon.
3085 5227 3256 5296 Alias,
3289 5232 3623 5302 contagione,
3657 5234 3712 5288 in

2118 5290 2299 5362 Leone
2329 5306 2383 5347 et
2416 5293 2705 5362 Prospero.

2170 5360 2214 5442 ,Β
2246 5362 2372 5416 Mss.
2404 5365 2505 5418 101.
2549 5360 2604 5420 et
2657 5365 2849 5430 Duac.,
2900 5369 3068 5420 carnis
3115 5379 3305 5423 autem.
3337 5370 3481 5436 Alii,
3533 5375 3712 5426 carnis

2117 5442 2286 5485 etiam.
2916 5475 2918 5478 .

2193 5499 2210 5540 ι
2245 5503 2372 5578 Haec
2401 5505 2707 5578 referuntur
2735 5522 2762 5558 a
2795 5507 3009 5561 Gelasio
3040 5525 3178 5578 papa
3209 5509 3262 5563 in
3292 5511 3554 5578 opusculo
3611 5513 3709 5566 ad-

2113 5587 2300 5649 versus
2335 5575 2680 5649 Pelagianos,
2716 5591 2836 5630 eum
2883 5578 2983 5632 hoc
3031 5575 3247 5647 elogio:
3299 5575 3449 5634 Sicut
3491 5584 3707 5649 quidam

2113 5645 2355 5714 magister
2380 5644 2624 5700 Ecclesia:
2669 5650 2923 5716 sapienter
2952 5644 3172 5715 edocuit,
3219 5650 3392 5705 dicens
3423 5668 3442 5704 :
3477 5644 3558 5706 Ad
3597 5671 3710 5708 mta-

2103 5731 2267 5789 gnam
2303 5717 2436 5768 enim
2467 5718 2757 5776 utilitatem,
2792 5729 2894 5771 etc.
