3972 6176
263 337 355 396 657

1141 323 1230 379 DE
1271 318 1659 377 VOCATIONE
1697 315 1968 375 OMNIUM
2007 316 2323 377 GENTIUM
2362 316 2572 375 LIBER
2611 320 2659 380 l.

3428 324 3539 381 058

270 457 424 510 bonus
457 455 638 518 pastor
674 442 914 499 inveniat
945 460 959 497 :
993 456 1095 498 nec
1134 440 1453 509 dedignatur
1496 454 1692 510 agram
1719 437 1839 494 diu—
1863 434 1917 496 Δ
1941 452 1995 491 se
2011 436 2336 507 Deumscire,
2358 440 2689 508 factisautem
2721 442 3053 515 negant('l‘it.
3080 440 3397 511 t,16).Nam
3410 438 3532 501 cunt

275 561 367 618 que
392 544 441 597 in
485 538 629 594 invio
669 536 943 608 fatigatam
992 534 1233 590 humeris
1279 532 1393 589 suis
1437 532 1616 596 ferre,
1646 540 1702 587 et
1732 545 1837 586 non

275 630 561 692 revocando
589 636 817 693 tantum,
840 626 934 681 sed
952 627 1112 681 etiam
1137 624 1397 695 portando
1413 624 1643 677 salvare.
1676 622 1838 689 Qua:-

273 733 349 780 rat
377 721 624 776 Dominus
662 719 948 788 imaginem
978 732 1129 771 suam
1157 756 1173 783 ,
1219 724 1273 769 et
1320 714 1565 770 omnium
1616 729 1735 783 quas
1780 714 1836 769 in

268 829 374 871 eam
403 810 703 866 inciderunt
748 807 988 864 sordium
1036 807 1383 862 concretione
1419 805 1633 860 detersa
1658 846 1675 872 ,
1707 818 1836 873 spe-

266 908 427 961 cnlutn
467 902 683 957 humani
722 900 901 957 cordis
929 899 1185 955 enubilet.
1229 899 1499 967 Scriptum
1530 906 1616 952 est
1640 898 1783 953 enim
1818 913 1832 951 :

268 999 383 1065 Quis
428 1005 588 1063 potest
632 994 799 1064 facere
836 990 1086 1045 mundum
1128 989 1191 1043 de
1229 990 1495 1043 immundo
1534 1000 1836 1057 conceptum

262 1087 470 1143 semine?
501 1082 692 1137 Nonne
720 1092 775 1136 tu
795 1083 883 1152 qui
918 1081 1059 1135 solus
1088 1095 1140 1134 es
1179 1078 1301 1149 (Job
1356 1093 1472 1143 xtv,
1494 1078 1589 1150 4t)?
1617 1078 1836 1145 Qumrat

263 1180 504 1235 Dominus
552 1175 839 1246 imaginem
879 1188 1031 1227 suam
1061 1216 1075 1239 ,
1109 1182 1167 1226 ut
1197 1181 1222 1209 ι
1270 1173 1327 1227 in
1374 1171 1729 1227 renovatione
1769 1185 1833 1226 ac

257 1268 623 1339 iustiﬁcatione
651 1266 770 1334 ejus
796 1265 967 1336 gratia
999 1263 1342 1320 rcformantis
1371 1272 1659 1333 appareat,
1694 1262 1835 1317 sicut

258 1365 306 1418 in
333 1376 388 1417 se
413 1360 611 1415 factum
642 1358 841 1413 Paulus
883 1357 1165 1424 apostolus
1217 1362 1547 1425 protestetur
1573 1364 1627 1408 et
1654 1353 1785 1408 dicit
1816 1370 1830 1406 :

258 1455 403 1509 Eram
425 1463 595 1507 autem
623 1454 829 1523 ignotus
854 1451 989 1521 [acie
1015 1450 1258 1505 Ecclesiis
1288 1449 1489 1505 Iudaea:
1509 1491 1523 1516 ,
1548 1463 1665 1519 qua
1688 1453 1833 1501 erant

254 1547 301 1599 in
321 1546 521 1599 Christo
553 1560 571 1599 :
593 1552 796 1597 tantum
816 1543 1055 1597 auditum
1078 1540 1353 1606 habebant,
1381 1541 1517 1609 quod
1539 1542 1583 1594 is
1602 1541 1687 1609 qui
1710 1556 1829 1609 per-

253 1636 543 1707 sequebatur
563 1651 656 1691 nos
675 1634 980 1705 aliquando,
1005 1649 1142 1687 nunc
1161 1632 1475 1703 evangelth
1497 1631 1650 1697 [idem
1675 1647 1831 1701 quam

251 1727 594 1799 expugnabat;
615 1737 663 1781 et
681 1728 735 1780 in
756 1742 834 1780 me
853 1725 1207 1799 clariﬁcabant
1225 1723 1252 1764 ιι
1277 1722 1438 1778 Deum
1466 1723 1610 1792 (Gal.
1639 1738 1680 1792 ι,
1709 1722 1824 1793 22).

1940 529 2200 599 scriptum
2217 530 2310 597 sit,
2320 528 2501 586 Omnis
2524 534 2610 601 qui
2621 531 2926 587 invocaverit
2938 548 3121 587 nomen
3140 531 3351 587 Domini
3362 532 3535 587 salvus

1940 624 2037 675 erit
2054 623 2072 692 (
2083 622 2230 676 Rom.
2246 638 2345 687 vn,
2371 622 2491 694 21),
2514 624 2584 680 de
2608 625 2928 695 quibusdam
2954 634 3134 681 tamen
3149 625 3409 680 Dominus
3427 624 3533 680 ait:

1942 710 2064 766 Non
2077 714 2242 767 omnis
2252 714 2341 784 qui
2354 713 2478 768 dicit
2492 714 2639 781 mihi,
2656 714 2899 779 Domine,
2915 715 3151 777 Domine,
3163 715 3373 769 intrabit
3390 716 3443 769 in
3453 731 3534 769 re-

1938 818 2095 872 gnum
2119 804 2384 869 coelorum,
2410 805 2500 859 sed
2521 806 2613 877 qui
2636 806 2761 875 facit
2778 808 3089 862 voluntatem
3111 806 3285 860 Patris
3302 806 3422 872 mei,
3445 808 3534 874 qui

1937 897 1991 950 in
2012 896 2151 951 caelis
2167 907 2257 961 est,
2282 897 2392 968 ipse
2411 898 2619 952 intrabit
2647 900 2699 952 in
2713 915 2925 971 regnum
2947 896 3417 969 caelorumﬂlatth.
3432 913 3527 967 vn,

1935 989 2065 1058 21);
2098 997 2154 1042 et
2189 1005 2203 1043 :
2231 987 2386 1041 Multi
2418 987 2543 1041 mihi
2588 990 2758 1043 dicent
2786 990 2842 1043 in
2871 990 2965 1043 illa
2992 990 3096 1055 die,
3126 988 3369 1056 Domine,
3415 987 3530 1044 Do-

1936 1080 2094 1145 mine,
2116 1096 2285 1134 nonne
2309 1080 2359 1133 in
2384 1083 2587 1135 nomine
2609 1088 2693 1135 tuo
2714 1081 3154 1152 prophetavimus,
3179 1088 3227 1133 et
3248 1079 3304 1133 in
3329 1079 3533 1133 nomine

1935 1182 2024 1226 tuo
2053 1173 2310 1226 damonia
2340 1174 2604 1245 ejecimus,
2632 1184 2679 1229 et
2702 1175 2754 1228 in
2782 1175 2985 1228 nomine
2998 1182 3087 1227 tuo
3112 1174 3322 1228 virtutes
3342 1174 3533 1227 multas

1935 1268 2191 1337 fecimus!
2219 1276 2267 1321 et
2318 1277 2436 1323 tunc
2466 1268 2635 1323 dicam
2684 1270 2810 1337 illis,
2862 1269 2877 1321 i
2921 1269 3217 1340 Numquam
3264 1271 3381 1324 novi
3415 1287 3531 1335 vos,

1934 1358 2181 1413 discedite
2220 1376 2251 1412 a
2277 1376 2376 1426 me,
2408 1361 2632 1432 operarii
2673 1362 2961 1433 iniquitatis
3002 1360 3192 1431 (Ibid.,
3223 1358 3340 1431 22).
3369 1360 3531 1416 Tales

1935 1463 2043 1503 non
2072 1450 2329 1504 invocant
2360 1466 2558 1506 nomen
2594 1451 2807 1506 Domini
2834 1452 2958 1521 quia
2988 1467 3094 1507 non
3126 1452 3331 1507 habent
3357 1453 3530 1521 Spiri-

1934 1550 2044 1593 tum
2072 1540 2365 1612 adoptionis
2391 1541 2623 1609 ﬁliorum
2650 1541 2703 1593 in
2723 1556 2825 1610 quo
2848 1539 3150 1604 clamamus,
3177 1540 3339 1603 Abba,
3365 1540 3529 1595 Pater

1931 1628 2109 1701 (Rom.
2137 1646 2254 1695 vut,
2286 1631 2403 1701 15).
2435 1630 2601 1686 Nemo
2640 1641 2819 1687 autem
2853 1642 3015 1700 potest
3041 1632 3211 1686 dicere
3245 1629 3527 1687 Dominum

1930 1721 2134 1789 Jesum,
2158 1724 2260 1777 nisi
2282 1724 2337 1778 in
2369 1722 2576 1792 Spiritu
2602 1733 2782 1778 sancto
2808 1723 2985 1794 (lCor.
3021 1740 3116 1789 stt,
3142 1724 3233 1795 3);
3266 1734 3318 1779 et
3344 1742 3357 1778 :
3394 1726 3529 1791 Qui-

252 1821 334 1875 Svc
360 1834 485 1889 ergo
523 1830 653 1872 tunc
686 1817 1029 1873 Christianus
1067 1816 1296 1887 populus
1336 1815 1631 1881 didicerat,
1668 1824 1723 1871 et
1750 1815 1829 1870 illi
1863 1807 1907 1868 Β
1934 1831 2147 1887 cumque
2176 1815 2376 1888 Spiritu
2408 1815 2505 1869 Dei
2532 1826 2776 1889 aguntur,
2821 1817 2874 1868 hi
2916 1817 3013 1883 lilii
3043 1825 3162 1870 sunt
3208 1817 3302 1872 Dei
3346 1818 3525 1889 (Rom.

254 1921 275 1950 ι
301 1911 553 1979 primitivi
582 1909 871 1976 Ecclesia,
910 1922 1140 1979 quorum
1181 1915 1299 1963 erat
1338 1923 1500 1963 unum
1529 1922 1626 1963 cor
1646 1916 1700 1961 et
1726 1921 1830 1962 una

250 2005 411 2057 anima
441 2004 587 2077 (Act.
610 2017 683 2069 tv,
704 2002 822 2073 32),
854 2002 934 2058 sic
958 2001 1286 2067 credebant;
1326 2008 1388 2055 ut
1415 2015 1536 2056 cum
1561 2001 1725 2074 857
1753 2000 1832 2054 vi-

249 2094 427 2149 derent
451 2096 765 2164 quempiam
796 2092 862 2148 ad
898 2093 1229 2164 agnitionem
1260 2092 1509 2150 veritatis
1549 2092 1619 2148 ab
1643 2108 1832 2149 errore

248 2201 559 2241 conversum
587 2228 603 2254 ,
650 2185 1016 2255 gloriﬁcarent
1059 2186 1261 2251 Deum,
1301 2194 1357 2240 et
1398 2185 1559 2241 ﬁdem
1600 2187 1830 2242 correcti

248 2278 630 2333 conﬁterentur
660 2278 898 2332 muneris
927 2291 1050 2333 esse
1085 2276 1276 2333 divini.
1322 2274 1444 2346 Ipse
1472 2292 1685 2347 quoque
1727 2276 1831 2331 Do-

251 2371 409 2425 minus
436 2371 739 2439 discipulos
763 2384 891 2425 suos
913 2373 1199 2439 magistros
1223 2370 1462 2426 omnium
1488 2372 1726 2441 gentium
1751 2372 1831 2425 sic

250 2462 463 2517 docebat
490 2463 684 2517 dicens
727 2480 740 2513 :
782 2462 871 2518 Sic
894 2461 1063 2517 luceat
1091 2461 1261 2516 lumen
1288 2470 1508 2517 vestrum
1538 2479 1709 2516 coram
1738 2463 1831 2516 ho-

251 2556 482 2620 rninibus,
534 2563 597 2608 ut
636 2554 864 2610 videntes
908 2572 1065 2626 opera
1101 2565 1265 2611 vestra
1300 2555 1464 2622 bona,
1496 2556 1830 2626 magni/irent

252 2646 440 2702 Patrem
462 2656 693 2703 vestrum
710 2648 800 2717 qui
821 2648 875 2702 in
902 2648 1042 2703 caelis
1066 2658 1139 2702 est
1162 2646 1376 2720 (Matth.
1404 2664 1457 2713 v,
1488 2648 1600 2718 16).

860 2826 1087 2883 CAPUT
1114 2826 1204 2881 IX.

249 2962 274 3000 ‘
301 2963 438 3030 Quod
464 2966 747 3031 Scriptura
776 2967 876 3020 sive
901 2966 964 3018 de
984 2966 1152 3029 bonis,
1175 2967 1278 3019 sive
1299 2968 1362 3020 de
1382 2966 1534 3021 malis
1565 2969 1821 3036 loquatur,

309 3036 407 3089 sive
442 3037 505 3090 de
530 3036 734 3101 electis,
759 3039 862 3091 sive
908 3037 1263 3109 dereprobis,
1303 3038 1374 3090 ita
1421 3039 1645 3091 meminit
1674 3041 1825 3093 unius

310 3110 483 3175 partis,
514 3108 670 3178 quasi
700 3110 948 3162 neminem
977 3107 1239 3161 hominum
1267 3110 1637 3177 prietermittat.

313 3251 435 3306 Fixa
464 3268 605 3323 ergo
635 3254 735 3308 hac
762 3253 867 3309 [ide
907 3254 959 3307 in
990 3253 1244 3309 cordibus
1267 3254 1487 3321 nostris,
1515 3264 1538 3292 ο
1574 3256 1830 3313 immobi-

253 3342 464 3415 literque
511 3345 773 3413 fundata,
805 3360 910 3416 qua
963 3346 1320 3402 saluberrime
1350 3347 1627 3404 credimus
1653 3353 1833 3406 omnia

252 3435 402 3506 bona,
450 3453 516 3493 ac
574 3440 814 3495 maxime
844 3455 908 3494 ea
950 3455 1068 3508 qua:
1098 3440 1167 3495 ad
1200 3442 1364 3496 vitam
1412 3450 1672 3497 alet-nam
1707 3457 1835 3512 pro-

254 3529 460 3600 vehunt,
490 3530 509 3568 ί
541 3531 645 3586 Dei
689 3546 915 3587 munere
944 3531 1156 3599 haberi,
1204 3532 1297 3588 Dei
1349 3548 1575 3590 munere
1625 3535 1835 3606 augeri,

255 3620 341 3676 Dei
366 3639 602 3679 munere
653 3623 949 3691 custodiri;
979 3634 1111 3695 puto
1140 3625 1282 3694 quod
1319 3625 1440 3696 pius
1485 3641 1681 3684 sensus
1729 3643 1836 3683 non

253 3714 435 3771 debeat
465 3718 518 3772 in
548 3733 621 3773 ea
659 3720 956 3788 quazstione
987 3720 1212 3788 turbari,
1236 3735 1357 3791 quae
1395 3721 1464 3777 de
1492 3723 1733 3778 omnium
1789 3732 1844 3779 et

254 3806 316 3864 de
339 3825 442 3865 non
470 3811 723 3867 omnium
753 3811 1032 3867 hominum
1064 3821 1088 3859 ε
1115 3814 1477 3869 conversione
1527 3826 1840 3886 generatur,

256 3901 295 3952 si
321 3916 379 3956 ea
412 3920 533 3973 qua:
571 3904 720 3959 clara
759 3914 907 3971 sunt,
936 3920 1042 3959 non
1093 3904 1162 3960 de
1190 3904 1275 3960 his
1304 3920 1424 3976 quae
1454 3907 1666 3963 occulta
1694 3917 1840 3976 sunt,

253 3992 631 4063 obscuramus,
663 4005 717 4049 et
752 3995 879 4051 dum
912 3998 1215 4065 procaciter
1263 3997 1565 4053 insistimus
1613 3997 1844 4065 clausis,

256 4085 609 4143 excludamur
625 4087 692 4143 ab
710 4088 943 4155 apertis:
962 4103 1084 4143 cum
1102 4087 1357 4145 sufﬁcere
1377 4088 1573 4145 debeat
1591 4100 1651 4146 ut
1672 4090 1699 4129 ιι
1713 4092 1763 4145 in
1783 4107 1849 4147 eo

258 4172 305 4227 in
330 4180 471 4246 quod
504 4185 857 4251 pervenimus
896 4182 1257 4236 ambulemus.
1291 4183 1430 4248 Quid
1476 4187 1621 4237 cnim
1654 4185 1847 4239 mirum

257 4266 298 4319 si
324 4271 539 4338 quidam
571 4272 642 4328 ad
666 4275 791 4330 vitae
818 4284 1157 4331 sacramenta
1188 4291 1291 4331 non
1320 4278 1663 4345 perveniunt,
1694 4276 1851 4333 1cum

260 4360 519 4433 plerique,
554 4368 647 4433 qui
687 4366 1007 4421 videbantur
1031 4367 1265 4433 venisse,
1299 4369 1604 4436 discedant,
1637 4370 1706 4425 de
1735 4373 1855 4439 qui-

261 4450 353 4504 bus
382 4454 606 4524 dicitur,
638 4455 719 4510 Ea:
739 4457 886 4513 nobis
907 4459 1161 4525 exierunt,
1189 4459 1277 4513 sed
1301 4476 1403 4512 non
1431 4470 1573 4513 erant
1596 4476 1660 4514 ea:
1681 4461 1847 4520 nobis.

1933 1922 2045 1974 vttt,
2077 1908 2192 1979 14).
2214 1907 2317 1976 Qui
2346 1905 2371 1946 ι
2401 1907 2469 1963 ad
2498 1907 2666 1964 Deum
2697 1923 2795 1977 per
2848 1908 3015 1964 Deum
3047 1910 3289 1973 veniunt,
3320 1919 3377 1966 et
3415 1909 3526 1965 sal-

1932 1998 2052 2054 vari
2077 1998 2325 2055 volentes
2352 1999 2576 2055 omnino
2603 1998 2880 2055 salt-antur
2906 2017 2917 2052 :
2948 2000 3071 2069 quia
3103 2000 3276 2068 ipsum
3306 1999 3528 2055 deside-

1932 2094 2073 2149 rium
2121 2092 2313 2148 salutis
2340 2108 2408 2148 ex
2437 2092 2534 2149 Dei
2580 2091 2940 2162 inspiratione
2966 2092 3300 2161 concipiunt,
3339 2100 3396 2148 et
3432 2107 3530 2161 per

1932 2181 2385 2237 illuminationem
2410 2181 2662 2238 vocantis
2690 2182 2743 2237 in
2775 2182 3107 2253 agnitionem
3138 2183 3362 2239 veniunt
3388 2183 3533 2238 veri-

1931 2273 2079 2328 tatis.
2101 2274 2272 2347 858
2291 2272 2425 2328 Sunt
2444 2273 2590 2328 enim
2615 2272 2710 2327 lilii
2739 2273 3134 2343 promissionis,
3153 2288 3362 2335 merces
3379 2271 3528 2337 ﬁdei,

1932 2364 2174 2433 spiritale
2204 2378 2390 2419 semen
2422 2363 2682 2431 Abrahae,
2706 2381 2867 2435 genus
2897 2364 3133 2433 electum,
3167 2363 3339 2435 regale
3358 2380 3530 2418 sacer-

1931 2454 2133 2510 dotium
2163 2454 2207 2525 (l
2232 2453 2376 2509 Petri
2402 2470 2464 2522 tt,
2495 2455 2579 2525 9),
2608 2456 2920 2525 prmscitutn
2947 2465 3002 2510 et
3032 2456 3451 2524 prmordinatum
3472 2454 3529 2509 in

1932 2546 2095 2600 vitam
2126 2555 2406 2612 :eternam,
2439 2546 2579 2601 sicut
2626 2554 2856 2601 testatur
2884 2546 3118 2615 Spiritus
3162 2556 3381 2601 sanctus
3432 2560 3531 2616 per

1930 2636 2224 2693 Jeremiam
2258 2637 2574 2706 prophetam
2600 2636 2810 2703 dicens,
2840 2635 2976 2690 Ecce
3003 2637 3113 2691 dies
3140 2637 3371 2701 veniunt,
3401 2634 3527 2688 dicit

1935 2725 2207 2790 Dominus,
2258 2737 2306 2781 et
2356 2726 2630 2795 disponam
2656 2726 2833 2781 domui
2866 2724 3056 2790 Israel,
3087 2736 3135 2780 et
3164 2726 3344 2780 domui
3372 2724 3524 2780 Juda

1932 2829 2290 2874 testamentum
2310 2835 2517 2885 novum,
2546 2834 2649 2872 non
2690 2802 2968 2871 secundum
3008 2825 3365 2871 testamentum
3392 2815 3531 2885 quod

1931 2908 2163 2975 disposui
2185 2906 2418 2976 patribus
2441 2922 2639 2971 eorum,
2661 2906 2717 2960 in
2743 2905 2827 2959 die
2852 2921 2954 2975 qua
2977 2905 3293 2977 apprehendi
3318 2920 3529 2959 manum

1929 3016 2126 3064 eorum,
2157 3009 2213 3053 ut
2239 2999 2506 3053 educerem
2548 2997 2665 3052 illos
2711 2997 2773 3051 de
2812 3007 2947 3051 terra
2978 2997 3204 3068 Egypti
3228 3012 3248 3051 :
3283 2998 3407 3066 quia
3429 2997 3535 3066 ipsi

1930 3110 2031 3147 non
2061 3100 2499 3159 perseveraverant
2527 3090 2580 3143 in
2608 3097 2908 3144 testamento
2936 3106 3069 3153 meo,
3106 3097 3153 3142 et
3190 3104 3283 3158 ego
3327 3103 3413 3143 eos
3440 3100 3533 3142 ne‘

1860 3175 1905 3238 C
1935 3186 2104 3257 glexi,
2138 3185 2247 3257 (Al.
2285 3182 2469 3239 Carur
2496 3181 2613 3253 IX.]
2656 3183 2783 3236 dicit
2816 3183 3089 3238 Dominus.
3137 3183 3272 3269 Quia
3327 3182 3427 3237 hoc
3453 3188 3531 3237 est

1938 3288 2290 3334 testamentum
2318 3277 2455 3344 quod
2482 3277 2753 3345 disponant
2777 3277 2952 3330 domui
2976 3274 3145 3329 Israel
3174 3283 3287 3343 post
3317 3276 3426 3329 dies
3470 3273 3542 3328 il-

1938 3373 2040 3440 los,
2068 3373 2191 3426 dicit
2220 3372 2489 3437 Dominus,
2522 3370 2669 3425 Dabo
2698 3371 2834 3441 leges
2862 3385 3001 3423 meas
3025 3370 3079 3422 in
3102 3385 3254 3423 sensu
3280 3369 3535 3437 ipsorum,

1938 3474 1989 3519 et
2016 3465 2071 3518 in
2096 3463 2249 3518 corde
2271 3464 2503 3531 ipsorum
2526 3461 2747 3516 scribam
2775 3477 2884 3526 eas,
2928 3470 2974 3513 et
2998 3476 3085 3515 ero
3130 3459 3235 3513 illis
3260 3459 3315 3511 in
3345 3458 3533 3524 Deum,

1941 3564 1988 3611 et
2015 3555 2113 3625 ipsi
2144 3565 2291 3608 erunt
2320 3554 2447 3607 mihi
2488 3553 2543 3608 in
2594 3553 2863 3623 populum.
2918 3549 2984 3604 Et
3031 3567 3133 3605 non
3154 3550 3349 3604 docebit
3377 3564 3540 3603 unus-

1942 3649 2152 3718 quisque
2174 3646 2465 3713 proximum
2486 3661 2658 3711 suum,
2686 3652 2734 3697 et
2757 3644 3104 3713 unusquisque
3121 3643 3335 3710 fratrm
3361 3656 3537 3705 suum,

1944 3739 2139 3802 dicens,
2175 3735 2432 3807 Cognosce
2457 3735 2767 3788 Dominum:
2788 3734 2910 3803 quia
2936 3748 3111 3787 omnes
3140 3742 3442 3801 cognoscent
3460 3746 3540 3783 me

1945 3843 1980 3880 α
2009 3823 2201 3896 pusillo
2222 3840 2402 3879 eorum
2430 3840 2586 3895 usque
2614 3823 2684 3877 ad
2711 3839 2977 3892 magnum,
2999 3824 3120 3892 quia
3148 3822 3405 3892 prapitius
3450 3836 3539 3875 ero

1947 3919 2300 3989 iniquitatibus
2321 3933 2517 3982 eorum,
2542 3925 2591 3970 et
2611 3925 2938 3987 peccatorum
2977 3931 3152 3970 eorum
3195 3929 3390 3967 memor
3436 3929 3541 3967 non

1947 4025 2058 4065 ero.
2095 4006 2115 4046 ι
2144 4007 2212 4062 Et
2230 4008 2364 4061 dabo
2395 4007 2499 4061 illis
2526 4006 2660 4061 viam
2700 4007 2937 4071 alteram,
2969 4016 3014 4060 et
3045 4022 3131 4059 cor
3156 4005 3321 4069 aliud,
3368 4014 3422 4058 ut
3461 4020 3541 4057 me

1951 4103 2163 4156 timeant
2188 4116 2362 4155 omnes
2384 4100 2495 4154 dies
2520 4100 2575 4153 in
2606 4099 2798 4153 bonum
2818 4099 2965 4170 ipsis,
2995 4108 3042 4153 et
3069 4098 3194 4166 [iliis
3221 4114 3396 4153 eorum
3429 4106 3544 4167 post

1952 4211 2037 4249 eos
2063 4208 2084 4259 ;
2111 4202 2158 4248 et
2208 4194 2512 4247 constituam
2553 4192 2661 4247 illis
2691 4201 3049 4248 testamentum
3093 4201 3359 4253 internum,
3404 4191 3544 4261 quod

1955 4301 2061 4339 non
2115 4293 2340 4339 avertam
2375 4292 2491 4354 post
2534 4299 2618 4338 eos
2640 4299 2662 4347 ,°
2682 4292 2727 4338 et
2756 4284 2989 4338 timorem
3018 4300 3186 4338 meum
3214 4283 3350 4336 dabo
3376 4284 3429 4336 in
3456 4296 3545 4336 cor

1957 4393 2151 4441 eorum,
2178 4392 2241 4430 ne
2262 4376 2527 4430 discedant
2547 4391 2579 4428 a
2604 4391 2703 4438 me,
2727 4384 2774 4429 et
2803 4375 3014 4428 visi'abo
3040 4391 3145 4439 eos,
3193 4384 3248 4427 ut
3277 4374 3434 4427 bonos
3460 4389 3546 4428 eos

1960 4469 2147 4539 faciam
2165 4465 2383 4540 (Jerem.
2415 4481 2566 4532 xm,
2594 4464 2658 4521 51
2693 4464 2876 4536 seqq.).
2901 4465 3005 4520 Per
3034 4463 3222 4518 Isaiam
3247 4477 3461 4533 quoquc
3477 4463 3548 4518 de

262 4542 319 4597 Si
344 4548 475 4601 enin
508 4551 735 4621 fuissent
753 4569 815 4606 ea:
834 4552 1001 4620 nobis,
1034 4552 1334 4606 mansissent
1366 4559 1539 4622 uttque
1587 4555 1851 4612 nobiscum
1883 4549 2127 4630 Dgratia
2164 4574 2259 4615 sua
2302 4558 2595 4622 Dominus,
2649 4571 2753 4627 qua
2806 4571 2877 4611 ex
2924 4555 3177 4612 omnibus
3232 4554 3543 4610 hominibus

268 4637 307 4704 (Ι
328 4641 473 4697 Joan.
498 4657 563 4707 ιι,
587 4644 673 4714 19)
688 4641 711 4693 ?
724 4647 961 4711 Quorum
979 4645 1183 4701 similes
1197 4656 1323 4701 sunt
1351 4646 1425 4701 illi
1443 4648 1530 4717 qui
1544 4649 1850 4719 proﬁtentur

328 4857 352 4883 "
382 4849 472 4926 Sic
504 4865 610 4926 ms.
642 4852 746 4907 Jol.
779 4863 830 4908 et
860 4853 987 4908 edit.
1025 4853 1241 4911 Leonis.
1276 4857 1403 4923 Alii,
1437 4858 1490 4910 in
1516 4860 1845 4926 reuelatione,

262 4927 349 4971 ant
377 4922 709 4976 relevatione.

330 4988 354 5026 δ
386 4989 557 5045 Dunc.
614 5003 667 5045 et
714 4994 927 5061 Colum,
980 4994 1279 5049 Dominum.
1323 4998 1418 5053 Ms.
1479 4997 1588 5054 Jol.
1638 5007 1693 5054 et
1713 4998 1846 5055 edit.

266 5058 484 5125 Leonis,
522 5062 707 5118 Deum.

335 5143 369 5209 c_
392 5130 462 5182 Ita
484 5148 607 5209 ξιιμ.
632 5132 737 5209 ιρι.
772 5146 827 5191 et
854 5136 982 5189 cdit.
1010 5136 1202 5198 Leon.,
1230 5137 1396 5192 Duae.
1420 5152 1473 5193 et
1495 5137 1711 5209 Colon.,
1741 5141 1851 5208 pri-

266 5202 448 5252 mitiuae
475 5200 743 5258 Ecclesiae.
1700 5200 1709 5209 ⁷
1741 5200 1752 5208 ’
1776 5230 1777 5233 η

332 5269 359 5307 ἀ
388 5270 486 5325 llic
517 5273 713 5341 capitis
744 5276 869 5329 noni
899 5276 1105 5330 initium
1140 5276 1364 5332 facimus
1399 5280 1719 5335 auctoritate
1744 5295 1845 5335 ms.

268 5342 547 5407 Joliensis,
572 5345 664 5419 qui
696 5361 756 5399 ca
785 5347 944 5419 verba
976 5362 1005 5419 _a
1036 5347 1231 5415 quibus
1260 5349 1393 5402 alias
1425 5349 1713 5419 incipiebit
1752 5354 1853 5406 hoc

270 5415 709 5487 caputcontinua
733 5417 873 5471 serie
903 5417 1065 5472 habet
1100 5418 1428 5487 descriptum
1478 5415 1601 5474 cum
1637 5431 1855 5477 antece-

270 5482 545 5561 dentibus.
588 5483 702 5561 Nec
730 5487 1091 5561 commodum
1123 5498 1239 5561 erat
1269 5482 1299 5541 εἰ
1331 5491 1549 5545 nomine
1578 5494 1857 5561 prophetas

272 5555 360 5621 qui
379 5556 612 5632 citatur,
643 5555 867 5632 disjtmgi
898 5572 1034 5612 novo
1055 5559 1209 5614 titulo
1222 5560 1397 5615 locum
1416 5555 1657 5631 ejusdem
1682 5555 1775 5632 qui
1802 5563 1857 5618 in

277 5626 644 5678 teStitnonium
672 5626 1010 5682 efferebatur.

346 5703 369 5769 ς
400 5694 495 5769 Ms.
525 5694 806 5763 Julicnsis,
838 5698 1214 5769 humiliterque.

342 5763 365 5805 ¹
388 5768 518 5823 limo
539 5782 607 5822 ex
650 5784 776 5825 mss.
813 5769 1019 5825 Tbuan.
1053 5763 1385 5841 et'loliensi,
1418 5787 1480 5831 ac
1508 5772 1640 5831 edit.
1665 5773 1863 5832 Leonis

1953 4662 1994 4691 ω
2013 4667 2205 4708 novam
2234 4659 2538 4707 creaturam
2561 4648 2706 4715 facit,
2737 4646 2924 4703 eadem
2947 4648 3294 4718 prtenuntiat,
3311 4648 3537 4703 dicens:

1952 4857 2224 4923 addimus,
2257 4872 2375 4928 qum
2397 4857 2449 4910 in
2475 4856 2637 4911 editis
2657 4856 2965 4928 defuerunt.

2025 4939 2051 4977 ε
2081 4929 2156 4983 lla
2189 4926 2317 4982 mss.
2352 4928 2566 4983 Thum.
2599 4937 2653 4981 et
2673 4927 2779 4982 Jol.
2808 4928 2975 4992 Alias,
2998 4926 3398 4981 conversatione.

2026 4996 2054 5036 ³³
2085 5000 2179 5054 bis.
2209 4999 2338 5065 Jol.,
2364 5000 2419 5052 in
2450 4998 2588 5068 quod
2623 4999 2964 5067 pervenimus.
2999 4997 3135 5063 Alii,
3166 5013 3268 5067 quo
3315 4998 3547 5067 perveni-

1954 5087 2086 5125 mus.

2033 5142 2047 5178 ι
2085 5143 2211 5196 Haec
2238 5140 2399 5194 verba
2437 5141 2632 5195 absunt
2660 5139 2729 5194 ab
2781 5138 2943 5194 editis
2988 5138 3188 5191 nostris
3210 5146 3266 5191 et
3301 5136 3500 5190 Leonis
3532 5157 3544 5190 :

1955 5212 2206 5281 leguntur
2263 5228 2314 5265 ιη
2366 5227 2469 5264 ms.
2515 5210 2765 5277 Joliensi,
2814 5210 3171 5281 videnturque
3212 5213 3435 5262 omnino
3467 5224 3549 5262 sc-

1958 5280 2243 5353 quentibus
2268 5283 2575 5337 necessario
2608 5280 3000 5353 prmmittenda.

2039 5353 2053 5403 ι
2104 5354 2205 5410 Ms.
2233 5352 2510 5417 loliensis,
2541 5351 2801 5416 introibit;
2834 5360 2891 5405 et
2940 5358 3059 5420 post
3102 5349 3305 5419 aliquot
3354 5347 3548 5416 lineas,

1965 5423 2262 5496 Numquam
2286 5441 2375 5496 vos
2400 5425 2628 5496 cognovi.

2036 5495 2063 5532 ¹ι
2091 5488 2183 5553 Sic
2213 5510 2314 5549 ms.
2344 5488 2529 5550 Jolfet
2564 5492 2693 5548 edit.
2732 5492 2897 5562 Oper.
2930 5490 3099 5547 Leon.
3129 5489 3297 5559 Alibi,
3344 5490 3412 5545 ad
3442 5488 3550 5545 Do-

1965 5578 2163 5620 mtnum
2188 5581 2278 5635 per
2306 5564 2600 5620 Dominum.

2044 5635 2060 5674 ι
2094 5631 2197 5691 Ms.
2217 5636 2489 5699 .lolicnsis,
2514 5644 2560 5687 et
2585 5635 2788 5695 iterum,
2823 5631 2890 5687 Et
2913 5633 3068 5700 dabo,
3099 5643 3205 5690 etc.

2041 5716 2079 5743 ιη
2100 5707 2199 5764 Ms.
2232 5706 2367 5773 10L,
2392 5722 2573 5762 novam
2599 5718 2891 5761 creaturam
2919 5706 3058 5776 fecit.
