4040 6178
418 325 522 382 659

1047 323 1106 377 S.
1150 318 1479 377 PROSPERI
1521 316 1849 384 AQUITANI
1888 316 2116 372 OPERA
2161 317 2485 376 lNCEltTJE
2528 323 3045 380 AUCTORITATIS.

3591 328 3693 382 σσο

421 439 552 495 Ecce
582 440 769 509 faciam
807 454 935 491 nova
963 452 1075 504 qute
1104 452 1237 490 nunc
1284 444 1307 471 ι
1339 436 1588 497 orientur,
1618 444 1665 487 et
1695 432 2005 502 cognoscetis
2033 434 2083 490 Α
2113 435 2458 505 unusquisque
2513 440 2726 505 fratrem
2793 454 2963 503 suum,
3017 436 3211 505 dicens,
3264 435 3521 509 Cognosce
3582 437 3693 492 Do-

420 550 498 597 ea,
530 542 578 586 et
603 532 792 600 faciam
824 530 876 583 in
901 531 1095 584 deserto
1124 530 1275 594 viam,
1306 536 1352 581 et
1379 529 1431 581 in
1452 528 1586 580 sicca
1608 535 1743 579 terra
1770 525 2005 595 flumina.

419 622 723 676 Benedicent
751 637 829 673 me
860 620 1031 673 bestico
1050 621 1184 689 agri,
1210 620 1394 672 sirena:
1431 629 1479 671 et
1501 618 1625 685 ﬁlia:
1660 615 2010 670 struthionum

418 716 553 783 quod
580 714 805 767 dederim
856 715 910 766 in
950 714 1149 768 deserto
1195 730 1402 782 aquam,
1442 722 1488 765 et
1530 712 1752 782 [lumina
1790 711 1845 764 in
1873 710 2009 762 sicca

419 818 552 860 terra
597 808 665 859 ad
717 807 1001 873 potandum
1051 824 1208 878 genus
1258 823 1422 859 meum
1470 806 1708 869 electum,
1762 803 2011 871 populum

423 914 589 949 meum
612 913 759 966 quem
789 896 918 951 mihi
956 898 1224 967 acquisiui,
1275 905 1588 950 utenarrent
1631 898 1839 949 virtutes
1867 910 2010 947 meas

422 985 575 1054 (Isai.
606 1002 762 1054 XLIII,
812 987 901 1050 19,
925 987 1052 1057 ‘20);
1084 998 1135 1041 et
1170 989 1403 1041 iterum:
1452 984 1479 1023 b
1513 986 1615 1039 Per
1662 986 2009 1054 memetipsum

420 1080 557 1151 jura,
591 1080 689 1131 nisi
717 1078 848 1131 eiiet
878 1078 941 1132 de
975 1094 1062 1131 ore
1104 1095 1213 1132 meo
1259 1078 1487 1148 justitia,
1512 1086 1560 1129 et
1596 1076 1742 1128 verba
1771 1092 1882 1129 mea
1908 1090 2011 1127 non

420 1180 726 1233 asertentur,
752 1171 875 1240 quia
902 1171 1027 1224 mihi
1065 1172 1295 1241 ﬂectetur
1317 1186 1465 1224 omne
1490 1186 1641 1238 genu,
1668 1178 1717 1223 et
1746 1168 2013 1237 conﬁtebi-

421 1273 503 1313 tnr
532 1263 697 1314 omnis
721 1260 897 1330 lingua
927 1260 1035 1315 Deo
1064 1260 1217 1331 (Isai.
1259 1277 1383 1323 ΜΝ,
1410 1261 1500 1325 25,
1525 1256 1639 1332 24).
1672 1258 1732 1314 Si
1753 1273 1882 1328 ergo
1912 1259 2008 1311 im-

422 1353 681 1422 possibile
727 1363 810 1408 est
848 1356 947 1409 ista
978 1371 1083 1408 non
1115 1353 1258 1417 ﬁeri,
1288 1354 1411 1422 quia
1463 1367 1564 1407 nec
1615 1352 1822 1406 incerta
1875 1367 2012 1420 pra:—

422 1444 650 1497 scientia
680 1442 776 1498 Dei
802 1452 906 1509 est,
941 1458 1040 1497 nec
1071 1444 1329 1497 mutabile
1356 1442 1663 1507 consilium,
1701 1456 1799 1495 nec
1831 1440 2009 1493 inefﬁ-

422 1549 522 1588 cax
550 1532 820 1603 voluntas,
874 1550 971 1588 nec
1018 1533 1152 1587 falsa
1208 1533 1494 1600 promissio
1522 1573 1538 1599 ,
1595 1547 1783 1587 omnes
1810 1532 1897 1585 isti
1942 1532 2013 1586 de

423 1628 619 1696 quibus
648 1627 764 1683 haec
818 1629 1074 1698 praedicta
1120 1637 1275 1692 sunt,
1308 1628 1426 1681 sine
1474 1627 1793 1696 cujusquam
1849 1641 2009 1681 exce-

423 1719 609 1787 ptione
638 1718 933 1773 salvantur.
970 1720 1071 1773 Dat
1099 1719 1242 1772 enim
1272 1718 1420 1786 leges
1462 1732 1590 1772 suas
1632 1727 1653 1756 ε
1704 1718 1757 1771 in
1790 1730 2008 1771 sensum

2114 526 2350 577 minum:
2396 526 2517 595 quia
2566 543 2739 581 omnes
2767 539 3070 597 cognoscent
3094 544 3173 580 me
3213 545 3245 582 a
3287 527 3477 596 pusillo
3521 544 3694 583 eorum

2113 621 2359 683 usquead
2405 633 2649 690 magnum
2697 618 2831 688 (λεν.
2883 635 3028 682 xxxr,
3083 618 3195 688 54).
3252 619 3695 674 Reconciliandos
3755 685 3761 690 _

2113 708 2382 776 promisit,
2411 709 2501 777 qui
2531 708 2699 764 dixit:
2739 709 3005 781 Pr0pitius
3038 728 3126 765 ero
3157 710 3171 761 i
3210 712 3568 783 iniquitatibus
3605 731 3695 768 eo-

2112 817 2247 866 rum,
2280 811 2327 855 et
2355 813 2679 872 peccatorum
2729 819 2906 858 eorum
2957 821 3147 858 memor
3196 823 3299 859 non
3353 822 3439 861 ero
3486 808 3696 877 (lbid.).

2113 891 2437 947 Obedituros
2467 894 2717 963 promisit
2741 894 2833 964 qui
2859 894 3029 949 dixit:
3064 895 3203 949 Dabo
3239 896 3348 950 illis
3393 898 3528 950 viam
3571 901 3701 952 alte-

2111 1001 2223 1035 ram
2241 993 2288 1037 et
2318 999 2405 1036 cor
2436 985 2602 1053 aliud,
2626 994 2680 1038 ut
2709 986 2919 1038 timeant
2947 1001 3026 1039 me
3050 1002 3222 1039 omnes
3239 987 3347 1040 dies
3367 985 3553 1057 (Ibid..
3580 990 3699 1059 35).

2113 1075 2567 1129 Perseveraturos
2599 1078 2843 1144 promisit
2887 1078 2975 1146 qui
3025 1077 3189 1132 dixit:
3240 1078 3495 1132 Timorem
3532 1096 3701 1137 meum

2114 1167 2247 1220 dabo
2275 1168 2329 1220 in
2353 1183 2441 1219 cor
2462 1182 2661 1233 eorum,
2693 1184 2755 1221 ne
2780 1168 3047 1221 discedant
3072 1185 3104 1222 a
3126 1184 3237 1232 me;
3279 1178 3325 1221 et
3353 1170 3568 1223 uisitabo
3592 1187 3697 1235 eos,

2112 1269 2165 1312 ut
2188 1260 2344 1313 bonos
2365 1276 2450 1314 eos
2482 1261 2670 1329 faciam
2697 1258 2886 1333 (Ibid.,
2911 1260 3001 1325 40,
3024 1260 3144 1330 41).
3174 1261 3478 1329 Postremo,
3507 1277 3701 1319 omnes

2111 1351 2231 1405 sine
2259 1350 2575 1420 enjusquam
2599 1351 2918 1418 exceptioae
2942 1348 2964 1386 ι
2997 1351 3241 1418 promisit
3271 1351 3363 1420 qui
3385 1350 3521 1406 dixit
3547 1369 3562 1405 :
3598 1351 3702 1408 Per

2112 1442 2467 1511 memetipsum
2506 1445 2658 1512 jura,
2689 1442 2788 1495 nisi
2825 1442 2955 1495 exist
2988 1443 3049 1496 de
3104 1458 3190 1495 ore
3241 1458 3350 1495 meo
3388 1443 3626 1512 justitia,
3659 1454 3706 1497 et

2111 1534 2261 1587 verba
2291 1550 2403 1587 mea
2434 1551 2534 1587 non
2583 1542 2902 1601 avertentur,
2933 1536 3073 1605 quia,
3108 1532 3233 1587 milii
3280 1535 3513 1601 ﬂectetur
3557 1550 3706 1589 omne

2112 1642 2268 1695 genu,
2298 1634 2343 1677 et
2367 1625 2690 1693 conﬁtebitur
2721 1626 2887 1679 omnis
2918 1624 3098 1698 lingua
3146 1623 3256 1680 Deo
3298 1623 3455 1697 (Isai.
3483 1641 3604 1692 xu,
3635 1626 3708 1679 2.3

2114 1715 2265 1787 seq.).
2298 1716 2396 1771 llic
2409 1718 2453 1770 si
2478 1716 2722 1771 dicamus
2752 1730 2858 1771 non
2888 1716 3003 1771 ﬁeri
3026 1716 3170 1786 quod
3200 1716 3338 1771 Deus
3362 1716 3559 1786 juravit
3584 1732 3707 1771 esse

423 1812 687 1879 ipsorum,
721 1826 919 1881 easque
949 1812 1004 1864 in
1039 1811 1291 1864 cordibus
1322 1825 1509 1863 eorum
1543 1808 1710 1878 digito
1745 1824 1846 1864 suo
1875 1809 2008 1862 scri-
2049 1794 2095 1854 Β
2123 1806 2452 1872 faciendum,
2505 1808 2794 1862 falsitatem
2836 1808 2944 1862 Deo
2975 1806 3139 1877 (quod
3172 1804 3354 1877 absit),
3404 1817 3461 1861 et
3487 1808 3707 1861 menda-

422 1902 613 1967 bit;'ut
643 1902 969 1972 agnitionem
1001 1901 1113 1965 Dei,
1146 1918 1251 1955 non
1278 1900 1539 1956 doctrina:
1559 1899 1809 1955 humanm
1823 1915 2011 1966 opere,

423 1994 519 2049 sed
545 1994 853 2064 magisterio
883 1994 1079 2048 summi
1116 1993 1405 2047 eruditoris
1438 1992 1725 2061 accipiant.
1761 1990 1895 2055 Quia
1927 2007 2015 2043 no-

423 2101 522 2155 que
550 2085 638 2154 qui
678 2086 899 2154 plantat,
931 2100 1090 2152 neque
1115 2085 1198 2149 qui
1241 2084 1375 2153 rigat
1400 2092 1475 2136 est
1518 2082 1758 2151 aliquid;
1796 2084 1885 2134 sed
1926 2083 2014 2151 qui

424 2175 797 2229 incrementum
821 2175 908 2227 dat
940 2172 1076 2228 Deus
1096 2174 1139 2244 (l
1166 2172 1285 2227 Cor.
1322 2187 1401 2239 ιιι,
1439 2171 1515 2243 7).
1546 2172 1747 2227 Omnes
1774 2171 1828 2225 hi
1858 2189 1891 2225 a
1920 2189 2015 2240 pu-

425 2266 547 2321 sillo
577 2282 736 2337 usque
768 2264 837 2320 ad
866 2282 1105 2335 magnum
1132 2261 1156 2301 ά
1182 2272 1493 2336 cognoscunt
1523 2263 1682 2316 Deum
1724 2278 1742 2317 :
1788 2262 1909 2333 quia
1957 2272 2016 2316 ut

426 2362 675 2415 venirent
694 2358 761 2414 ad
799 2357 1098 2422 Christum,
1140 2373 1173 2411 a
1198 2356 1357 2411 Patre
1397 2355 1682 2410 audierunt
1718 2364 1881 2423 atque
1933 2354 2015 2409 di-

426 2453 714 2518 dicarunt;
742 2462 765 2488 ο
797 2466 986 2505 omnes
1014 2450 1194 2505 educti
1224 2451 1291 2503 ab
1320 2464 1529 2514 errore,
1557 2448 1724 2520 859
1767 2447 2012 2517 dirigun-

429 2544 733 2600 tus'inviam
756 2545 908 2606 vitae;
929 2542 1196 2608 omnibus,
1215 2540 1377 2595 corde
1403 2548 1632 2606 mutato,
1657 2551 1802 2595 reeta
1823 2553 2014 2607 sapere

426 2647 481 2690 et
513 2646 657 2690 recta
679 2636 821 2690 velle
850 2635 1111 2698 donatur;
1137 2634 1389 2688 omnibus
1425 2633 1606 2700 timor,
1637 2647 1746 2703 quo
1772 2630 1825 2686 in
1857 2647 2011 2686 man-

425 2729 567 2783 datis
591 2729 687 2783 Dei
723 2726 1103 2793 ‘erudiantur,
1139 2727 1414 2781 inseritur.
1447 2726 1531 2781 Fit
1572 2730 1623 2780 in
1655 2726 1875 2781 deserto
1906 2726 2011 2790 via,

372 2868 377 2871 _
429 2812 457 2865 Ii
485 2827 544 2873 et
569 2828 711 2872 terra
733 2817 884 2872 arida
917 2818 1228 2871 ﬂuminibus
1258 2816 1542 2886 irrigatur:
1573 2826 1631 2870 ut
1659 2817 1750 2886 qui
1773 2818 1923 2885 pri-ts
1944 2816 2011 2870 ad

425 2908 791 2964 conﬁtendum
826 2910 990 2962 Deum
1022 2922 1084 2962 os
1113 2923 1217 2962 non
1238 2907 1580 2977 aperiebant,
1609 2915 1666 2962 et
1695 2908 1840 2963 velut
1868 2914 2012 2961 muta

424 3012 585 3071 atque
610 3000 997 3055 irrationabilia
1024 2999 1276 3053 animalia
1305 2999 1356 3053 in
1389 2998 1656 3052 feritatem
1688 2997 2017 3051 transierant

424 3094 721 3149 bestiarum
755 3091 911 3166 (Isai.
943 3106 1091 3157 sun,
1140 3091 1261 3161 19);
1317 3090 1624 3146 divinorum
1671 3087 2010 3159 eloquiorum

424 3181 1010 3251 fontibushmundati,
1058 3183 1383 3238 benedicaut
1433 3190 1490 3238 et
1544 3182 1762 3237 laudent
1813 3182 2011 3246 Deum,

425 3282 744 3332 enarrantes
790 3274 1013 3330 virtutes
1061 3286 1113 3329 et
1147 3274 1413 3331 mirabilia
1454 3274 1843 3331 misericordiae
1873 3273 2011 3340 ejus,

426 3367 516 3437 qui
546 3367 708 3436 elegit
729 3381 848 3434 eos,
878 3375 935 3422 et
963 3367 1018 3422 in
1065 3367 1210 3422 ﬁlios
1253 3368 1554 3439 ad0ptavit,
1584 3383 1648 3424 ac
1674 3370 1799 3423 novi
1827 3368 2016 3422 Testa-

428 3457 604 3509 mcnti
628 3456 758 3511 fecit
788 3457 1053 3511 haeredes.
1086 3456 1142 3511 Si
1176 3466 1382 3521 autem,
1420 3466 1480 3510 ut
1513 3457 1808 3526 Apostolus
1836 3458 2013 3526 loqui-

434 3557 547 3607 tur,
580 3550 803 3602 ltominis
833 3547 1208 3606 conﬁrmatum
1238 3556 1609 3601 testamentum
1637 3565 1787 3601 nemo
1814 3550 2014 3618 spernit

429 3648 524 3693 aut
551 3641 927 3711 superordinat
956 3637 1098 3710 (Gal.
1134 3649 1215 3704 ιιι,
1246 3638 1358 3708 iii),
1387 3639 1663 3709 quomodo
1695 3640 1811 3695 ﬁeri
1838 3650 2017 3710 potest

425 3739 483 3783 ut
510 3743 577 3783 ex
603 3729 710 3786 ulla
745 3740 897 3801 parte
924 3731 1107 3788 divina
1138 3733 1427 3803 promissio
1475 3736 1819 3791 resolvatur?

500 3818 679 3875 Manet
703 3836 928 3892 prorsus
951 3830 1010 3879 et
1033 3824 1277 3894 quotidie
1320 3824 1574 3894 impletur
1595 3826 1737 3895 quod
1779 3826 2013 3882 Abrahae

426 3914 685 3969 Dominus
708 3916 826 3971 sine
856 3916 1166 3972 conditione
1190 3918 1455 3987 promisit,
1482 3918 1598 3973 sine
1623 3919 1740 3989 lege
1769 3919 2011 3975 donavit.

424 4005 559 4068 Quia
583 4006 682 4059 etsi
714 4007 929 4074 quidam
961 4009 1156 4075 quibus
1196 4008 1313 4063 haec
1357 4006 1375 4045 ί
1418 4010 1705 4077 prtedicata
1730 4021 1877 4079 sunt,
1905 4028 2011 4067 non

425 4095 1132 4162 crediderunt,incredulitas
1144 4114 1319 4153 eorum
1334 4100 1489 4167 ﬁdem
1506 4100 1601 4155 Dei
1615 4117 1716 4155 non
1731 4104 2009 4157 evacuabit.

428 4184 520 4238 Est
543 4187 673 4240 enim
695 4184 834 4241 Deus
856 4204 1031 4251 uerax,
1049 4190 1211 4243 omnis
1231 4198 1403 4244 autem
1423 4190 1573 4246 homo
1595 4193 1817 4248 mendas:
1834 4193 2011 4266 (Rom.

425 4292 506 4341 nt,
555 4278 633 4347 ὅ).
669 4277 735 4332 Ει
761 4278 837 4333 illi
861 4280 1077 4348 quidem
1107 4281 1197 4349 qui
1252 4281 1437 4336 audito
1469 4283 1762 4353 Evangelio
1790 4287 2015 4342 credere

424 4368 740 4435 noluerunt,
768 4370 1249 4426 inexcusabiliores
1304 4372 1428 4427 lacti
1461 4383 1588 4429 sunt
1631 4391 1792 4445 quam
1830 4378 1872 4431 si
1898 4378 2014 4432 nul-

424 4461 530 4514 lum
563 4462 893 4530 praeconium
918 4463 1165 4519 veritatis
1219 4465 1499 4521 audissent
1534 4485 1546 4521 :
1572 4468 1666 4523 sed
1697 4481 1903 4525 certum
1931 4484 2012 4527 est

422 4567 519 4605 eos
544 4554 685 4622 apud
716 4555 1106 4623 prmscientiam
1133 4555 1225 4609 Dei
1248 4556 1482 4612 Abraha:
1523 4559 1659 4615 lilios
1690 4576 1793 4615 non
1824 4560 2011 4628 fuisse,

424 4658 525 4697 nec
548 4646 602 4698 in
632 4644 845 4699 illorum
874 4656 1021 4701 sorte
1069 4658 1400 4715 numeratos,
1451 4650 1521 4705 de
1570 4652 1766 4721 quibus
1808 4653 2011 4709 dictum

422 4745 549 4790 est:
596 4734 972 4792 Benedicenﬂtr
1001 4740 1054 4793 in
1103 4744 1293 4795 semine
1343 4753 1429 4797 tuo
1461 4761 1632 4799 omnes
1678 4745 1837 4799 tribus
1863 4757 2013 4802 terrte

393 4830 577 4911 _(Gen.
631 4848 795 4889 xxvm
824 4874 864 4923 ,.
900 4834 1040 4923 μ’).
1124 4836 1439 4893 Credituros
1469 4840 1613 4894 enim
1647 4842 1893 4908 promisit
1918 4844 2011 4913 qui

420 4924 579 4977 dixit:
616 4921 682 4977 Et
705 4939 807 4978 non
835 4911 1030 4980 docebit
1063 4930 1409 4999 unusquisque
1434 4932 1725 4998 proximum
1760 4911 2007 4998 suum,et

490 5136 517 5199 ξι
545 5126 648 5199 bis.
679 5122 1005 5199 Cgmberon.
1028 5129 1478 5199 et_edit.Leonis,
1501 5134 1758 5191 oriuntur.

489 5196 678 5251 szs.
712 5195 902 5253 Camb.
936 5208 989 5252 et
1016 5196 1124 5252 Jol.
1158 5207 1213 5255 et
1240 5201 1369 5255 edit.
1406 5195 1627 5266 Leonis,
1668 5205 1769 5258 Per
1800 5218 2007 5261 memet-

419 5270 589 5389 ipsittm
608 5269 756 5337 jura,
812 5268 913 5322 nisi
946 5269 1099 5325 exiet.
1132 5268 1257 5336 Alii,
1285 5269 1390 5325 Per
1418 5274 1669 5343 meipsunt
1707 5279 1859 5347 juro,
1911 5278 2012 5331 nisi

419 5354 483 5391 ex
504 5348 570 5391 et.

417 5354 654 5479 ωξιὶιις.
680 5407 868 5462 Lamb.
894 5418 946 5464 et
977 5409 1107 5465 edit.
1137 5410 1329 5479 Leon.,
1360 5412 1415 5466 in
1445 5429 1619 5467 sensu.

489 5476 517 5516 (³
548 5480 646 5551 Ms.
680 5479 810 5546 101.,
835 5492 1161 5551 cognoscent.

499 5560 522 5586 ο
551 5550 784 5624 Quidam
839 5550 921 5624 vir
969 5552 1158 5606 doctus
1205 5555 1503 5623 suSpicalus
1550 5564 1632 5609 est
1683 5555 2007 5624 legendum,

423 5634 601 5693 omnes
620 5621 807 5683 edocti,
831 5619 894 5693 ab
923 5634 1093 5693 errore
1122 5619 1436 5693 diriguntur.

501 5689 520 5728 ί
555 5690 681 5766 Mss.
694 5692 952 5766 patuluet
970 5689 1490 5766 Jol.,custorliantur,
1515 5708 1569 5752 et
1591 5705 1736 5753 recte
1761 5697 2003 5766 quidem.

500 5766 521 5807 ε
552 5760 631 5819 Ms
684 5760 813 5816 Jol..
839 5769 882 5815 el
916 5770 1017 5815 tota
1054 5765 1221 5818 arida.

2117 1902 2263 1955 cium
2288 1899 2612 1955 ascribimus
2657 1899 2891 1955 veritati.
2924 1898 2980 1955 Si
3007 1909 3207 1963 autem,
3241 1907 3300 1953 ut
3346 1899 3519 1968 pietas
3547 1898 3708 1953 ﬁdes—

2115 2005 2221 2057 que
2272 1989 2618 2058 persuadent,
2674 1988 2772 2044 Dei
2826 1990 2991 2044 verba
3045 2004 3151 2044 non
3198 1988 3483 2053 excidunt,
3540 1999 3595 2044 et
3646 1988 3707 2042 ﬁt

2116 2082 2339 2150 omnino
2373 2080 2515 2149 quod
2550 2080 2780 2146 statuit,
2812 2081 3083 2149 quomodo
3131 2080 3285 2136 nobis
3333 2082 3543 2135 veracis
3583 2097 3708 2150 pro-

2118 2172 2388 2226 missionis
2411 2171 2639 2229 ﬁrmitas
2662 2173 2964 2242 apparebit,
3012 2188 3134 2229 cum
3184 2175 3348 2228 multa
3379 2173 3559 2230 adhuc
3606 2174 3707 2228 ho-

2115 2260 2319 2316 minmn
2366 2262 2534 2317 millia
2565 2262 2847 2318 daemoniis
2875 2263 3135 2331 serviant,
3166 2272 3222 2317 et
3256 2262 3413 2317 idolis
3437 2278 3578 2332 genu
3605 2263 3705 2319 ﬂe-

2115 2355 2303 2409 ctant?
2327 2354 2438 2409 Nisi
2465 2355 2773 2425 hujusmodi
2810 2355 3251 2411 denuntiationes
3282 2356 3378 2411 Dei
3406 2357 3702 2411 secundum

2115 2447 2263 2501 illam
2292 2448 2791 2504 incommutabilem
2830 2449 3110 2504 scientiam
3154 2449 3327 2503 editas
3367 2450 3700 2516 noverimus,

2116 2536 2170 2590 in
2202 2553 2303 2606 qua
2329 2538 2470 2607 apud
2510 2538 2660 2593 illum
2689 2539 2801 2608 jam
2832 2540 3154 2595 universitas
3185 2539 3416 2595 humana
3470 2540 3701 2595 discreta

2117 2636 2220 2695 est,
2248 2630 2435 2685 etsive
2462 2630 2531 2684 de
2552 2630 2729 2695 bonis,
2765 2630 2879 2685 sive
2922 2630 2990 2685 de
3015 2631 3171 2685 malis
3216 2630 3387 2701 860
3430 2632 3696 2697 loquatur,

2117 2724 2189 2777 ita
2221 2724 2376 2778 unius
2424 2726 2592 2793 partis
2644 2726 2909 2790 meminit,
2938 2728 3088 2795 quasi
3120 2724 3390 2781 neminem
3425 2726 3700 2779 hominum

2118 2814 2512 2883 praetermittat.
2529 2814 2660 2868 Nam
2678 2829 2799 2869 cum
2823 2815 2951 2870 dicit
2974 2815 3293 2885 Apostolus:
3327 2815 3511 2870 Vetera
3534 2826 3705 2869 trans-

2114 2908 2301 2971 ierunt,
2330 2921 2444 2960 ecce
2471 2910 2608 2975 facta
2651 2918 2769 2960 sunt
2802 2908 2972 2961 omnia
3016 2924 3145 2962 nova
3193 2907 3281 2973 (11
3334 2906 3452 2961 Cor.
3486 2924 3535 2973 v,
3580 2907 3700 2978 17);

2118 3002 2382 3072 numquid
2428 3017 2535 3057 non
2564 3017 2754 3057 omnes
2784 3002 3029 3058 homines
3052 3002 3264 3057 videtur
3290 3001 3493 3057 dixisse
3540 3018 3703 3057 reno-

2119 3106 2272 3151 vatos
2292 3096 2313 3150 1
2334 3096 2442 3151 Aut
2466 3111 2586 3150 cum
2611 3094 2769 3151 dicit:
2800 3096 2933 3162 Quia
2954 3098 3005 3149 in
3032 3097 3144 3166 ipso
3170 3094 3477 3165 complacuit
3502 3111 3703 3149 omnem

2120 3188 2490 3261 plenitudinem
2520 3188 2768 3253 habitare,
2800 3198 2846 3243 et
2877 3206 2965 3260 per
2994 3186 3159 3259 ipsum
3184 3187 3505 3242 reconciliari
3528 3188 3701 3242 omnia

2120 3281 2173 3333 in
2200 3281 2313 3349 ipso
2346 3277 2566 3348 (Coloss.
2595 3293 2639 3347 ι,
2685 3278 2807 3344 19);
2842 3277 2861 3315 1
2894 3278 3152 3349 numquid
3180 3293 3289 3333 non
3320 3278 3388 3332 ita
3440 3277 3700 3346 loquitur,

2117 3370 2273 3441 quasi
2302 3371 2570 3426 neminem
2609 3370 2738 3425 velit
2768 3380 3040 3425 exsortem
3071 3370 3230 3440 hujus
3253 3369 3706 3425 reconciliationis

2116 3463 2382 3532 intelligi?
2407 3464 2511 3518 Aut
2540 3478 2662 3517 cum
2689 3462 2793 3517 ait:
2820 3462 2875 3517 Ν
2880 3463 3127 3517 ovissimis
3153 3464 3262 3516 istis
3288 3462 3467 3516 diebus
3505 3461 3705 3514 locutus

2117 3567 2189 3610 est
2219 3554 2363 3609 nobis
2389 3554 2441 3608 in
2457 3552 2618 3618 Filio,
2642 3570 2788 3624 quem
2805 3556 3060 3608 constituit
3084 3553 3334 3609 ltwredem
3355 3556 3703 3607 universorum

2119 3645 2280 3718 (ch.
2313 3660 2354 3709 ι,
2384 3643 2473 3714 2);
2526 3645 2785 3714 numquid
2814 3646 2959 3700 aliud
3006 3655 3162 3701 sonat
3193 3645 3366 3701 forma
3397 3646 3696 3708 sententiae,

2117 3754 2280 3809 quam
2306 3751 2496 3791 omnes
2520 3736 2766 3791 homines
2791 3737 2845 3790 in
2886 3736 3085 3792 Christi
3139 3736 3455 3791 hmreditate
3484 3752 3510 3788 a
3540 3735 3701 3791 Patre

2118 3844 2240 3886 esse
2262 3829 2638 3897 transcriptos,
2663 3828 2959 3884 secundum
2992 3828 3327 3897 prophetiam
3369 3828 3534 3881 David
3559 3867 3575 3891 ,
3620 3828 3697 3880 di-

2118 3921 2291 3977 centis
2317 3938 2329 3972 :
2366 3918 2586 3974 Postula
2608 3935 2641 3973 a
2669 3935 2769 3987 me,
2789 3926 2836 3974 et
2865 3920 2997 3973 dabo
3026 3920 3116 3973 tibi
3143 3928 3315 3989 gentes
3346 3919 3692 3972 hereditatem

2118 4030 2280 4083 tuam,
2314 4027 2360 4073 et
2384 4016 2747 4086 possessionem
2795 4023 2933 4067 tuam
2979 4013 3218 4067 terminos
3260 4024 3407 4066 terra:
3438 4010 3606 4081 (Psal.
3639 4026 3698 4072 ιι,

2117 4111 2218 4181 8)?
2246 4111 2468 4165 Dicente
2491 4116 2532 4144 ω
2560 4116 2736 4161 autem
2784 4105 3010 4158 Domino
3047 4121 3059 4155 :
3094 4103 3157 4157 Si
3201 4103 3454 4157 exaltatus
3500 4102 3641 4171 {uero
3666 4118 3701 4153 α

2118 4214 2273 4268 terra,
2304 4202 2476 4256 omnia
2528 4201 2727 4253 traham
2755 4198 2824 4251 ad
2870 4213 2950 4250 me
2980 4195 3160 4268 (Joan.
3215 4211 3309 4263 xu,
3341 4196 3471 4264 3:2);
3524 4208 3664 4247 noun

2117 4295 2498 4349 universorum
2540 4290 2749 4345 videtur
2776 4287 3038 4357 promissa
3082 4287 3400 4342 conversio?
3436 4290 3541 4339 Aut
3579 4298 3702 4338 eum

2118 4385 2185 4440 de
2207 4384 2449 4439 Ecclesia
2480 4380 2831 4451 prophetatnr
2869 4388 2925 4434 et
2952 4379 3179 4433 dicitur:
3212 4377 3393 4431 Onmis
3434 4377 3580 4430 rallis
3619 4391 3701 4427 re-

2120 4478 2361 4545 plebitur,
2394 4486 2442 4530 et
2467 4476 2630 4530 omnis
2653 4490 2798 4528 mons
2825 4482 2873 4527 et
2900 4474 3047 4526 collis
3072 4470 3447 4532 humiliabitur,
3476 4478 3523 4522 et
3552 4478 3702 4521 erunt

2118 4584 2277 4640 prava
2302 4569 2355 4621 in
2375 4568 2590 4631 directa,
2624 4574 2670 4618 et
2691 4579 2874 4633 aspera
2902 4564 2954 4615 in
2982 4563 3089 4616 vias
3116 4565 3296 4630 planas
3323 4558 3456 4631 (Isa.
3490 4574 3576 4623 ιιι,
3603 4556 3659 4626 4)
3683 4574 3699 4623 ;

2120 4657 2377 4729 numquid
2397 4657 2540 4712 ullus
2568 4655 2847 4708 hominum
2870 4652 3085 4707 videtur
3106 4653 3366 4713 omissus,
3382 4651 3473 4718 qui
3501 4663 3607 4704 non
3631 4649 3707 4702 si-

2117 4751 2400 4822 gniﬁcatus
2427 4747 2731 4803 sitChristo
2760 4760 2881 4801 esse
2908 4744 3265 4800 subdendus?
3294 4742 3431 4810 Quid
3460 4757 3578 4796 cum
3615 4741 3702 4795 di-

2113 4847 2293 4900 citur:
2326 4842 2396 4896 Et
2416 4841 2577 4895 veniet
2598 4840 2760 4895 omnis
2799 4855 2922 4892 caro
2951 4839 3003 4891 in
3041 4847 3313 4905 conspectu
3355 4852 3485 4901 meo,
3514 4845 3566 4887 ut
3606 4835 3701 4887 ad-

2118 4944 2263 4991 orent
2287 4935 2341 4989 in
2361 4930 2675 4998 Jerusalem,
2706 4930 2830 4983 dicit
2852 4928 3106 4983 Dominus
3136 4926 3270 4999 (Isa.
3294 4942 3438 4991 LXVI,
3461 4926 3582 4996 18);
3614 4934 3705 4988 aut

2187 5132 2216 5173 ¹¹
2240 5135 2337 5189 Ms.
2364 5134 2494 5197 10L,
2519 5132 2775 5186 inundati.
2802 5127 3004 5184 Deinde
3030 5127 3180 5192 editi,
3208 5125 3506 5197 benedicunt
3522 5126 3709 5197 ctluu-

2117 5205 2264 5259 dant.
2296 5205 2394 5259 Ms.
2425 5194 2531 5258 .Iol.
2564 5212 2620 5257 et
2642 5217 2803 5270 opera
2833 5200 3050 5270 LcOuis.
3082 5199 3379 5270 benedicant
3403 5205 3451 5270 et
3474 5194 3709 5246 laudent.

2196 5273 2212 5311 ί
2252 5276 2352 5330 Ms.
2386 5275 2596 5338 Camb.,
2626 5264 2874 5343 praedicta
2891 5285 2912 5334 ;
2932 5281 2984 5325 et
3006 5269 3161 5334 inira,
3182 5264 3511 5321 incredulitas
3536 5275 3710 5318 tamen

2117 5362 2309 5399 eorum.

2199 5415 2213 5466 i
2254 5419 2349 5469 Ms.
2381 5414 2488 5471 Jol.
2517 5412 2665 5468 addit
2685 5411 2941 5467 omnibus.

2204 5485 2224 5523 ι
2254 5486 2414 5540 Forte
2439 5484 2766 5548 addendum,
2791 5482 2887 5536 sibi
2912 5479 3257 5534 obsecuturos.

2197 5554 2213 5593 ι
2248 5555 2304 5609 ιιι
2335 5570 2435 5610 ms.
2467 5556 2571 5610 .lol.
2602 5553 2756 5609 deest
2810 5552 2899 5605 hic
2945 5550 3213 5619 numquid.
3253 5548 3384 5603 Post
3411 5562 3575 5617 pauca
3608 5558 3708 5615 pro

2116 5636 2387 5689 exsortem,
2419 5625 2743 5679 Cumberon.
2778 5638 2880 5676 ms.
2901 5662 2913 5681 ,
2938 5631 3209 5674 extorrem.

2190 5705 2227 5732 ω
2250 5696 2339 5750 Sic
2356 5683 2497 5776 _inss.
2531 5694 2717 5751 Catnb.
2748 5702 2803 5750 et
2832 5692 2933 5749 Jol.
2967 5701 3021 5747 et
3051 5692 3180 5748 edit.
3213 5687 3425 5747 Leonis.
3448 5687 3576 5754 Alii,
3602 5683 3705 5742 Di-

2122 5777 2440 5823 ccnte’cttttn.
