4040 6178
357 203 463 258 tibi

1256 208 1343 263 DE
1386 206 1773 263 VOCATIONE
1815 204 2078 261 OMNIUM
2120 207 2430 265 GENTIUM
2471 207 2672 264 LIBER
2711 210 2747 264 Ι.

3540 216 3605 271 ὀῧ
3616 216 3643 270 Ξ

357 316 538 370 illud:
594 316 656 370 Et
683 318 778 371 erit
807 318 859 371 in
888 318 1066 373 diebus
1093 320 1217 384 illis,
1243 318 1509 386 effundam
1533 318 1596 370 de
1619 316 1822 383 Spiritu
1853 330 1961 367 meo
1989 318 2041 375 Α
2067 315 2281 370 dicens:
2314 317 2704 372 Ducam'ca'cos
2734 319 2787 371 in
2822 318 2957 372 viam
2994 336 3142 390 quam
3170 337 3270 375 non
3298 334 3562 389 noverunt,
3593 334 3644 378 et

356 423 529 478 super
557 424 756 462 onmem
782 426 988 464 carnem
1024 409 1159 479 (Joel
1204 426 1261 473 tt,
1294 410 1386 479 28)
1418 418 1546 467 ;aut
1576 408 1702 462 illud
1728 406 1961 459 :Allevat

358 497 627 553 Dominus
669 518 841 554 omnes
869 504 958 567 qui
1006 510 1269 565 corruunt,
1309 510 1356 552 et
1400 501 1549 570 erigit
1597 514 1770 553 omnes
1807 497 1960 550 elisos

361 588 485 661 (Ps.
517 605 693 656 cxuv,
729 589 861 661 tt)?
888 591 1144 661 numquid
1175 606 1280 644 non
1315 591 1385 643 ita
1417 590 1822 659 pronuntiatum
1851 594 1955 654 est,

354 683 524 750 quasi
553 682 620 734 ab
651 682 751 736 hoc
782 682 880 735 Dei
909 698 1130 736 munere
1156 695 1315 734 nemo
1343 680 1609 734 discretus
1640 679 1745 732 sit?

434 772 614 826 liabet
658 788 787 842 ergo
817 774 1046 843 populus
1090 771 1187 825 Dei
1235 770 1621 840 plenitudinem
1654 784 1852 824 suam:
1901 779 1956 823 et

314 862 319 877 ‘
352 864 613 933 quamvis
638 880 829 934 magna
859 880 981 933 pars
1013 863 1290 918 hominum
1315 863 1574 917 salvantis
1607 860 1834 931 gratiam
1863 870 1955 914 aut

348 956 589 1024 repellat
619 965 710 1009 aut
736 955 991 1024 negligat,
1035 956 1085 1008 in
1134 954 1323 1009 electis
1353 962 1527 1007 tamen
1560 960 1615 1005 et
1665 951 1948 1020 praescius,

346 1056 525 1115 atque
551 1047 619 1100 ab
641 1049 880 1101 omn?um
907 1044 1497 1114 generaliterdiscretis
1523 1042 1770 1111 specialis
1799 1057 1948 1111 qua:-

346 1136 486 1191 dam
532 1146 783 1192 censetur
825 1138 1178 1203 universitas,
1227 1146 1282 1190 ut
1322 1136 1388 1190 de
1418 1144 1529 1189 toto
1579 1133 1778 1189 mundo
1809 1142 1949 1189 totus

344 1226 590 1281 mundus
618 1228 898 1293 liberatus,
925 1236 979 1282 et
1016 1227 1082 1281 de
1113 1227 1363 1281 omnibus
1395 1224 1703 1280 hominibus
1750 1239 1942 1280 omnes

343 1318 615 1371 homines
652 1318 941 1373 videantur
987 1320 1267 1387 assumpti.
1312 1318 1458 1373 Sicut
1513 1318 1675 1372 etiam
1725 1332 1846 1371 cum
1880 1318 1948 1371 de

341 1410 535 1485 impiis
562 1425 740 1464 sermo
771 1420 875 1477 est,
908 1412 979 1464 ita
1006 1410 1335 1464 locutionem
1358 1424 1509 1463 suam
1533 1409 1748 1462 divinus
1775 1408 1946 1478 stylus

337 1503 591 1568 ordinat,
621 1511 679 1557 ut
709 1518 767 1556 ea
797 1518 917 1572 qua:
970 1502 1039 1557 de
1093 1502 1323 1570 quadam
1362 1512 1516 1570 parte
1554 1500 1826 1564 dicuntur,
1876 1498 1943 1551 ad

339 1607 545 1647 omnes
573 1593 819 1647 homines
846 1591 1117 1660 pertinere
1141 1591 1456 1646 videantur:
1487 1589 1650 1644 veluti
1683 1600 1766 1644 est
1811 1588 1941 1642 illud

2064 409 2269 460 semitas
2296 424 2420 478 quas
2452 412 2678 463 nesciunt
2709 410 2999 467 calcabant.
3024 412 3089 466 Et
3118 416 3140 444 ⁸
3158 415 3347 481 facium
3375 416 3477 468 illis
3506 427 3643 473 tene-

2064 498 2177 553 bras
2204 500 2256 552 in
2273 498 2457 558 lucem.
2489 512 2722 571 etprava
2744 505 2798 556 in
2825 504 3073 558 directum
3115 505 3244 560 Illac
3264 509 3411 560 verba
3430 510 3640 578 faciam,

2060 598 2106 642 et
2136 607 2236 642 non
2266 591 2613 661 derelinquam
2640 610 2726 647 eos
2757 592 2894 662 (Isa.
2923 612 3055 663 xui,
3093 598 3207 665 16).
3249 599 3354 654 Sed
3384 602 3523 669 quod
3555 618 3641 657 se-

2058 680 2259 749 quitur,
2291 680 2407 749 Ipsi
2454 692 2627 738 autem
2671 688 2903 740 conversi
2945 696 3064 742 sunt
3108 697 3274 757 retro,
3322 691 3388 744 ad
3432 701 3640 760 partem

2058 772 2345 839 quamdam
2398 776 2611 843 generis
2651 780 2890 846 ipsorum
2942 780 3277 835 referendum
3306 792 3408 847 est,
3439 800 3547 839 non
3575 787 3641 839 ad

2056 875 2150 915 eos
2176 862 2243 915 de
2269 865 2465 933 quibus
2507 865 2604 933 ait,
2637 882 2738 920 non
2778 868 3127 940 derelinquam
3156 888 3261 924 eos.
3284 871 3482 928 iterum
3510 874 3641 929 dicit

2056 952 2311 1011 Dominus
2340 956 2406 1010 ad
2447 956 2636 1023 Jacob,
2677 958 2805 1013 Noli
2835 958 2854 997 ί
2887 971 3130 1027 metuere,
3165 964 3285 1032 quia
3312 973 3470 1018 tecum
3500 983 3633 1019 sum.

2053 1043 2129 1097 Ab
2162 1046 2368 1099 Oriente
2404 1050 2661 1101 adducam
2702 1066 2870 1104 semen
2900 1062 3063 1119 tuum,
3099 1064 3143 1107 et
3173 1056 3235 1107 ab
3272 1071 3455 1109 occasu
3484 1057 3637 1110 colli-

2049 1153 2167 1207 gam
2191 1148 2255 1191 te.
2283 1138 2462 1192 Dicam
2487 1140 2751 1209 Aquiloni,
2775 1143 2979 1208 Adduc,
2996 1154 3044 1199 et
3065 1145 3259 1215 Africo,
3288 1144 3414 1200 Noli
3436 1159 3635 1210 uelare;

2049 1228 2222 1281 adduc
2250 1229 2386 1296 ﬁlios
2418 1246 2553 1283 meos
2579 1231 2643 1285 de
2679 1241 2815 1286 terra
2858 1235 3154 1305 longinqua,
3185 1246 3234 1289 et
3273 1236 3412 1306 ﬁlias
3440 1254 3575 1292 meas
3604 1256 3636 1291 a

2047 1335 2246 1372 summo
2292 1329 2468 1388 terra,
2515 1337 2688 1376 omnes
2726 1322 2780 1376 in
2820 1323 3001 1393 quibus
3049 1335 3283 1379 vocatum
3331 1335 3405 1381 est
3453 1344 3635 1381 nomen

2048 1426 2240 1463 meum.
2274 1408 2341 1464 In
2374 1411 2597 1482 gloriam
2628 1413 2763 1465 enim
2793 1431 2955 1468 meam
3002 1417 3182 1486 paravi
3225 1416 3394 1482 illum,
3428 1427 3476 1472 et
3507 1420 3636 1480 ﬁnxi

2048 1511 2091 1554 et
2111 1503 2205 1569 feci
2242 1501 2392 1555 illum
2421 1501 2580 1572 (Isai.
2608 1519 2764 1568 xutt,
2811 1500 2950 1576 5-7).
2974 1505 3128 1571 Quod
3160 1515 3337 1562 autem
3362 1508 3632 1578 sequitur.

2050 1591 2115 1644 Et
2138 1593 2357 1660 produxi
2386 1594 2577 1663 plebem
2601 1609 2811 1658 caecam,
2852 1602 2902 1648 et
2946 1596 3083 1649 oculi
3112 1613 3287 1651 eorum
3316 1609 3433 1652 sunt
3479 1603 3623 1663 σακε,

337 1683 491 1752 quod
526 1684 602 1738 ait
626 1685 861 1739 Joannes
887 1684 1126 1754 Baptista
1166 1701 1179 1736 :
1212 1683 1313 1747 Qui
1341 1682 1406 1736 de
1434 1683 1560 1737 caelo
1590 1681 1743 1745 venit,
1794 1696 1946 1751 super
1979 1684 2021 1744 Β
2050 1693 2094 1736 et
2120 1684 2305 1737 surdas
2344 1700 2495 1738 aures
2523 1684 2742 1751 habent;
2770 1700 2879 1743 non
2924 1696 3099 1755 potest
3145 1689 3225 1743 eis
3271 1688 3378 1742 ulla
3425 1692 3633 1745 ratione

337 1792 520 1830 omnes
550 1788 658 1831 est:
680 1780 818 1848 quod
845 1778 967 1831 vidit
996 1786 1043 1830 et
1069 1777 1263 1830 audivit
1294 1776 1617 1845 testificatur,
1648 1784 1696 1829 et
1719 1776 1944 1829 testimo-

337 1870 486 1921 nium
512 1872 625 1940 ejus
652 1886 797 1924 nemo
821 1870 1005 1939 accipit
1028 1867 1204 1941 (Joan.
1239 1884 1317 1933 ιιι,
1345 1868 1460 1939 5‘2).
1502 1867 1605 1922 Aut
1635 1866 1767 1921 illud
1802 1869 1941 1935 Apo-

336 1959 468 2013 stoli
501 1977 516 2013 :
554 1959 739 2013 Omnes
765 1976 878 2028 quae
911 1976 1005 2013 sua
1036 1968 1292 2028 quaerunt,
1321 1974 1421 2012 non
1451 1945 1567 2028 qua:
1593 1956 1722 2011 Jesu
1752 1953 1943 2011 Christi

338 2052 618 2121 (Philipp.
643 2068 705 2116 tt,
736 2052 849 2123 21).
885 2052 992 2106 Aut
1032 2053 1160 2105 illud
1204 2050 1347 2121 quod
1391 2051 1628 2119 psalmus
1658 2049 1941 2104 Davidicus

335 2146 487 2198 canit
507 2161 519 2194 :
548 2144 796 2197 Dominus
820 2143 883 2196 de
899 2143 1025 2198 caelo
1051 2143 1313 2212 prospexit
1331 2159 1485 2212 super
1498 2142 1634 2212 ﬁlios
1651 2142 1936 2210 hominum,

336 2246 390 2287 ut
413 2236 589 2288 videat
610 2236 654 2289 si
685 2244 757 2289 est
787 2236 1096 2305 intelligens,
1122 2244 1213 2290 aut
1239 2237 1506 2305 requirens
1535 2232 1720 2288 Deum.
1752 2233 1940 2287 Omnes

336 2328 755 2392 declinaverunt,
788 2327 941 2380 simul
962 2326 1165 2380 inutiles
1198 2326 1323 2395 {acti
1343 2335 1485 2391 sunt,
1520 2340 1622 2378 non
1644 2334 1718 2378 est
1743 2325 1831 2391 qui
1857 2329 1941 2393 fa-

338 2427 447 2474 ciat
479 2420 695 2486 bonum,
715 2436 817 2473 non
844 2429 916 2473 est
931 2430 1089 2487 usque
1108 2418 1176 2469 ad
1201 2434 1358 2471 unum
1388 2416 1561 2487 (Psal.
1582 2432 1695 2483 xm,
1721 2419 1754 2472 3
1780 2420 1933 2485 seq.).

338 2510 433 2565 ilis
458 2512 626 2581 igitur
652 2523 705 2566 et
732 2511 851 2565 aliis
880 2509 1240 2573 documentis,
1268 2523 1388 2578 quae
1410 2518 1635 2578 possunt
1665 2508 1733 2561 ab
1764 2508 1938 2576 inqui-

336 2602 592 2657 rentibus
628 2601 999 2656 numerosiora
1040 2598 1292 2669 prolerri,
1338 2614 1444 2652 non
1495 2598 1669 2652 dubie
1714 2598 1936 2652 demon-

338 2702 569 2760 stratur,
601 2694 763 2765 861
807 2692 1077 2747 interdum
1121 2700 1172 2746 et
1204 2706 1303 2760 pro
1347 2700 1499 2760 parte
1532 2698 1692 2745 terra:
1716 2705 1933 2744 omnem

340 2792 569 2846 terram,
597 2795 651 2838 et
690 2800 786 2853 pro
818 2797 968 2852 parte
1013 2782 1194 2836 mundi
1222 2790 1393 2836 totum
1431 2781 1713 2861 mundum,
1747 2791 1804 2835 et
1836 2796 1933 2849 pro

341 2883 497 2937 parte
544 2872 820 2927 hominum
854 2888 1043 2928 omnes
1074 2871 1318 2926 homines
1352 2872 1642 2939 nominari.
1692 2873 1930 2938 Quorum

339 2971 521 3017 tamen
548 2964 933 3018 discretionem
966 2964 1280 3032 plerumque
1302 2962 1575 3030 Scriptura
1608 2970 1634 3000 ι
1666 2964 1776 3017 cito
1804 2977 1932 3030 ape-

2047 1790 2367 1844 congruere,
2411 1790 2546 1845 quos
2575 1777 2626 1830 in
2654 1775 2885 1845 gloriam
2931 1790 3082 1831 suam
3115 1792 3335 1845 parasse
3375 1794 3435 1835 se
3478 1780 3629 1835 dicit.

2049 1866 2104 1918 In
2134 1863 2218 1919 his
2241 1865 2437 1934 quippe
2467 1865 2719 1921 omnibus
2748 1866 2950 1932 verbis,
2983 1884 3101 1937 qua:
3120 1869 3187 1923 de
3218 1884 3324 1923 uno
3354 1870 3637 1926 hominum

2045 1971 2242 2025 genere
2271 1956 2543 2024 dicuntur,
2565 1958 2685 2012 aliis
2712 1959 2956 2028 personis
2981 1960 3180 2028 priora,
3211 1961 3329 2014 aliis
3360 1963 3628 2032 posterio-

2046 2063 2101 2100 ra
2155 2049 2502 2103 conveniunt.
2550 2049 2705 2119 Apud
2757 2050 3075 2119 Apostolum
3126 2065 3342 2121 quoque
3392 2053 3532 2121 quod
3576 2054 3628 2107 in

2046 2148 2200 2207 parte
2229 2139 2405 2208 populi
2440 2141 2632 2209 agitur,
2678 2141 2778 2195 sub
2806 2142 2971 2196 totius
3000 2144 3181 2211 populi
3228 2146 3630 2214 nuncupatione

2044 2240 2311 2297 narratur,
2342 2241 2367 2279 Β
2394 2242 2449 2286 et
2478 2234 2531 2287 in
2563 2233 2801 2304 reliquiis
2850 2235 3127 2304 plenitudo
3166 2246 3437 2292 censetur.
3487 2237 3622 2292 Cum

2043 2324 2184 2377 enim
2208 2323 2373 2394 862
2402 2323 2469 2378 de
2497 2322 2805 2379 Judaaorum
2836 2325 3202 2381 obcmcatione
3231 2326 3541 2393 dissereret,
3576 2336 3629 2380 ct

2042 2414 2303 2480 quosdam
2353 2430 2420 2469 ex
2462 2413 2595 2484 ipsis
2629 2416 2802 2484 gratia
2829 2416 3007 2471 salvos
3040 2417 3155 2471 tieri
3197 2417 3626 2474 demonstraret:

2042 2502 2172 2557 Dico
2203 2521 2343 2575 ergo,
2387 2504 2581 2573 inquit,
2617 2504 2886 2577 Numquid
2906 2505 2934 2544 δ
2964 2508 3152 2578 repulit
3198 2506 3337 2561 Deus
3380 2508 3627 2579 populum

2039 2596 2227 2649 suum?
2270 2596 2432 2649 Absit.
2467 2595 2607 2650 Nam
2649 2607 2697 2651 et
2743 2613 2835 2668 ego
2864 2596 3105 2652 Israelita
3149 2615 3296 2665 sum,
3328 2615 3393 2653 ea:
3434 2602 3626 2653 semine

2041 2686 2322 2750 Abraham,
2354 2686 2416 2741 de
2442 2688 2577 2740 tribu
2602 2686 2914 2759 Benjamin:
2934 2705 3036 2741 non
3055 2688 3245 2759 repulit
3265 2686 3405 2742 Deus
3429 2689 3625 2760 plebem

2038 2795 2183 2831 suam
2206 2795 2357 2846 quam
2385 2780 2639 2850 prtescivit
2671 2779 2847 2847 (Rom.
2876 2795 2961 2847 ιι,
2992 2780 3045 2845 1,
3076 2781 3158 2851 2).

2110 2869 2267 2923 Plebs
2295 2884 2425 2939 ergo
2471 2872 2744 2940 praescita,
2789 2871 2939 2940 plebs
2969 2887 3074 2926 non
3118 2872 3355 2940 repulsa,
3404 2872 3457 2927 hi
3498 2884 3623 2928 sunt

2040 2965 2129 3034 qui
2176 2963 2229 3019 in
2275 2964 2495 3019 Christo
2538 2966 2817 3034 iustiﬁcati
2866 2976 3011 3019 sunt.
3067 2965 3133 3019 Et
3175 2965 3316 3035 quod
3362 2966 3429 3021 dc
3474 2968 3621 3021 omni

337 3052 427 3120 rit,
465 3063 530 3107 nt
558 3068 751 3108 sensus
778 3054 1004 3123 legentis
1036 3055 1104 3107 ab
1133 3053 1497 3106 universitatis
1537 3052 1921 3121 appellatione,
1957 3056 2001 3119 C
2036 3057 2229 3112 lsraele
2263 3057 2369 3110 dici
2400 3057 2635 3122 videtur,
2664 3057 2715 3111 in
2748 3056 2833 3112 his
2857 3065 3063 3112 tantum
3113 3071 3248 3127 quos
3292 3057 3393 3111 sibi
3438 3060 3622 3126 gratim

339 3143 402 3196 ad
449 3154 660 3212 partem
689 3160 808 3214 qua:
839 3143 1187 3214 intelligenda
1232 3153 1315 3197 est
1362 3142 1735 3198 transferatur.
1780 3142 1930 3199 Sicut

335 3246 416 3289 est
446 3236 585 3291 illud
616 3237 860 3307 Apostoli
895 3237 1123 3292 dicentis
1157 3254 1170 3290 :
1200 3235 1555 3290 Prtedicamus
1576 3235 1756 3290 Jesum
1782 3234 1931 3290 Chri-

336 3340 465 3381 stum
498 3331 829 3396 crucifixum,
857 3328 1058 3383 Iudaeis
1095 3330 1301 3400 quidem
1342 3328 1661 3394 scandalum,
1695 3329 1929 3397 gentibus

336 3432 503 3476 autem
530 3424 825 3486 stultitiam,
846 3425 971 3491 ipsis
990 3439 1111 3476 vero
1133 3421 1538 3477 vocatisJuda'is
1554 3434 1706 3492 atque
1732 3419 1927 3479 Graecis

337 3512 597 3569 Christum
620 3514 716 3568 Dei
744 3517 977 3568 virtutem
1001 3523 1049 3569 et
1078 3513 1176 3568 Dei
1195 3515 1499 3585 sapientiam
1528 3515 1571 3586 (ι
1600 3516 1717 3571 Cor.
1740 3534 1788 3583 ι,
1810 3518 1921 3583 25).

337 3603 607 3675 Numquid
626 3606 753 3677 ipsis
773 3606 797 3643 δ
822 3605 1165 3660 esthristus
1179 3607 1348 3659 virtus
1371 3606 1565 3674 quibus
1585 3609 1925 3673 scandalum,

341 3709 427 3750 aut
459 3698 595 3768 ipsis
617 3700 880 3765 sapientia
908 3699 1101 3767 quibus
1121 3698 1382 3752 stultitia?
1414 3697 1520 3753 Sed
1550 3699 1801 3767 quoniam
1817 3700 1929 3769 qni-

338 3786 453 3842 dam
491 3801 516 3828 ¢
552 3805 617 3844 ex
644 3790 773 3858 ipsis
792 3788 1365 3859 justiﬁcabanturﬂde,
1389 3789 1607 3859 quidam
1630 3800 1806 3845 autem
1829 3806 1924 3846 sua

339 3877 610 3947 impietate
631 3880 1066 3945 obdurabantur;
1082 3895 1246 3934 unum
1266 3879 1599 3935 credentium
1614 3889 1783 3936 etnon
1807 3898 1928 3938 cre-

338 3968 572 4024 dentium
604 3986 793 4040 genus,
815 3972 917 4025 sub
933 3980 1244 4026 vocatorum
1264 3972 1623 4041 appellatione
1637 3973 1920 4042 discrevit;

339 4069 393 4111 ut
427 4076 563 4130 quos
592 4077 620 4112 a
646 4062 750 4117 ﬁde
782 4077 808 4116 s
830 4062 1117 4131 gniﬁcabat
1146 4064 1371 4127 alienos,
1399 4078 1515 4127 eos,
1543 4065 1788 4133 quamvis
1826 4081 1922 4120 au-

340 4150 541 4210 dissent
561 4153 935 4224 EVangelium,
957 4155 1269 4211 ostenderet
1289 4156 1592 4211 vocationis
1613 4166 1919 4215 extraneos.

876 4272 879 4275 ’
957 4266 1183 4323 CAPUT
1224 4267 1293 4322 Χ.

344 4348 489 4417 Quod
512 4353 785 4431 Scriptura
814 4356 880 4431 de
903 4354 1073 4410 electis
1112 4366 1159 4410 et
1199 4358 1442 4431 reprobis
1474 4361 1710 4429 ejusdem
1738 4364 1919 4431 populi

689 4426 940 4496 loquitur,
962 4438 1224 4497 tamquam
1255 4430 1318 4480 de
1344 4426 1546 4483 iisdem.

402 4511 427 4551 δ
457 4513 569 4569 Hac
597 4516 782 4586 regula
814 4532 911 4587 per
944 4517 1135 4573 Isaiam
1164 4518 1429 4586 promittit
1466 4536 1646 4577 sermo
1675 4525 1911 4589 divinus.

404 4724 431 4753 ι
454 4715 513 4771 1η
535 4727 639 4769 ms.
671 4713 891 4769 Joliensi
922 4728 1027 4767 non
1057 4722 1140 4767 est
1169 4729 1271 4768 vox
1304 4714 1439 4784 inec,
1473 4718 1597 4770 cito.

341 4854 379 4909 ι
404 4784 431 4824 δ
473 4786 708 4869 Verbum
750 4784 1143 4838 substantivum
1192 4795 1266 4839 est
1310 4786 1561 4841 addimus
1586 4802 1652 4842 ex
1678 4786 1916 4844 editione

382 4870 551 4909 coms.

382 4870 551 4910 coms.

407 4938 427 4964 ο
455 4926 542 4981 Sic
571 4940 703 4978 mss.
735 4923 924 4977 Camb.
948 4934 1003 4979 et
1026 4924 1135 4979 Jol.
1162 4935 1213 4979 et
1239 4924 1372 4979 edit.
1406 4925 1619 4980 Leonis.
1652 4927 1793 4981 Editi
1819 4941 1916 4980 no-

340 4996 452 5061 stri,
482 5012 545 5050 ea:
583 4995 770 5050 eisdem
790 4994 1213 5065 justiﬁcabuntur
1239 4995 1342 5064 [ide
1367 4997 1576 5064 quidam
1596 5036 1608 5050 .
1638 5037 1649 5048 .
1671 5037 1684 5050 .
1706 5036 1718 5050 .
1752 4997 1913 5050 obdu-

346 5067 605 5120 rebantur.

402 5134 429 5172 ἀ
452 5134 847 5208 Mss.(‘.amb._et
865 5135 973 5208 Jol.
996 5135 1217 5208 et_edit._
1241 5135 1461 5208 Leonis,
1492 5136 1644 5208 Hanc
1659 5136 1913 5208 regulam.

405 5215 430 5242 ε
457 5206 543 5263 Sic
572 5220 708 5260 mss.
751 5206 939 5260 Camb.
966 5217 1019 5261 et
1043 5206 1148 5261 Jol.
1183 5205 1325 5260 Editi
1378 5208 1534 5272 alius,
1569 5205 1802 5261 Eductam

340 5277 555 5331 tenebras
580 5275 895 5334 illucescere.

409 5345 427 5384 ί
455 5347 545 5403 Ms.
571 5346 782 5411 Camb.,
810 5348 1018 5401 timere.
1038 5384 1051 5399 .
1078 5387 1092 5400 .
1114 5386 1128 5401 .
1155 5356 1201 5400 et
1223 5348 1286 5399 ab
1320 5345 1618 5401 Occidente.

405 5416 521 5472 Slta
573 5431 703 5471 mss.
742 5414 1066 5471 Camberon.
1120 5426 1175 5471 et
1223 5416 1505 5473 Joliensis.
1533 5417 1651 5484 Quo
1680 5418 1913 5485 spectari

343 5484 575 5543 Videntur
598 5502 717 5557 qua:
756 5487 891 5542 infra
915 5502 983 5542 ex
1012 5488 1272 5556 Apostolo
1304 5490 1557 5553 citantur,
1591 5486 1652 5539 Et
1711 5490 1762 5540 in
1815 5491 1909 5539 hoc

344 5560 548 5627 tempore
598 5556 828 5629 reliquiae
871 5556 1151 5629 secundum
1200 5559 1491 5612 electionem
1536 5558 1716 5629 gratim
1760 5561 1911 5627 facta:

342 5636 469 5682 sunt.
500 5628 638 5684 Editi
664 5628 835 5684 nostri
866 5639 918 5684 ct
962 5628 1071 5683 Leo
1105 5643 1296 5695 novus,
1338 5628 1570 5698 reliquis.
1615 5632 1731 5696 Qua
1780 5644 1907 5683 voce

2032 3150 2228 3204 electio
2279 3149 2512 3219 reliquos
2560 3149 2703 3217 fecit,
2757 3150 3099 3215 ostenditur,
3153 3150 3292 3204 sicut
3343 3150 3621 3218 sequentia

2031 3243 2314 3312 apostolici
2357 3242 2626 3297 sermonis
2676 3252 2948 3297 enarrant.
2992 3241 3247 3312 Adjungit
3291 3243 3433 3297 enim
3462 3243 3621 3296 etdi-

2031 3334 2137 3389 cit:
2170 3334 2247 3387 An
2279 3335 2483 3388 nescitis
2512 3335 2564 3388 in
2599 3333 2717 3387 Elia
2742 3334 2863 3403 quid
2890 3334 3013 3387 dicit
3045 3335 3343 3403 Scriptura,
3372 3335 3619 3404 quemad-

2032 3426 2242 3478 modum
2284 3424 2578 3489 interpellat
2628 3423 2796 3479 Deum
2845 3424 3087 3480 adversus
3126 3424 3339 3480 Israel?
3368 3424 3617 3483 Domine.

2032 3518 2309 3587 prophetas
2339 3528 2454 3570 tuos
2501 3518 2813 3583 occiderunt,
2860 3519 3049 3571 altaria
3075 3527 3162 3571 tua
3197 3516 3539 3583 sufioderunt,
3573 3528 3619 3570 et

2030 3628 2120 3683 ego
2148 3612 2356 3663 relictus
2377 3627 2488 3663 sum
2520 3610 2682 3671 solus.
2713 3619 2756 3664 et
2786 3621 3021 3678 quaerunt
3042 3612 3268 3663 animam
3292 3625 3477 3663 meam.
3512 3609 3617 3663 Sed

2030 3700 2150 3770 quid
2170 3700 2291 3753 dicit
2315 3700 2394 3753 illi
2418 3715 2717 3770 responsum
2745 3699 2975 3752 divinum
2994 3700 3019 3752 .9
3040 3699 3250 3769 Reliqui
3274 3700 3402 3752 mihi
3425 3710 3617 3770 septem

2029 3790 2193 3843 millia
2224 3789 2449 3842 uirorum
2470 3830 2484 3853 ,
2512 3789 2600 3857 qui
2624 3803 2727 3840 non
2765 3796 3094 3841 curvaverant
3132 3785 3148 3824 ί
3174 3804 3309 3859 genu
3338 3786 3489 3841 Baal.
3526 3787 3616 3841 Sic

2030 3897 2170 3951 ergo,
2196 3879 2389 3949 inquit,
2422 3887 2470 3932 et
2492 3879 2543 3931 in
2574 3879 2668 3929 hoc
2698 3888 2924 3947 tempore
2946 3877 3175 3946 reliquit:
3199 3879 3480 3931 secundum
3511 3881 3615 3932 ele-

2028 3976 2241 4027 ctionem
2269 3971 2451 4043 gratia:
2481 3968 2493 4019 i
2528 3970 2678 4040 facta:
2704 3978 2844 4022 sunt.
2880 3968 2940 4024 Si
2960 3979 3128 4022 autem
3158 3970 3350 4040 gratia,
3374 3972 3491 4042 jam
3513 3987 3615 4024 non

2029 4082 2091 4120 ex
2117 4062 2373 4134 operibus,
2399 4061 2631 4131 alioquin
2657 4061 2827 4132 gratia
2843 4062 2960 4130 jam
2988 4077 3091 4114 non
3115 4069 3189 4115 est
3226 4063 3393 4132 gratia
3418 4059 3475 4131 (1
3480 4062 3612 4124 bid.,

2027 4159 2063 4211 2
2092 4168 2140 4213 et
2165 4156 2318 4227 seq.).
2343 4154 2456 4209 Non
2479 4168 2607 4221 ergo
2629 4153 2804 4207 omnis
2824 4150 2987 4207 Israel
3012 4153 3350 4221 reprobatus,
3379 4168 3475 4207 nec
3498 4168 3615 4207 om-

2030 4251 2113 4305 nis
2137 4250 2340 4304 electus
2360 4254 2474 4310 est;
2499 4246 2593 4301 sed
2621 4256 2828 4315 partem
2860 4247 3073 4300 cmcitas
3097 4243 3122 4282 ¹ι
3149 4244 3449 4299 voluntaria
3469 4262 3615 4302 aver-

2027 4341 2114 4406 tit,
2136 4346 2343 4408 partem
2376 4336 2478 4391 sibi
2518 4331 2537 4372 1
2574 4335 2895 4389 iiluminatio
2923 4336 3155 4404 gratuita
3185 4336 3520 4390 reservavit:
3560 4346 3614 4391 et

1944 4416 1994 4475 Ῑ)
2026 4441 2201 4485 tamen
2235 4430 2307 4482 ita
2336 4427 2405 4482 de
2430 4427 2507 4481 eis
2534 4440 2715 4480 sermo
2761 4425 3020 4490 habetur,
3064 4435 3123 4479 ut
3164 4427 3216 4478 in
3246 4425 3328 4479 his
3372 4426 3464 4495 qui
3493 4441 3613 4493 ρει-η

2024 4530 2183 4584 cunt,
2212 4528 2267 4574 et
2311 4518 2363 4572 in
2397 4517 2481 4571 his
2508 4518 2595 4585 qui
2652 4517 2784 4571 salvi
2836 4515 2989 4580 ﬁunt,
3037 4516 3176 4569 nulla
3208 4518 3373 4570 tutius
3397 4519 3611 4588 generis

2024 4712 2308 4782 respicitur
2338 4711 2478 4766 forte
2504 4707 2674 4770 aliud,
2704 4707 2908 4788 Reliqui
2937 4709 3082 4773 mihi,
3114 4717 3220 4764 etc.

2094 4780 2125 4819 ιι
2163 4782 2219 4834 In
2245 4797 2346 4834 ms.
2383 4780 2570 4834 Camb.
2606 4778 2693 4832 hic
2720 4787 2772 4831 et
2805 4778 2967 4834 tul‘ra.
3003 4782 3220 4834 repellit.

2100 4782 2125 4819 ιι
2163 4782 2219 4837 In
2245 4797 2346 4836 ms.
2383 4782 2570 4834 Camb.
2606 4782 2693 4832 hic
2720 4787 2772 4831 et
2805 4782 2967 4843 infra,
3003 4782 3220 4851 repellit.

2100 4851 2117 4890 ί
2155 4854 2281 4907 Mss.
2315 4850 2421 4906 Jol.
2453 4860 2505 4904 et
2532 4848 2721 4921 Camb.
2751 4858 2816 4921 et
2839 4848 3061 4921 _Leonis
3089 4854 3274 4918 editio,
3304 4869 3473 4921 genua
3494 4866 3609 4908 ante

2024 4923 2181 5004 Bodl.
2226 4922 2404 5004 Editi,
2450 4918 2785 5004 genuﬂaal.
2827 4919 2981 5004 iuxta
3025 4920 3277 5004 parcum
3306 4918 3604 5004 'épostoli,

2019 5002 2091 5061 Τῇ
2118 4994 2274 5056 Βάαλ,
2305 5003 2429 5047 ante
2452 4989 2741 5061 imaginem
2770 4990 2982 5061 scilicet
3005 4992 3073 5046 de
3094 5007 3194 5058 qua
3227 4991 3268 5045 ll
3321 4989 3451 5061 Reg.
3480 4989 3593 5049 six?

2064 5055 2074 5068 ’
2105 5062 2119 5114 i
2163 5055 2384 5119 Sic’nts.
2427 5055 2682 5117 Joliensis
2720 5060 3070 5115 conformiter
3112 5055 3307 5116 Graeco
3341 5055 3638 5129 Apostoti,

2027 5133 2117 5187 ubi
2152 5148 2256 5187 vox
2284 5134 2399 5187 btec
2441 5134 2598 5186 salvae
2625 5132 2909 5201 omittitur.
2954 5130 3122 5197 Quam
3170 5140 3289 5199 post
3340 5133 3607 5201 vulgatum

2028 5202 2192 5258 habet
2221 5203 2330 5259 Leo
2358 5218 2547 5268 novus,
2577 5212 2631 5257 et
2658 5200 2796 5254 Editi
2815 5215 2879 5255 ac
2900 5216 3001 5253 ms.
3021 5201 3373 5267 Camberon.,
3410 5200 3499 5257 ubi
3528 5220 3608 5256 se-

2025 5274 2257 5327 cundum
2294 5273 2595 5327 electionem
2634 5272 2753 5343 loco
2782 5269 2939 5343 hujus
2959 5312 2974 5336 ,
3003 5288 3093 5340 per
3123 5272 3436 5338 electionem,
3462 5272 3606 5343 quod

2026 5343 2153 5398 editi
2180 5344 2523 5413 Prosperiani
2556 5339 2934 5413 praeferebant.

2096 5414 2123 5452 ιι
2151 5414 2278 5470 Haec
2307 5410 2411 5468 vox
2443 5410 2733 5468 uoluntaria
2756 5410 2909 5465 deest
2937 5414 2987 5464 in
3022 5426 3152 5466 mss.
3189 5410 3422 5481 Thuan.,
3448 5411 3605 5468 Caiu-

2023 5484 2216 5539 beron.
2245 5493 2301 5539 et
2324 5484 2428 5538 Jol.

2094 5553 2107 5591 ι
2138 5555 2192 5607 lu
2225 5569 2318 5610 ora
2351 5555 2514 5609 Duae.
2563 5562 2615 5608 ot
2644 5550 2981 5620 sequentium
3023 5552 3351 5617 editionum,
3407 5552 3603 5609 illumi-

2019 5629 2239 5680 natione.
