3972 6176
464 194 567 252 663

1122 200 1178 256 S.
1222 197 1560 256 PROSPEBI
1600 197 1928 265 AQUITANI
1968 197 2192 254 OPEBA
2237 198 2563 254 INCERTA‘I
2603 200 3125 258 AUCTORITATIS.

3638 210 3744 266 665

464 314 708 369 videatur
731 314 861 370 facta
894 316 1168 375 discretio.
1201 317 1330 370 Nam
1354 332 1474 370 cum
1505 315 1719 385 legitur,
1747 314 2045 371 Secundum
2073 318 2120 376 Α
2149 314 2481 369 calutnuiosa
2511 319 2834 385 certamina,
2867 317 3050 372 dicent
3078 335 3175 374 nos
3203 321 3745 390 perhujusmodtdis-

462 406 802 476 Evangelium
826 409 1029 478 quidem
1059 410 1254 462 inimici
1271 420 1478 479 propter
1502 425 1608 472 ros,
1641 408 1922 461 secundum
1943 406 2048 461 ele-

458 499 675 551 ctionem
703 509 871 552 autem
904 508 927 535 α
958 500 1132 553 dilecti
1175 509 1381 572 propter
1409 509 1576 568 patres
1606 497 1794 568 (Ibid.,
1819 497 1941 568 ‘28);
1974 499 2042 550 ita

456 591 659 645 locutio
700 602 876 657 sonat,
909 602 1178 662 tamquam
1210 593 1427 646 eosdem
1457 593 1600 646 dicat
1629 591 1876 656 dilectos,
1910 605 2045 660 quos

452 683 590 736 dixit
628 683 892 738 inimicos.
941 686 1044 739 Sed
1089 686 1226 740 hanc
1263 686 1547 754 caliginem
1597 685 1892 755 Apostolus
1931 686 2044 753 ipse

450 774 708 838 detersit,
759 775 1023 831 dicendo:
1077 776 1212 842 Quia
1259 778 1460 830 rtecitas
1503 793 1566 830 ea:
1611 787 1756 844 parte
1788 777 1843 829 in
1875 773 2043 829 Israel

451 866 664 936 contigit
693 883 711 920 :
739 875 796 920 ut
825 884 986 921 unum
1019 883 1189 937 genus
1221 868 1273 921 in
1307 868 1444 922 duas
1469 868 1681 936 species
1704 868 2040 937 intelligere-

453 972 573 1010 mus
595 972 715 1012 esse
739 957 994 1021 divisum,
1028 967 1082 1012 et
1105 974 1321 1013 omnem
1355 958 1646 1025 hominem,
1678 972 1894 1012 omnem
1928 959 2040 1026 ple-

449 1048 766 1115 nitudinem,
795 1065 1010 1104 omnem
1042 1050 1294 1105 Israelem
1334 1065 1440 1104 non
1472 1065 1687 1118 semper
1709 1050 1777 1104 ad
1825 1049 2039 1104 univero

448 1139 683 1207 sitatem,
713 1140 807 1195 sed
838 1141 1155 1209 plerumque
1177 1141 1242 1195 ad
1272 1149 1476 1210 partem
1508 1155 1630 1195 esse
1671 1140 2032 1196 referendum.

1055 1253 1281 1310 CAPUT
1333 1253 1422 1308 XI.

447 1343 600 1410 Quod
641 1344 914 1415 Scriptura
952 1347 1013 1398 de
1042 1347 1357 1400 diversorum
1402 1358 1692 1416 temporum
1744 1347 2034 1400 hominibus

549 1417 799 1484 loquitur,
817 1418 962 1486 quasi
987 1418 1049 1469 de
1068 1418 1292 1488 ejusdem
1317 1421 1556 1488 temporis
1581 1418 1923 1488 generatione.

512 1501 656 1558 Inter
689 1504 782 1558 has
809 1518 988 1559 autem
1019 1506 1279 1561 formulas
1306 1508 1656 1571 locutionum,
1687 1508 1848 1560 etiam
1879 1507 2028 1561 illam

439 1598 494 1652 in
537 1598 831 1668 Scripturis
878 1599 1166 1654 dictionem
1214 1599 1474 1654 debemus
1503 1598 1806 1663 advertere,
1841 1613 1946 1668 qua
1976 1600 2026 1653 id

2151 408 2458 476 potationes
2506 407 2765 476 Apostolo
2831 410 3211 466 contradicere
3249 411 3550 477 deﬁnienti,
3597 415 3748 486 quod

2151 495 2292 552 Deus
2332 512 2506 550 omnes
2533 497 2765 552 homines
2796 499 2925 553 velit
2944 499 3024 554 sal
3033 517 3114 555 vos
3137 502 3272 570 ﬁeri,
3310 504 3325 540 ί
3355 513 3401 557 et
3423 505 3480 558 in
3511 507 3738 575 agnitio-

2147 604 2265 642 nem
2293 591 2519 643 ueritatis
2548 591 2718 644 uenire
2744 591 2788 660 (l
2809 591 2946 646 Tim.
2994 608 3052 652 ιι.
3090 595 3168 663 4).
3210 597 3378 663 Quam
3419 600 3739 667 particulam

2147 678 2435 734 verborum
2461 682 2724 750 Apostoli,
2773 681 2844 736 ita
2877 697 2975 737 nos
3017 684 3227 754 integre
3268 688 3531 756 pleneque
3570 693 3739 746 susci-

2147 771 2344 837 pimus,
2376 779 2434 824 ut
2478 769 2611 825 nihil
2642 773 2690 825 ei
2733 771 2801 826 de
2850 774 3280 842 praecedentibus
3321 778 3434 832 sive
3482 779 3738 848 subjectis

2145 875 2264 930 quae
2291 861 2356 915 ad
2391 862 2560 931 ipsam
2595 863 2870 931 pertinent
2912 865 3314 922 subtraltamus.
3348 868 3640 936 Quoniam,
3681 883 3736 926 ut

2143 959 2340 1006 caetera
2370 952 2672 1007 divinorum
2701 955 3037 1022 eloquiorum
3074 958 3378 1013 testimonia
3425 971 3736 1030 sequestre-

2143 1057 2285 1107 mus,
2314 1042 2403 1098 hic
2431 1044 2583 1098 locus
2623 1045 2823 1099 sufﬁcit
2863 1045 2928 1100 ad
2959 1048 3327 1104 evacuandum
3360 1051 3504 1119 quod
3532 1052 3734 1106 calom-

2143 1135 2295 1190 niose
2321 1135 2606 1206 objiciunt,
2632 1148 2685 1192 et
2709 1138 2774 1192 ad
2805 1138 3205 1194 defendendum
3233 1142 3376 1212 quod
3424 1145 3591 1213 impie
3629 1145 3732 1199 dif-

2140 1224 2378 1280 ﬁtentur.
2429 1225 2683 1284 Scriberis
2739 1229 2919 1299 itaque
2965 1231 3030 1285 ad
3073 1230 3416 1287 Timotheum
3465 1234 3480 1285 i
3535 1233 3729 1292 Paulus

2137 1319 2442 1385 apostolus,
2476 1318 2590 1373 ait:
2621 1318 2842 1374 Obsecro
2864 1322 3022 1390 igitur
3050 1324 3217 1392 primo
3246 1325 3475 1378 omnium
3505 1327 3620 1394 ﬁeri
3643 1328 3724 1381 ob-

2135 1413 2464 1476 secrationes,
2495 1413 2889 1481 postulationes,
2939 1415 3224 1482 gratiarum
3248 1417 3476 1470 actiones
3508 1435 3600 1484 pro
3623 1436 3727 1472 om-

2137 1502 2284 1555 nibus
2309 1504 2616 1570 hominibus,
2637 1521 2730 1575 pro
2759 1508 2980 1578 regibus,
3011 1517 3057 1559 et
3097 1508 3328 1562 omnibus
3355 1510 3446 1579 qui
3478 1512 3530 1564 in
3571 1513 3726 1564 subli-

2134 1596 2311 1646 mitate
2351 1602 2468 1648 sunt
2499 1610 2517 1648 :
2548 1605 2605 1648 ut
2629 1597 2853 1666 quietam
2883 1608 2930 1650 et
2963 1600 3294 1668 tranquillam
3323 1602 3477 1653 vitam
3515 1619 3724 1674 agamus

437 1689 581 1758 quod
611 1690 676 1743 ad
701 1689 1040 1745 diversorum
1069 1700 1370 1760 temporum
1397 1691 1646 1745 homines
1672 1691 1923 1759 pertinet,
1951 1691 2022 1744 ita
2058 1696 2100 1755 Β
2133 1687 2186 1739 in
2213 1687 2350 1739 omni
2380 1687 2565 1756 pietate
2595 1698 2639 1742 et
2664 1687 2832 1760 865
2850 1690 3103 1744 castitate.
3137 1689 3254 1744 Hoc
3277 1693 3412 1744 enim
3440 1696 3634 1746 bonum
3655 1705 3722 1748 est

436 1779 464 1819 δ
499 1783 780 1850 promitur,
813 1785 964 1852 quasi
1013 1784 1078 1838 de
1108 1799 1208 1837 una
1236 1793 1290 1839 et
1315 1783 1555 1852 ejusdem
1592 1783 1764 1836 :etatis
1806 1799 2026 1854 genera-

434 1875 583 1929 tione
612 1875 844 1930 dicatur.
873 1877 1023 1931 Sicut
1055 1883 1139 1930 est
1162 1876 1303 1944 quod
1343 1883 1562 1929 sanctus
1592 1875 1782 1929 Petrus
1811 1885 2024 1944 aposto-

434 1965 516 2019 lus
548 1968 790 2020 srribens
839 1970 920 2020 sui
969 1977 1023 2021 et
1063 1966 1226 2020 futuri
1275 1967 1534 2035 temporis
1574 1966 1822 2035 gentibus
1849 2007 1863 2029 ,
1913 1968 2020 2020 ait:

432 2057 598 2128 863
650 2056 750 2110 Vos
775 2068 943 2110 autem
973 2075 1130 2126 genus
1162 2059 1408 2122 electum,
1456 2055 1629 2127 regale
1657 2057 2019 2122 sacerdotium,

432 2164 556 2212 gens
588 2156 784 2213 sancta,
815 2148 1040 2217 populus
1069 2148 1451 2216 acquisitionis;
1489 2157 1543 2199 ut
1572 2149 1781 2201 virtutes
1819 2164 2022 2200 annun-

432 2239 567 2290 tietis
597 2240 709 2306 ejus
738 2244 826 2309 qui
848 2241 909 2292 de
935 2241 1152 2293 tenebris
1194 2255 1280 2293 vos
1311 2240 1502 2292 vocavit
1525 2240 1577 2293 in
1607 2239 1911 2294 admirabile
1937 2242 2019 2295 lu-

431 2345 547 2382 men
573 2346 760 2383 suum:
788 2332 877 2398 qui
901 2329 1183 2399 aliquando
1217 2346 1316 2383 non
1359 2330 1604 2402 populus,
1637 2341 1658 2368 ο
1690 2347 1826 2384 nunc
1848 2342 2020 2386 autem

431 2419 652 2490 populus
683 2419 802 2486 Dei,
847 2421 936 2490 qui
980 2439 1082 2474 non
1129 2423 1385 2475 consecuti
1425 2423 1850 2489 misericordiam,
1885 2441 2019 2477 num:

428 2521 599 2563 autem
627 2511 1030 2565 misericordiam
1048 2513 1303 2565 consecuti
1333 2511 1376 2583 (ι
1400 2511 1542 2566 Petr.
1567 2528 1625 2579 tt,
1650 2512 2016 2584 9,10).Num-

427 2600 557 2669 quid
597 2617 716 2655 cum
763 2602 877 2656 haec
923 2602 1374 2672 prtedicarentur,
1419 2602 1592 2658 adhuc
1627 2590 1714 2658 illi
1771 2605 2017 2661 homines

426 2698 818 2764 permanebant
846 2715 983 2769 quos
1021 2715 1214 2755 omnes
1259 2700 1397 2756 Deus
1438 2701 1490 2755 in
1521 2701 1812 2770 praeteritis
1854 2715 2017 2771 gene-

427 2789 734 2844 rationibus
761 2791 1038 2846 dimiserat
1060 2793 1265 2862 ingredi
1300 2794 1409 2848 vias
1441 2795 1722 2861 suas(Act.
1753 2811 1863 2860 xxv,
1897 2794 2010 2862 l5);

425 2891 482 2936 et
524 2883 684 2939 iidem
726 2885 850 2952 ipsi,
881 2885 972 2954 qui
1007 2887 1152 2954 prius
1184 2888 1360 2941 traditi
1393 2886 1608 2943 fuerant
1643 2887 2010 2942 voluntatibus

423 2975 560 3040 suis,
592 2973 618 3013 ἀ
649 2993 789 3030 nunc
821 2978 888 3032 de
929 2979 1163 3034 tenebris
1205 2980 1257 3034 in
1290 2980 1469 3035 lumen
1499 2979 1823 3035 admirabile
1851 2993 2011 3035 voca-

2130 1787 2175 1831 et
2205 1788 2470 1847 acceptum
2503 1795 2677 1833 coram
2709 1778 2735 1816 ¹ι
2759 1781 3029 1836 Saluatore
3065 1792 3239 1835 nostro
3279 1781 3407 1848 Deo,
3439 1785 3531 1854 qui
3557 1802 3721 1839 omnes

2129 1869 2358 1925 homines
2397 1870 2506 1924 vult
2549 1872 2716 1926 salvos
2743 1872 2876 1942 ﬁeri,
2905 1883 2953 1926 et
2978 1874 3029 1926 in
3053 1873 3365 1944 agnitionem
3387 1877 3618 1928 veritatis
3647 1893 3719 1928 t-e-

2129 1965 2258 2018 nire.
2293 1962 2440 2018 Unus
2470 1964 2602 2017 enim
2629 1963 2788 2031 Deus,
2817 1973 2864 2019 et
2886 1981 3018 2018 unus
3051 1965 3301 2019 mediator
3322 1965 3421 2021 Dei
3469 1977 3517 2021 et
3560 1969 3717 2020 homi-

2127 2070 2285 2118 num,
2328 2053 2481 2108 honto
2527 2054 2762 2108 Christus
2789 2054 2968 2119 Jesus,
3002 2058 3088 2126 qui
3130 2057 3269 2110 dedit
3319 2060 3714 2129 redemptionem

2125 2144 2452 2213 semetipsum
2485 2161 2578 2213 pro
2607 2145 2840 2198 omnibus
2865 2143 3058 2216 (Ibid.,
3086 2149 3110 2201 1
3144 2158 3190 2200 ει
3210 2148 3362 2217 seq.).

2199 2236 2276 2291 De
2303 2237 2400 2290 hac
2429 2251 2558 2306 ergo
2587 2237 2848 2291 doctrina:
2879 2238 3190 2304 apostolica:
3239 2241 3448 2309 regula,
3487 2258 3589 2310 qua
3617 2241 3712 2296 Ec.

2125 2328 2288 2383 clesia
2330 2328 2652 2385 universalis
2691 2329 2972 2396 imbuitur,
3018 2345 3085 2385 ue
3125 2331 3178 2384 in
3208 2330 3486 2387 diversum
3519 2333 3711 2388 intelle-

2123 2430 2268 2476 ctum
2297 2429 2485 2477 nostro
2519 2437 2809 2491 evagemus
2837 2422 3093 2487 arbitrio,
3135 2424 3262 2494 quid
3297 2421 3311 2460 ¹
3343 2428 3459 2495 ipsa
3504 2427 3710 2482 univer-

2122 2513 2251 2567 salis
2281 2513 2520 2568 Ecclesia
2547 2514 2765 2582 sentiat,
2790 2515 3130 2585 requiramus
3156 2534 3169 2569 :
3192 2517 3313 2585 quia
3332 2518 3464 2571 nihil
3491 2518 3704 2574 dubium

2121 2617 2243 2659 esse
2272 2605 2474 2673 poterit
2503 2605 2558 2658 in
2590 2617 2883 2674 praecepto,
2915 2606 2962 2660 si
2993 2606 3298 2661 obedientia
3328 2609 3626 2666 concordet
3657 2611 3704 2664 in

2119 2697 2320 2752 studio.
2363 2697 2626 2767 Praecepit
2661 2698 2841 2767 itaque
2871 2698 3187 2766 Apostolus,
3229 2700 3398 2756 immo
3434 2717 3534 2770 per
3563 2705 3702 2772 Apo-

2117 2787 2313 2841 stolum
2337 2786 2618 2850 Dominus,
2640 2789 2729 2858 qui
2750 2788 3073 2858 loquebatur
3091 2792 3144 2845 in
3163 2792 3444 2861 Apostolo,
3472 2793 3588 2849 fieri
3616 2796 3704 2849 ob-

2115 2881 2468 2949 secrationes,
2493 2889 2532 2951 ξπ
2563 2881 2954 2949 postulationes
2974 2925 2987 2950 ,
3017 2884 3309 2952 gratiarum
3341 2887 3587 2941 actiones
3612 2901 3704 2956 pro

2116 2971 2367 3026 omnibus
2410 2972 2739 3039 hominibus,
2777 2988 2875 3042 pro
2919 2975 3160 3044 regibus,
3194 2990 3258 3030 ac
3291 2993 3388 3046 pro
3417 2977 3504 3033 his
3532 2980 3623 3048 qui
3651 2981 3698 3032 in

423 3067 658 3122 bantur?
703 3069 893 3124 Nonne
925 3070 998 3124 illi
1042 3071 1151 3140 jam
1195 3070 1506 3126 defecerant
1548 3079 1571 3108 ο
1609 3069 1661 3125 ἰη
1711 3071 2006 3139 ignorantia
2038 3059 2080 3119 C
2115 3062 2443 3118 sublimitate
2469 3071 2612 3118 sunt.
2636 3063 2806 3130 Quam
2852 3064 3024 3135 legem
3048 3067 3453 3137 supplicationis
3477 3070 3548 3124 ita
3580 3085 3697 3125 om-

421 3175 541 3225 sua,
563 3160 673 3228 jam
705 3160 757 3213 in
789 3161 889 3216 hoc
917 3164 1117 3216 mundo
1149 3178 1257 3216 non
1286 3171 1460 3228 erant,
1503 3177 1602 3218 nec
1627 3162 1696 3216 ab
1726 3178 1914 3218 errore
1940 3164 2005 3217 ad

419 3251 699 3305 veritatem
725 3250 929 3306 reditus
955 3253 1083 3305 olim
1113 3253 1339 3307 mortuis
1370 3254 1738 3323 suppetebat?
1771 3252 1790 3290 ί
1829 3253 1896 3308 Et
1925 3262 2006 3306 ta-

417 3357 540 3395 men
575 3342 720 3410 quod
751 3350 875 3409 p0st
900 3343 1068 3400 multa
1102 3344 1299 3397 sarcula
1323 3345 1518 3412 agebat
1546 3343 1712 3413 gratia
1747 3344 1798 3397 in
1827 3353 2008 3412 poste-

419 3433 499 3485 ris
544 3432 854 3502 impiornm,
885 3433 962 3486 sic
989 3432 1240 3503 loquendi
1273 3434 1607 3489 consuetudo
1641 3435 1957 3502 perstrinxit
1986 3479 2001 3503 ,

421 3533 481 3575 ut
509 3525 608 3592 ipsi
640 3523 925 3578 videantur
959 3539 1101 3579 nunc
1131 3525 1280 3595 eligi,
1313 3525 1405 3595 qui
1437 3527 1585 3595 prius
1612 3526 1822 3581 fuerant
1850 3526 2005 3582 derc-

416 3618 552 3672 ticti.
588 3618 870 3672 Pertinent
896 3631 1075 3673 autem
1111 3618 1225 3674 htec
1254 3634 1359 3673 non
1391 3617 1456 3673 ad
1486 3619 1706 3675 eosdem
1731 3618 1999 3687 homines,

412 3708 507 3762 sed
539 3709 606 3762 ad
635 3709 876 3778 ejusdem
911 3719 937 3757 ε
967 3714 1181 3780 generis
1225 3710 1507 3765 homines:
1542 3720 1596 3766 et
1637 3711 1853 3766 vocatio
1882 3727 2002 3782 qua:

412 3800 592 3855 illuxit
620 3815 783 3870 prope
810 3803 996 3856 mundi
1023 3801 1205 3870 finem,
1240 3803 1304 3858 ad
1334 3803 1661 3873 praeteritam
1689 3817 1791 3857 non
1817 3819 1999 3858 recur-

409 3893 479 3947 rit
507 3902 740 3948 mtatetn.
774 3894 850 3950 Ita
879 3895 1038 3950 modo
1059 3895 1290 3965 quodam
1319 3905 1374 3950 et
1402 3894 1501 3965 ipsi
1525 3905 1578 3949 et
1600 3910 1704 3950 non
1739 3895 1842 3965 ipsi
1872 3905 2000 3950 sunt

407 3986 476 4039 de
518 3986 712 4054 quibus
764 3995 820 4041 et
870 3989 1062 4056 quibus
1094 3989 1194 4042 ista
1219 3988 1510 4053 dieuntur;
1545 3987 1670 4042 dum
1718 3988 1772 4043 in
1815 3989 1998 4056 aliquo

407 4072 435 4110 ιι
458 4076 713 4144 specialia
742 4092 772 4129 a
803 4079 1145 4146 generalibus
1196 4095 1300 4133 non
1348 4079 1685 4142 dividuntur,
1717 4081 1769 4134 in
1813 4081 1996 4152 aliquo

404 4179 536 4220 vero
565 4182 594 4219 a
625 4168 1003 4221 communibus
1029 4182 1372 4237 separantur.

1003 4282 1229 4338 CAPUT
1271 4282 1395 4344 XII.

405 4373 557 4441 Quod
581 4376 714 4430 illud
741 4378 992 4445 Apostoli.
1020 4377 1142 4430 \‘ult
1163 4389 1350 4430 omnes
1373 4375 1620 4428 homines
1641 4378 1822 4431 salvos
1847 4377 1985 4440 fieri,

646 4449 710 4500 de
740 4449 876 4501 omni
905 4464 1088 4518 genere
1109 4448 1373 4501 hominum
1403 4447 1729 4516 intelligitur.

354 4515 380 4624 ἦ
474 4537 521 4590 l.
552 4537 659 4593 Sed
703 4555 823 4593 cum
857 4515 971 4594 haec
999 4540 1226 4610 legerint
1255 4539 1340 4594 vel
1383 4515 1653 4593 audierint
1683 4539 1772 4609 qui
1805 4549 1988 4595 amant

471 4681 496 4708 ⁸
527 4671 859 4727 Mss.Catnb.
893 4682 946 4725 et
975 4673 1078 4727 .lol.
1110 4683 1162 4727 et
1195 4674 1304 4729 Leo
1327 4674 1534 4730 addunt
1575 4673 1692 4728 Dei.
1720 4673 1849 4740 Qua:
1879 4690 1978 4730 vox

391 4742 817 4810 subintelligitur
847 4743 898 4796 in
927 4753 1071 4796 textu
1101 4747 1362 4813 Apostoli,
1392 4762 1497 4800 non
1529 4745 1870 4813 exprimitur.

353 4819 373 4840 "
463 4813 490 4852 ι’
522 4813 594 4868 Ita
641 4827 741 4866 ms.
774 4814 962 4866 Camb.
997 4822 1052 4867 et
1083 4814 1191 4869 Leo
1220 4831 1411 4872 novus.
1461 4817 1590 4879 Alii,
1636 4815 1976 4883 promittitur.

383 4883 464 4937 No
478 4902 507 4938 n
537 4895 642 4938 tam
676 4884 830 4938 bene.

466 4967 488 5026 ξε
515 4956 610 5010 Ms.
641 4955 893 5026 .loliensis
915 4953 1081 5026 solus,
1114 4971 1216 5008 non
1239 4958 1460 5026 populus
1498 4955 1616 5009 Dei.

460 5025 487 5063 ά
511 5026 606 5080 Ms.
639 5025 892 5080 Jolieusis
915 5025 1115 5079 omittit
1145 5025 1329 5080 vocem
1361 5028 1496 5081 hanc
1517 5066 1531 5092 ,
1585 5043 1744 5079 nunc.
1795 5025 1976 5079 Etlilio

381 5112 521 5151 vero
550 5097 747 5150 Leonis
797 5113 901 5150 non
951 5095 1153 5149 omissa
1197 5099 1294 5150 hac
1343 5111 1490 5161 voce,
1530 5111 1625 5164 pro
1657 5097 1974 5149 vocabantur

382 5170 551 5220 habet
578 5176 840 5220 vocantur.

459 5248 481 5275 ο
515 5240 635 5291 llmc
677 5238 862 5302 verba,
906 5237 961 5290 in
1004 5236 1301 5306 ignorantia
1346 5253 1461 5298 sua,
1497 5251 1566 5292 ex
1605 5251 1706 5289 ms.
1752 5237 1967 5290 Thuan.

382 5309 561 5361 addita
584 5308 691 5377 jam
723 5309 856 5362 alias
883 5308 934 5362 in
973 5306 1173 5369 Leone,
1210 5307 1434 5361 deerant
1462 5308 1511 5359 iu
1543 5308 1731 5377 Camb.
1771 5315 1825 5360 et
1852 5309 1967 5360 cdi-

384 5383 470 5431 tis.
505 5376 608 5432 Pro
637 5379 830 5447 quibus
861 5395 960 5432 ms.
991 5379 1093 5432 Jol.
1125 5380 1178 5430 in
1207 5378 1488 5445 ignominia
1527 5394 1642 5432 sua.
1677 5376 1784 5431 Nec
1831 5379 1969 5430 male

381 5450 423 5499 si
457 5458 727 5517 spectetur
754 5465 958 5503 summa
991 5449 1220 5517 dignitas
1250 5448 1537 5502 Christiani
1569 5449 1755 5516 populi
1791 5449 1968 5502 verbis

382 5517 526 5588 Petri
555 5520 782 5586 apostoli
807 5522 962 5586 paulo
991 5531 1114 5574 ante
1135 5519 1311 5574 citatis
1343 5533 1618 5588 expressa.

456 5587 472 5623 ί
513 5591 862 5643 Emendatum
887 5608 951 5643 ex
981 5605 1109 5643 mss.
1136 5589 1358 5645 Joliensi
1385 5587 1435 5643 et
1459 5589 1653 5644 Camb.
1679 5599 1732 5643 et
1765 5588 1966 5651 Leone,

379 5672 498 5713 cum
529 5660 654 5714 editi
689 5662 854 5715 nostri
888 5661 1167 5721 haberem.
1203 5661 1267 5715 Et
1295 5671 1464 5717 tamen
1507 5662 1647 5724 quod
1682 5668 1805 5725 post
1837 5663 1968 5714 ntul-

2115 3154 2261 3210 nium
2293 3156 2660 3223 sacerdotum,
2697 3165 2752 3211 et
2775 3159 3014 3212 omnium
3042 3157 3282 3214 fidelium
3324 3160 3544 3217 devotio
3574 3177 3698 3217 con-

2110 3246 2346 3302 corditer
2377 3257 2553 3312 tenet,
2595 3259 2652 3303 ut
2691 3249 2831 3302 nulla
2861 3264 2985 3319 pars
3031 3251 3215 3305 mundi
3247 3253 3318 3307 sit
3365 3253 3420 3308 in
3465 3269 3572 3325 qua
3604 3255 3696 3308 hu-

2107 3340 2343 3409 jusmoJi
2385 3340 2661 3394 orationes
2690 3356 2796 3395 non
2827 3341 3172 3396 celebrentur
3214 3357 3242 3395 a
3293 3345 3506 3413 populis
3551 3343 3696 3400 Chri-

2112 3433 2321 3487 stianis.
2354 3433 2632 3501 Supplicat
2683 3448 2812 3503 ergo
2863 3434 3060 3503 ubique
3104 3435 3345 3490 Ecclesia
3392 3437 3537 3506 Deo,
3590 3452 3689 3492 non

2110 3524 2280 3580 solum
2310 3539 2408 3594 pro
2437 3525 2638 3580 sanctis
2665 3534 2721 3580 et
2750 3526 2800 3578 itt
2836 3525 3051 3584 Christo
3076 3527 3186 3596 jam
3217 3531 3572 3597 regeneratis,
3601 3530 3690 3584 sed

2106 3617 2267 3670 etiam
2295 3631 2393 3685 pro
2413 3617 2664 3671 omnibus
2686 3616 2990 3673 infidelibus
3007 3626 3063 3673 et
3088 3617 3317 3673 inimicis
3342 3623 3522 3675 crucis
3539 3620 3689 3675 Citri-

2106 3709 2198 3775 sti,
2233 3724 2330 3778 pro
2353 3710 2604 3764 omnibus
2651 3709 2917 3765 idolorum
2967 3712 3286 3778 cultoribus,
3317 3730 3414 3783 pro
3443 3717 3689 3770 omnibus

2103 3803 2194 3871 qui
2222 3801 2495 3856 Christum
2521 3811 2550 3839 η
2587 3803 2641 3856 in
2670 3804 2926 3858 membris
2954 3803 3121 3874 ipsius
3148 3816 3564 3874 persequuntur,
3599 3822 3688 3876 pro

2100 3893 2301 3950 Judteis
2315 3909 2540 3965 quorum
2556 3896 2784 3950 caecitati
2804 3895 2984 3949 lumen
3006 3896 3279 3966 Evangelii
3311 3914 3417 3952 non
3442 3899 3685 3968 refulget,

2101 4001 2200 4055 pro
2232 3986 2499 4041 haereticis
2527 3995 2580 4041 et
2611 3986 2992 4052 schismaticis,
3027 3987 3116 4055 qui
3147 3988 3214 4041 ab
3245 3990 3451 4044 unitate
3481 3991 3606 4046 fidei
3637 4000 3688 4046 et

2100 4079 2380 4134 charitatis
2427 4079 2592 4134 alieni
2641 4089 2784 4134 sunt.
2815 4079 2954 4146 Quid
2996 4088 3177 4135 autem
3213 4096 3309 4149 pro
3356 4082 3474 4136 istis
3516 4085 3686 4151 petit,

2101 4174 2302 4239 nisiut,
2318 4171 2521 4227 relictis
2543 4172 2820 4228 erroribus
2841 4173 3371 4239 suis,convertantur
3399 4175 3465 4229 ad
3492 4175 3681 4236 Deum,

2097 4263 2363 4333 accipiant
2388 4263 2569 4332 fidem,
2594 4263 2862 4334 accipiant
2888 4262 3229 4329 charitatem,
3257 4274 3310 4320 et
3336 4264 3405 4320 de
3437 4266 3682 4335 ignoran-

2097 4358 2184 4412 tia:
2209 4356 2446 4411 tenebris
2475 4354 2707 4419 liberati,
2731 4354 2788 4411 in
2806 4357 3134 4424 agnitionem
3157 4357 3376 4410 veniant
3405 4358 3681 4412 veritati-1'

2018 4428 2069 4488 Ι)
2095 4446 2247 4513 Quod
2275 4448 2397 4517 quia
2424 4446 2523 4516 ipsi
2552 4453 2812 4515 praestare
2832 4446 2934 4500 sibi
2963 4457 3256 4515 nequeunt,
3291 4448 3432 4503 male
3453 4463 3679 4503 consue-

2098 4539 2300 4594 tudinis
2330 4537 2567 4608 pondere
2594 4537 2864 4607 oppressi,
2891 4545 2947 4592 et
2974 4538 3174 4593 diaboli
3203 4540 3432 4594 vinculis
3454 4540 3674 4608 alligati,

2090 4673 2356 4728 taswcula
2392 4673 2561 4742 gratia
2601 4673 2654 4725 in
2703 4672 2915 4739 posteris
2962 4672 3238 4741 impiorum
3286 4675 3377 4736 sit,
3437 4678 3673 4744 loquendi

2090 4745 2398 4799 consuetudo
2427 4744 2750 4813 perstrinxit.

2162 4823 2186 4884 β
2211 4813 2284 4867 Ita
2318 4812 2446 4867 mss.
2474 4813 2664 4884 Camb.
2690 4821 2745 4867 et
2769 4812 3045 4884 Joliensis.
3076 4813 3246 4880 Alias,
3275 4817 3462 4884 gentis.

2160 4883 2187 4919 ιι
2214 4885 2303 4938 Sic
2333 4898 2464 4937 mss.
2493 4882 2678 4938 Camb.
2711 4895 2764 4938 et
2791 4883 2898 4938 Jol.
2931 4899 3052 4937 cum
3102 4886 3230 4939 edit.
3275 4882 3499 4944 LeOois.
3535 4888 3670 4954 Alii,

2085 4957 2137 5010 in
2165 4954 2340 5024 aliquo
2377 4955 2606 5024 speciali.

2165 5025 2177 5062 ί
2214 5026 2312 5080 Ms.
2343 5023 2534 5078 Camb.
2568 5024 2735 5095 hiciet
2765 5023 2923 5095 infra,
2947 5035 2996 5077 et
3025 5025 3095 5077 ad
3123 5026 3458 5095 agnitionem.

2158 5095 2178 5182 Ξ
2205 5095 2549 5182 Es‘s..Catnb:
2572 5103 2626 5148 et
2647 5093 2756 5148 Jol.
2782 5094 2984 5182 add‘ut‘tt
3009 5095 3124 5182 hie,-
3152 5093 3396 5182 magister
3421 5100 3666 5182 gentium.

2153 5163 2179 5203 ¹ί
2215 5165 2353 5220 Editi
2385 5165 2551 5219 nostri
2591 5177 2769 5230 antea,
2816 5167 3053 5218 salutari.
3078 5165 3178 5220 Ms.
3223 5163 3512 5225 Cambfet
3541 5171 3666 5232 Leo,

2083 5234 2370 5290 Saluatore.
2406 5235 2503 5288 Ms.
2529 5234 2741 5288 Thuan.
2782 5236 2983 5289 omittit
3015 5235 3144 5290 Deo.

2156 5305 2172 5380 ξ
2206 5304 2718 5380 Editi_Prosperiani
2762 5315 2814 5359 et
2829 5323 2947 5380 ius.
2976 5305 3081 5380 iul.
3117 5307 3427 5380 inserebant
3464 5325 3664 5380 praepo-

2079 5377 2330 5431 sitionem
2361 5377 2439 5439 in,
2465 5391 2569 5445 qua
2601 5385 2748 5430 caret
2779 5375 2944 5431 editio
2975 5376 3192 5433 Leonis.

2150 5458 2187 5483 ω
2223 5446 2543 5500 Particulam
2567 5456 2633 5512 et,
2672 5462 2799 5518 quas
2823 5448 2875 5500 in
2904 5446 3063 5501 editis
3114 5449 3365 5518 Prosperi
3397 5463 3452 5505 et
3488 5451 3660 5507 Leone

2078 5517 2324 5582 habetur,
2351 5518 2685 5590 omittitms.
2719 5516 2850 5590 Jol_.,_
2879 5532 2981 5573 nec
3015 5520 3065 5572 in
3091 5520 3209 5574 loco
3238 5516 3483 5589 Apostoli
3505 5538 3658 5590 supra

2076 5592 2245 5661 relato
2277 5589 2489 5661 legitur.
2524 5588 2775 5657 Idemque
2798 5587 2886 5661 hic
2916 5590 3062 5643 addit
3091 5602 3157 5659 et,
3182 5587 3304 5646 ante
3325 5608 3418 5660 pro
3442 5587 3655 5661 regibus.

2143 5669 2167 5696 η
2201 5659 2298 5715 Ms.
2329 5660 2542 5726 Camb.,
2573 5661 2625 5712 in
2655 5659 2890 5714 membris
2917 5674 3041 5715 suis.
