4040 6178
212 240 305 301 665

1045 235 1130 291 DE
1172 231 1564 290 VOCATIONE
1602 229 1869 288 OMNlUM
1908 231 2221 293 GENTIUM
2260 235 2465 292 LIBER
2503 235 2544 291 I.

3339 235 3443 291 666

207 364 361 420 neque
379 345 714 416 deceptiones
743 361 870 402 suas
909 348 1159 403 evincere
1188 348 1389 412 valent,
1420 346 1613 416 quibus
1645 356 1750 399 tam
1782 346 1832 403 A
1863 344 2090 413 Domini,
2123 359 2212 402 aut
2242 350 2352 417 quis
2376 348 2707 402 consiliarius
2732 348 2845 417 ejus
2871 347 2990 416 fuit,
3017 356 3105 401 aut
3150 349 3264 418 quis
3297 351 3445 420 prior

205 438 520 514 pertinaciter
568 437 938 503 inhmserunt,
992 447 1049 492 ut
1097 447 1355 508 quantum
1403 436 1628 491 amanda
1675 446 1758 491 est

202 533 410 597 veritas,
460 537 666 583 tantum
707 529 934 599 diligant
978 529 1308 584 falsitatem:
1351 529 1659 583 misericors
1703 537 1759 582 et

199 629 356 698 justus
372 620 620 676 Dominus
637 635 735 691 pro
755 621 1006 675 omnibus
1029 622 1128 676 sibi
1157 623 1269 676 vult
1297 621 1603 675 hominibus
1629 635 1757 690 sup-

199 714 365 784 plicari
392 729 406 765 :
436 721 491 765 ut
517 726 637 766 cum
665 711 911 766 videmus
937 713 1004 766 de
1034 722 1139 766 tam
1173 711 1452 781 profundis
1486 712 1640 766 malis
1667 712 1754 765 in-

199 802 698 870 numeroserui,'non
721 802 1054 872 ambigamus
1081 803 1247 856 Deum
1275 803 1586 870 pra’sdtisse
1611 801 1753 870 quod

197 905 248 952 ut
285 902 550 964 praestaret
592 900 776 948 oratus
824 902 942 958 est;
983 904 1036 947 et
1065 892 1266 964 gratias
1295 902 1516 962 agentes
1541 908 1638 961 pro
1670 894 1752 948 Itis

197 989 274 1059 qui
301 985 422 1042 salvi
445 985 569 1040 facti
599 994 756 1048 sunt,
787 999 1069 1055 speremus
1106 986 1266 1039 etiam
1307 999 1401 1040 eos
1445 985 1535 1054 qui
1567 994 1593 1021 ι
1623 999 1749 1039 nec-

194 1081 304 1133 dum
334 1074 606 1131 illuminati
659 1083 830 1140 sunt,
874 1076 1065 1129 eodem
1103 1075 1300 1128 divinae
1348 1077 1537 1144 gratiae
1586 1089 1751 1144 opere

196 1167 486 1226 eximendos
511 1167 578 1222 de
621 1175 887 1236 potestate
918 1166 1259 1220 tenebrarum
1280 1206 1293 1228 ,
1324 1176 1380 1220 et
1425 1166 1478 1220 in
1525 1181 1749 1234 regnum

197 1263 296 1326 Dei,
326 1260 627 1330 priusquam
663 1258 728 1314 tle
754 1257 865 1312 haec
884 1259 989 1312 vita
1022 1265 1236 1321 exeant,
1270 1257 1691 1311 transferendos.

645 1393 807 1462 365
851 1391 1081 1446 CAPUT
1111 1390 1248 1446 xnt.

198 1506 371 1567 Secreti
414 1503 560 1557 illius
592 1505 922 1573 profunditas
973 1519 1073 1572 quo
1131 1504 1226 1556 Dei
1277 1503 1530 1557 salvantis
1578 1503 1749 1572 gratia

255 1578 441 1645 aliquos
468 1591 562 1643 pro
588 1571 770 1642 quibus
803 1571 1037 1626 Ecclesia
1064 1585 1174 1627 orat
1220 1576 1469 1643 praeterit,
1517 1571 1664 1628 nobis
1694 1575 1747 1626 in

254 1648 341 1699 hac
368 1647 467 1698 vita
496 1657 670 1713 patere
692 1661 792 1697 non
821 1654 1004 1712 potest.
1088 1655 1093 1660 '

253 1782 392 1849 Quod
424 1782 468 1835 si
513 1781 751 1848 aliquos,
787 1781 926 1834 sicut
951 1779 1198 1834 videmus
1228 1779 1499 1845 accidere,
1529 1779 1746 1834 saluu-

193 1876 251 1930 tis
277 1875 435 1944 gratia
457 1871 806 1942 praeterierit,
839 1883 892 1926 et
920 1885 1016 1941 pro
1039 1873 1121 1925 eis
1158 1872 1334 1925 oratio
1382 1872 1640 1926 Ecclesia:
1667 1887 1751 1927 re-

194 1973 326 2034 cepta
357 1979 458 2018 non
492 1963 661 2018 fuerit
691 1979 706 2027 ;
741 1962 807 2016 ad
837 1964 1047 2017 occulta
1077 1962 1276 2016 divinae
1296 1962 1521 2031 iustitiae
1547 1963 1750 2032 judicia

194 2058 536 2118 referendum,
574 2065 628 2109 et
669 2053 1064 2124 agnoscendum
1112 2053 1140 2092 δ
1196 2056 1388 2109 secreti
1441 2055 1599 2123 hujus
1629 2071 1753 2123 pro-

195 2147 488 2202 tunditatem
521 2145 681 2200 nobis
721 2147 772 2199 in
805 2145 906 2199 hac
936 2147 1045 2198 vita
1094 2157 1279 2214 patere
1324 2163 1430 2200 nun
1460 2162 1639 2215 posse.
1673 2146 1754 2202 Es

195 2251 319 2305 parte
339 2241 469 2293 enim
506 2241 724 2302 scimus,
777 2247 824 2291 et
863 2253 925 2291 ea:
963 2247 1109 2308 parte
1138 2239 1504 2306 prophetamus
1541 2239 1584 2308 (l
1629 2239 1748 2296 Cor.

195 2345 294 2395 xttt,
333 2328 403 2400 9),
435 2337 491 2383 et
516 2329 750 2384 videmus
797 2345 931 2382 nunc
960 2345 1051 2397 per
1081 2330 1347 2400 speculum
1384 2331 1437 2383 in
1485 2331 1752 2401 cenigmaIe

196 2419 355 2488 (Ibid.,
389 2419 502 2490 ιε).
534 2420 645 2474 Nec
674 2421 1031 2488 sapientiores
1055 2429 1149 2474 aut
1176 2423 1498 2476 scientiores
1546 2423 1749 2477 beatis-

190 2511 308 2562 simo
332 2511 597 2575 Apostolo
625 2525 831 2575 sumus,
874 2511 962 2578 qui
1003 2525 1128 2564 cum
1159 2513 1226 2565 de
1269 2514 1454 2581 gratia
1511 2513 1749 2583 potentia

189 2605 481 2672 disputaret,
526 2616 843 2672 magnorum
875 2602 1258 2672 mysteriorum
1298 2604 1571 2679 ingressus
1601 2620 1753 2659 arca-

192 2709 322 2758 nutu,
346 2697 410 2750 iis
435 2710 560 2766 qua:
596 2704 618 2732 ε
644 2694 978 2763 impossibile
1015 2702 1132 2749 erat
1167 2710 1422 2751 enarrare
1450 2697 1748 2752 succubuit.

193 2784 304 2838 Cum
333 2787 470 2840 enim
504 2785 759 2849 dixisset,
793 2783 933 2838 Nolo
960 2786 1095 2839 enim
1121 2801 1205 2840 vos
1253 2788 1511 2857 ignorare,
1545 2789 1750 2859 fratres,

191 2880 456 2945 mysterium
484 2879 612 2943 hoc,
638 2889 694 2932 ut
715 2894 819 2931 non
841 2879 953 2932 sitis
981 2879 1119 2932 vobis
1159 2880 1287 2946 ipsis
1317 2881 1588 2949 sapientes,
1634 2882 1754 2948 quia

187 2969 364 3023 caritas
387 2986 448 3023 ex
465 2981 621 3040 parte
641 2970 694 3023 in
717 2969 885 3024 Israel
907 2971 1139 3040 configit,
1163 2970 1324 3022 donec
1341 2972 1604 3040 plenitudo
1627 2989 1750 3040 gen-

1861 441 1999 493 dedit
2028 440 2127 504 illi,
2157 449 2204 494 et
2225 441 2531 495 rctribuetur
2559 443 2602 494 ei
2627 443 2652 495 .’
2705 441 2958 507 Quoniam
3007 458 3070 495 ea:
3099 444 3232 511 ipso,
3275 452 3320 496 et
3353 460 3441 509 pxr

1859 529 2048 598 ipsum,
2073 539 2119 584 et
2146 531 2198 584 in
2227 532 2340 598 ipso
2369 543 2486 585 sunt
2515 533 2708 585 omnia.
2743 530 2854 598 Ipsi
2881 533 3048 603 gloria
3093 535 3146 585 in
3171 533 3358 586 sucula
3387 543 3436 587 ε.

1858 622 2017 674 Amen
2038 621 2216 694 (Rom.
2247 639 2323 686 xt,
2347 622 2416 679 55
2444 634 2494 678 et
2519 625 2677 694 seq.).
2711 624 2995 677 Praentissa
3019 625 3162 679 enim
3193 623 3440 678 docentis

1857 715 2086 768 assertio
2114 715 2288 769 locum
2320 714 2484 769 dabat
2512 714 2844 770 multimoda:
2881 715 3187 783 qumstioni,
3215 726 3273 769 ut
3299 711 3329 751 ιι
3350 731 3442 768 va-

1857 803 2006 858 riata
2039 819 2135 874 per
2158 814 2236 859 tot
2264 807 2489 875 populos
2523 823 2585 860 ac
2620 816 2862 874 tempora
2901 806 3090 872 gratiae
3137 805 3231 859 Dei
3277 819 3437 860 causa

1854 906 2212 961 quaereretur.
2262 896 2370 950 Cur
2424 897 2634 951 scilicet
2682 894 3044 951 anterioribus
3091 895 3303 950 saeculis
3348 894 3436 950 di-

1854 985 2032 1037 missa:
2055 995 2238 1039 essent
2260 1001 2450 1040 omnes
2479 997 2669 1055 gentes
2700 986 2908 1055 ingredi
2933 987 3047 1039 vias
3073 999 3200 1039 suas
3232 987 3433 1054 (Actor.

1855 1076 2108 1144 xtv,15),
2162 1093 2266 1130 uno
2296 1085 2503 1131 tantum
2551 1078 2770 1144 lsraele,
2817 1079 2905 1147 qui
2952 1077 3149 1133 divinis
3203 1079 3435 1146 eloquiis

1853 1166 2178 1232 erudiretur,
2241 1178 2509 1236 excepto,
2561 1178 2617 1223 et
2671 1170 2737 1224 ad
2787 1170 3148 1239 cognitionem
3194 1170 3436 1224 veritatis

1852 1255 2062 1321 electo;
2127 1257 2280 1326 cujus
2329 1258 2619 1336 infidelitas
2666 1261 2843 1314 locum
2906 1260 3118 1314 tandem
3165 1259 3436 1314 salvandis

1851 1345 2102 1413 gentibus
2130 1347 2314 1402 fecerit
2348 1366 2360 1400 :
2389 1350 2553 1418 866
2579 1360 2846 1420 tamquam
2877 1352 2920 1405 si
2954 1366 3090 1404 unus
3116 1352 3340 1421 populus
3382 1351 3434 1406 in

1851 1435 1957 1490 fide
1980 1437 2061 1490 sui
2093 1440 2307 1506 generis
2336 1455 2701 1508 permaneret,
2732 1441 3101 1496 misericordia
3143 1442 3235 1496 Dei
3274 1440 3290 1477 ί
3325 1457 3435 1496 caa-

1852 1527 1984 1582 teris
2015 1541 2075 1582 se
2103 1531 2407 1586 nationibus
2433 1541 2692 1600 praestare
2722 1548 2828 1586 non
2881 1533 3098 1600 posset?
3127 1533 3236 1587 Cur
3279 1532 3435 1587 deni-

1851 1633 1958 1687 que
1986 1617 2086 1688 ipsi
2115 1635 2343 1688 quorum
2377 1622 2664 1676 diminutio
2689 1624 2838 1676 salus
2877 1621 2891 1672 i
2936 1624 3176 1692 gentium
3231 1631 3334 1688 est,
3369 1621 3437 1673 ab

1784 1715 1829 1774 Β
1857 1709 2219 1765 obczecatione
2275 1726 2373 1766 sua
2415 1729 2522 1766 non
2565 1713 2860 1768 liberentur
2903 1715 3210 1782 priusquam
3253 1713 3435 1780 ingre-

1854 1803 2036 1856 diatur
2061 1804 2296 1873 gentium
2329 1804 2606 1872 plenitudo
2641 1805 2818 1872 (Rom.
2850 1819 2928 1870 xt,
2955 1802 3092 1874 25):
3140 1805 3291 1872 quasi
3320 1803 3436 1856 illu-

1854 1894 2048 1948 minari
2106 1909 2228 1948 cum
2283 1896 2536 1950 omnibus
2579 1902 2848 1965 nequeant
2890 1896 2978 1964 qni
3033 1909 3241 1959 omnes,
3301 1907 3437 1946 'aca

1854 1986 2092 2038 omnium
2120 1985 2354 2055 gentium
2379 1985 2690 2054 adoptione,
2721 1984 2962 2038 salvandi
2991 1983 3154 2037 sunt?
3181 1985 3284 2036 Aut
3307 1998 3438 2051 quo-

1855 2077 2015 2129 modo
2070 2078 2247 2130 omnis
2279 2076 2442 2131 Israel
2487 2077 2694 2129 sublata
2742 2076 3104 2130 obca'catione
3149 2073 3437 2128 salvandus

1852 2168 1940 2228 sit,
1971 2166 2128 2235 cujus
2161 2167 2573 2221 innumerabilis
2605 2167 2893 2220 multitudo
2920 2166 2971 2218 in
2996 2179 3090 2219 sua
3118 2163 3439 2218 inlidelitate

1853 2259 2128 2325 deﬁciens,
2162 2257 2188 2296 ιι
2211 2259 2277 2312 ad
2306 2269 2549 2326 tempora
2575 2260 2848 2314 salvaudis
2879 2259 3148 2328 promissa
3179 2273 3283 2311 non
3319 2273 3438 2324 per-

1852 2351 2031 2404 venit?
2053 2350 2140 2404 Vel
2162 2350 2430 2420 quomodo
2461 2351 2693 2419 ipsarum
2716 2350 2974 2420 gentium,
2995 2357 3218 2418 quarum
3244 2346 3262 2384 ι
3288 2347 3439 2416 prius

1852 2457 1959 2494 non
1986 2450 2068 2495 est
2094 2442 2228 2494 facta
2259 2442 2494 2506 vocatio,
2517 2441 2727 2496 dicatur
2746 2454 2886 2494 nunc
2910 2439 3114 2509 ingredi
3141 2436 3434 2506 plenitudo:

1851 2548 1973 2588 cum
2005 2540 2084 2585 tot
2104 2534 2424 2601 promiscua;
2465 2533 2640 2586 atatis
2678 2543 2734 2586 et
2773 2529 3101 2584 conditionis
3151 2529 3428 2581 hominum

1851 2623 2020 2678 millia
2051 2623 2102 2676 itt
2159 2623 2409 2676 omnibus
2450 2622 2760 2676 nationibus
2791 2636 2909 2690 quae
2951 2629 3078 2673 sunt
3129 2618 3228 2672 sub
3273 2616 3433 2679 caelo,

1852 2716 1974 2770 sine
2019 2713 2222 2769 Christi
2269 2702 2678 2783 jttstilicatione'
2714 2711 3055 2767 moriantur?
3093 2710 3198 2766 Sed
3247 2708 3438 2762 horum

1853 2808 2232 2878 mysteriorum
2259 2805 2698 2874 judiciorumque
2750 2817 2941 2858 causas
2985 2802 3101 2871 pius
3149 2809 3203 2858 et
3247 2800 3438 2853 doctus

1852 2897 2112 2967 magister
2139 2897 2326 2950 maluit
2353 2897 2419 2950 ad
2443 2896 2786 2950 altitudinem
2817 2893 3127 2948 divitiarum
3158 2889 3438 2959 sapientia

1854 2988 1950 3042 Dei
1977 2987 2323 3057 scientiaque
2349 2986 2704 3056 suspendere,
2725 2999 2884 3055 quam
2907 2982 3220 3051 iustissimae
3251 2979 3440 3032 verita-
3483 3019 3500 3034 .

192 3061 302 3112 tium
325 3063 564 3128 intraret,
608 3071 653 3115 et
677 3063 750 3115 sic
777 3063 939 3115 omnis
981 3053 1147 3114 Israel
1186 3060 1358 3114 salvus
1397 3063 1583 3130 ﬁeret;
1623 3064 1749 3117 sicut

1856 3079 1924 3134 tis
1952 3089 2007 3134 et
2029 3077 2548 3133 misericordissima
2597 3077 2854 3130 bonitatis
2883 3076 3216 3128 subtractum
3246 3071 3312 3124 ab
3338 3071 3438 3124 bu-

194 3153 413 3223 scriptum
438 3163 509 3208 est
533 3151 693 3226 (Isai.
725 3167 834 3219 ux,
858 3151 973 3221 20),
1008 3151 1188 3206 Veniet
1213 3168 1276 3205 ea:
1305 3152 1432 3206 Sion
1460 3153 1546 3219 qui
1566 3151 1591 3188 ἀ
1609 3162 1751 3206 eruat

195 3250 237 3293 et
258 3254 433 3296 avertat
463 3244 752 3312 impietates
779 3243 842 3296 ab
871 3241 902 3294 .1
911 3243 1056 3306 acob,
1086 3253 1132 3296 et
1161 3242 1256 3295 hoc
1284 3243 1390 3296 illis
1424 3260 1457 3296 a
1486 3259 1566 3298 me
1592 3253 1750 3298 testa-

195 3343 412 3398 mentum,
457 3351 580 3388 cum
638 3334 897 3387 abstulero
954 3343 1159 3403 peccata
1210 3350 1406 3388 eorum.
1458 3333 1753 3388 Secundum

194 3421 506 3496 Erangelium
553 3425 765 3495 quidem
816 3425 1012 3477 inimici
1053 3434 1264 3494 propter
1310 3441 1417 3489 vos,
1474 3426 1753 3478 secundum

193 3514 461 3568 electionem
491 3532 611 3570 vero
637 3515 811 3569 dilecti
835 3525 1040 3586 propter
1070 3525 1262 3584 patres.
1297 3515 1425 3571 Sine
1458 3518 1752 3584 paenitentia

190 3605 307 3656 enim
332 3617 444 3659 sunt
477 3607 620 3659 dona
667 3616 714 3659 et
745 3607 939 3659 vacatio
972 3605 1087 3663 Dei.
1121 3606 1269 3660 Sicut
1317 3607 1450 3660 enim
1477 3606 1754 3674 aliquando

192 3706 231 3747 et
256 3713 333 3750 vos
354 3715 452 3752 non
481 3699 773 3752 credidistis
803 3697 932 3762 Deo,
963 3713 1102 3750 nunc
1141 3708 1306 3750 autem
1351 3697 1754 3750 miscricordiam

189 3794 422 3845 consecuti
447 3795 570 3847 estis
594 3801 803 3861 praptcr
828 3792 1038 3844 illorum
1079 3791 1512 3856 incredulitatem,
1561 3791 1658 3856 ita,
1707 3799 1754 3844 et

189 3866 415 3937 isti.nunc
444 3902 547 3939 non
576 3885 905 3938 crediderunt
930 3885 983 3937 in
1009 3893 1176 3937 vestra
1203 3884 1586 3950 misericordia,
1620 3893 1677 3937 ut
1703 3893 1754 3939 et

189 3975 278 4036 ipsi
303 3979 709 4032 misericordiam
736 3987 1120 4046 consequantur.
1161 3975 1426 4032 Conclusit
1452 3979 1585 4030 enim
1615 3976 1753 4030 Deus

188 4069 342 4120 omnia
366 4079 387 4106 ε
410 4071 463 4123 in
491 4071 874 4139 incredulitate,
900 4078 956 4123 ut
986 4071 1212 4123 omnium
1247 4072 1551 4124 misereatur
1575 4070 1748 4140 (Rom.

189 4161 341 4222 “.25
370 4173 416 4216 et
441 4163 601 4233 seq.).
650 4163 784 4217 Cum
831 4178 960 4232 ergo
1004 4163 1119 4216 haec
1172 4163 1477 4217 divinorum
1527 4178 1751 4231 operum

185 4253 422 4318 mysteria
454 4268 618 4323 supra
648 4268 926 4307 mensuras
970 4252 1218 4306 humanae
1249 4253 1620 4320 intelligentiae
1659 4267 1753 4305 ex-

184 4340 440 4410 cellentia,
466 4344 702 4414 quodam
735 4345 930 4399 mentis
957 4359 1071 4397 sua:
1103 4341 1427 4410 profudisset
1482 4357 1707 4396 excessu
1735 4383 1749 4407 ,

1855 3185 2011 3224 mana
2062 3170 2370 3238 cognitione
2416 3175 2684 3222 secretum
2750 3164 3040 3219 temeraria
3091 3161 3441 3231 inquisitione

1855 3263 2159 3330 discutere;
2195 3262 2326 3316 niltil
2357 3261 2613 3316 amittens
2648 3259 2717 3314 de
2767 3257 2850 3312 his
2896 3272 3017 3326 qua:
3070 3271 3175 3309 non
3227 3263 3443 3322 oportet

1855 3357 2120 3426 ignorari,
2173 3355 2306 3412 nihil
2349 3361 2694 3411 contrectans
2750 3350 2818 3406 de
2869 3349 2955 3404 his
3005 3363 3123 3419 qua:
3174 3361 3277 3402 non
3317 3346 3443 3400 licet

1855 3450 2003 3504 sciri.

2445 3555 2670 3612 CAPUT
2700 3554 2841 3610 XIV.

1859 3672 2027 3728 Multa
2050 3689 2158 3725 esse
2183 3672 2235 3724 in
2255 3670 2637 3738 dispensatione
2666 3682 2874 3735 operum
2889 3665 3201 3738 divinorum,
3226 3677 3443 3730 quorum

2033 3743 2202 3795 causis
2230 3732 2530 3804 latentibus,
2557 3739 2650 3790 soli
2685 3732 3031 3788 monstrantur
3053 3732 3283 3798 eﬁ'ectus.

1931 3877 1982 3930 Ι.
2015 3875 2176 3929 Multa
2207 3874 2351 3929 enim
2401 3880 2527 3926 sunt
2576 3871 2630 3924 in
2678 3868 3086 3937 dispensatione
3135 3865 3440 3920 divinorum

1861 3982 2107 4036 operum,
2135 3978 2364 4034 quorum
2391 3961 2570 4016 causis
2593 3958 2912 4026 latentibus,
2939 3955 3038 4011 soli
3071 3966 3443 4009 monstrantur

1864 4061 2106 4124 effectus,
2138 4067 2199 4112 ut
2226 4072 2346 4111 cum
2373 4063 2554 4124 pateat
2575 4052 2716 4124 quod
2744 4049 2968 4121 geritur,
3003 4064 3107 4102 non
3141 4054 3322 4119 pateat
3349 4061 3444 4099 cur

1859 4163 2112 4224 geratur;
2147 4151 2360 4220 negotio
2385 4149 2435 4202 in
2453 4146 2686 4202 medium
2720 4145 2972 4208 deducto,
3001 4151 3055 4196 et
3085 4142 3139 4196 in
3171 4141 3443 4197 occultum

1867 4249 2072 4302 ratione
2099 4244 2364 4299 subducta
2392 4251 2495 4308 gut
2517 4242 2570 4295 in
2599 4239 2792 4294 eadem
2820 4252 2882 4293 re
2929 4245 2983 4291 et
3012 4235 3080 4290 de
3122 4233 3445 4288 inscrutabi-

1863 4340 2002 4392 libus
2029 4335 2378 4406 praesumptio
2405 4332 2808 4402 comprimatur,
2841 4328 2984 4382 etde
3011 4326 3308 4380 manifestis
3344 4324 3442 4378 fal-

185 4437 334 4484 totam
361 4435 720 4502 expositionis
743 4434 1003 4488 rationem
1025 4433 1299 4486 transtulit
1329 4430 1348 4469 τ
1375 4432 1426 4485 in
1445 4440 1747 4497 stuporem,
1782 4443 1833 4501 D
1861 4431 1991 4483 sitas
2019 4426 2298 4482 refutetur.
2331 4424 2516 4493 Neque
2563 4425 2704 4476 enim
2736 4422 2780 4474 si
2829 4418 3012 4472 nescio
3037 4433 3130 4470 cur
3163 4417 3252 4469 ille
3296 4414 3444 4469 Grae-

181 4529 230 4573 ct
252 4523 546 4580 admirator
571 4541 759 4581 eorum
797 4542 915 4594 qua:
961 4527 1278 4594 protulerat,
1330 4525 1649 4580 exclamavit
1704 4535 1759 4578 ct
1843 4537 1938 4574 cus
1967 4527 2210 4582 creatur,
2243 4517 2329 4570 hic
2354 4516 2636 4577 barbarus,
2663 4514 2762 4565 iste
2793 4511 2845 4564 in
2869 4509 3089 4574 divitiis,
3124 4507 3214 4560 ille
3243 4508 3296 4559 in
3320 4521 3445 4576 ege-

183 4611 338 4667 dixit:
386 4616 431 4668 0
478 4618 706 4670 altitudo
755 4618 1052 4669 divitiarum
1103 4618 1367 4686 sapientia:
1426 4626 1475 4671 et
1523 4617 1754 4671 scientia:

1849 4622 1991 4667 state
2021 4619 2313 4673 nascatur;
2364 4607 2509 4660 hunc
2541 4605 2710 4657 valida
2765 4599 2974 4670 proceri
3026 4600 3270 4669 corporis
3320 4599 3438 4666 pul-

181 4699 313 4757 Dci!
355 4706 525 4772 Quam
553 4707 1092 4776 incomprehensibilia
1134 4717 1255 4760 sunt
1288 4707 1494 4781 judicia
1546 4710 1683 4781 ejus,
1715 4718 1762 4761 et
1855 4703 2107 4760 chritudo
2164 4700 2460 4763 sublimet,
2518 4696 2671 4765 illum
2746 4691 3003 4747 debilium
3077 4691 3441 4781 membrorum

179 4790 543 4866 investigabiles
595 4800 690 4852 vice
737 4797 882 4870 ejus!
933 4797 1060 4862 Quis
1101 4799 1234 4852 enim
1286 4780 1518 4868 cognovit
1567 4780 1773 4852 sensum
1847 4794 2066 4852 exilitas
2097 4803 2377 4846 contracta
2405 4786 2707 4850 deformet;
2738 4784 2840 4838 iste
2868 4797 2899 4836 a
2925 4781 3208 4837 catholicis
3237 4780 3436 4844 editus,

244 4979 267 5007 ⁸
290 4971 389 5026 Ms.
417 4973 638 5037 Camb.,
670 4989 758 5027 nec
778 4973 920 5038 dum,
943 4989 1062 5028 cum
1096 4973 1296 5028 Leone.
1327 4974 1452 5038 Alii,
1483 4975 1735 5027 nondum.

179 5036 296 5110 Post
321 5044 530 5110 aliquot
563 5036 723 5096 verba
761 5036 937 5097 autem
968 5043 1108 5097 idem
1141 5059 1241 5097 ms.
1289 5059 1408 5097 cunt
1438 5036 1663 5099 Joliensi
1689 5053 1743 5097 et

178 5109 365 5177 Leone,
392 5109 533 5166 utin
569 5122 741 5166 textu:
795 5128 914 5166 cum
943 5113 1076 5168 editi
1122 5114 1463 5177 Prosperiani
1513 5114 1744 5169 habeant

179 5190 227 5317 ῗι
247 5181 295 5233 in
315 5197 531 5252 regnum
557 5180 670 5248 Dei,
697 5184 992 5253 priusquam
1021 5185 1083 5237 de
1105 5185 1199 5237 Itac
1220 5186 1321 5237 vita
1343 5195 1544 5249 exeant,
1577 5195 1744 5238 trans-

203 5264 419 5308 erantur.

203 5264 333 5303 erant
338 5269 419 5308 ur.

242 5320 269 5358 1³
294 5323 416 5376 Mss.
447 5322 638 5376 Camb.
666 5333 718 5377 et
741 5323 845 5378 Jol.
875 5324 1125 5377 omittunt
1151 5334 1224 5377 est
1249 5365 1265 5389 ,
1295 5334 1349 5378 et
1378 5324 1486 5379 Let
1512 5339 1700 5380 novus.

246 5401 267 5462 ξ
292 5393 387 5446 Ms.
421 5392 769 5462 Catnberon.,
798 5394 1135 5462 impossibilia
1165 5410 1318 5447 erunt
1341 5401 1592 5449 enarrari.

241 5458 266 5496 δ
293 5462 390 5516 Ms.
420 5461 700 5527 Joliensis,
733 5458 879 5516 eruet
900 5473 948 5516 et
971 5475 1177 5516 avertet.

246 5533 384 5586 'Ms.
436 5535 547 5589 Jol.
580 5549 695 5587 cum
738 5542 884 5588 textu
912 5535 1101 5591 Graeco
1147 5534 1319 5599 Pauli,
1369 5535 1422 5587 in
1465 5535 1746 5587 increduli-

183 5607 343 5654 tatem.

249 5671 264 5709 ί
315 5673 411 5728 Ed.
446 5674 516 5727 ad
546 5683 819 5746 stuporrm.
849 5675 946 5733 Ms.
975 5675 1076 5730 Jol.
1110 5684 1162 5731 et
1188 5675 1343 5740 Leo.,
1374 5678 1424 5728 in
1465 5686 1743 5739 stuporem.

1923 4980 1948 5018 s
1981 4969 2077 5023 llic
2105 4983 2209 5020 vox
2240 4965 2562 5024 saeculorum,
2613 4962 2882 5016 omittitur
2918 4961 2971 5014 in
2996 4959 3197 5017 Leone,
3229 4970 3328 5009 nec
3355 4965 3439 5008 est

1851 5043 1903 5095 itt
1933 5043 2052 5094 loco
2080 5035 2350 5107 Apostoli,
2380 5049 2500 5104 qua:
2549 5034 2778 5088 habetur
2822 5033 2875 5086 in
2903 5030 3060 5085 editis
3109 5028 3355 5093 Prosperi
3385 5035 3440 5079 et

1853 5126 1953 5216 msh.
1980 5110 2262 5233 lifibeonis
2284 5175 2543 5240 editione,
2571 5174 2743 5228 varice.
2792 5171 2892 5226 Ms.
2931 5168 3036 5224 Jol.
3089 5165 3287 5220 omittit
3323 5163 3439 5232 Dei,

1851 5261 1972 5321 post
2003 5252 2201 5321 gratim.

1926 5323 1940 5358 ί
1971 5316 2069 5375 Ms.
2099 5316 2380 5376 Jolicnsis,
2418 5317 2621 5370 ctrteris
2667 5329 2720 5366 se
2744 5321 3008 5380 prtcstare.

1925 5391 1938 5440 i
1973 5372 2065 5444 Sic
2094 5372 2213 5458 post
2238 5372 2455 5441 textum
2479 5372 2888 5454 Apostoli'mss.
2916 5379 3019 5434 Jol.
3039 5385 3092 5431 et
3113 5372 3438 5429 Camberon.

1855 5464 2018 5521 Alias,
2060 5459 2287 5530 gentibus
2318 5467 2391 5509 est
2405 5495 2418 5508 .

1919 5530 1942 5567 κ
1971 5518 2082 5584 Ms:
2102 5528 2448 5587 Camberon.,
2473 5524 2542 5576 ad
2571 5531 2801 5590 tempora
2829 5518 3038 5572 salutis.

1925 5600 1942 5637 ι
1978 5601 2077 5654 Ms.
2105 5598 2233 5662 Jol.,
2272 5611 2489 5662 quarum
2521 5595 2680 5662 prior,
2735 5604 2787 5646 et
2819 5601 2939 5659 post
2982 5601 3146 5658 pauca
3180 5600 3300 5642 cum
3331 5599 3440 5642 ms.

1847 5671 2062 5736 Camb.,
2091 5685 2205 5721 cum
2242 5675 2403 5719 tanta.
