3972 6176
614 254 719 312 667

1297 252 1353 307 S.
1394 248 1734 306 PROSPEBI
1774 247 2109 325 AQUlTANl,
2131 244 2202 303 Οῐ

2317 242 2363 298 Α
2402 242 2723 300 ΙΝΟΕΒΤᾹΞ
2764 241 3288 300 AUCTORITATlS.
3653 318 3663 329 O
3782 241 3868 300 661

615 376 667 423 in
704 368 945 425 veritatis
988 366 1271 423 cunabulis
1301 368 1591 433 nutriatur,
1636 366 1729 421 ille
1777 366 2158 421 litereticorum
2186 377 2202 424 ;
2232 361 2283 420 A
2311 360 2375 413 de
2400 361 2639 429 tenebris,
2667 370 2715 414 et
2745 360 2982 429 producit
3016 360 3071 413 in
3101 359 3264 412 lucem
3294 360 3525 413 umbram
3570 360 3761 413 mortis.
3789 364 3865 426 Qui

616 461 931 530 progenies,
965 472 1086 513 cum
1118 457 1234 526 ipso
1259 456 1401 511 lacte
1429 457 1618 511 matris
1665 455 1882 510 hauriat
1935 455 2085 508 virus
2115 468 2199 506 er-

611 558 756 609 ruris
791 565 803 613 ;
835 548 877 601 si
910 548 1141 616 denique
1166 548 1311 601 mille
1362 548 1497 602 alias
1544 547 1882 602 differentias
1915 547 1967 600 in
2018 545 2203 601 habitu

617 653 926 705 corporum,
968 638 1019 691 in
1042 636 1385 706 qualitatibus
1412 638 1740 702 animorum,
1766 639 1819 691 in
1843 646 1871 675 ι
1896 636 2204 691 conditione

616 740 951 799 temporum,
983 730 1035 783 in
1063 744 1213 784 more
1252 733 1530 798 regionum
1553 774 1567 798 ,
1601 730 1897 798 dijudicare
1929 745 2035 784 non
2081 745 2204 799 pos-

616 837 759 887 sum;
796 821 917 875 ideo
960 821 1102 890 quod
1151 821 1392 875 omnium
1424 821 1618 875 horum
1648 821 1788 876 Deus
1832 824 1904 877 sit
1953 822 2202 877 conditor

618 922 778 983 atque
806 913 1093 967 ordinator
1114 911 1328 979 ignoro.
1358 911 1459 978 Qui
1502 912 1687 981 utique
1717 914 2054 982 singulorum
2105 913 2201 965 1ιο-

617 1004 823 1057 miuum
857 1003 924 1056 ita
952 1013 1007 1056 et
1034 1017 1263 1071 corpora
1290 1002 1494 1056 ereavit
1540 1012 1594 1056 et
1640 1003 1885 1071 spiritus,
1921 1013 1974 1055 ut
2003 1014 2202 1072 praeter

614 1091 765 1146 illam
796 1098 1103 1147 secuturam
1134 1107 1198 1146 ex
1246 1092 1661 1161 uniuscujusque
1689 1093 1849 1163 867
1892 1094 2074 1147 studio
2105 1108 2199 1147 vo-

615 1182 903 1235 luntariam
957 1182 1365 1248 diversitatem,
1432 1185 1549 1252 ipsa
1603 1185 1928 1238 conditionis
1976 1186 2199 1240 exordia

615 1273 976 1328 dissimillima
1008 1276 1391 1329 numerositate
1418 1276 1987 1332 variaret.Turbarent
2017 1288 2196 1333 autem

616 1381 735 1429 nos,
770 1374 824 1419 et
855 1367 906 1418 in
939 1365 1214 1420 diversum
1245 1366 1612 1423 distraherent
1660 1370 1842 1423 multae
1882 1372 2196 1441 vaniloquo-

616 1472 733 1512 rum
763 1458 1069 1524 opiniones,
1099 1457 1189 1526 qui
1237 1457 1304 1512 de
1344 1459 1855 1528 iucognoscibilibus
1894 1461 1921 1500 ι)
1970 1462 2199 1519 delinire

616 1548 1052 1601 inconvenientia
1110 1557 1603 1617 praesumpserant,
1651 1560 1706 1604 et
1756 1550 1856 1604 bas
1903 1552 2197 1622 originales

616 1639 1005 1708 inaequalitates
1034 1638 1157 1693 fatis
1185 1638 1328 1712 (quae
1360 1640 1504 1694 nulla
1536 1644 1686 1712 sunt)
1713 1652 1767 1696 et
1796 1644 2068 1700 sideribus
2096 1646 2193 1701 de—

618 1740 909 1801 putarunt;
945 1731 1045 1785 nisi
1074 1732 1377 1787 certissima
1425 1733 1612 1789 notitia
1645 1743 1991 1804 teneremus,
2026 1738 2195 1794 Deum
2229 1737 2275 1794 Β

616 1823 929 1876 Creatorem
952 1820 1020 1875 de
1067 1822 1349 1878 elementis
1398 1835 1419 1862 ο
1450 1826 1819 1895 originalibus,
1852 1838 2011 1897 prout
2060 1832 2195 1898 vult,

617 1926 712 1965 vas
755 1911 1179 1981 unumquodque
1223 1913 1478 1981 formare,
1507 1925 1565 1969 et
1603 1931 1761 1971 unam
1805 1931 2050 1976 naturam
2082 1924 2199 1976 aniv

617 2017 827 2057 marum
876 2012 931 2057 et
960 2019 1120 2057 unam
1153 2015 1399 2060 naturam
1457 2021 1764 2077 corporum,
1830 2012 2043 2079 placitis
2096 2014 2200 2069 sibi

617 2103 925 2161 temperare
946 2096 1236 2149 mensuris.
1266 2096 1399 2163 Quae
1421 2099 1605 2168 utique
1636 2114 1795 2170 opera
1828 2101 1921 2156 Dei
1951 2103 2200 2160 humana:

619 2184 988 2254 intelligentiae
1010 2184 1036 2221 ά
1056 2200 1164 2240 non
1193 2188 1662 2257 subtraherentur,
1678 2192 1722 2245 si
1747 2191 2085 2249 innotescere
2108 2196 2204 2251 de-

620 2276 897 2339 buissent;
926 2285 980 2330 et
1025 2277 1458 2333 manil‘estaretur
1494 2294 1590 2334 cur
1633 2281 1703 2335 ita
1735 2281 1970 2351 quidque
2021 2284 2199 2353 ﬁeret,

619 2369 745 2435 nisi,
770 2369 914 2438 quod
946 2368 1018 2424 ita
1042 2370 1214 2439 ﬁeret,
1245 2373 1384 2427 seire
1415 2373 1707 2430 sufﬁceret.

689 2462 828 2517 Dicit
867 2462 1124 2517 Dominus
1151 2462 1217 2517 ad
1258 2464 1475 2535 Moysen
1504 2482 1516 2517 :
1548 2466 1674 2530 Quis
1697 2466 1837 2521 dedit
1881 2484 1938 2522 os
1980 2470 2199 2539 homini,

619 2562 665 2605 et
689 2552 803 2621 quis
832 2554 952 2621 fecit
976 2564 1171 2607 mutum
1200 2563 1249 2608 et
1274 2571 1374 2608 non
1403 2556 1718 2625 audientem,
1751 2559 2003 2614 videntem
2030 2573 2078 2615 et
2104 2579 2204 2617 cat-

619 2658 734 2695 cum
759 2643 786 2697 .9
815 2644 1003 2698 Nonne
1046 2661 1136 2716 ego
1179 2644 1434 2700 Dominus
1483 2646 1619 2702 Deus
1647 2648 1843 2720 (Exod.
1874 2667 1944 2717 tv,
1983 2652 2109 2724 ll)?
2139 2655 2205 2709 Et

619 2748 720 2803 per
748 2734 937 2789 Isaiam
964 2752 978 2800 ;
1015 2735 1201 2791 Nonne
1232 2753 1323 2810 ego
1352 2748 1375 2774 θ
1405 2740 1683 2809 fecundum
1722 2750 1769 2793 et
1800 2744 2020 2797 sterilem
2057 2746 2206 2814 feci?

621 2826 746 2879 dicit
779 2826 1028 2881 Dominus
1055 2826 1210 2892 (Isai.
1255 2831 1499 2901 va1,9).
1556 2831 1612 2884 lu
1641 2833 1779 2887 libro
1823 2833 2205 2891 Ecclesiastico

620 2916 836 2986 legitur,
868 2916 1017 2970 Bona
1039 2927 1086 2970 et
1111 2917 1269 2983 mala,
1302 2920 1401 2973 vita
1428 2930 1474 2974 et
1512 2937 1668 2984 mors,
1700 2932 1976 2991 paupertas
2010 2933 2061 2979 et
2105 2927 2202 2980 lio-

528 3032 549 3050 -
621 3018 791 3064 nestas
827 3027 859 3064 a
907 3007 1018 3063 Deo
1069 3020 1185 3064 sunt
1228 3010 1419 3083 (Eccli.
1475 3013 1693 3084 x1,H).
1758 3015 1827 3069 Et
1874 3015 1973 3071 Job
2027 3017 2201 3073 dicit:

620 3101 900 3155 Abundant
932 3101 1256 3156 tabernacula
1286 3104 1614 3173 prcedonum,
1648 3114 1695 3159 et
1744 3107 1989 3162 audacter
2018 3125 2202 3177 provo-

621 3202 741 3247 cant
768 3193 955 3259 Deum,
983 3212 1097 3248 cum
1123 3196 1234 3265 ipse
1261 3196 1456 3251 dederit
1486 3201 1657 3252 omnia
1678 3201 1730 3252 in
1752 3200 1985 3254 manibus
2031 3217 2204 3255 eorum

622 3286 747 3357 (Job
776 3302 871 3351 xu,
902 3286 977 3358 6).
1007 3288 1072 3341 Et
1094 3288 1233 3342 idem
1264 3288 1334 3343 de
1355 3290 1592 3344 omnium
1624 3304 1802 3344 rerum
1853 3291 2202 3347 humanarum

625 3374 868 3443 proiectu
898 3384 953 3429 et
980 3376 1186 3431 defectu
1219 3379 1516 3447 disputans,
1558 3395 1854 3450 omnesque
1885 3384 2205 3440 mutationes

622 3466 687 3520 ad
716 3466 915 3534 judicia
944 3467 1038 3522 Dei
1069 3470 1310 3524 referens
1337 3486 1352 3528 :
1381 3473 1536 3541 Apud
1566 3473 1737 3544 ipsum
1764 3485 1857 3539 est,
1904 3476 2090 3546 inquit,
2117 3493 2203 3530 sa-

622 3557 816 3627 pientia
843 3566 891 3610 et
911 3559 1180 3627 fortitudo,
1212 3561 1321 3628 ipse
1350 3561 1498 3614 habet
1546 3565 1818 3616 consilium
1846 3574 1890 3616 et
1919 3564 2205 3637 intelligen-

622 3649 768 3702 tiam.
802 3648 863 3703 Si
893 3649 1221 3715 destruxerit,
1252 3650 1270 3688 ί
1297 3668 1442 3706 nemo
1466 3662 1539 3706 est
1565 3654 1652 3723 qui
1677 3654 1893 3725 aedificet
1916 3672 1936 3721 ;
1967 3658 2008 3708 si
2041 3657 2207 3709 inc/u-

622 3740 741 3792 serit
768 3737 1046 3807 hominem,
1080 3740 1254 3795 nullus
1298 3751 1371 3796 est
1413 3744 1500 3813 qui
1545 3745 1763 3815 aperiat.
1813 3745 1871 3801 Si
1902 3747 2208 3801 continuerit

621 3846 800 3900 aquas,
836 3832 1005 3883 omnia
1034 3831 1403 3899 siccabuntur;
1434 3833 1479 3887 si
1506 3835 1730 3888 emiserit
1760 3853 1867 3901 eos,
1918 3836 2206 3891 subrertent

623 3932 826 3975 terram.
861 3925 1009 3992 Apud
1034 3924 1203 3990 ipsum
1247 3934 1321 3978 est
1363 3928 1613 3995 fortitudo
1653 3936 1699 3979 et
1755 3929 2053 3998 sapientia:
2102 3930 2207 4000 ipse

621 4014 757 4066 novit
785 4022 831 4065 et
855 4013 1205 4081 decipientem,
1226 4024 1272 4068 et
1294 4033 1407 4069 eum
1428 4017 1515 4085 qui
1542 4018 1816 4085 decipitur,
1848 4020 2057 4073 adducit
2087 4037 2209 4073 con-

622 4104 847 4156 siliarios
875 4105 929 4156 in
960 4106 1166 4158 stultum
1193 4106 1366 4175 finem,
1386 4118 1434 4161 et
1452 4109 1656 4180 judices
1688 4112 1739 4162 in
1761 4122 2017 4181 stuporem
2050 4128 2068 4166 :
2097 4114 2207 4165 bal.

624 4206 760 4248 leum
787 4211 962 4264 regum
1012 4195 1260 4261 dissolvit,
1293 4208 1341 4250 et
1387 4200 1650 4268 prtecingit
1690 4205 1813 4269 fune
1842 4218 1984 4256 renes
2008 4219 2199 4258 eorunt.

624 4286 776 4339 Ducit
805 4287 1091 4341 sacerdotes
1124 4291 1149 4328 ⁸
1190 4288 1458 4358 inglorios,
1492 4298 1537 4342 et
1567 4292 1836 4360 optimates
1885 4296 2203 4364 supplantat,

623 4388 937 4433 commutans
968 4379 1161 4433 labium
1192 4382 1465 4449 veracium,
1500 4392 1546 4435 et
1574 4382 1862 4436 doctrinam
1906 4402 2083 4439 senum
2112 4404 2203 4439 au-

2308 452 2614 522 multiplicat
2639 461 2809 522 gentes
2838 460 2884 505 et
2920 449 2937 488 ί
2971 451 3139 520 perdit
3161 466 3267 515 eos,
3296 460 3343 503 et
3369 450 3640 503 subversas
3674 450 3727 503 in
3765 452 3866 505 inte-

2306 561 2456 616 grant
2487 545 2738 597 restituet.
2774 543 2874 607 Qui
2904 544 3139 596 immutat
3178 558 3267 596 cor
3295 542 3588 612 principum
3629 551 3788 608 terra,
3827 556 3865 598 et

2307 636 2492 704 decipit
2515 651 2620 699 eos,
2650 643 2706 687 ut
2736 633 2928 701 frustra
2956 634 3194 688 incedant
3225 649 3315 702 per
3351 632 3565 684 invium.
3598 628 3863 702 Paipabtuu

2304 730 2451 797 quasi
2480 730 2531 781 in
2560 729 2797 790 tenebris,
2829 737 2877 783 et
2907 746 3009 782 non
3036 730 3090 783 in
3134 730 3266 791 luce,
3303 737 3351 781 et
3395 742 3569 780 errare
3608 744 3694 780 eos
3740 728 3861 794 facit:

2309 821 2459 889 quasi
2490 821 2655 874 ebrios
2686 818 2880 891 (Ibid.,
2911 822 2978 875 16
3006 831 3050 874 et
3081 820 3238 891 seq.).
3269 820 3335 873 Et
3381 819 3583 873 iterum
3638 819 3772 873 idem
3798 822 3859 873 di-

2303 932 2433 972 cens
2464 917 2799 971 voluntatem
2839 916 2933 971 Dei
2964 917 3171 971 irritam
3215 929 3337 971 esse
3382 929 3489 969 non
3532 928 3693 982 posse
3729 911 3860 985 :Ipse

2302 1010 2455 1074 enim,
2492 1008 2682 1078 inquit,
2709 1009 2851 1062 solus
2876 1018 2971 1072 est,
3003 1018 3051 1062 et
3078 1023 3225 1061 nemo
3254 1015 3481 1060 avertere
3522 1014 3689 1076 potest
3734 1004 3746 1054 i
3795 1022 3860 1058 co-

2301 1100 2599 1169 gitationem
2646 1102 2754 1170 ejus
2776 1115 2795 1153 :
2825 1109 2871 1153 et
2899 1100 3073 1153 anima
3101 1102 3213 1171 ejus
3248 1098 3608 1169 quodcumque
3657 1097 3855 1161 voluerit,

2301 1190 2400 1243 hoc
2426 1190 2511 1258 ﬁet
2544 1189 2666 1259 (Job
2699 1206 2854 1251 xxm,
2886 1190 2998 1259 15).

2799 1283 2967 1353 εεε
3010 1279 3238 1339 CAPUT
3281 1280 3375 1335 xv

2306 1373 2456 1437 Quod
2485 1391 2603 1442 pars
2633 1373 2895 1428 hominum
2922 1375 3186 1435 liberatur,
3221 1373 3408 1427 ascribi
3438 1390 3544 1426 non
3578 1385 3741 1439 potest
3773 1374 3855 1429 nte-

2372 1445 2481 1497 ritis
2512 1445 2829 1526 voluntatum
2855 1462 2872 1498 :
2901 1443 3055 1498 veluti
3086 1444 3243 1498 bonos
3268 1444 3479 1513 elegerit
3505 1447 3695 1515 gratia,
3723 1448 3855 1499 molas

2374 1524 2690 1580 praeterierit.

2375 1603 2662 1659 Liberatur
2689 1620 2813 1673 pars
2845 1604 3147 1672 hominum,
3206 1613 3359 1672 parte
3406 1613 3707 1674 pereunte:
3744 1615 3788 1659 et
3819 1606 3852 1657 si

2304 1693 2408 1748 hoe
2428 1696 2758 1749 voluntatum
2789 1696 2995 1750 meritis
3044 1692 3072 1731 ¹ί
3116 1694 3449 1750 voluerimus
3493 1696 3776 1763 ascribere,
3812 1705 3853 1747 ut

2305 1785 2476 1840 malos
2503 1787 2809 1856 neglexisse
2836 1787 3026 1854 gratia,
3050 1786 3221 1840 bonos
3246 1796 3422 1841 autem
3456 1787 3688 1856 elegisse
3712 1785 3853 1839 videa-

2302 1885 2422 1942 tur;
2463 1877 2678 1932 resistet
2719 1876 2874 1932 nobis
2923 1875 3400 1933 innumerabilium
3442 1892 3611 1931 causa
3667 1878 3854 1945 ιοριιιοο

2304 1984 2446 2035 rum,
2478 1970 2671 2038 quibus
2703 1985 2797 2040 per
2825 1978 2907 2026 tot
2931 1970 3130 2025 saecula
3161 1967 3181 2007 1
3215 1969 3357 2023 nulla
3379 1970 3621 2025 caelestis
3637 1970 3853 2025 doctrina:

2303 2063 2640 2117 annuntiatio
2668 2063 2987 2117 coruscavit.
3032 2062 3145 2117 Nec
3196 2061 3456 2117 meliores
3493 2061 3662 2117 fuisse
3700 2077 3850 2117 eorum

2304 2165 2549 2223 posteros
2576 2170 2863 2226 possumus
2886 2155 3091 2221 dicere,
3124 2155 3199 2209 de
3244 2155 3442 2221 quibus
3498 2155 3754 2222 scriptum
3772 2166 3851 2211 est.

2305 2246 2549 2301 Gentium
2577 2249 2818 2318 populus,
2849 2248 2937 2317 qui
2965 2246 3167 2301 sedebat
3196 2247 3251 2299 in
3282 2247 3525 2311 tenebris,
3557 2247 3723 2300 lucem
3756 2245 3853 2297 sidit

2306 2354 2546 2408 magnam
2571 2353 2589 2398 ς
2614 2348 2661 2391 et
2683 2338 2973 2392 sedentibus
3003 2338 3056 2391 in
3078 2336 3295 2391 tenebris
3316 2345 3365 2391 et
3386 2336 3569 2390 umbra
3590 2336 3771 2401 mortis,
3789 2336 3857 2387 ius

2306 2441 2420 2484 orta
2440 2441 2515 2484 est
2544 2432 2651 2485 illis
2677 2430 2833 2501 (Isai.
2852 2430 3031 2501 me).
3054 2431 3117 2485 Et
3147 2430 3212 2483 ad
3238 2444 3371 2498 quos
3392 2430 3672 2498 apostolus
3697 2427 3857 2482 Petrus

2306 2523 2459 2590 dicit,
2495 2522 2595 2578 Vos
2624 2533 2795 2578 autem
2834 2538 2992 2592 genus
3021 2522 3255 2582 electum,
3307 2523 3486 2592 regale
3525 2520 3858 2578 sacerdotium,

2305 2634 2427 2688 gens
2455 2626 2655 2683 sancta,
2686 2615 2910 2687 populus
2938 2615 3307 2685 acquisitionis,
3337 2621 3396 2667 ut
3431 2614 3642 2667 virtutes
3688 2629 3860 2666 annun-

2306 2710 2438 2763 tietis
2461 2711 2574 2779 ejus
2590 2709 2679 2780 qui
2701 2709 2764 2763 de
2781 2708 3000 2763 tenebris
3018 2724 3104 2762 vos
3130 2710 3377 2762 vocovitm
3394 2708 3448 2760 in
3464 2717 3571 2762 tam
3596 2705 3861 2763 admirabile

2307 2802 2477 2853 lumen
2504 2817 2655 2853 suum
2679 2815 2697 2853 :
2720 2800 2807 2869 qui
2837 2801 3098 2865 quondam
3129 2815 3230 2853 non
3279 2801 3528 2870 papulas,
3562 2815 3695 2853 nunc
3719 2807 3863 2851 unus:

2309 2893 2487 2961 populi
2517 2891 2651 2957 Dei;
2689 2908 2908 2960 quorum
2936 2891 3217 2960 aliquando
3246 2907 3346 2944 non
3376 2901 3450 2945 est
3480 2892 3735 2957 misertus,
3754 2905 3866 2943 nunc

2306 2994 2479 3037 autem
2502 2984 2767 3037 miseretur
2793 2981 2835 3051 (1
2872 2981 3015 3038 Petr.
3049 2997 3109 3047 ιι,
3140 2982 3219 3051 9).
3249 2981 3367 3035 Non
3395 2997 3529 3052 ergo
3558 2982 3760 3036 meritis
3785 2980 3865 3033 mi—

2227 3105 2273 3166 ρ
2311 3091 2501 3131 norum
2561 3074 2815 3129 tribuitur
2851 3073 2995 3143 quod
3037 3087 3143 3128 non
3187 3088 3436 3127 rnerucre
3491 3074 3740 3141 majores.
3782 3071 3864 3124 Par

2306 3168 2450 3222 enim
2483 3167 2736 3235 impietas
2763 3174 2819 3219 et
2850 3176 3026 3233 patres
3053 3167 3343 3218 accusabat
3366 3173 3423 3219 et
3470 3164 3635 3229 ﬁlios,
3680 3166 3866 3218 ralem-

2304 3273 2410 3328 que
2440 3257 2756 3328 ignorantia:
2783 3257 2996 3312 caecitas
3024 3270 3215 3311 omnes
3245 3256 3409 3310 simul
3428 3256 3483 3310 in
3513 3257 3731 3311 eosdem
3751 3269 3865 3310 mer-

2303 3351 2463 3421 gebat
2489 3364 2723 3404 errores.
2758 3348 2865 3404 Sed
2890 3363 2990 3403 cur
3013 3348 3227 3403 illorum
3279 3364 3385 3402 non
3419 3350 3705 3415 misertus,
3732 3356 3758 3383 υ
3786 3346 3866 3398 lio-

2306 3459 2424 3496 rum
2450 3442 2516 3495 sit
2549 3443 2807 3496 misertus
2827 3441 2990 3508 Deus,
3017 3456 3138 3510 qua:
3161 3441 3385 3496 scientia
3408 3440 3865 3509 comprehendere,

2306 3550 2426 3602 qua:
2453 3543 2628 3602 potest
2650 3533 2976 3602 inveStigare
3004 3533 3269 3601 sapientia
3296 3532 3318 3583 t
3360 3531 3521 3586 Latet
3554 3530 3867 3587 diseretions

2309 3634 2333 3660 °
2360 3625 2516 3679 istius
2544 3624 2704 3691 ratio,
2734 3623 2828 3678 sed
2868 3638 2977 3677 non
3010 3623 3139 3677 latet
3190 3622 3304 3692 ipsa
3349 3622 3629 3677 discretio.
3661 3621 3771 3675 Non
3801 3621 3867 3672 in-

2310 3716 2601 3786 telligimus
2662 3714 3039 3784 iudicantem,
3096 3712 3194 3767 sed
3239 3713 3489 3767 videmus
3557 3722 3866 3782 operantem.

2307 3807 2445 3875 Quid
2502 3805 2894 3860 ealumniamur
2958 3804 3183 3873 justitia:
3234 3806 3506 3870 occultae,
3548 3806 3640 3873 qui
3694 3802 3868 3873 gratias

2307 3896 2566 3951 debemUs
2600 3895 2982 3950 misericordiae
3031 3894 3376 3948 manifesth
3423 3903 3450 3942 Ρ
3482 3893 3783 3949 Laudemus
3826 3898 3870 3944 et

2306 4004 2631 4044 veneremur
2677 3987 2820 4058 quod
2868 3987 3067 4057 agitur,
3122 3986 3247 4056 quia
3299 3995 3469 4040 tutum
3536 3996 3620 4041 est
3682 3984 3868 4041 nescire

2308 4083 2449 4153 quod
2482 4084 2698 4152 tegitur.

2896 4174 3122 4231 CAPUT
3170 4173 3314 4229 XVI.

2314 4268 2393 4322 Ex
2423 4284 2480 4320 eo
2508 4266 2644 4337 quod
2661 4265 2859 4335 parium
2884 4266 3216 4331 parvulorum
3237 4265 3329 4317 alii
3348 4265 3416 4316 ad
3442 4275 3683 4337 (sternam
3711 4266 3869 4322 vitam.

2382 4339 2476 4390 alii
2521 4337 2589 4389 ad
2634 4344 2846 4388 mortem
2893 4346 3136 4388 internum
3183 4345 3303 4388 ante
3342 4336 3694 4404 intelligentia:
3744 4350 3872 4387 usum

2381 4408 2501 4460 hinc
2540 4406 2779 4475 migrent,
2811 4405 3098 4457 ostenditur
3146 4405 3549 4459 inscrutabilitas
3603 4408 3874 4458 divinorum

623 4472 808 4535 ferens,
844 4469 1109 4537 effundens
1138 4470 1511 4542 despectionem
1537 4490 1693 4544 super
1735 4476 2013 4547 principes,
2045 4488 2091 4530 et
2120 4496 2204 4534 eos
2236 4471 2286 4529 Β
2373 4469 2711 4550 judiciorum.

623 4558 709 4626 qui
736 4562 966 4631 oppressi
990 4563 1191 4629 fuerant
1220 4562 1464 4617 relevans.
1493 4562 1594 4630 Qui
1632 4563 1661 4601 ιι
1707 4569 1893 4621 revelat
1941 4570 2203 4639 profunda

624 4695 875 4820 ".5383.
929 4698 1178 4766 Tltuan.,
1219 4696 1408 4757 Camb.
1467 4713 1521 4758 et
1559 4703 1691 4769 Jol.,
1738 4706 2046 4761 conditione.
2094 4707 2205 4761 Nec

696 4835 721 4915 if
754 4836 1005 4915 _lta__mss._
1054 4839 1287 4915 Tbuan.,
1315 4842 1503 4915 Camb.
1537 4854 1595 4899 et
1623 4844 1727 4898 101.
1760 4860 1822 4899 ac
1855 4846 1980 4899 Leo.
2013 4846 2202 4903 editio.

627 4905 767 4960 Editi
791 4907 944 4971 alias,
970 4909 1202 4963 devenire
1230 4913 1281 4964 in
1326 4914 1751 4968 inconvenientia.

700 4987 722 5015 ο
752 4978 1063 5056 5101ιειὺρυι
1090 4995 1218 5034 mss.
1252 4982 1459 5056 Trlnian.
1501 4995 1556 5039 et
1583 4985 1687 5039 101.
1740 4985 1945 5056 \‘ulgati
1990 4987 2206 5041 codices

623 5056 679 5101 et
717 5063 822 5102 ms.
851 5047 1064 5113 Camb.,
1097 5053 1433 5108 naturalibus.

694 5116 721 5155 ἀ
754 5117 825 5170 lla
849 5120 1105 5188 scriptum
1132 5121 1183 5173 in
1216 5136 1343 5177 mSS.
1367 5123 1589 5177 Joliensi
1617 5136 1670 5180 et
1696 5126 1885 5182 Camb.
1927 5138 1977 5181 et
2004 5127 2202 5183 Lione.

624 5188 768 5259 Editi
786 5190 929 5259 alias
954 5190 1317 5259 cognoscibilia
1359 5204 1544 5247 essent.

700 5270 723 5295 θ
753 5257 879 5311 Mss.
907 5257 1092 5313 Camb.
1120 5272 1172 5315 et
1195 5260 1326 5327 Jol.,
1350 5265 1647 5318 secundum.

698 5327 718 5366 ί
750 5328 850 5401 bis.
874 5328 1146 5401 Jolieusis,
1178 5341 1226 5384 et
1255 5349 1355 5384 non
1383 5344 1453 5385 est
1475 5336 1583 5401 qui.

656 5406 721 5479 ,ε
751 5398 839 5454 Sic
884 5414 987 5455 ms.
1039 5399 1227 5456 Camb.
1274 5410 1328 5457 et
1376 5398 1574 5459 Leonis
1599 5404 1783 5459 editio.
1832 5407 2001 5476 Alias,
2032 5407 2206 5479 inglo-

621 5484 804 5521 1⁸10808.

693 5538 827 5611 ἤμει
857 5554 988 5596 mss.
1012 5539 1202 5599 Camb.
1231 5552 1285 5597 et
1313 5544 1417 5598 .lol.
1457 5554 1512 5599 et
1550 5545 1681 5600 Leo.
1716 5545 1848 5611 Alii,
1889 5550 2095 5601 relevat.

702 5604 720 5646 ⁸
757 5609 830 5685 Ita
859 5626 986 5685 ms_s.
1011 5614 1198 5666 Camb.
1225 5628 1275 5669 et
1301 5615 1431 5677 Jul.,
1476 5617 1649 5684 perdet
1680 5630 1767 5668 eas
1802 5656 1813 5667 .
1837 5604 1854 5671 ξ
1882 5658 1895 5671 .
1954 5622 2203 5672 restituet.

624 5678 824 5734 Leonis
873 5681 1029 5743 edit.,
1090 5687 1254 5738 uerdil
1299 5702 1381 5738 eas
1416 5724 1427 5738 .
1558 5688 1801 5743 restituet.
1838 5689 2033 5743 Postea
2076 5705 2206 5744 mss.

2380 4569 2606 4640 ReSpice
2654 4580 2832 4622 autem
2895 4576 2949 4621 et
3024 4568 3089 4623 ad
3144 4568 3452 4624 universam
3501 4566 3872 4623 multitudinem

2310 4709 2497 4764 Camb.
2535 4716 2591 4780 e_t
2612 4708 2766 4780 Leo.,
2799 4708 3033 4780 decipiet.

2382 4780 2397 4829 l
2429 4781 2524 4860 iis.
2549 4778 2852 4834 Camberon
2866 4818 2871 4826 .
2885 4819 2899 4843 ,
2913 4772 3265 4849 cogitationes.
3283 4778 3389 4833 Alii
3415 4776 3626 4848 quidam
3649 4772 3871 4831 codices.

2309 4860 2670 4920 cognitionem.
2758 4918 2774 4920 _
2880 4918 2889 4920 _
3226 4918 3245 4920 _
3290 4919 3297 4920 ί
3535 4918 3553 4920 ᾖ

2436 4918 2526 4973 Sic
2568 4933 2697 4973 mss.
2742 4918 3066 4973 Camberon.
3111 4927 3166 4974 et
3218 4918 3326 4973 101.
3373 4934 3495 4973 cum
3532 4918 3728 4972 Leone.
3763 4913 3868 4971 Alii.

2308 4990 2547 5044 velimus.

2386 5058 2404 5097 1
2441 5061 2540 5114 Ms.
2563 5058 2694 5123 Jol.,
2717 5058 2922 5113 omisso
2943 5058 3109 5126 nulla,
3134 5058 3350 5113 caelestis
3391 5059 3635 5112 doctrina!
3686 5068 3873 5107 annuu-

2313 5131 2463 5183 tiatio
2494 5146 2596 5182 non
2620 5131 2927 5183 coruscavit.

2383 5209 2423 5237 ιιι
2456 5200 2510 5253 ln
2537 5200 2734 5264 Leone,
2774 5200 2827 5251 in
2854 5198 3179 5263 admirabile,
3211 5199 3409 5252 omissa
3456 5196 3707 5268 particula
3760 5205 3873 5251 tare.

2312 5284 2469 5339 quam
2498 5268 2848 5339 liabeutreiliti
2876 5269 3039 5322 aliiet
3062 5284 3163 5339 ms_.
3201 5268 3309 5322 Jol.
3440 5338 3443 5339 ν
3478 5337 3483 5339 Α
3630 5337 3637 5339 ξ
3854 5332 3861 5336 ᾲ

2382 5349 2409 5376 ι’
2442 5340 2535 5395 Sic
2560 5354 2659 5393 ms.
2686 5338 2800 5394 .los.
2823 5353 2944 5393 cum
2967 5339 3097 5393 edit.
3130 5337 3349 5394 Leonis.
3386 5337 3510 5404 Alii,
3538 5346 3583 5391 et
3618 5337 3800 5388 lterum
3822 5338 3878 5383 sit

2310 5423 2568 5463 misertus.
3066 5426 3069 5427 '

2386 5488 2411 5515 °
2446 5479 2522 5533 lta
2554 5478 2744 5533 melius
2782 5494 2849 5534 es
2902 5478 3087 5536 Camb.
3145 5489 3199 5533 et
3241 5478 3349 5533 101.
3398 5492 3526 5533 mss.
3577 5484 3635 5531 et
3678 5475 3876 5529 Leone.

2316 5565 2475 5620 quam
2507 5548 2750 5621 incditis
2781 5549 2935 5614 alias,
2957 5550 3240 5621 istairatio.
3727 5616 3736 5621 _
3855 5614 3861 5621 π

2387 5630 2414 5669 P
2444 5621 2540 5672 Ms.
2570 5619 2818 5674 .loliensis
2842 5621 3012 5685 solus,
3045 5620 3229 5673 Lauda
3260 5629 3306 5671 et
3332 5635 3564 5673 venerare
3600 5616 3736 5684 quod
3785 5616 3875 5680 agi-

2319 5700 2422 5756 tur,
2452 5691 2575 5755 quia
2598 5699 2739 5743 tuum
2761 5699 2835 5745 est
2856 5691 3045 5745 nescire
3065 5690 3200 5765 quod
3222 5699 3427 5759 tegitur.
