3972 6176
186 317 267 371 (ib'l
866 302 887 319 ’
1034 310 1121 365 DE
1168 309 1555 366 \‘OCATlONE
1595 311 1861 367 OMNIUM
1899 311 2209 368 GENT.U.\I
2254 310 2457 366 LIBER
2497 312 2535 365 I.

3302 314 3407 369 6'70

184 425 504 501 parvulorum,
531 421 583 475 in
615 420 827 491 quibus,
876 434 1102 492 excepto
1146 426 1238 479 illo
1269 440 1376 494 quo
1406 426 1457 479 in
1497 428 1716 481 damna-
1744 432 1793 487 Α
1820 424 2093 479 lavacrum
2115 425 2319 480 Christi
2347 434 2755 481 assumerentur
2784 420 2833 479 in
2865 440 3125 495 regnum;
3150 441 3410 495 agnosce-

185 524 351 575 tionem
378 511 603 567 nascitur
634 527 767 581 gens
796 512 1031 568 humana
1062 514 1286 579 delicto,
1330 531 1428 570 nec
1450 517 1717 585 praeterita

180 616 373 680 possunt
399 604 605 667 merita,
644 620 743 657 nec
774 603 950 659 futura
982 606 1213 660 censeri.
1244 606 1444 661 Omnes
1478 608 1621 661 enim
1655 606 1720 660 de

179 690 342 770 quibus
388 709 521 749 nunc
586 692 917 762 loquimur,‘
963 707 1090 750 ante
1136 696 1302 749 ullum
1356 697 1721 766 intelligentia:

175 803 328 849 usum.
375 792 492 837 ante
544 783 774 837 liberum
817 783 1107 837 voluntatis
1154 784 1469 848 arbitrium,
1517 786 1608 838 alii
1654 786 1720 838 ad

108 926 111 931 .
176 891 399 934 tczernam
429 872 807 927 beatitudinem
831 875 1153 943 regenerati,
1188 874 1277 928 alii
1307 875 1373 928 ad
1410 884 1719 945 perpetuam

173 965 413 1021 miseriam
446 969 725 1015 transeunt
755 977 862 1015 non
916 963 1109 1016 renati.
1158 963 1212 1016 Si
1269 964 1580 1032 originalem
1612 964 1724 1016 cnl-

174 1074 277 1131 pam
306 1056 500 1118 fateris,
529 1056 706 1108 omnis
734 1054 991 1109 numerus
1021 1056 1074 1109 in
1119 1066 1269 1109 reatu
1309 1066 1424 1110 est:
1476 1057 1522 1109 si
1546 1071 1725 1110 mura-

172 1153 260 1208 lem
288 1147 636 1203 innocentiam
665 1146 883 1215 qnteris,
910 1146 1077 1217 869
1115 1148 1291 1200 omnis
1344 1162 1552 1200 summa
1606 1145 1724 1200 sine

172 1243 282 1296 vitio
302 1249 397 1294 est.
426 1236 541 1291 Non
572 1235 778 1291 invenit
808 1238 950 1306 quod
974 1238 1245 1291 discernat
1282 1236 1511 1291 humana
1561 1236 1721 1305 justi-

173 1333 248 1397 tia,
270 1330 354 1385 sed
379 1328 535 1383 habet
563 1328 707 1397 quod
761 1328 923 1397 eligat
969 1328 1345 1383 inenarrabilis
1394 1329 1566 1398 gratia
1607 1328 1723 1383 Dei.

170 1425 218 1479 In
243 1422 539 1478 abscondito
567 1432 646 1475 est
666 1423 971 1490 consilium,
1015 1424 1110 1478 sed
1141 1440 1247 1477 non
1293 1425 1424 1478 latet
1475 1424 1677 1479 donum
1708 1441 1723 1489 ;

168 1525 191 1548 '
217 1528 336 1583 opus
358 1511 563 1567 exserit
593 1511 785 1581 pietas,
811 1526 1027 1566 causam
1054 1515 1308 1568 obscurat
1329 1524 1585 1584 potestas.
1619 1515 1725 1569 Sed

171 1616 260 1660 tam
305 1604 644 1659 indubitabile
690 1612 774 1659 est
828 1605 969 1674 quod
1010 1622 1116 1659 non
1155 1606 1371 1660 videtur
1396 1621 1554 1674 quam
1584 1606 1725 1675 quod

173 1696 360 1749 videtur
389 1711 402 1759 ;
448 1695 572 1762 quia
612 1698 820 1749 auctori
853 1696 1122 1751 manifesti
1153 1699 1354 1766 operis,
1388 1697 1569 1768 negari
1598 1712 1729 1753 con-

171 1785 307 1840 fessio
347 1787 504 1840 etiam
541 1787 735 1854 ignoue
761 1801 867 1841 non
900 1797 1080 1857 potest
1117 1788 1402 1858 aequitatis.

646 1910 661 1924 '
706 1897 936 1953 CAPUT
994 1898 1157 1953 XVII.

174 1986 241 2041 EI
266 1989 420 2056 impiis
459 1990 551 2058 qui
595 1990 646 2042 in
685 1991 927 2044 extremis
971 1992 1199 2044 conversi
1241 1993 1526 2054 salvantur,
1564 2001 1732 2045 osten-

229 2060 352 2111 ditur
379 2069 421 2111 et
448 2061 620 2128 gratia
642 2061 751 2114 sine
782 2062 974 2114 meritis
1002 2062 1118 2114 dari
1140 2102 1154 2127 ,
1183 2072 1230 2115 et
1261 2064 1594 2117 inscrutubile
1624 2079 1731 2117 esse

230 2130 312 2182 Dei
328 2132 610 2199 judicium.
660 2170 669 2193 ί

230 2240 363 2308 Quod
391 2242 433 2295 si
462 2240 490 2279 δ
525 2254 581 2297 et
612 2242 678 2297 ad
708 2243 827 2298 illos
857 2242 1060 2313 dirigas
1088 2244 1288 2298 mentis
1319 2244 1570 2299 intuitum
1595 2289 1609 2313 ,
1643 2244 1734 2314 qui

173 2334 354 2401 longam
382 2347 609 2405 agentes
638 2337 692 2391 in
719 2337 934 2407 ﬂagitiis
959 2348 1013 2391 et
1043 2338 1345 2393 sceleribus
1370 2346 1583 2393 :etatem
1603 2378 1617 2404 ,
1649 2351 1736 2391 sa-

174 2436 420 2481 cramento
459 2429 805 2497 baptismatis
834 2426 1036 2483 Christi
1075 2429 1128 2483 in
1172 2430 1290 2498 ipso
1330 2431 1455 2483 vitae
1496 2429 1603 2483 line
1643 2443 1734 2483 re-

176 2528 433 2584 novantur,
464 2531 517 2573 et
556 2518 672 2574 sine
698 2518 814 2573 ullo
844 2519 1101 2590 stiﬂ'ragio
1133 2520 1399 2574 bonorum
1430 2533 1652 2589 operum
1682 2519 1735 2573 in

176 2611 300 2677 regni
327 2612 568 2666 caelestis
598 2612 934 2666 consortium
967 2612 1389 2677 transferuntur,
1424 2626 1532 2681 qtto
1572 2610 1735 2665 intel-

175 2697 288 2752 lectu
310 2700 547 2755 divinum
570 2687 834 2771 judicium
865 2702 1336 2771 comprehendes?
1367 2702 1468 2756 nisi
1499 2712 1554 2755 ut
1582 2700 1737 2755 indu-

177 2787 376 2845 bitanter
401 2807 672 2862 agnoscas
700 2793 931 2863 gratuita
955 2810 1075 2850 esse
1105 2795 1199 2848 Dei
1224 2808 1451 2853 munera
1475 2812 1489 2848 :
1519 2805 1575 2849 et
1600 2796 1741 2849 sicut

178 2881 299 2934 nulla
335 2894 452 2937 sunt
493 2896 607 2937 tant
636 2884 951 2940 detestanda
994 2884 1274 2953 facinora,
1310 2896 1331 2924 ⁸
1367 2900 1488 2955 (μιῖο
1531 2887 1741 2955 possint

176 2975 328 3041 gratia:
356 2991 544 3033 arcere
575 2979 816 3042 donum,
851 2982 922 3032 ita
956 2978 1101 3032 nulla
1136 2992 1295 3046 posse
1338 2989 1445 3032 tam
1479 2978 1739 3047 prmclara

176 3079 309 3133 opera
347 3069 621 3135 existere,
668 3070 863 3139 quibus
908 3070 1009 3123 hoc
1050 3068 1195 3138 quod
1245 3070 1412 3138 gratis
1461 3070 1735 3137 tribuitur,

1822 524 2048 585 rentque
2078 517 2170 586 qui
2229 518 2280 570 in
2327 532 2421 571 sua
2463 518 2668 587 iustitia
2710 517 3028 585 gloriantur,
3074 530 3233 584 quam
3275 518 3409 572 nihil

1822 605 2039 673 dignum
2072 622 2233 676 agere
2265 608 2474 676 possint
2502 607 2788 675 adeptione
2818 607 3047 660 ﬁliorum
3092 606 3222 671 Dei,
3268 609 3311 660 si
3341 608 3406 661 ad

1821 700 2253 765 regenerationis
2276 708 2299 735 °
2325 716 2431 752 non
2462 700 2805 765 pervenerint
2826 708 3218 753 sacramentum
3245 715 3259 763 ;
3288 714 3408 753 cum

1824 792 2013 842 eadem
2069 805 2173 857 qua
2215 790 2587 843 scelestissitni
2631 802 2942 858 peccatores
2994 789 3303 844 conditione
3334 798 3412 844 te-

1828 890 2075 943 neantnr,
2114 896 2272 950 pares
2296 882 2456 934 futuri
2483 882 2535 934 in
2572 881 3024 945 sanctiﬁcatione,
3061 878 3078 917 ί
3112 880 3158 933 si
3184 880 3413 933 adfuerit

1824 973 2197 1040 regeneratio;
2225 973 2382 1025 simul
2416 972 2669 1040 perituri,
2696 973 2739 1023 si
2771 970 3063 1025 cessaverit
3090 970 3328 1024 ablutio?
3353 969 3412 1025 Si

1824 1078 1950 1131 ergo
1980 1062 2140 1115 etiam
2169 1077 2235 1116 ex
2269 1062 2611 1131 nequissimis
2642 1062 2697 1115 in
2730 1063 2846 1128 ipso
2878 1064 3005 1115 vita;
3047 1062 3194 1114 exitu
3234 1061 3409 1130 gratia

1824 1152 2025 1207 invenit
2048 1153 2215 1223 87o
2234 1168 2369 1221 quos
2396 1152 2644 1220 adeptet;
2669 1166 2791 1205 cum
2818 1162 3004 1206 tamen
3032 1151 3219 1215 multi,
3248 1152 3411 1205 etiam

1824 1244 1916 1313 qni
1968 1244 2147 1297 minus
2199 1254 2453 1297 nocentes
2500 1243 2773 1308 videntur,
2822 1242 2949 1295 doni
3000 1241 3163 1310 hujus
3193 1250 3218 1288 ι
3247 1241 3413 1296 alieni

1824 1344 1990 1388 sunt:
2022 1336 2141 1403 quis
2173 1334 2274 1388 hoc
2302 1345 2393 1387 aut
2420 1334 2538 1389 sine
2566 1334 2966 1403 dispensatione
3014 1334 3103 1387 Dei
3139 1333 3251 1387 fieri
3277 1374 3291 1395 ,
3324 1342 3415 1386 aut

1826 1424 1943 1478 sine
1970 1424 2235 1494 profunda
2267 1425 2412 1478 dicat
2441 1424 2693 1493 aequitate
2731 1424 2996 1479 decerni?
3038 1423 3189 1489 Quod
3233 1423 3416 1492 utique

1828 1528 1933 1569 non
1964 1515 2085 1569 ideo
2117 1515 2355 1585 iniquum
2390 1524 2474 1569 est
2497 1556 2510 1578 ,
2543 1515 2668 1585 quia
2696 1516 2970 1569 occultum
3003 1525 3086 1569 est
3113 1530 3129 1578 ;
3158 1516 3253 1569 sed
3294 1515 3416 1568 ideo

1829 1622 2039 1675 aequum
2073 1616 2191 1673 est,
2222 1607 2343 1674 quia
2369 1607 2630 1676 judicium
2661 1607 2753 1661 Dei
2780 1620 2901 1661 esse
2933 1621 3038 1659 non
3067 1605 3284 1658 dubium
3310 1611 3417 1658 est.

1829 1698 1981 1764 QUtld
2014 1700 2156 1753 enim
2191 1700 2257 1753 ab
2288 1700 2433 1753 illius
2470 1699 2671 1767 pendet
2714 1697 2972 1763 arbitrio,
3006 1712 3110 1767 qua
3153 1698 3419 1752 sententia

1760 1796 1806 1853 Β
1829 1789 2059 1858 judicari
2087 1790 2309 1855 debeat,
2340 1792 2650 1859 priusquam
2677 1791 2968 1859 judicetur,
3000 1791 3261 1844 incertum
3290 1796 3373 1843 est
3403 1806 3415 1839 :

1833 1897 1953 1936 eum
1983 1892 2161 1939 autem
2191 1900 2278 1938 res
2307 1885 2371 1937 ad
2404 1884 2564 1938 ﬁnem
2596 1898 2751 1938 suum
2785 1883 3026 1950 venerit,
3058 1884 3257 1937 nemini
3287 1882 3421 1937 libe-

1834 1989 1954 2026 tum
1984 1983 2066 2027 est
2093 1973 2162 2028 de
2189 1974 2334 2027 exitu
2362 1974 2621 2043 conqueri
2649 1990 2663 2039 ;
2693 1974 2817 2043 quia
2844 1973 3202 2028 certissimum
3230 1981 3313 2026 est
3342 1974 3421 2025 ni-

1834 2063 1910 2116 hil
1940 2063 2098 2117 aliter
2128 2064 2297 2118 Deum
2346 2065 2527 2119 facere
2570 2064 2821 2119 debuisse
2866 2078 3024 2133 quam
3072 2063 3278 2117 fecerit.
3319 2062 3421 2129 Qui

1836 2156 2170 2209 multimodte
2200 2156 2498 2211 vocationis
2525 2156 2879 2222 varietatem,
2909 2155 2972 2210 ad
3008 2169 3166 2209 uuam
3196 2157 3420 2225 gratiam

1837 2246 2193 2314 pertinentem
2217 2288 2232 2312 ,
2260 2248 2422 2301 etiam
2450 2247 2535 2302 illa
2571 2248 2750 2315 regula
2780 2247 3120 2316 Evangelice
3145 2261 3423 2315 compara-

1837 2337 2000 2391 tionis
2039 2340 2303 2406 astruxit,
2333 2354 2438 2409 qna
2477 2340 2715 2394 ostendit
2741 2338 3180 2409 patremfamilias
3209 2339 3423 2394 diverso

1838 2440 2084 2501 tempore
2112 2433 2505 2489 conducentem
2536 2433 2817 2502 operarios
2848 2431 3019 2486 vineae
3048 2431 3148 2486 sub
3177 2431 3423 2501 pactione

1838 2524 2048 2578 denarii
2076 2524 2302 2595 (Matth.
2335 2541 2411 2579 xx
2432 2565 2448 2590 ,
2479 2528 2502 2579 1
2529 2534 2577 2578 et
2597 2525 2778 2595 seq.),
2811 2521 2839 2560 h
2871 2523 2998 2596 [quo
3038 2526 3164 2577 vita:
3206 2533 3423 2577 aeterna:

1839 2615 2171 2686 significatur
2200 2615 2524 2688 aequalitas].
2562 2616 2663 2671 Ubi
2692 2616 2808 2670 sine
2836 2616 3002 2669 dubio
3034 2616 3163 2668 liora
3203 2614 3423 2669 undeci-

1840 2722 1928 2762 tna
1959 2708 2256 2762 intromissi
2310 2708 2364 2762 in
2407 2709 2620 2762 vineam
2645 2748 2660 2772 ,
2717 2715 2771 2761 et
2813 2707 2978 2761 totius
3016 2706 3122 2762 diei
3164 2704 3424 2774 operariis

1848 2793 1863 2832 ὶ
1894 2799 2167 2867 aggregati
2193 2838 2208 2864 ,
2242 2798 2466 2853 istorum
2498 2797 2567 2853 de
2592 2797 2785 2866 quibus
2816 2812 2958 2851 nunc
2989 2797 3256 2865 Ianimur
3288 2811 3425 2864 prte-

1839 2887 2023 2942 ferunt
2060 2897 2295 2955 sortem,
2326 2905 2461 2959 quos
2501 2890 2567 2943 ad
2599 2888 3078 2943 commendandam
3107 2888 3295 2957 gratia:
3328 2904 3423 2941 ex-

1841 2979 2146 3034 cellentiam
2170 3021 2185 3045 ,
2211 2980 2263 3034 in
2288 2979 2501 3036 defectu
2524 2980 2629 3035 diei
2654 2990 2709 3036 et
2727 2979 3070 3035 conclusione
3096 2982 3218 3032 vita:
3244 2978 3425 3031 divina

1840 3069 2176 3139 indulgentia
2221 3069 2234 3122 i
2276 3081 2615 3137 muneratur,
2662 3087 2767 3125 non
2815 3070 2985 3125 labori
3040 3070 3267 3138 pretium
3320 3064 3441 3120 sol-°

177 3172 256 3225 per
282 3161 930 3232 retributionisjudicium
957 3161 1240 3217 debeatur.
1270 3160 1565 3216 Vileseeret
1591 3162 1737 3216 enim
1766 3173 1808 3231 ρ
1844 3177 1975 3218 vens
1998 3204 2011 3226 ,
2042 3164 2135 3218 sed
2167 3163 2380 3217 divitias
2410 3164 2666 3218 bonitatis
2694 3179 2805 3217 sum
2844 3164 2896 3217 in
2929 3176 3022 3217 eos
3044 3201 3058 3226 ,
3089 3176 3223 3231 quos
3250 3157 3277 3196 ιι
3309 3160 3427 3212 sine

176 3249 441 3320 redemptio
469 3253 755 3322 sanguinis
781 3251 1021 3321 Christi,
1066 3267 1166 3307 nec
1206 3251 1595 3307 misericordia:
1643 3253 1735 3306 Dei

177 3340 498 3400 humanorum
544 3361 774 3414 cperum
818 3346 1175 3415 praerogativa
1222 3345 1641 3406 succumberet,
1690 3344 1733 3398 si

171 3430 447 3500 justifieatio
475 3454 606 3508 qua:
661 3438 717 3490 lit
755 3452 852 3506 per
891 3436 1148 3506 gratiam,
1176 3436 1385 3490 meritis
1426 3436 1734 3504 prarceden-

177 3524 293 3580 tibus
318 3528 633 3595 deberetur,
664 3540 722 3583 ut
753 3544 858 3583 non
893 3543 1088 3582 munus
1115 3529 1426 3597 largientls,
1462 3528 1556 3583 sed
1589 3543 1734 3582 mer-

173 3630 249 3671 ces
299 3632 439 3677 esset
468 3623 777 3692 operantis.
823 3620 975 3676 Unde
1016 3630 1195 3674 autem
1230 3617 1485 3688 probarid
1515 3629 1732 3687 posset,

173 3709 292 3773 quod
319 3712 378 3765 ad
406 3713 784 3768 evacuandum
816 3712 1079 3781 originale
1120 3718 1398 3780 peccatum
1442 3711 1589 3766 nulla
1618 3710 1736 3765 ido-

175 3812 255 3852 nea
278 3813 412 3857 esset
440 3804 712 3859 industria
739 3820 752 3869 ;
784 3802 887 3857 nisi
928 3811 983 3856 et
1026 3802 1176 3872 impii
1218 3810 1273 3857 et
1311 3801 1602 3858 facinorosi
1643 3817 1740 3872 per

233 4011 254 4040 ⁸
279 4004 423 4060 Alias
447 4006 625 4071 editi,
659 4022 788 4075 opus
815 4007 999 4059 erexit.
1034 4005 1157 4059 Mss.
1198 4004 1386 4059 Camb.
1419 4013 1486 4075 et
1523 4002 1636 4075 .Iol.
1675 4012 1731 4056 et

172 4070 284 4137 Leo,
311 4092 434 4143 Opus
461 4070 766 4131 exset'itfln
800 4090 901 4129 ms.
929 4075 1095 4139 Thn.,
1130 4092 1255 4145 Opus
1286 4074 1493 4128 excelsi.
1526 4072 1729 4145 Ibidem

176 4158 288 4221 mss.
311 4147 491 4221 Camb.
524 4160 581 4203 et
610 4147 716 4202 JoI.
758 4145 897 4201 infra
920 4187 935 4212 ,
974 4144 1191 4217 ignotae,
1225 4146 1313 4200 ubi
1354 4145 1445 4199 alii
1485 4154 1537 4198 et
1580 4144 1691 4198 Leo
1714 4186 1728 4211 ,

172 4218 433 4278 incognitte.

234 4282 258 4321 δ
292 4286 382 4357 Ms.
411 4288 544 4351 10L,
578 4288 784 4342 omisso
809 4296 892 4354 et,
925 4288 993 4340 ad
1024 4288 1141 4340 illos
1169 4288 1366 4357 dirigis.

1843 3254 2099 3321 operibus
2128 3254 2326 3323 elegit,
2355 3254 2665 3316 eﬂ'undens;
2697 3264 2753 3307 ut
2781 3253 2943 3307 etiam
2973 3252 3023 3306 hi
3056 3252 3145 3321 qui
3176 3253 3227 3303 in
3259 3253 3426 3304 multo

1845 3343 2032 3398 labore
2061 3344 2323 3399 sudarunt
2344 3385 2358 3410 ,
2388 3360 2489 3399 nec
2516 3345 2746 3412 amplius
2771 3359 2931 3413 quam
2961 3340 3241 3395 novissimi
3269 3354 3425 3393 acce-

1846 3445 2076 3504 perunt,
2106 3437 2438 3505 intelligant,
2474 3437 2676 3490 donuzn
2706 3450 2766 3489 se
2807 3435 2994 3505 gratia:
3016 3477 3030 3501 ,
3066 3448 3174 3505 non
3203 3448 3425 3497 operum

1845 3531 2123 3598 accepisse
2155 3529 2485 3584 mercedem.
2515 3530 2666 3583 Unde
2695 3530 2739 3582 si
2783 3537 2838 3582 et
2880 3540 2979 3580 nos
3005 3526 3291 3579 adversum
3338 3538 3427 3592 pa-

1849 3621 2222 3676 tremfamilias
2250 3636 2669 3685 murmuremus,
2701 3635 2767 3674 eo
2796 3618 2938 3687 quod
2966 3618 3259 3672 novissime
3286 3619 3301 3650 ι
3334 3629 3427 3667 vo-

1844 3713 1950 3767 cati
1987 3714 2152 3767 totius
2194 3712 2301 3766 diei
2340 3711 2605 3780 cperariis
2637 3720 3008 3778 comquentnr,
3047 3722 3147 3761 nec
3196 3705 3426 3773 amplius

1849 3802 2017 3858 multa
2056 3817 2220 3872 opera
2257 3817 2417 3873 quam
2462 3816 2597 3872 pene
2636 3799 2783 3854 nulla
2822 3806 3173 3862 mereantur;
3219 3797 3426 3851 dicetur

1837 4002 1969 4057 nihil
1996 4001 2446 4073 ampliushabent
2490 4015 2646 4071 quam
2690 3999 2844 4053 editio
2889 4004 3076 4073 nostra.
3106 3995 3425 4073 (antehac

1841 4065 2206 4143 praetermittit
2233 4072 2250 4140 )
2280 4084 2325 4126 et
2351 4083 2482 4125 certe
2502 4065 2887 4143 auctor__rtoster
2929 4065 3227 4143 parabolam
3271 4066 3423 4143 istam

1839 4136 1942 4197 non
1969 4160 2025 4197 eo
2054 4144 2157 4210 ﬁne
2185 4136 2427 4208 adducit,
2459 4150 2511 4194 ut
2540 4139 2880 4210 wqualitatem
2907 4139 3084 4191 aterni
3113 4136 3310 4210 prwmii
3327 4180 3341 4203 ,
3367 4152 3428 4210 ex

1842 4209 2135 4282 wqualitate
2156 4215 2354 4267 denarii
2377 4209 2653 4278 parabolici
2679 4220 2873 4282 asserat
2897 4225 2914 4261 :
2939 4210 3091 4282 inuno
3112 4209 3174 4260 de
3201 4209 3428 4282 mercede

1843 4277 2016 4338 electis
2044 4286 2097 4337 in
2124 4284 2248 4338 caelo
2274 4277 2519 4338 solvenda
2547 4299 2608 4335 ne
2636 4281 2839 4333 verbum
2878 4279 3081 4348 quidem
3104 4295 3123 4342 ;
3165 4277 3253 4331 sed
3294 4286 3429 4329 totus

238 4364 258 4392 ε
294 4356 381 4412 Sic
418 4348 824 4436 ms.Jol_iensis
862 4348 915 4412 et
955 4359 1084 4412 edit.
1130 4348 1346 4411 Leonis.
1394 4357 1536 4410 Editi
1562 4400 1575 4423 ,
1622 4372 1735 4425 quae
1766 4376 1816 4436 ι)
1842 4365 1914 4435 est
1955 4363 2011 4407 ut
2061 4371 2123 4408 ea:
2166 4357 2257 4435 illa
2306 4354 2547 4436 parabam
2598 4348 3425 4436 commendet"gratiatffrcelleit-

230 4438 357 4479 ssunt
381 4444 398 4482 :
429 4432 613 4482 minus
642 4432 801 4482 bene.

172 4438 357 4495 possunt
379 4444 398 4493 ;
429 4432 613 4484 minus
642 4431 801 4482 bene.

235 4491 385 4575 ibis.
417 4498 611 4553 Camb.
657 4507 712 4553 et
751 4498 947 4554 Leonis
990 4500 1147 4563 edit,
1192 4500 1369 4569 possit.
1414 4498 1519 4553 Alii
1563 4498 1735 4551 nostri

172 4564 367 4637 codices
385 4610 399 4633 ,
430 4579 623 4637 posset.

236 4644 257 4672 ⁸
293 4636 363 4710 Ita
395 4655 526 4710 mss.
555 4639 665 4694 Jol.
693 4648 747 4693 et
766 4639 933 4693 Leon.
963 4640 1095 4694 edit.
1124 4639 1228 4693 Alii
1253 4681 1266 4703 ,
1295 4655 1394 4692 non
1418 4640 1733 4710 perveniunt.

174 4701 262 4781 Ms.
290 4706 497 4781 C_amb.,
531 4727 633 4781 non
662 4711 956 4781 pervenerit.

227 4774 254 4855 ,ί
292 4777 385 4855 bis.
417 4779 553 4855 Jol.,
586 4780 631 4833 si
655 4774 875 4849 adfuerit
901 4780 1177 4835 miseratio.
1206 4779 1302 4834 Ms.
1329 4779 1499 4835 Camb
1530 4824 1543 4847 ,
1572 4780 1616 4832 si
1642 4780 1709 4832 ad
1721 4809 1738 4819 -

176 4840 256 4898 luit
277 4840 554 4904 miseratio.

239 4923 263 4986 β
301 4917 398 4972 Ms.
428 4919 685 4975 Joliensis
706 4963 721 4986 ,
749 4918 907 4975 alieni
935 4922 1055 4975 sint.

236 4981 261 5021 ¹²
292 4987 463 5062 Verba
491 4992 578 5044 bis
606 4981 771 5060 signis
801 4990 820 5062 [
947 5061 952 5062 ί
1010 4991 1029 5062 ]
1062 4989 1266 5062 inclusa
1288 5004 1434 5062 non
1456 4989 1740 5062 omisimus

179 5064 378 5124 Prnpter
402 5060 671 5115 editorum
707 5060 958 5127 Prosperi
988 5060 1041 5115 et
1073 5077 1174 5114 ms.
1215 5060 1469 5115 Joliensis
1494 5060 1738 5113 auctori-

179 5132 347 5198 tatem.
379 5129 453 5184 De
484 5132 682 5198 quibus
712 5139 891 5186 tamen
928 5132 1080 5198 juvat
1122 5132 1317 5185 Leonis
1347 5130 1581 5198 Operum
1628 5130 1742 5184 edi-

180 5197 298 5269 l'fris
334 5209 387 5253 et
425 5200 777 5254 illustratoris
817 5197 995 5255 notam
1045 5216 1151 5256 non
1204 5197 1504 5269 pra‘terire.
1551 5198 1739 5253 Errem-

178 5263 336 5342 plaria
350 5284 539 5323 excusa
568 5271 686 5340 (ait)
715 5271 911 5324 addunt
931 5263 1346 5342 continuonno
1371 5272 1493 5324 vita:
1524 5283 1741 5325 aeterna:

182 5337 498 5411 S_ig‘nilicatur
542 5337 861 5408 aequalitas;
904 5351 951 5394 et
992 5340 1129 5395 linea
1172 5343 1431 5411 sequenti,
1478 5342 1563 5394 ubi
1606 5358 1742 5394 nunc

184 5405 407 5481 habemus
428 5448 447 5475 ,
473 5405 645 5464 totius
673 5413 775 5467 diei
805 5412 1071 5479 Operariis
1101 5405 1367 5481 aggregati
1396 5452 1411 5474 ,
1440 5412 1617 5465 eadem
1648 5411 1741 5464 Iza-

184 5471 380 5551 buerunt
406 5471 621 5551 ,Vtotius
644 5481 747 5538 diei
777 5471 1038 5551 operariis
1071 5471 1351 5550 exieqnati.
1385 5471 1619 5548 Quorum
1648 5484 1742 5534 hoc

184 5545 533 5618 depraratum,
560 5549 695 5605 illud
735 5545 970 5606 additum
1008 5552 1134 5605 mihi
1178 5545 1377 5606 videtur
1407 5545 1481 5603 ad
1522 5560 1742 5605 mentem

184 5613 704 5692 .‘l'o't-iniani‘hceretici,
748 5625 854 5689 qui,
885 5632 940 5675 ut
980 5634 1185 5676 sanctus
1217 5622 1560 5691 Hieronymus
1596 5623 1743 5675 docet

188 5683 268 5738 lib.
297 5703 346 5741 ιι
371 5688 615 5763 adversus
641 5683 804 5763 ipsum
829 5683 851 5755 ξ
876 5694 1047 5746 (inania
1074 5698 1284 5763 pra’mia
1310 5683 1568 5763 beat-orum
1595 5694 1741 5762 paria

187 5770 284 5813 esse
321 5760 669 5817 contendebat.
715 5763 921 5819 Codices
964 5760 1098 5818 enim
1145 5763 1320 5818 Camb.
1366 5773 1412 5817 et
1462 5760 1739 5817 Thuuncus

1843 4425 1967 4477 (iam
1986 4441 2141 4494 quant
2164 4426 2215 4478 in
2238 4420 2560 4477 conclusione
2580 4423 2691 4494 vita:
2707 4420 2963 4494 nonnullis
2984 4420 3272 4494 impertitur
3287 4432 3427 4494 sum-

1842 4512 1952 4548 mus
1991 4487 2406 4564 Paterfamilias,
2448 4503 2493 4545 et
2534 4491 2847 4564 multimoda;
2889 4488 3167 4564 vocationis
3205 4487 3423 4538 varieta-

1843 4575 1943 4617 tem
1981 4567 2055 4636 adr
2090 4558 2245 4618 unum
2280 4563 2669 4636 justificationis
2708 4561 2924 4636 gratiam
2964 4558 3293 4625 pertinentem
3313 4564 3426 4636 ...αι

1840 4637 1993 4688 etiam
2037 4635 2090 4688 lii
2135 4636 2221 4699 qui
2262 4625 2317 4688 in
2367 4625 2530 4687 multo
2573 4625 2743 4684 labore
2787 4630 3055 4691 sudarunt,
3087 4644 3176 4681 nec
3207 4625 3429 4695 amplius

1840 4722 1995 4774 quam
2023 4706 2285 4759 novissimi
2322 4712 2656 4775 acceperunt,
2689 4700 2977 4775 intelligunt
3007 4700 3201 4775 donum
3227 4714 3279 4751 se
3309 4715 3425 4768 gra-

1843 4769 1961 4836 iite,
2012 4792 2112 4828 non
2155 4790 2366 4840 operum
2413 4769 2667 4840 accepisse
2711 4769 3014 4824 mercedem.
3068 4769 3132 4822 In
3178 4785 3281 4838 quo
3327 4785 3427 4820 non

1846 4847 2107 4913 mqualitas
2135 4847 2349 4915 gloriaz,
2379 4846 2468 4897 sed
2495 4843 2745 4915 gratuitas
2772 4842 2952 4915 gratite
2993 4840 3055 4894 ab
3099 4856 3157 4915 eo
3194 4840 3422 4893 conside-

1848 4911 2005 4969 ratur.
2038 4911 2199 4980 Quem
2235 4931 2439 4968 sensum
2480 4911 2737 4980 parabolas
2776 4911 2932 4980 hujus
2971 4912 3243 4980 genuinum
3286 4926 3425 4969 esse,

1842 4997 1889 5039 et
1919 4978 2172 5041 contentui
2210 4986 2377 5055 magis
2416 4978 2913 5055 consonumprobat
2955 4980 3108 5033 Corn.
3148 4978 3431 5055 danseiiius

1845 5000 1889 5039 et
1919 5000 2171 5041 contextut
2210 5001 2377 5055 magis
2416 5000 2693 5036 consonum
2772 5000 2913 5035 rooat
2955 5000 3108 5033 born.
3153 5000 3431 5033 Jansemus

1845 5055 2191 5110 Gandavensis
2220 5057 2487 5122 episc0pus
2504 5054 2669 5124 capite
2693 5000 2787 5106 illi
2821 5052 3178 5106 (iommentarii
3218 5050 3272 5104 in
3300 5049 3432 5103 Con-

1843 5127 2068 5179 cordiam
2100 5125 2479 5195 Evangeliram.

1922 5206 1937 5233 ι
1984 5196 2127 5250 Editi
2166 5190 2339 5261 alias,
2385 5194 2676 5262 exa’quati:
2716 5193 2783 5249 de
2824 5208 2930 5262 quo
2973 5201 3098 5246 nota
3141 5190 3429 5260 superiori.

1843 5266 1942 5322 Ms.
1974 5266 2078 5321 Jul.
2109 5276 2163 5321 et
2192 5266 2380 5320 Camb.
2411 5278 2463 5319 et
2493 5264 2623 5319 Leo.
2644 5264 2971 5336 ,Aaggregati.

1918 5336 1932 5387 i
1976 5337 2122 5390 Alias
2152 5336 2314 5403 editi,
2341 5338 2643 5390 numeravit.
2670 5330 2796 5388 uss.
2827 5330 3149 5389 Catnbcron.
3176 5342 3229 5385 et
3250 5330 3357 5386 Iol.
3380 5340 3433 5384 et

1844 5406 2014 5462 Leon.
2045 5407 2203 5471 edit.,
2234 5420 2554 5460 muneratur.

1917 5474 1944 5515 κ
1972 5478 2071 5533 Ms.
2101 5477 2356 5533 Joliensis
2384 5479 2531 5531 solus
2551 5516 2564 5539 ,
2594 5476 2706 5528 sine
2735 5474 2973 5545 operibus
3006 5473 3155 5543 legis.
3189 5471 3289 5525 Alii
3317 5486 3434 5526 om-

1848 5565 1944 5605 nes
1974 5565 2083 5603 non
2116 5549 2315 5603 habent
2340 5562 2523 5601 vocent
2559 5548 2692 5597 hanc
2720 5544 2865 5615 legis.

1923 5617 1939 5658 ¹
1977 5619 2072 5673 Ms.
2103 5617 2423 5673 Camberon.
2447 5657 2460 5679 ,
2490 5615 2678 5669 vocatis
2720 5617 2876 5668 totius
2915 5616 3017 5668 diei
3057 5615 3435 5684 epanriimsb

1847 5706 2086 5755 qucmur.
2123 5690 2219 5742 Ms.
2250 5688 2353 5741 Jol.
2382 5695 2440 5741 ut
2472 5687 2523 5740 in
2555 5697 2732 5755 textu,
2766 5698 2992 5758 excepto
3020 5686 3162 5758 quod
3190 5701 3278 5739 exc
3298 5700 3432 5753 facts-

1849 5772 1930 5815 tur
1960 5775 2053 5829 pro
2086 5768 2408 5825 corrqucntur
2435 5758 2612 5813 habet.
