4040 6178
595 273 698 333 671

1165 260 1223 325 S.
1267 264 1602 323 PROSPERI
1646 258 1977 330 AQUITANI
2015 255 2248 315 OPERA
2285 252 2616 311 INCERTAE
2646 249 3172 310 AUCTORITATIS.

3781 245 3882 299 67?.

596 389 754 445 nobis
779 384 920 457 quod
951 384 1041 440 uni
1067 398 1252 440 eorum
1295 395 1617 452 responsum
1658 387 1742 433 est
1766 392 1781 432 :
1825 376 2000 430 Amice
2026 415 2042 439 ,
2089 390 2192 427 non
2220 373 2269 432 Α
2295 369 2550 440 ﬁdentia,
2581 370 2634 422 in
2661 368 2841 440 quibus
2870 377 2917 421 et
2952 383 3046 420 nos
3075 366 3357 435 aliquando
3384 362 3664 416 conversati
3711 375 3883 414 sumus

597 483 730 553 facio
760 481 847 533 tibi
878 480 1152 548 injuriam,
1187 475 1373 529 Nonne
1412 490 1473 528 ea:
1517 471 1728 525 denario
1759 468 2036 522 convenisti
2075 481 2182 519 me-

596 573 747 626 cum?
793 570 941 625 Tulle
988 569 1128 640 quod
1179 578 1324 622 tuum
1375 577 1483 631 est,
1532 573 1582 618 et
1632 563 1778 616 vade.
1829 559 1961 614 Volo
2013 567 2184 611 autem

595 674 641 716 et
689 662 805 715 huic
853 661 1126 714 novissimo
1178 659 1300 711 dare
1345 658 1476 710 sicut
1526 667 1570 708 et
1625 655 1736 707 tibi.
1780 653 1880 706 Aut
1928 666 2031 703 non
2073 649 2188 701 licet

594 755 720 807 mihi
750 755 812 806 de
843 769 898 805 re
931 768 1043 805 mea
1072 754 1240 822 facere
1280 751 1416 821 quod
1455 747 1570 801 volo
1596 749 1618 801 ?
1648 755 1673 783 ⁸
1705 746 1807 798 Aut
1847 742 2028 797 oculus
2072 752 2187 793 tuus

594 860 810 913 nequam
847 852 960 904 est,
990 843 1113 912 quia
1151 857 1244 910 ego
1285 839 1446 892 bonus
1488 854 1599 891 sum
1645 833 1877 907 (Matth.
1911 848 2011 896 xx,
2046 831 2113 884 15
2140 839 2188 882 et

593 934 788 1006 seq.)?
835 933 996 988 Certe
1044 932 1170 986 huic
1216 927 1599 985 calumniatori
1653 926 1852 994 injusta
1904 922 2188 976 videbatur

593 1028 710 1082 lucc
741 1027 996 1096 largitas;
1031 1033 1085 1079 et
1107 1022 1234 1093 quid
1262 1019 1588 1077 eruditionis
1614 1015 1836 1072 retulit?
1867 1013 1994 1084 quid
2026 1013 2188 1066 ratio-

593 1120 680 1174 nis
705 1116 946 1186 accepit?
985 1114 1102 1169 Non
1133 1123 1214 1169 est
1241 1113 1290 1168 ei
1324 1108 1742 1178 dispensationis
1775 1110 1806 1152 δ
1837 1105 1997 1174 hujus
2029 1116 2189 1158 reve-

593 1212 700 1266 lata
735 1209 982 1279 justitia,
1055 1221 1157 1263 nec
1218 1206 1285 1260 ad
1326 1202 1722 1271 inspectionem
1771 1198 1972 1253 secreti
2019 1197 2185 1267 871

594 1304 816 1360 latentis
842 1303 1117 1358 admissus
1147 1309 1264 1365 est;
1296 1298 1390 1354 sed
1417 1307 1526 1351 uta
1554 1292 1906 1349 discutiendis
1928 1288 2187 1358 Deijudi-

595 1396 692 1450 ciis
721 1394 1053 1461 abstineret,
1085 1391 1332 1460 opposita
1359 1397 1444 1443 est
1486 1387 1534 1442 ei
1577 1386 1796 1441 bonitas
1837 1381 2147 1438 miserantis
2169 1421 2184 1447 ,

594 1495 651 1541 et
678 1485 910 1540 volentis
938 1491 1217 1552 potestas:
1260 1480 1413 1551 quasi
1453 1477 1529 1532 illi
1558 1486 1613 1532 et
1640 1476 1708 1530 ab
1739 1474 1998 1541 Apostolo
2034 1473 2187 1527 dice-

595 1584 777 1632 retur:
811 1575 855 1629 0
882 1576 1054 1641 homo,
1086 1582 1141 1626 tu
1159 1573 1278 1644 quis
1309 1588 1360 1625 es
1388 1571 1476 1640 qui
1505 1567 1812 1639 respondeas
1844 1563 1990 1619 Deo?
2019 1563 2190 1618 Num-

594 1668 720 1738 quid
749 1667 871 1719 dicit
898 1666 1196 1736 ]igmeutum
1220 1664 1267 1717 ei
1296 1663 1382 1733 qui
1413 1677 1466 1715 se
1497 1660 1680 1729 ﬁnxit,
1715 1657 1885 1724 Quare
1912 1673 1990 1710 me
2018 1657 2190 1727 fecisti

595 1761 670 1814 sic
697 1759 882 1830 (Rom.
911 1773 986 1823 ιι,
1008 1753 1150 1834 20)?

1165 1822 1391 1880 CAPUT
1420 1819 1607 1876 XVIII.

600 1920 786 1976 Gratia
803 1962 817 1983 ,
845 1935 955 1974 sine
979 1933 1080 1989 qua
1108 1919 1241 1973 bona
1267 1916 1451 1989 merita
1472 1930 1578 1989 esse
1601 1919 1891 1989 nequeunt,
1921 1927 2023 1965 non
2050 1910 2194 1989 acci—

675 1982 811 2058 pitur
832 2007 864 2043 a
889 1982 1175 2058 quoquam,
1203 1988 1301 2039 nisi
1327 2001 1390 2038 ex
1413 1983 1508 2038 Dei
1530 1985 1811 2044 voluntate,
1838 1983 1945 2036 sine
1968 1982 2184 2035 meritis.

666 2080 927 2136 Omnibus
975 2093 1107 2148 ergo
1151 2077 1462 2132 hominibus
1505 2075 1796 2144 cujuslibet
1840 2085 1862 2112 ο
1906 2075 2083 2144 gentis
2133 2083 2190 2129 et

597 2173 810 2244 generis
829 2213 844 2238 ,
873 2172 1164 2240 cujuslibet
1189 2168 1512 2225 conditionis
1541 2177 1596 2222 et
1628 2167 1802 2222 aetatis
1821 2208 1835 2231 ,
1866 2183 2026 2222 causa
2061 2182 2188 2238 per-

602 2264 868 2334 cipienda:
897 2264 1080 2334 gratia:
1110 2263 1358 2317 voluntas
1392 2257 1486 2313 Dei
1514 2269 1596 2314 est
1619 2301 1634 2325 ,
1665 2258 1806 2328 apud
1851 2274 2010 2328 quam
2052 2258 2190 2313 ratio

598 2354 882 2409 electionis
909 2352 1225 2407 abscondita
1253 2359 1336 2406 est
1355 2390 1370 2415 ,
1403 2349 1471 2403 ab
1499 2364 1562 2404 ea
1610 2349 1780 2419 gratia
1811 2348 2191 2418 incipientibus

598 2446 811 2503 meritis
840 2461 1002 2515 quam
1031 2457 1296 2513 accepere
1326 2443 1447 2496 sine
1475 2441 1706 2495 meritis.
1736 2441 1867 2508 Quae
1895 2444 1939 2495 si
1970 2452 2193 2510 possent

597 2542 736 2597 bona
769 2555 890 2595 esse
919 2539 1036 2594 sine
1066 2539 1240 2608 gratia
1264 2578 1279 2604 ,
1324 2551 1430 2590 non
1463 2535 1776 2589 diceretur:
1821 2533 1941 2587 Nisi
1971 2535 2084 2604 quis
2112 2552 2194 2589 re-

597 2643 751 2686 natus
783 2632 936 2702 fuerit
964 2647 1033 2684 ea:
1061 2645 1198 2698 aqua
1224 2636 1273 2680 et
1304 2626 1509 2697 Spiritu
1540 2634 1738 2694 sancto,
1769 2641 1870 2679 non
1899 2625 2110 2678 intrabit
2138 2631 2191 2678 in

599 2740 814 2796 regnum
866 2722 1113 2776 caelorum
1159 2716 1362 2789 (Joan.
1394 2733 1484 2788 ιιι,
1517 2719 1626 2788 5);
1668 2726 1766 2772 et:
1812 2715 1930 2770 Nisi
1967 2717 2191 2769 mandu~

599 2816 838 2869 caveritis
867 2828 1072 2866 carnem
1103 2809 1233 2865 Filii
1266 2811 1515 2874 hominis,
1556 2821 1603 2863 et
1645 2808 1869 2862 biberitis
1893 2809 2194 2878 sanguinem

596 2910 736 2979 ejus,
766 2924 866 2961 non
892 2904 1141 2958 habebitis
1170 2905 1324 2957 vitam
1350 2904 1404 2956 in
1432 2902 1573 2955 vobis
1601 2900 1782 2972 (Joan.
1812 2915 1862 2954 VI
1888 2942 1902 2967 ,
1930 2901 2020 2970 54)
2050 2916 2065 2966 ;
2097 2899 2194 2955 sed

597 2999 906 3054 diceretur:
935 2995 1048 3052 Nisi
1076 2995 1194 3066 quis
1226 2993 1386 3049 fuerit
1412 2994 1592 3063 justus
1620 3002 1673 3048 et
1699 2993 1896 3060 bonus,
1925 2993 2113 3072 beatus
2141 2993 2194 3048 in

596 3107 857 3149 aeternum
881 3105 1002 3146 esse
1029 3104 1137 3144 non
1168 3090 1385 3158 poterit.
1416 3086 1524 3141 Nec
1551 3100 1687 3154 opus
1713 3095 1859 3140 esset
1884 3100 1981 3154 per
2000 3100 2194 3155 aquam

597 3195 652 3237 et
677 3182 938 3250 Spiritum
963 3178 1176 3235 renasci
1195 3218 1212 3243 ,
1238 3178 1282 3231 si
1312 3192 1409 3247 per
1437 3176 1752 3230 mandatum
1777 3174 2049 3231 sufﬁceret
2075 3191 2200 3232 eru-

598 3274 726 3328 diri.
748 3275 813 3328 Et
836 3280 1192 3328 evacuaretur
1217 3271 1352 3326 ﬁdes
1370 3311 1385 3335 ,
1411 3285 1529 3340 qua:
1555 3270 1729 3324 credit
1750 3283 1845 3339 per
1865 3269 2192 3338 baptismum

598 3366 780 3420 omnia
811 3373 1030 3435 peccata
1059 3363 1290 3427 dimitti,
1319 3362 1364 3416 si
1393 3363 1564 3432 gratia
1588 3377 1694 3415 non
1725 3361 1880 3415 malis
1907 3371 1961 3415 et
1988 3359 2192 3428 impiis,

599 3457 694 3512 sed
727 3457 883 3511 bonis
911 3464 968 3511 et
995 3455 1157 3510 rectis
1185 3454 1472 3508 doceretur
1502 3451 1760 3521 impendi.
1803 3451 1968 3522 Origo
2012 3452 2196 3523 itaque

599 3562 745 3604 vera:
785 3549 948 3613 vitte,
997 3559 1248 3614 veraeque
1284 3543 1511 3613 jusﬁtite
1550 3543 1603 3597 in
1643 3541 2072 3612 regenerationis
2111 3551 2196 3598 est

602 3639 778 3709 posita
800 3646 1174 3700 sacramento;
1202 3644 1259 3688 ιιι
1285 3633 1372 3688 ubi
1396 3633 1560 3689 homo
1587 3633 1908 3698 renascitur,
1933 3632 2004 3687 ibi
2030 3632 2193 3688 etiam

602 3733 845 3802 ipsarum
890 3731 1146 3784 virtutum
1188 3729 1391 3783 veritas
1420 3728 1670 3792 oriatur;
1703 3725 1729 3762 ά
1760 3735 1814 3781 et
1843 3726 2101 3796 incipiant
2126 3725 2194 3780 ad

600 3833 915 3895 perpetuam
956 3821 1185 3892 gloriam
1229 3819 1493 3888 proﬁcere
1522 3835 1617 3890 per
1646 3819 1838 3882 ﬁdem,
1879 3818 1970 3888 qui
1997 3819 2084 3873 vix
2127 3817 2193 3873 ad

609 3919 963 3985 temporalem
991 3930 1143 3969 vana:
1171 3913 1342 3968 laudis
1378 3922 1630 3983 poterant
1669 3913 1954 3982 pervenire
1989 3926 2197 3967 merce-

603 4013 750 4067 dem.
785 4012 916 4066 Sive
942 4011 1086 4064 enim
1117 4007 1339 4063 Judmus
1369 4006 1503 4076 legis
1531 4007 1755 4061 scientia
1797 4015 2044 4072 tumens,
2074 4008 2194 4059 sive

603 4103 828 4158 Craacus
873 4100 1054 4154 studio
1103 4097 1383 4168 sapientia:
1435 4098 1693 4153 naturalis
1741 4097 1997 4163 inﬂatus,
2046 4098 2196 4166 prius

602 4209 762 4264 quam
789 4191 1120 4261 justilicetur
1160 4205 1256 4259 per
1296 4190 1456 4244 Iidem
1501 4189 1737 4253 Christi,
1781 4190 2069 4244 conclusus
2111 4199 2195 4243 est

601 4285 700 4340 sub
733 4293 954 4353 peccato
985 4300 996 4334 :
1046 4291 1102 4337 et
1140 4282 1187 4337 si
1229 4282 1282 4336 iu
1313 4296 1408 4336 sua
1443 4291 1466 4318 ε
1501 4281 1819 4337 inﬁdelitate
1861 4281 2194 4349 perstiterit,

602 4378 681 4432 ira
711 4376 804 4434 Dei
846 4385 1024 4430 manet
1064 4390 1229 4443 super
1257 4388 1380 4430 eum
1404 4417 1419 4439 ,
1453 4375 1544 4428 illa
1581 4373 1787 4428 scilicet
1817 4374 1868 4428 in
1899 4374 2030 4428 Adae
2063 4390 2196 4442 pra:-

602 4469 932 4523 Varicatione
978 4475 1254 4521 contracta
1282 4505 1297 4530 ,
1349 4464 1417 4520 de
1465 4478 1568 4534 qua
1616 4465 1915 4533 Apostolus
1959 4464 2194 4534 loquitur

603 4559 790 4612 dicens
817 4576 828 4610 :
865 4558 930 4611 Et
960 4575 1046 4612 vos
1076 4573 1188 4609 cum
1219 4556 1399 4610 essetis
1431 4557 1622 4609 mortui
1649 4556 1850 4609 delictis
1887 4566 1935 4608 et
1976 4557 2197 4625 peccatis
2228 4577 2274 4636 ί)

604 4650 784 4703 vestris
803 4689 817 4713 ,
851 4651 902 4701 in
929 4649 1112 4717 quibus
1143 4649 1423 4719 aliquando
1452 4648 1754 4702 ambulastis
1781 4648 2061 4702 secundant
2089 4664 2188 4700 sa:-

601 4741 776 4796 cuiuu:
819 4741 994 4793 mumli
1033 4740 1187 4809 hujus
1212 4779 1227 4807 ,
1276 4741 1556 4794 secundum
1600 4739 1884 4810 principem
1931 4740 2194 4809 potestatis

601 4835 734 4888 acris
760 4833 949 4904 hujus,
975 4831 1185 4902 spiritus
1213 4832 1300 4899 qui
1328 4847 1464 4884 nunc
1493 4841 1733 4900 Operatur
1761 4832 1814 4884 in
1852 4829 1868 4868 ῐ
1903 4831 2041 4899 ﬁlios
2082 4830 2192 4899 dif-

675 5018 701 5045 ⁸
733 5008 832 5063 Ms.
865 5005 1162 5071 Joliensis.,
1192 5007 1269 5057 An
1303 5005 1482 5058 oculus
1516 5014 1657 5058 tuus.

676 5077 706 5118 δ
735 5079 830 5132 Ms.
859 5077 1112 5132 Joliensis
1141 5087 1288 5130 caret
1323 5090 1456 5129 vuee
1484 5075 1663 5145 huius.

678 5159 702 5188 ο
735 5150 862 5203 Mss.
905 5147 1229 5202 Camberon.
1271 5153 1324 5199 et
1363 5145 1471 5198 .IuI.
1512 5143 1565 5199 et
1604 5145 1732 5199 edit.
1769 5145 1966 5200 Leonis
1992 5143 2197 5197 addunt

605 5220 722 5289 haec
743 5262 755 5286 ,
787 5220 946 5289 gentis
988 5225 1056 5274 et.

678 5288 704 5326 ἀ
738 5282 880 5344 Editi
909 5285 1251 5350 Prosperiani
1281 5285 1444 5351 alias,
1467 5295 1515 5337 et
1539 5285 1816 5353 incipiunt.
1846 5284 1972 5339 Mss.
2005 5282 2191 5338 Camb.

606 5370 663 5416 et
687 5359 794 5415 Jul.
820 5374 942 5414 eum
983 5357 1114 5412 edit.
1147 5355 1340 5420 Leon.,
1383 5365 1428 5408 et
1470 5355 1740 5425 incipiant.
1787 5355 1985 5408 Eadem
2028 5353 2195 5425 editio

607 5431 806 5488 Leonis
836 5438 1052 5500 postea,
1082 5441 1197 5500 quis
1236 5427 1318 5500 vis
1341 5467 1356 5492 ,
1401 5424 1638 5500 intellige
1683 5424 1918 5480 virtutis.
1963 5424 2196 5479 Codices

610 5501 782 5558 nostri
812 5498 900 5570 qui
924 5500 1040 5570 vix,
1073 5498 1282 5552 scilicet
1312 5498 1577 5570 homines.

684 5581 708 5609 ε
739 5563 834 5644 Sic
850 5569 1167 5644 corrigimus
1188 5582 1252 5621 ex
1279 5581 1408 5621 mss.
1433 5566 1758 5622 Camberon.
1781 5575 1836 5621 et
1859 5565 1964 5620 Jul.
1987 5578 2049 5620 ac
2064 5563 2200 5619 Leo-

611 5654 706 5699 ne.
735 5639 878 5694 Alias
901 5679 914 5701 ,
940 5639 1261 5706 infelicitate.

694 5709 714 5750 ι
742 5710 871 5766 Mss.
903 5709 1223 5767 Camberon.
1258 5718 1311 5765 et
1339 5707 1441 5765 .Iol.
1472 5711 1620 5782 juxta
1652 5708 1934 5775 Grzecum,
1967 5706 2017 5760 in
2048 5706 2191 5774 ﬁliis.

2287 466 2341 517 in
2369 463 2637 518 desideriis
2660 462 2830 517 carnis
2856 470 3075 525 nostrae,
3105 459 3346 529 facientes
3373 455 3688 509 voluntatem
3716 454 3881 506 carnis

2291 566 2337 611 et
2365 556 2765 626 cogitationum,
2789 562 2835 608 et
2863 567 3069 607 eramus
3092 559 3280 603 natura
3310 547 3405 616 ﬁlii
3433 548 3523 599 ira:
3547 547 3682 599 sicut
3716 554 3761 597 et
3791 559 3880 597 cte-

2290 649 2385 702 teri
2415 647 2632 716 (Ephes.
2661 662 2733 711 ιι,
2760 646 2785 699 1
2814 653 2860 700 et
2880 642 3013 714 seq.)
3043 661 3058 707 ;
3090 651 3146 697 et
3173 641 3373 696 iterum
3403 655 3416 691 :
3450 638 3580 704 Quia
3605 637 3769 690 eratis
3798 634 3878 687 illo

2291 749 2516 810 tempore
2544 739 2656 791 sine
2681 736 2907 802 Christo,
2934 734 3146 789 alienati
3186 749 3216 785 a
3257 730 3635 784 conversatione
3675 726 3873 793 Israel,

2290 841 2336 887 et
2365 831 2590 898 hospites
2631 836 3040 882 testamentorum
3062 868 3077 894 ,
3109 823 3459 897 promissionis
3485 839 3626 894 spem
3658 838 3764 874 non
3795 822 3877 873 ha-

2291 922 2481 987 bentes,
2514 930 2560 976 et
2589 921 2696 975 sine
2722 919 2831 974 Deo
2858 921 2913 972 in
2942 919 3134 972 mundo
3161 916 3370 987 (Ibid.,
3394 913 3533 985 12);
3561 922 3617 969 et
3643 915 3872 968 iterum:

2289 1009 2464 1064 Eratis
2490 1011 2654 1082 8⁷2
2683 1010 2966 1079 aliquando
3008 1008 3225 1064 tenebrat
3248 1048 3263 1073 ,
3307 1022 3442 1059 nunc
3485 1015 3658 1060 autem
3697 1003 3792 1058 lus;
3827 1005 3873 1057 iu

2291 1101 2508 1157 Domino
2535 1103 2726 1174 (ιδιά,
2754 1117 2807 1168 v,
2832 1098 2888 1170 8)
2913 1117 2928 1166 ;
2959 1108 3014 1155 et
3037 1100 3235 1154 iterum
3258 1117 3271 1150 :
3303 1095 3508 1152 Gratias
3536 1107 3751 1169 agentes
3776 1093 3874 1148 Pa-

2291 1195 2392 1260 tri,
2422 1195 2514 1263 qui
2539 1192 2722 1264 dignos
2753 1208 2846 1246 nos
2871 1192 2992 1262 fecit
3019 1192 3074 1245 in
3103 1197 3300 1260 partem
3327 1188 3478 1243 sortis
3503 1198 3800 1242 sanctorum
3821 1187 3871 1239 in

2291 1287 2511 1353 lumine,
2541 1287 2628 1352 qui
2657 1286 2844 1356 eripuit
2873 1300 2966 1338 nos
2992 1285 3055 1338 de
3081 1293 3107 1331 ε
3139 1283 3355 1337 tenebris
3388 1291 3435 1335 et
3458 1289 3713 1351 potestate
3737 1289 3870 1336 tene-

2291 1379 2533 1445 brarum,
2562 1389 2609 1433 et
2634 1377 2899 1432 transtulit
2924 1378 2976 1431 in
3014 1392 3230 1447 regnum
3271 1373 3397 1427 Filii
3439 1373 3731 1427 dilectionis
3773 1387 3869 1426 sua:

2291 1470 2508 1541 (Coloss.
2532 1486 2582 1540 ι,
2630 1470 2694 1524 12
2714 1471 2915 1541 seqq.);
2946 1480 2999 1525 et
3026 1469 3262 1524 iterum:
3288 1466 3509 1520 Eramus
3537 1467 3673 1520 enim
3703 1474 3748 1519 et
3775 1481 3858 1518 nos

2289 1562 2568 1630 aliquando
2596 1562 2893 1632 insipientes
2912 1603 2927 1626 ,
2957 1560 3248 1627 increduli,
3299 1567 3530 1614 errantes
3549 1599 3567 1626 ,
3608 1560 3866 1613 servientes

2290 1653 2557 1708 desideriis
2585 1661 2632 1707 et
2660 1652 3004 1724 voluptatibus
3029 1651 3185 1704 variis
3206 1690 3223 1717 ,
3265 1650 3319 1703 in
3359 1649 3556 1703 malitia
3596 1660 3644 1702 et
3686 1649 3865 1702 invidia

2291 1754 2520 1813 agentes,
2551 1743 2800 1808 odibiles,
2832 1743 3057 1797 odientes
3088 1741 3321 1795 invicem.
3365 1741 3493 1794 Cum
3534 1749 3710 1794 autem
3735 1739 3863 1792 beni-

2219 1832 2264 1892 B
2292 1836 2459 1904 gnitas
2485 1844 2533 1889 et
2558 1834 2853 1887 humanitas
2882 1833 3124 1905 apparuit
3149 1830 3432 1887 Saluatoris
3460 1832 3661 1895 nostri,
3691 1845 3789 1883 non
3811 1844 3866 1882 es

2292 1925 2532 1993 aperibus
2550 1926 2773 1994 justitia:
2799 1940 2914 1995 qua:
2941 1924 3152 1993 fecimus
3182 1938 3296 1992 nos,
3317 1923 3404 1975 sed
3427 1921 3709 1976 secundum
3733 1936 3865 1972 suam

2293 2017 2697 2070 misericordiam
2725 2017 2893 2071 salvos
2920 2033 3012 2070 nos
3042 2015 3158 2087 fecit
3175 2030 3264 2087 per
3279 2010 3579 2068 lavacrumh
3606 2028 3863 2086 regenera~

2293 2110 2446 2163 tionis
2476 2109 2709 2178 Spiritus
2749 2109 2949 2174 sancti,
2997 2125 3148 2179 quem
3186 2108 3368 2176 e/fudit
3423 2109 3476 2161 in
3521 2123 3614 2161 nos
3680 2107 3863 2160 abunde

2293 2219 2382 2270 per
2419 2201 2597 2256 Iesum
2639 2202 2896 2256 Christum
2938 2202 3265 2257 Salvatorem
3309 2209 3577 2265 nostrum,
3625 2208 3682 2252 ut
3722 2199 3865 2270 justi-

2292 2296 2432 2365 ﬁcati
2459 2295 2629 2365 gratia
2655 2295 2835 2366 ipsius,
2864 2294 3090 2348 htcredes
3112 2294 3269 2348 simus
3294 2293 3573 2346 secundum
3603 2307 3742 2360 spent
3764 2288 3865 2343 vita

2292 2397 2497 2441 (eterna:
2526 2386 2654 2460 (Tit.
2682 2403 2737 2442 ιιι
2755 2430 2769 2454 ,
2791 2388 2824 2442 5
2842 2385 3029 2457 seqq.).

2885 2477 3112 2534 CAPUT
3141 2477 3284 2533 XIX.

2657 2569 2840 2634 Qualis
2867 2573 2932 2622 sit
2963 2580 3149 2622 natura
3178 2569 3289 2622 sine
3319 2551 3523 2639 gratia.

2369 2663 2433 2717 Et
2464 2673 2518 2716 ut
2546 2662 2860 2718 brevissime
2887 2671 3067 2732 pateat
3103 2662 3280 2731 qualis
3317 2662 3387 2714 sit
3435 2669 3622 2714 natura
3653 2657 3866 2712 humana

2295 2755 2412 2809 sine
2456 2757 2663 2823 gratia,
2715 2754 2860 2809 dicat
2902 2754 3068 2810 Judas
3112 2753 3422 2824 apostolus,
3469 2751 3592 2821 quid
3633 2760 3754 2820 agat
3793 2748 3868 2802 vel

2297 2847 2599 2914 ignorantia
2649 2847 3060 2916 imperitorum,
3106 2848 3190 2902 vel
3236 2845 3485 2900 doctrina
3525 2844 3864 2913 sapientium.

2298 2939 2375 2994 Hi
2400 2951 2608 3009 autem,
2640 2941 2846 3011 inquit,
2880 2956 3208 3011 quotcumque
3243 2940 3452 3010 quidem
3500 2939 3740 3009 ignorant
3767 2936 3865 2989 bla-

2297 3033 2607 3106 sphemant;
2637 3050 2969 3104 quaecumque
2995 3043 3165 3088 autem
3190 3032 3500 3085 naturaliter
3537 3029 3554 3068 ί
3587 3031 3725 3083 velut
3746 3035 3869 3082 ututs

2298 3125 2552 3179 animalia
2608 3134 2833 3192 norunt,
2873 3125 2926 3178 in
2979 3125 3059 3178 his
3099 3133 3494 3192 corrumpuntur
3527 3120 3725 3192 (Judte
3754 3115 3866 3187 10).

2223 3197 2271 3260 C
2307 3219 2322 3267 ι
2354 3217 2508 3272 Dicat
2528 3218 2688 3272 etiam
2713 3217 2814 3272 sub
2842 3216 3018 3270 verbis
3040 3215 3315 3270 Zacharire
3338 3214 3670 3283 evangelista
3692 3212 3864 3272 Lucas.

2297 3318 2424 3363 ante
2460 3309 2907 3364 illuminationem
2935 3308 3122 3379 gratia:
3151 3308 3202 3362 in
3235 3321 3338 3377 qua
3380 3305 3676 3360 humanum
3717 3317 3867 3374 genus

2299 3407 2459 3456 nocte
2484 3411 2755 3469 versetur,
2778 3410 2834 3456 et
2858 3399 2927 3456 de
2952 3398 3147 3470 quibus
3177 3397 3498 3469 ignorantia:
3525 3394 3762 3451 tenebris
3788 3388 3863 3446 Del

2299 3492 2526 3563 populus
2550 3501 2796 3547 eruatur.
2829 3490 2896 3545 Et
2926 3501 3004 3556 tu,
3037 3491 3244 3560 inquit,
3291 3488 3450 3554 Puer,
3495 3485 3757 3554 Pmpheta
3785 3482 3866 3537 Al-

2298 3585 2480 3640 tissimi
2522 3586 2779 3640 vocaberis
2810 3602 2830 3640 :
2872 3586 3077 3654 prteibis
3122 3585 3259 3638 enim
3298 3592 3417 3637 ante
3458 3582 3642 3651 faciem
3681 3575 3870 3632 Domini

2299 3695 2482 3748 parare
2509 3679 2617 3734 vias
2646 3684 2792 3750 ejus:
2821 3679 2889 3733 ad
2917 3680 3142 3732 dandam
3169 3677 3432 3732 scientiam
3475 3669 3870 3742 salutis'populo

2295 3774 2409 3844 ejus
2441 3813 2454 3838 ,
2500 3771 2556 3824 in
2597 3771 2949 3826 remissionem
2994 3781 3322 3842 peccatorum
3358 3768 3587 3836 ipsorum
3620 3781 3638 3819 :
3681 3772 3871 3835 propter

2295 3867 2488 3918 viscera
2531 3864 2895 3918 misericordia:
2937 3863 3179 3928 Domini,
3222 3865 3274 3915 in
3314 3861 3496 3930 quibus
3534 3859 3754 3912 uisitauit
3791 3870 3869 3908 nos

2301 3953 2481 4009 Oriens
2511 3970 2574 4008 ea:
2599 3956 2702 4008 alto
2721 3996 2735 4019 ,
2764 3955 2929 4008 lucere
2959 3954 3041 4009 his
3072 3955 3157 4025 qui
3185 3954 3237 4007 in
3268 3951 3484 4006 tenebris
3523 3961 3570 4003 et
3609 3949 3666 4002 in
3710 3946 3869 4001 umbra

2297 4045 2475 4098 mortis
2513 4046 2729 4110 sedent,
2771 4045 2841 4098 ad
2882 4046 3177 4116 dirigendos
3225 4045 3376 4115 pedes
3416 4053 3616 4097 nostros
3656 4042 3712 4095 in
3753 4040 3869 4094 riam

2298 4139 2439 4207 pacis
2469 4137 2636 4208 (Luc.
2663 4155 2715 4205 ι,
2740 4140 2810 4196 76
2837 4155 2977 4209 seqq.
3006 4138 3046 4208 ).

2899 4229 3126 4285 CAPUT
3166 4228 3286 4283 XX.

2309 4319 2519 4374 Viscera
2558 4321 2926 4375 misericordia:
2967 4321 3224 4373 Dominus
3255 4321 3321 4372 ad
3352 4321 3582 4373 omnium
3623 4318 3870 4370 nationu-u

2372 4391 2617 4460 impendit
2647 4392 2897 4455 salutem,
2931 4407 3200 4458 omnesque
3231 4392 3393 4444 salvat
3419 4406 3436 4443 :
3467 4400 3510 4441 et
3540 4401 3707 4440 tamen
3737 4388 3869 4440 etiam

2371 4477 2542 4515 verum
2572 4473 2644 4515 est
2675 4463 2809 4532 quod
2840 4463 3190 4515 testimonium
3221 4465 3330 4532 ejus
3360 4476 3507 4514 nemo
3536 4460 3743 4528 accipit.

2376 4554 2502 4608 llrec
2529 4564 2708 4608 autem
2736 4555 2946 4608 viscera
2979 4552 3366 4607 misericordiae
3400 4551 3657 4605 Dominus
3687 4564 3789 4603 non
3816 4544 3870 4598 ad

2303 4645 2462 4700 unius
2492 4653 2696 4699 tantum
2729 4644 2912 4715 populi
2941 4645 3371 4714 redemptionem
3395 4684 3409 4708 ,
3436 4642 3529 4697 sed
3560 4641 3624 4696 ad
3651 4639 3868 4694 omnium

2304 4736 2580 4790 nationum
2628 4736 2890 4804 impendit
2935 4735 3194 4801 salutem,
3245 4734 3459 4788 dicente
3506 4729 3868 4801 Evangelista:

2307 4828 2441 4894 Quia
2484 4825 2635 4880 Jesus
2662 4825 2685 4863 ι
2719 4827 2999 4879 moriturus
3045 4836 3153 4880 erat
3200 4840 3294 4895 pro
3340 4833 3487 4894 gente
3515 4839 3533 4876 :
3558 4839 3660 4875 non
3689 4829 3867 4873 tantum

2303 5002 2404 5056 Alii
2429 5044 2444 5069 ,
2478 5009 2535 5056 ut
2565 4999 2749 5070 Vulg,
2778 5000 2830 5052 in
2861 4999 3018 5067 ﬁlios.

2377 5082 2400 5118 ε
2431 5063 2555 5126 Hinc
2582 5063 2719 5135 duo,
2751 5063 2966 5122 tenebris
2993 5078 3075 5134 et,
3117 5069 3216 5123 etsi
3261 5067 3522 5122 habentur
3552 5066 3605 5119 in
3636 5063 3866 5118 omnibus

2303 5142 2455 5196 libris
2483 5143 2683 5195 nostris
2706 5149 2934 5206 ,‘tanien
2962 5156 3065 5194 non
3109 5142 3359 5209 leguntur
3389 5139 3444 5192 in
3474 5147 3705 5206 utroque
3735 5143 3864 5190 testu

2305 5211 2848 5282 EpismlteiApustoli.

2375 5283 2402 5319 ιι
2430 5283 2530 5337 bis.
2557 5278 2879 5336 Cainberon.
2911 5279 2998 5335 hic
3023 5278 3205 5346 addit,
3233 5279 3574 5333 renovationis
3596 5293 3615 5330 :
3638 5292 3753 5348 qua:
3779 5287 3866 5327 vos

2304 5367 2402 5407 nec
2428 5353 2580 5408 abest
2604 5367 2631 5403 a
2663 5359 2811 5406 textu
2840 5351 3100 5419 Apostoli.

2382 5423 2398 5460 ί
2434 5423 2531 5476 Ms.
2560 5422 2908 5486 Cumberou.,
2942 5422 3075 5476 velut
3101 5420 3251 5474 bruta
3277 5419 3542 5472 animalia.

2377 5495 2390 5542 ι
2429 5494 2556 5546 Mss.
2589 5491 2912 5547 Camberon.
2946 5502 3000 5546 et
3026 5493 3158 5554 101.,
3191 5491 3340 5542 Dicat
3368 5499 3559 5542 autem.

2376 5561 2401 5600 ι
2441 5562 2585 5616 Editi
2613 5563 2744 5617 alias
2763 5603 2778 5626 ,
2807 5571 3038 5616 mortuus
3067 5572 3197 5614 erat.
3230 5560 3417 5614 Melius
3447 5574 3578 5613 mss.
3609 5557 3787 5614 Camb.
3817 5560 3864 5607 et

2302 5633 2435 5700 Jol.,
2465 5648 2585 5687 cum
2618 5632 2826 5695 Leone,
2851 5633 3003 5701 juxta
3034 5640 3237 5687 textura
3270 5629 3576 5702 Evangelii,
3604 5629 3862 5684 moriturus

2304 5715 2450 5770 erat;
2482 5703 2592 5760 Leo
2617 5711 2843 5770 postea,
2874 5711 2920 5757 et
2949 5719 3052 5759 non
3085 5710 3302 5760 tantum.
