  <div class='ocr_page' id='page_1' title='image "/cluster/home/n/w/nwhite01/storage/ocr_20150623/51/hvd.32044054758610/342.png"; bbox 0 0 3972 6176; ppageno 0'>
   <div class='ocr_carea' id='block_1_1' title="bbox 192 209 288 266">
    <p class='ocr_par' dir='ltr' id='par_1_1' title="bbox 192 209 288 266">
     <span class='ocr_line' id='line_1_1' title="bbox 192 209 288 266; baseline 0 0"><span class='ocrx_word' id='word_1_1' title='bbox 192 209 288 266; x_wconf 73' lang='grc'><strong>6⁸15</strong></span> 
     </span>
    </p>
   </div>
   <div class='ocr_carea' id='block_1_2' title="bbox 1051 205 2535 266">
    <p class='ocr_par' dir='ltr' id='par_1_2' title="bbox 1051 205 2535 266">
     <span class='ocr_line' id='line_1_2' title="bbox 1051 205 2535 266; baseline 0.001 -4"><span class='ocrx_word' id='word_1_2' title='bbox 1051 207 1138 262; x_wconf 85' lang='lat' dir='ltr'><strong>DE</strong></span> <span class='ocrx_word' id='word_1_3' title='bbox 1179 205 1565 264; x_wconf 74' lang='lat' dir='ltr'><strong>VOCATIONE</strong></span> <span class='ocrx_word' id='word_1_4' title='bbox 1603 207 1870 264; x_wconf 78' lang='lat' dir='ltr'><strong>OMNIUM</strong></span> <span class='ocrx_word' id='word_1_5' title='bbox 1911 206 2216 265; x_wconf 80' lang='lat' dir='ltr'><strong>GENTIUM</strong></span> <span class='ocrx_word' id='word_1_6' title='bbox 2253 209 2454 266; x_wconf 77' lang='lat' dir='ltr'><strong>LIBER</strong></span> <span class='ocrx_word' id='word_1_7' title='bbox 2495 210 2535 264; x_wconf 84' lang='grc' dir='ltr'><strong>Ι.</strong></span> 
     </span>
    </p>
   </div>
   <div class='ocr_carea' id='block_1_3' title="bbox 3325 215 3433 268">
    <p class='ocr_par' dir='ltr' id='par_1_3' title="bbox 3325 215 3433 268">
     <span class='ocr_line' id='line_1_3' title="bbox 3325 215 3433 268; baseline 0 0"><span class='ocrx_word' id='word_1_8' title='bbox 3325 215 3433 268; x_wconf 68' lang='grc' dir='ltr'><strong>οη</strong></span> 
     </span>
    </p>
   </div>
   <div class='ocr_carea' id='block_1_4' title="bbox 187 319 3432 395">
    <p class='ocr_par' dir='ltr' id='par_1_4' title="bbox 187 319 3432 395">
     <span class='ocr_line' id='line_1_4' title="bbox 187 319 3432 395; baseline 0.002 -21"><span class='ocrx_word' id='word_1_9' title='bbox 187 338 274 394; x_wconf 79' lang='lat' dir='ltr'><strong>pro</strong></span> <span class='ocrx_word' id='word_1_10' title='bbox 301 330 476 393; x_wconf 87' lang='lat' dir='ltr'><strong>gente,</strong></span> <span class='ocrx_word' id='word_1_11' title='bbox 504 320 588 373; x_wconf 89' lang='lat' dir='ltr'><strong>sed</strong></span> <span class='ocrx_word' id='word_1_12' title='bbox 615 320 766 373; x_wconf 90' lang='lat' dir='ltr'><strong>etiam</strong></span> <span class='ocrx_word' id='word_1_13' title='bbox 789 328 841 373; x_wconf 87' lang='lat' dir='ltr'><strong>ut</strong></span> <span class='ocrx_word' id='word_1_14' title='bbox 870 320 1008 389; x_wconf 81' lang='lat' dir='ltr'><strong>ﬁlios</strong></span> <span class='ocrx_word' id='word_1_15' title='bbox 1035 321 1126 374; x_wconf 80' lang='lat' dir='ltr'><strong>Dei</strong></span> <span class='ocrx_word' id='word_1_16' title='bbox 1147 322 1402 392; x_wconf 86' lang='lat' dir='ltr'><strong>dispersos</strong></span> <span class='ocrx_word' id='word_1_17' title='bbox 1424 330 1752 392; x_wconf 73' lang='lat' dir='ltr'><strong>congregaret</strong></span> <span class='ocrx_word' id='word_1_18' title='bbox 1780 325 1828 383; x_wconf 81' lang='grc' dir='ltr'>Α</span> <span class='ocrx_word' id='word_1_19' title='bbox 1859 328 2036 389; x_wconf 89' lang='lat' dir='ltr'><strong>patre,</strong></span> <span class='ocrx_word' id='word_1_20' title='bbox 2065 321 2153 390; x_wconf 86' lang='lat' dir='ltr'><strong>qui</strong></span> <span class='ocrx_word' id='word_1_21' title='bbox 2189 324 2602 391; x_wconf 82' lang='lat' dir='ltr'><strong>promissionem</strong></span> <span class='ocrx_word' id='word_1_22' title='bbox 2640 320 2734 376; x_wconf 86' lang='lat' dir='ltr'><strong>Dei</strong></span> <span class='ocrx_word' id='word_1_23' title='bbox 2761 330 2852 377; x_wconf 90' lang='lat' dir='ltr'><strong>aut</strong></span> <span class='ocrx_word' id='word_1_24' title='bbox 2897 338 3004 378; x_wconf 92' lang='lat' dir='ltr'><strong>non</strong></span> <span class='ocrx_word' id='word_1_25' title='bbox 3065 319 3285 395; x_wconf 87' lang='lat' dir='ltr'><strong>inpleri,</strong></span> <span class='ocrx_word' id='word_1_26' title='bbox 3335 336 3432 382; x_wconf 81' lang='lat' dir='ltr'><strong>aut</strong></span> 
     </span>
    </p>
   </div>
   <div class='ocr_carea' id='block_1_5' title="bbox 185 409 1746 481">
    <p class='ocr_par' dir='ltr' id='par_1_5' title="bbox 185 409 1746 481">
     <span class='ocr_line' id='line_1_5' title="bbox 185 409 1746 481; baseline -0.002 -16"><span class='ocrx_word' id='word_1_27' title='bbox 185 414 234 465; x_wconf 87' lang='lat' dir='ltr'><strong>in</strong></span> <span class='ocrx_word' id='word_1_28' title='bbox 256 428 407 463; x_wconf 87' lang='lat' dir='ltr'><strong>unum</strong></span> <span class='ocrx_word' id='word_1_29' title='bbox 428 409 599 481; x_wconf 85' lang='lat' dir='ltr'><strong>(Joan.</strong></span> <span class='ocrx_word' id='word_1_30' title='bbox 620 427 671 463; x_wconf 85' lang='lat' dir='ltr'><strong>xl</strong></span> <span class='ocrx_word' id='word_1_31' title='bbox 687 454 702 475; x_wconf 90' lang='lat'><strong>,</strong></span> <span class='ocrx_word' id='word_1_32' title='bbox 721 410 834 481; x_wconf 72' lang='lat'><strong>52).</strong></span> <span class='ocrx_word' id='word_1_33' title='bbox 862 412 971 465; x_wconf 88' lang='lat' dir='ltr'><strong>Iloe</strong></span> <span class='ocrx_word' id='word_1_34' title='bbox 990 412 1132 465; x_wconf 87' lang='lat' dir='ltr'><strong>enim</strong></span> <span class='ocrx_word' id='word_1_35' title='bbox 1157 414 1264 480; x_wconf 90' lang='lat' dir='ltr'><strong>agit</strong></span> <span class='ocrx_word' id='word_1_36' title='bbox 1286 410 1374 465; x_wconf 92' lang='lat' dir='ltr'><strong>illa</strong></span> <span class='ocrx_word' id='word_1_37' title='bbox 1396 426 1496 464; x_wconf 98' lang='lat' dir='ltr'><strong>vox</strong></span> <span class='ocrx_word' id='word_1_38' title='bbox 1516 411 1746 477; x_wconf 86' lang='lat' dir='ltr'><strong>Domini,</strong></span> 
     </span>
    </p>
   </div>
   <div class='ocr_carea' id='block_1_6' title="bbox 185 500 1747 571">
    <p class='ocr_par' dir='ltr' id='par_1_6' title="bbox 185 500 1747 571">
     <span class='ocr_line' id='line_1_6' title="bbox 185 500 1747 571; baseline -0.001 -16"><span class='ocrx_word' id='word_1_39' title='bbox 185 516 297 570; x_wconf 73' lang='lat' dir='ltr'><strong>qua:</strong></span> <span class='ocrx_word' id='word_1_40' title='bbox 315 515 406 569; x_wconf 88' lang='lat' dir='ltr'><strong>per</strong></span> <span class='ocrx_word' id='word_1_41' title='bbox 421 500 702 570; x_wconf 82' lang='lat' dir='ltr'><strong>quamdam</strong></span> <span class='ocrx_word' id='word_1_42' title='bbox 723 501 942 568; x_wconf 90' lang='lat' dir='ltr'><strong>pietatis</strong></span> <span class='ocrx_word' id='word_1_43' title='bbox 966 502 1146 554; x_wconf 84' lang='lat' dir='ltr'><strong>tubam</strong></span> <span class='ocrx_word' id='word_1_44' title='bbox 1171 511 1281 554; x_wconf 82' lang='lat' dir='ltr'><strong>toto</strong></span> <span class='ocrx_word' id='word_1_45' title='bbox 1297 501 1459 571; x_wconf 78' lang='lat'><strong>873</strong></span> <span class='ocrx_word' id='word_1_46' title='bbox 1481 513 1747 555; x_wconf 87' lang='lat' dir='ltr'><strong>terrarum</strong></span> 
     </span>
    </p>
   </div>
   <div class='ocr_carea' id='block_1_7' title="bbox 184 590 1749 653">
    <p class='ocr_par' dir='ltr' id='par_1_7' title="bbox 184 590 1749 653">
     <span class='ocr_line' id='line_1_7' title="bbox 184 590 1749 653; baseline 0.001 -10"><span class='ocrx_word' id='word_1_47' title='bbox 184 592 303 643; x_wconf 89' lang='lat' dir='ltr'><strong>orbe</strong></span> <span class='ocrx_word' id='word_1_48' title='bbox 325 601 686 653; x_wconf 86' lang='lat' dir='ltr'><strong>resnnantem,</strong></span> <span class='ocrx_word' id='word_1_49' title='bbox 716 599 740 626; x_wconf 74' lang='grc'>⁸</span> <span class='ocrx_word' id='word_1_50' title='bbox 765 606 952 644; x_wconf 88' lang='lat' dir='ltr'><strong>omnes</strong></span> <span class='ocrx_word' id='word_1_51' title='bbox 975 590 1220 645; x_wconf 81' lang='lat' dir='ltr'><strong>homines</strong></span> <span class='ocrx_word' id='word_1_52' title='bbox 1241 602 1298 646; x_wconf 88' lang='lat' dir='ltr'><strong>et</strong></span> <span class='ocrx_word' id='word_1_53' title='bbox 1323 594 1510 644; x_wconf 88' lang='lat' dir='ltr'><strong>invitat</strong></span> <span class='ocrx_word' id='word_1_54' title='bbox 1540 603 1597 646; x_wconf 90' lang='lat' dir='ltr'><strong>et</strong></span> <span class='ocrx_word' id='word_1_55' title='bbox 1624 607 1749 645; x_wconf 83' lang='lat' dir='ltr'><strong>eon-</strong></span> 
     </span>
    </p>
   </div>
   <div class='ocr_carea' id='block_1_8' title="bbox 183 680 1750 749">
    <p class='ocr_par' dir='ltr' id='par_1_8' title="bbox 183 680 1750 749">
     <span class='ocr_line' id='line_1_8' title="bbox 183 680 1750 749; baseline 0.001 -17"><span class='ocrx_word' id='word_1_56' title='bbox 183 681 338 733; x_wconf 94' lang='lat' dir='ltr'><strong>venit.</strong></span> <span class='ocrx_word' id='word_1_57' title='bbox 369 680 498 732; x_wconf 84' lang='lat' dir='ltr'><strong>Nam</strong></span> <span class='ocrx_word' id='word_1_58' title='bbox 529 695 650 732; x_wconf 91' lang='lat' dir='ltr'><strong>cum</strong></span> <span class='ocrx_word' id='word_1_59' title='bbox 683 680 933 746; x_wconf 66' lang='lat' dir='ltr'><strong>dixisset,</strong></span> <span class='ocrx_word' id='word_1_60' title='bbox 966 681 1256 749; x_wconf 83' lang='lat' dir='ltr'><strong>Conﬁtebor</strong></span> <span class='ocrx_word' id='word_1_61' title='bbox 1287 682 1396 745; x_wconf 90' lang='lat' dir='ltr'><strong>tibi,</strong></span> <span class='ocrx_word' id='word_1_62' title='bbox 1429 681 1607 746; x_wconf 86' lang='lat' dir='ltr'><strong>Pater,</strong></span> <span class='ocrx_word' id='word_1_63' title='bbox 1641 680 1750 734; x_wconf 90' lang='lat' dir='ltr'><strong>Do-</strong></span> 
     </span>
    </p>
   </div>
   <div class='ocr_carea' id='block_1_9' title="bbox 184 773 1748 844">
    <p class='ocr_par' dir='ltr' id='par_1_9' title="bbox 184 773 1748 844">
     <span class='ocr_line' id='line_1_9' title="bbox 184 773 1748 844; baseline 0.004 -22"><span class='ocrx_word' id='word_1_64' title='bbox 184 773 306 823; x_wconf 82' lang='lat' dir='ltr'><strong>mine</strong></span> <span class='ocrx_word' id='word_1_65' title='bbox 327 773 438 824; x_wconf 74' lang='lat' dir='ltr'><strong>cazli</strong></span> <span class='ocrx_word' id='word_1_66' title='bbox 481 782 525 824; x_wconf 93' lang='lat' dir='ltr'><strong>et</strong></span> <span class='ocrx_word' id='word_1_67' title='bbox 551 781 719 840; x_wconf 65' lang='lat' dir='ltr'><strong>terras,</strong></span> <span class='ocrx_word' id='word_1_68' title='bbox 751 774 872 844; x_wconf 87' lang='lat' dir='ltr'><strong>quia</strong></span> <span class='ocrx_word' id='word_1_69' title='bbox 900 773 1211 827; x_wconf 97' lang='lat' dir='ltr'><strong>abscondisti</strong></span> <span class='ocrx_word' id='word_1_70' title='bbox 1244 777 1350 827; x_wconf 76' lang='lat' dir='ltr'><strong>lucc</strong></span> <span class='ocrx_word' id='word_1_71' title='bbox 1378 790 1408 824; x_wconf 90' lang='lat' dir='ltr'><strong>a</strong></span> <span class='ocrx_word' id='word_1_72' title='bbox 1436 775 1748 842; x_wconf 85' lang='lat' dir='ltr'><strong>sapientibus</strong></span> 
     </span>
    </p>
   </div>
   <div class='ocr_carea' id='block_1_10' title="bbox 181 863 1744 934">
    <p class='ocr_par' dir='ltr' id='par_1_10' title="bbox 181 863 1744 934">
     <span class='ocr_line' id='line_1_10' title="bbox 181 863 1744 934; baseline 0 -20"><span class='ocrx_word' id='word_1_73' title='bbox 181 872 222 914; x_wconf 91' lang='lat' dir='ltr'><strong>et</strong></span> <span class='ocrx_word' id='word_1_74' title='bbox 249 863 598 931; x_wconf 75' lang='lat' dir='ltr'><strong>prudentibus,</strong></span> <span class='ocrx_word' id='word_1_75' title='bbox 641 873 688 916; x_wconf 89' lang='lat' dir='ltr'><strong>et</strong></span> <span class='ocrx_word' id='word_1_76' title='bbox 738 863 972 916; x_wconf 85' lang='lat' dir='ltr'><strong>revelasti</strong></span> <span class='ocrx_word' id='word_1_77' title='bbox 1015 881 1074 916; x_wconf 89' lang='lat' dir='ltr'><strong>ea</strong></span> <span class='ocrx_word' id='word_1_78' title='bbox 1113 866 1362 934; x_wconf 83' lang='lat' dir='ltr'><strong>paruulis.</strong></span> <span class='ocrx_word' id='word_1_79' title='bbox 1407 863 1514 929; x_wconf 87' lang='lat' dir='ltr'><strong>Ita,</strong></span> <span class='ocrx_word' id='word_1_80' title='bbox 1568 864 1744 928; x_wconf 81' lang='lat' dir='ltr'><strong>Pater,</strong></span> 
     </span>
    </p>
   </div>
   <div class='ocr_carea' id='block_1_11' title="bbox 179 954 1744 1024">
    <p class='ocr_par' dir='ltr' id='par_1_11' title="bbox 179 954 1744 1024">
     <span class='ocr_line' id='line_1_11' title="bbox 179 954 1744 1024; baseline 0.001 -20"><span class='ocrx_word' id='word_1_81' title='bbox 179 955 404 1020; x_wconf 83' lang='lat' dir='ltr'><strong>quoniam</strong></span> <span class='ocrx_word' id='word_1_82' title='bbox 432 955 504 1005; x_wconf 85' lang='lat' dir='ltr'><strong>sic</strong></span> <span class='ocrx_word' id='word_1_83' title='bbox 531 954 899 1024; x_wconf 87' lang='lat' dir='ltr'><strong>beneplacitum</strong></span> <span class='ocrx_word' id='word_1_84' title='bbox 929 964 999 1008; x_wconf 89' lang='lat' dir='ltr'><strong>est</strong></span> <span class='ocrx_word' id='word_1_85' title='bbox 1026 967 1143 1008; x_wconf 90' lang='lat' dir='ltr'><strong>ante</strong></span> <span class='ocrx_word' id='word_1_86' title='bbox 1174 966 1220 1008; x_wconf 86' lang='lat' dir='ltr'><strong>te</strong></span> <span class='ocrx_word' id='word_1_87' title='bbox 1243 971 1261 1019; x_wconf 87' lang='lat'><strong><em>;</em></strong></span> <span class='ocrx_word' id='word_1_88' title='bbox 1286 954 1515 1021; x_wconf 80' lang='lat' dir='ltr'><strong>addidit,</strong></span> <span class='ocrx_word' id='word_1_89' title='bbox 1558 955 1744 1006; x_wconf 88' lang='lat' dir='ltr'><strong>Omnia</strong></span> 
     </span>
    </p>
   </div>
   <div class='ocr_carea' id='block_1_12' title="bbox 179 1044 1746 1110">
    <p class='ocr_par' dir='ltr' id='par_1_12' title="bbox 179 1044 1746 1110">
     <span class='ocr_line' id='line_1_12' title="bbox 179 1044 1746 1110; baseline 0.001 -16"><span class='ocrx_word' id='word_1_90' title='bbox 179 1047 296 1096; x_wconf 80' lang='lat' dir='ltr'><strong>milii</strong></span> <span class='ocrx_word' id='word_1_91' title='bbox 316 1047 504 1097; x_wconf 84' lang='lat' dir='ltr'><strong>tradita</strong></span> <span class='ocrx_word' id='word_1_92' title='bbox 538 1056 654 1098; x_wconf 88' lang='lat' dir='ltr'><strong>sunt</strong></span> <span class='ocrx_word' id='word_1_93' title='bbox 683 1063 713 1096; x_wconf 92' lang='lat' dir='ltr'><strong>a</strong></span> <span class='ocrx_word' id='word_1_94' title='bbox 751 1045 905 1098; x_wconf 85' lang='lat' dir='ltr'><strong>Patre</strong></span> <span class='ocrx_word' id='word_1_95' title='bbox 951 1063 1081 1110; x_wconf 84' lang='lat' dir='ltr'><strong>tneo,</strong></span> <span class='ocrx_word' id='word_1_96' title='bbox 1109 1057 1154 1097; x_wconf 87' lang='lat' dir='ltr'><strong>ct</strong></span> <span class='ocrx_word' id='word_1_97' title='bbox 1203 1062 1346 1098; x_wconf 87' lang='lat' dir='ltr'><strong>nemo</strong></span> <span class='ocrx_word' id='word_1_98' title='bbox 1385 1047 1518 1098; x_wconf 75' lang='lat' dir='ltr'><strong>norit</strong></span> <span class='ocrx_word' id='word_1_99' title='bbox 1551 1044 1746 1097; x_wconf 78' lang='lat' dir='ltr'><strong>Filium</strong></span> 
     </span>
    </p>
   </div>
   <div class='ocr_carea' id='block_1_13' title="bbox 179 1136 1746 1209">
    <p class='ocr_par' dir='ltr' id='par_1_13' title="bbox 179 1136 1746 1209">
     <span class='ocr_line' id='line_1_13' title="bbox 179 1136 1746 1209; baseline -0.001 -19"><span class='ocrx_word' id='word_1_100' title='bbox 179 1139 267 1190; x_wconf 84' lang='lat' dir='ltr'><strong>nisi</strong></span> <span class='ocrx_word' id='word_1_101' title='bbox 294 1138 466 1204; x_wconf 82' lang='lat' dir='ltr'><strong>Pater,</strong></span> <span class='ocrx_word' id='word_1_102' title='bbox 499 1155 653 1204; x_wconf 84' lang='lat' dir='ltr'><strong>neque</strong></span> <span class='ocrx_word' id='word_1_103' title='bbox 688 1137 896 1192; x_wconf 85' lang='lat' dir='ltr'><strong>Patrem</strong></span> <span class='ocrx_word' id='word_1_104' title='bbox 920 1137 945 1174; x_wconf 75' lang='grc' dir='ltr'>δ</span> <span class='ocrx_word' id='word_1_105' title='bbox 973 1138 1086 1209; x_wconf 87' lang='lat' dir='ltr'><strong>quis</strong></span> <span class='ocrx_word' id='word_1_106' title='bbox 1137 1141 1273 1190; x_wconf 86' lang='lat' dir='ltr'><strong>novit</strong></span> <span class='ocrx_word' id='word_1_107' title='bbox 1317 1139 1415 1189; x_wconf 92' lang='lat' dir='ltr'><strong>nisi</strong></span> <span class='ocrx_word' id='word_1_108' title='bbox 1464 1136 1654 1202; x_wconf 84' lang='lat' dir='ltr'><strong>Filius,</strong></span> <span class='ocrx_word' id='word_1_109' title='bbox 1700 1147 1746 1190; x_wconf 89' lang='lat' dir='ltr'><strong>et</strong></span> 
     </span>
    </p>
   </div>
   <div class='ocr_carea' id='block_1_14' title="bbox 179 1227 1749 1296">
    <p class='ocr_par' dir='ltr' id='par_1_14' title="bbox 179 1227 1749 1296">
     <span class='ocr_line' id='line_1_14' title="bbox 179 1227 1749 1296; baseline 0.001 -18"><span class='ocrx_word' id='word_1_110' title='bbox 179 1229 250 1279; x_wconf 88' lang='lat' dir='ltr'><strong>cui</strong></span> <span class='ocrx_word' id='word_1_111' title='bbox 277 1229 483 1280; x_wconf 81' lang='lat' dir='ltr'><strong>voluerit</strong></span> <span class='ocrx_word' id='word_1_112' title='bbox 511 1227 679 1281; x_wconf 79' lang='lat' dir='ltr'><strong>Filius</strong></span> <span class='ocrx_word' id='word_1_113' title='bbox 709 1231 947 1281; x_wconf 76' lang='lat' dir='ltr'><strong>revelare.</strong></span> <span class='ocrx_word' id='word_1_114' title='bbox 984 1230 1049 1281; x_wconf 85' lang='lat' dir='ltr'><strong>Et</strong></span> <span class='ocrx_word' id='word_1_115' title='bbox 1075 1227 1270 1280; x_wconf 89' lang='lat' dir='ltr'><strong>deinde</strong></span> <span class='ocrx_word' id='word_1_116' title='bbox 1315 1228 1536 1296; x_wconf 85' lang='lat' dir='ltr'><strong>adjecit,</strong></span> <span class='ocrx_word' id='word_1_117' title='bbox 1573 1227 1749 1281; x_wconf 79' lang='lat' dir='ltr'><strong>Venite</strong></span> 
     </span>
    </p>
   </div>
   <div class='ocr_carea' id='block_1_15' title="bbox 178 1320 1747 1388">
    <p class='ocr_par' dir='ltr' id='par_1_15' title="bbox 178 1320 1747 1388">
     <span class='ocr_line' id='line_1_15' title="bbox 178 1320 1747 1388; baseline 0.003 -18"><span class='ocrx_word' id='word_1_118' title='bbox 178 1320 239 1370; x_wconf 90' lang='lat' dir='ltr'><strong>ad</strong></span> <span class='ocrx_word' id='word_1_119' title='bbox 261 1335 357 1382; x_wconf 89' lang='lat' dir='ltr'><strong>me,</strong></span> <span class='ocrx_word' id='word_1_120' title='bbox 381 1335 556 1372; x_wconf 81' lang='lat' dir='ltr'><strong>omnes</strong></span> <span class='ocrx_word' id='word_1_121' title='bbox 600 1320 687 1388; x_wconf 85' lang='lat' dir='ltr'><strong>qui</strong></span> <span class='ocrx_word' id='word_1_122' title='bbox 713 1320 954 1372; x_wconf 87' lang='lat' dir='ltr'><strong>laboratis</strong></span> <span class='ocrx_word' id='word_1_123' title='bbox 983 1330 1026 1371; x_wconf 92' lang='lat' dir='ltr'><strong>et</strong></span> <span class='ocrx_word' id='word_1_124' title='bbox 1061 1320 1257 1372; x_wconf 83' lang='lat' dir='ltr'><strong>onerati</strong></span> <span class='ocrx_word' id='word_1_125' title='bbox 1286 1320 1423 1386; x_wconf 90' lang='lat' dir='ltr'><strong>estis,</strong></span> <span class='ocrx_word' id='word_1_126' title='bbox 1457 1328 1502 1372; x_wconf 91' lang='lat' dir='ltr'><strong>et</strong></span> <span class='ocrx_word' id='word_1_127' title='bbox 1542 1335 1634 1388; x_wconf 86' lang='lat' dir='ltr'><strong>ego</strong></span> <span class='ocrx_word' id='word_1_128' title='bbox 1663 1336 1747 1376; x_wconf 69' lang='grc' dir='ltr'><strong>τοι</strong></span> 
     </span>
    </p>
   </div>
   <div class='ocr_carea' id='block_1_16' title="bbox 179 1407 1746 1478">
    <p class='ocr_par' dir='ltr' id='par_1_16' title="bbox 179 1407 1746 1478">
     <span class='ocr_line' id='line_1_16' title="bbox 179 1407 1746 1478; baseline 0.001 -18"><span class='ocrx_word' id='word_1_129' title='bbox 179 1408 410 1475; x_wconf 82' lang='lat' dir='ltr'><strong>reﬁciam.</strong></span> <span class='ocrx_word' id='word_1_130' title='bbox 439 1407 630 1462; x_wconf 84' lang='lat' dir='ltr'><strong>Tollite</strong></span> <span class='ocrx_word' id='word_1_131' title='bbox 650 1411 834 1478; x_wconf 85' lang='lat' dir='ltr'><strong>jugum</strong></span> <span class='ocrx_word' id='word_1_132' title='bbox 874 1425 1043 1460; x_wconf 88' lang='lat' dir='ltr'><strong>meum</strong></span> <span class='ocrx_word' id='word_1_133' title='bbox 1086 1425 1243 1478; x_wconf 78' lang='lat' dir='ltr'><strong>super</strong></span> <span class='ocrx_word' id='word_1_134' title='bbox 1287 1425 1392 1475; x_wconf 82' lang='lat' dir='ltr'><strong>vos,</strong></span> <span class='ocrx_word' id='word_1_135' title='bbox 1424 1420 1469 1462; x_wconf 92' lang='lat' dir='ltr'><strong>et</strong></span> <span class='ocrx_word' id='word_1_136' title='bbox 1499 1411 1676 1462; x_wconf 90' lang='lat' dir='ltr'><strong>discite</strong></span> <span class='ocrx_word' id='word_1_137' title='bbox 1715 1426 1746 1462; x_wconf 90' lang='lat' dir='ltr'><strong>a</strong></span> 
     </span>
    </p>
   </div>
   <div class='ocr_carea' id='block_1_17' title="bbox 181 1499 1744 1568">
    <p class='ocr_par' dir='ltr' id='par_1_17' title="bbox 181 1499 1744 1568">
     <span class='ocr_line' id='line_1_17' title="bbox 181 1499 1744 1568; baseline 0.003 -18"><span class='ocrx_word' id='word_1_138' title='bbox 181 1515 250 1551; x_wconf 83' lang='lat' dir='ltr'><strong>nte</strong></span> <span class='ocrx_word' id='word_1_139' title='bbox 289 1501 405 1568; x_wconf 86' lang='lat' dir='ltr'><strong>quia</strong></span> <span class='ocrx_word' id='word_1_140' title='bbox 431 1501 570 1552; x_wconf 85' lang='lat' dir='ltr'><strong>mitis</strong></span> <span class='ocrx_word' id='word_1_141' title='bbox 607 1517 720 1554; x_wconf 88' lang='lat' dir='ltr'><strong>sum</strong></span> <span class='ocrx_word' id='word_1_142' title='bbox 739 1510 784 1552; x_wconf 86' lang='lat' dir='ltr'><strong>et</strong></span> <span class='ocrx_word' id='word_1_143' title='bbox 815 1499 1023 1552; x_wconf 80' lang='lat' dir='ltr'><strong>humilis</strong></span> <span class='ocrx_word' id='word_1_144' title='bbox 1068 1501 1241 1568; x_wconf 82' lang='lat' dir='ltr'><strong>corde,</strong></span> <span class='ocrx_word' id='word_1_145' title='bbox 1283 1510 1330 1554; x_wconf 86' lang='lat' dir='ltr'><strong>et</strong></span> <span class='ocrx_word' id='word_1_146' title='bbox 1360 1501 1622 1555; x_wconf 76' lang='lat' dir='ltr'><strong>invenietis</strong></span> <span class='ocrx_word' id='word_1_147' title='bbox 1664 1518 1744 1555; x_wconf 86' lang='lat' dir='ltr'><strong>re-</strong></span> 
     </span>
    </p>
   </div>
   <div class='ocr_carea' id='block_1_18' title="bbox 183 1592 1741 1664">
    <p class='ocr_par' dir='ltr' id='par_1_18' title="bbox 183 1592 1741 1664">
     <span class='ocr_line' id='line_1_18' title="bbox 183 1592 1741 1664; baseline 0.003 -23"><span class='ocrx_word' id='word_1_148' title='bbox 183 1593 340 1658; x_wconf 86' lang='lat' dir='ltr'><strong>quiem</strong></span> <span class='ocrx_word' id='word_1_149' title='bbox 367 1593 642 1644; x_wconf 87' lang='lat' dir='ltr'><strong>animabus</strong></span> <span class='ocrx_word' id='word_1_150' title='bbox 672 1596 874 1645; x_wconf 82' lang='lat' dir='ltr'><strong>vestris.</strong></span> <span class='ocrx_word' id='word_1_151' title='bbox 895 1592 1089 1664; x_wconf 87' lang='lat' dir='ltr'><strong>Jugum</strong></span> <span class='ocrx_word' id='word_1_152' title='bbox 1120 1595 1255 1645; x_wconf 87' lang='lat' dir='ltr'><strong>enim</strong></span> <span class='ocrx_word' id='word_1_153' title='bbox 1279 1610 1442 1647; x_wconf 84' lang='lat' dir='ltr'><strong>meum</strong></span> <span class='ocrx_word' id='word_1_154' title='bbox 1465 1611 1618 1648; x_wconf 84' lang='lat' dir='ltr'><strong>suave</strong></span> <span class='ocrx_word' id='word_1_155' title='bbox 1644 1606 1741 1659; x_wconf 87' lang='lat' dir='ltr'><strong>est,</strong></span> 
     </span>
    </p>
   </div>
   <div class='ocr_carea' id='block_1_19' title="bbox 1849 413 3430 486">
    <p class='ocr_par' dir='ltr' id='par_1_19' title="bbox 1849 413 3430 486">
     <span class='ocr_line' id='line_1_19' title="bbox 1849 413 3430 486; baseline 0.004 -19"><span class='ocrx_word' id='word_1_156' title='bbox 1849 413 1919 467; x_wconf 79' lang='lat' dir='ltr'><strong>ab</strong></span> <span class='ocrx_word' id='word_1_157' title='bbox 1943 415 2049 468; x_wconf 88' lang='lat' dir='ltr'><strong>alio</strong></span> <span class='ocrx_word' id='word_1_158' title='bbox 2081 423 2276 483; x_wconf 67' lang='lat' dir='ltr'><strong>praeter</strong></span> <span class='ocrx_word' id='word_1_159' title='bbox 2301 429 2424 470; x_wconf 91' lang='lat' dir='ltr'><strong>eum</strong></span> <span class='ocrx_word' id='word_1_160' title='bbox 2466 415 2555 483; x_wconf 87' lang='lat' dir='ltr'><strong>qui</strong></span> <span class='ocrx_word' id='word_1_161' title='bbox 2583 415 2852 484; x_wconf 79' lang='lat' dir='ltr'><strong>promisit,</strong></span> <span class='ocrx_word' id='word_1_162' title='bbox 2884 416 3027 470; x_wconf 84' lang='lat' dir='ltr'><strong>dicat</strong></span> <span class='ocrx_word' id='word_1_163' title='bbox 3063 416 3307 486; x_wconf 71' lang='lat' dir='ltr'><strong>impleri?</strong></span> <span class='ocrx_word' id='word_1_164' title='bbox 3335 417 3430 474; x_wconf 86' lang='lat' dir='ltr'><strong>Ille</strong></span> 
     </span>
    </p>
   </div>
   <div class='ocr_carea' id='block_1_20' title="bbox 1850 505 3430 576">
    <p class='ocr_par' dir='ltr' id='par_1_20' title="bbox 1850 505 3430 576">
     <span class='ocr_line' id='line_1_20' title="bbox 1850 505 3430 576; baseline 0.006 -17"><span class='ocrx_word' id='word_1_165' title='bbox 1850 505 2064 575; x_wconf 83' lang='lat' dir='ltr'><strong>quidem</strong></span> <span class='ocrx_word' id='word_1_166' title='bbox 2084 507 2432 560; x_wconf 84' lang='lat' dir='ltr'><strong>eritmendax</strong></span> <span class='ocrx_word' id='word_1_167' title='bbox 2456 507 2626 560; x_wconf 84' lang='lat' dir='ltr'><strong>:Deus</strong></span> <span class='ocrx_word' id='word_1_168' title='bbox 2652 517 2829 563; x_wconf 90' lang='lat' dir='ltr'><strong>autem</strong></span> <span class='ocrx_word' id='word_1_169' title='bbox 2853 519 2934 563; x_wconf 88' lang='lat' dir='ltr'><strong>est</strong></span> <span class='ocrx_word' id='word_1_170' title='bbox 2957 525 3142 576; x_wconf 81' lang='lat' dir='ltr'><strong>verax,</strong></span> <span class='ocrx_word' id='word_1_171' title='bbox 3166 520 3222 566; x_wconf 90' lang='lat' dir='ltr'><strong>et</strong></span> <span class='ocrx_word' id='word_1_172' title='bbox 3250 512 3430 569; x_wconf 90' lang='lat' dir='ltr'><strong>omnis</strong></span> 
     </span>
    </p>
   </div>
   <div class='ocr_carea' id='block_1_21' title="bbox 1853 595 3430 670">
    <p class='ocr_par' dir='ltr' id='par_1_21' title="bbox 1853 595 3430 670">
     <span class='ocr_line' id='line_1_21' title="bbox 1853 595 3430 670; baseline 0.008 -24"><span class='ocrx_word' id='word_1_173' title='bbox 1853 596 1943 662; x_wconf 92' lang='lat' dir='ltr'><strong>qui</strong></span> <span class='ocrx_word' id='word_1_174' title='bbox 1978 596 2169 663; x_wconf 91' lang='lat' dir='ltr'><strong>accipit</strong></span> <span class='ocrx_word' id='word_1_175' title='bbox 2195 595 2362 667; x_wconf 67' lang='grc'><strong>874</strong></span> <span class='ocrx_word' id='word_1_176' title='bbox 2401 598 2767 650; x_wconf 75' lang='grc' dir='ltr'><strong>ῑεειίηιοηὶυπι</strong></span> <span class='ocrx_word' id='word_1_177' title='bbox 2789 599 2928 665; x_wconf 82' lang='lat' dir='ltr'><strong>ejus,</strong></span> <span class='ocrx_word' id='word_1_178' title='bbox 2957 599 3059 654; x_wconf 89' lang='lat' dir='ltr'><strong>hoc</strong></span> <span class='ocrx_word' id='word_1_179' title='bbox 3081 602 3279 670; x_wconf 90' lang='lat' dir='ltr'><strong>signat,</strong></span> <span class='ocrx_word' id='word_1_180' title='bbox 3324 603 3430 659; x_wconf 89' lang='lat' dir='ltr'><strong>hoc</strong></span> 
     </span>
    </p>
   </div>
   <div class='ocr_carea' id='block_1_22' title="bbox 1850 685 3427 755">
    <p class='ocr_par' dir='ltr' id='par_1_22' title="bbox 1850 685 3427 755">
     <span class='ocr_line' id='line_1_22' title="bbox 1850 685 3427 755; baseline 0.006 -17"><span class='ocrx_word' id='word_1_181' title='bbox 1850 685 2074 753; x_wconf 85' lang='lat' dir='ltr'><strong>indicat,</strong></span> <span class='ocrx_word' id='word_1_182' title='bbox 2108 687 2250 755; x_wconf 88' lang='lat' dir='ltr'><strong>quod</strong></span> <span class='ocrx_word' id='word_1_183' title='bbox 2304 703 2400 755; x_wconf 90' lang='lat' dir='ltr'><strong>per</strong></span> <span class='ocrx_word' id='word_1_184' title='bbox 2447 688 2617 741; x_wconf 89' lang='lat' dir='ltr'><strong>lucem</strong></span> <span class='ocrx_word' id='word_1_185' title='bbox 2669 688 3066 743; x_wconf 89' lang='lat' dir='ltr'><strong>illuminantem</strong></span> <span class='ocrx_word' id='word_1_186' title='bbox 3117 690 3291 746; x_wconf 84' lang='lat' dir='ltr'><strong>factus</strong></span> <span class='ocrx_word' id='word_1_187' title='bbox 3341 701 3427 748; x_wconf 83' lang='lat' dir='ltr'><strong>est</strong></span> 
     </span>
    </p>
   </div>
   <div class='ocr_carea' id='block_1_23' title="bbox 1847 777 3427 849">
    <p class='ocr_par' dir='ltr' id='par_1_23' title="bbox 1847 777 3427 849">
     <span class='ocr_line' id='line_1_23' title="bbox 1847 777 3427 849; baseline 0.005 -20"><span class='ocrx_word' id='word_1_188' title='bbox 1847 778 2068 842; x_wconf 88' lang='lat' dir='ltr'><strong>videns,</strong></span> <span class='ocrx_word' id='word_1_189' title='bbox 2117 779 2292 832; x_wconf 76' lang='lat' dir='ltr'><strong>factus</strong></span> <span class='ocrx_word' id='word_1_190' title='bbox 2324 777 2342 816; x_wconf 72' lang='grc' dir='ltr'>ί</span> <span class='ocrx_word' id='word_1_191' title='bbox 2373 779 2663 844; x_wconf 84' lang='lat' dir='ltr'><strong>obediens,</strong></span> <span class='ocrx_word' id='word_1_192' title='bbox 2696 780 2868 833; x_wconf 82' lang='lat' dir='ltr'><strong>factus</strong></span> <span class='ocrx_word' id='word_1_193' title='bbox 2902 781 3244 849; x_wconf 89' lang='lat' dir='ltr'><strong>intelligens;</strong></span> <span class='ocrx_word' id='word_1_194' title='bbox 3287 783 3427 837; x_wconf 82' lang='lat' dir='ltr'><strong>sient</strong></span> 
     </span>
    </p>
   </div>
   <div class='ocr_carea' id='block_1_24' title="bbox 1848 868 3425 943">
    <p class='ocr_par' dir='ltr' id='par_1_24' title="bbox 1848 868 3425 943">
     <span class='ocr_line' id='line_1_24' title="bbox 1848 868 3425 943; baseline 0.003 -21"><span class='ocrx_word' id='word_1_195' title='bbox 1848 868 2084 924; x_wconf 82' lang='lat' dir='ltr'><strong>Joannes</strong></span> <span class='ocrx_word' id='word_1_196' title='bbox 2137 871 2469 940; x_wconf 81' lang='lat' dir='ltr'><strong>Evangelista</strong></span> <span class='ocrx_word' id='word_1_197' title='bbox 2512 879 2736 924; x_wconf 79' lang='lat' dir='ltr'><strong>testatur</strong></span> <span class='ocrx_word' id='word_1_198' title='bbox 2780 871 2965 925; x_wconf 77' lang='lat' dir='ltr'><strong>dicens</strong></span> <span class='ocrx_word' id='word_1_199' title='bbox 2995 913 3010 937; x_wconf 92' lang='lat'><strong>,</strong></span> <span class='ocrx_word' id='word_1_200' title='bbox 3065 873 3267 927; x_wconf 86' lang='lat' dir='ltr'><strong>Scimus</strong></span> <span class='ocrx_word' id='word_1_201' title='bbox 3305 878 3425 943; x_wconf 83' lang='lat' dir='ltr'><strong>quia</strong></span> 
     </span>
    </p>
   </div>
   <div class='ocr_carea' id='block_1_25' title="bbox 1851 960 3424 1032">
    <p class='ocr_par' dir='ltr' id='par_1_25' title="bbox 1851 960 3424 1032">
     <span class='ocr_line' id='line_1_25' title="bbox 1851 960 3424 1032; baseline 0.004 -22"><span class='ocrx_word' id='word_1_202' title='bbox 1851 967 1874 1004; x_wconf 76' lang='grc'><strong>8</strong></span> <span class='ocrx_word' id='word_1_203' title='bbox 1909 960 2128 1012; x_wconf 86' lang='lat' dir='ltr'><strong>mundus</strong></span> <span class='ocrx_word' id='word_1_204' title='bbox 2156 970 2288 1013; x_wconf 84' lang='lat' dir='ltr'><strong>totus</strong></span> <span class='ocrx_word' id='word_1_205' title='bbox 2317 962 2367 1012; x_wconf 90' lang='lat' dir='ltr'><strong>in</strong></span> <span class='ocrx_word' id='word_1_206' title='bbox 2399 961 2622 1032; x_wconf 85' lang='lat' dir='ltr'><strong>maligno</strong></span> <span class='ocrx_word' id='word_1_207' title='bbox 2651 962 2849 1029; x_wconf 85' lang='lat' dir='ltr'><strong>positus</strong></span> <span class='ocrx_word' id='word_1_208' title='bbox 2884 971 2956 1014; x_wconf 86' lang='lat' dir='ltr'><strong>est</strong></span> <span class='ocrx_word' id='word_1_209' title='bbox 2976 1003 2988 1024; x_wconf 92' lang='lat'><strong>,</strong></span> <span class='ocrx_word' id='word_1_210' title='bbox 3020 971 3066 1016; x_wconf 89' lang='lat' dir='ltr'><strong>et</strong></span> <span class='ocrx_word' id='word_1_211' title='bbox 3095 965 3280 1015; x_wconf 84' lang='lat' dir='ltr'><strong>scimus</strong></span> <span class='ocrx_word' id='word_1_212' title='bbox 3307 967 3424 1030; x_wconf 87' lang='lat' dir='ltr'><strong>quia</strong></span> 
     </span>
    </p>
   </div>
   <div class='ocr_carea' id='block_1_26' title="bbox 1849 1048 3425 1121">
    <p class='ocr_par' dir='ltr' id='par_1_26' title="bbox 1849 1048 3425 1121">
     <span class='ocr_line' id='line_1_26' title="bbox 1849 1048 3425 1121; baseline 0.001 -20"><span class='ocrx_word' id='word_1_213' title='bbox 1849 1048 2019 1102; x_wconf 83' lang='lat' dir='ltr'><strong>Filius</strong></span> <span class='ocrx_word' id='word_1_214' title='bbox 2058 1050 2152 1102; x_wconf 87' lang='lat' dir='ltr'><strong>Dei</strong></span> <span class='ocrx_word' id='word_1_215' title='bbox 2189 1053 2338 1110; x_wconf 85' lang='lat' dir='ltr'><strong>venit,</strong></span> <span class='ocrx_word' id='word_1_216' title='bbox 2372 1060 2414 1103; x_wconf 84' lang='lat' dir='ltr'><strong>et</strong></span> <span class='ocrx_word' id='word_1_217' title='bbox 2455 1051 2593 1103; x_wconf 88' lang='lat' dir='ltr'><strong>dedit</strong></span> <span class='ocrx_word' id='word_1_218' title='bbox 2643 1052 2786 1102; x_wconf 79' lang='lat' dir='ltr'><strong>nobis</strong></span> <span class='ocrx_word' id='word_1_219' title='bbox 2817 1068 3037 1117; x_wconf 84' lang='lat' dir='ltr'><strong>sensum,</strong></span> <span class='ocrx_word' id='word_1_220' title='bbox 3073 1061 3123 1104; x_wconf 90' lang='lat' dir='ltr'><strong>ut</strong></span> <span class='ocrx_word' id='word_1_221' title='bbox 3151 1069 3425 1121; x_wconf 63' lang='lat' dir='ltr'><strong>cognosco.</strong></span> 
     </span>
    </p>
   </div>
   <div class='ocr_carea' id='block_1_27' title="bbox 1847 1140 3422 1213">
    <p class='ocr_par' dir='ltr' id='par_1_27' title="bbox 1847 1140 3422 1213">
     <span class='ocr_line' id='line_1_27' title="bbox 1847 1140 3422 1213; baseline 0.004 -21"><span class='ocrx_word' id='word_1_222' title='bbox 1847 1157 1958 1193; x_wconf 86' lang='lat' dir='ltr'><strong>mus</strong></span> <span class='ocrx_word' id='word_1_223' title='bbox 1991 1156 2165 1194; x_wconf 86' lang='lat' dir='ltr'><strong>verum</strong></span> <span class='ocrx_word' id='word_1_224' title='bbox 2193 1141 2357 1194; x_wconf 90' lang='lat' dir='ltr'><strong>Deum</strong></span> <span class='ocrx_word' id='word_1_225' title='bbox 2384 1183 2398 1207; x_wconf 92' lang='lat'><strong>,</strong></span> <span class='ocrx_word' id='word_1_226' title='bbox 2427 1150 2473 1193; x_wconf 90' lang='lat' dir='ltr'><strong>et</strong></span> <span class='ocrx_word' id='word_1_227' title='bbox 2503 1142 2662 1194; x_wconf 88' lang='lat' dir='ltr'><strong>simus</strong></span> <span class='ocrx_word' id='word_1_228' title='bbox 2703 1143 2757 1194; x_wconf 89' lang='lat' dir='ltr'><strong>in</strong></span> <span class='ocrx_word' id='word_1_229' title='bbox 2789 1158 2908 1198; x_wconf 78' lang='lat' dir='ltr'><strong>vero</strong></span> <span class='ocrx_word' id='word_1_230' title='bbox 2934 1140 3422 1213; x_wconf 72' lang='lat' dir='ltr'><strong>FilioejusUJoan.</strong></span> 
     </span>
    </p>
   </div>
   <div class='ocr_carea' id='block_1_28' title="bbox 1849 1231 2048 1300">
    <p class='ocr_par' dir='ltr' id='par_1_28' title="bbox 1849 1231 2048 1300">
     <span class='ocr_line' id='line_1_28' title="bbox 1849 1231 2048 1300; baseline -0.04 -10"><span class='ocrx_word' id='word_1_231' title='bbox 1849 1246 1905 1296; x_wconf 79' lang='grc' dir='ltr'><strong>ν,</strong></span> <span class='ocrx_word' id='word_1_232' title='bbox 1937 1231 2048 1300; x_wconf 81' lang='lat' dir='ltr'><strong>t9).</strong></span> 
     </span>
    </p>
   </div>
   <div class='ocr_carea' id='block_1_29' title="bbox 2434 1320 2830 1376">
    <p class='ocr_par' dir='ltr' id='par_1_29' title="bbox 2434 1320 2830 1376">
     <span class='ocr_line' id='line_1_29' title="bbox 2434 1320 2830 1376; baseline 0 -1"><span class='ocrx_word' id='word_1_233' title='bbox 2434 1320 2660 1376; x_wconf 80' lang='lat' dir='ltr'><strong>CAPUT</strong></span> <span class='ocrx_word' id='word_1_234' title='bbox 2691 1321 2830 1375; x_wconf 80' lang='lat' dir='ltr'><strong>XXI.</strong></span> 
     </span>
    </p>
   </div>
   <div class='ocr_carea' id='block_1_30' title="bbox 1846 1430 3425 1504">
    <p class='ocr_par' dir='ltr' id='par_1_30' title="bbox 1846 1430 3425 1504">
     <span class='ocr_line' id='line_1_30' title="bbox 1846 1430 3425 1504; baseline 0.003 -20"><span class='ocrx_word' id='word_1_235' title='bbox 1846 1430 1968 1484; x_wconf 84' lang='lat' dir='ltr'><strong>Non</strong></span> <span class='ocrx_word' id='word_1_236' title='bbox 1991 1448 2098 1485; x_wconf 88' lang='lat' dir='ltr'><strong>esse</strong></span> <span class='ocrx_word' id='word_1_237' title='bbox 2127 1435 2462 1486; x_wconf 86' lang='lat' dir='ltr'><strong>scrutandum</strong></span> <span class='ocrx_word' id='word_1_238' title='bbox 2493 1449 2585 1485; x_wconf 89' lang='lat' dir='ltr'><strong>cur</strong></span> <span class='ocrx_word' id='word_1_239' title='bbox 2610 1431 2746 1486; x_wconf 89' lang='lat' dir='ltr'><strong>Deus</strong></span> <span class='ocrx_word' id='word_1_240' title='bbox 2785 1433 2915 1486; x_wconf 89' lang='lat' dir='ltr'><strong>alios</strong></span> <span class='ocrx_word' id='word_1_241' title='bbox 2946 1434 3108 1504; x_wconf 87' lang='lat' dir='ltr'><strong>eligit,</strong></span> <span class='ocrx_word' id='word_1_242' title='bbox 3154 1434 3286 1488; x_wconf 92' lang='lat' dir='ltr'><strong>alios</strong></span> <span class='ocrx_word' id='word_1_243' title='bbox 3322 1453 3425 1490; x_wconf 89' lang='lat' dir='ltr'><strong>non</strong></span> 
     </span>
    </p>
   </div>
   <div class='ocr_carea' id='block_1_31' title="bbox 1915 1503 3422 1576">
    <p class='ocr_par' dir='ltr' id='par_1_31' title="bbox 1915 1503 3422 1576">
     <span class='ocr_line' id='line_1_31' title="bbox 1915 1503 3422 1576; baseline 0.005 -23"><span class='ocrx_word' id='word_1_244' title='bbox 1915 1503 2088 1576; x_wconf 83' lang='lat' dir='ltr'><strong>eligit;</strong></span> <span class='ocrx_word' id='word_1_245' title='bbox 2118 1505 2247 1576; x_wconf 80' lang='lat' dir='ltr'><strong>sicut</strong></span> <span class='ocrx_word' id='word_1_246' title='bbox 2292 1519 2381 1556; x_wconf 90' lang='lat' dir='ltr'><strong>nec</strong></span> <span class='ocrx_word' id='word_1_247' title='bbox 2409 1518 2500 1576; x_wconf 74' lang='lat' dir='ltr'><strong>cur</strong></span> <span class='ocrx_word' id='word_1_248' title='bbox 2539 1513 2712 1576; x_wconf 80' lang='lat' dir='ltr'><strong>antea,</strong></span> <span class='ocrx_word' id='word_1_249' title='bbox 2749 1506 2980 1576; x_wconf 87' lang='lat' dir='ltr'><strong>omnibus</strong></span> <span class='ocrx_word' id='word_1_250' title='bbox 3009 1503 3240 1576; x_wconf 84' lang='lat' dir='ltr'><strong>gentibus</strong></span> <span class='ocrx_word' id='word_1_251' title='bbox 3286 1524 3422 1576; x_wconf 75' lang='lat' dir='ltr'><strong>prte-</strong></span> 
     </span>
    </p>
   </div>
   <div class='ocr_carea' id='block_1_32' title="bbox 1915 1571 2855 1643">
    <p class='ocr_par' dir='ltr' id='par_1_32' title="bbox 1915 1571 2855 1643">
     <span class='ocr_line' id='line_1_32' title="bbox 1915 1571 2855 1643; baseline 0.002 -19"><span class='ocrx_word' id='word_1_252' title='bbox 1915 1571 2180 1639; x_wconf 29' lang='lat' dir='ltr'><strong>ter’missis,</strong></span> <span class='ocrx_word' id='word_1_253' title='bbox 2224 1589 2382 1626; x_wconf 88' lang='lat' dir='ltr'><strong>unum</strong></span> <span class='ocrx_word' id='word_1_254' title='bbox 2411 1571 2656 1626; x_wconf 85' lang='lat' dir='ltr'><strong>Israelem</strong></span> <span class='ocrx_word' id='word_1_255' title='bbox 2687 1575 2855 1643; x_wconf 87' lang='lat' dir='ltr'><strong>elegit.</strong></span> 
     </span>
    </p>
   </div>
   <div class='ocr_carea' id='block_1_33' title="bbox 181 1672 3421 1755">
    <p class='ocr_par' dir='ltr' id='par_1_33' title="bbox 181 1672 3421 1755">
     <span class='ocr_line' id='line_1_33' title="bbox 181 1672 3421 1755; baseline 0.005 -21"><span class='ocrx_word' id='word_1_256' title='bbox 181 1691 220 1734; x_wconf 87' lang='lat' dir='ltr'><strong>et</strong></span> <span class='ocrx_word' id='word_1_257' title='bbox 245 1699 362 1734; x_wconf 85' lang='lat' dir='ltr'><strong>onus</strong></span> <span class='ocrx_word' id='word_1_258' title='bbox 391 1699 557 1734; x_wconf 79' lang='lat' dir='ltr'><strong>meum</strong></span> <span class='ocrx_word' id='word_1_259' title='bbox 581 1685 686 1736; x_wconf 88' lang='lat' dir='ltr'><strong>leve</strong></span> <span class='ocrx_word' id='word_1_260' title='bbox 707 1672 781 1736; x_wconf 81' lang='lat' dir='ltr'><strong>est</strong></span> <span class='ocrx_word' id='word_1_261' title='bbox 806 1683 1017 1754; x_wconf 76' lang='lat' dir='ltr'><strong>(Matth.</strong></span> <span class='ocrx_word' id='word_1_262' title='bbox 1042 1700 1116 1747; x_wconf 74' lang='lat' dir='ltr'><strong>XI,</strong></span> <span class='ocrx_word' id='word_1_263' title='bbox 1141 1685 1212 1738; x_wconf 59' lang='lat'><strong>&#39;25</strong></span> <span class='ocrx_word' id='word_1_264' title='bbox 1241 1694 1286 1738; x_wconf 88' lang='lat' dir='ltr'><strong>et</strong></span> <span class='ocrx_word' id='word_1_265' title='bbox 1318 1685 1472 1755; x_wconf 90' lang='lat' dir='ltr'><strong>seq.).</strong></span> <span class='ocrx_word' id='word_1_266' title='bbox 1502 1685 1740 1742; x_wconf 85' lang='lat' dir='ltr'><strong>Joannes</strong></span> <span class='ocrx_word' id='word_1_267' title='bbox 1774 1685 1820 1744; x_wconf 92' lang='lat' dir='ltr'><strong>B</strong></span> <span class='ocrx_word' id='word_1_268' title='bbox 1917 1681 1976 1737; x_wconf 88' lang='lat' dir='ltr'><strong>Si</strong></span> <span class='ocrx_word' id='word_1_269' title='bbox 2008 1698 2137 1738; x_wconf 84' lang='lat' dir='ltr'><strong>vero</strong></span> <span class='ocrx_word' id='word_1_270' title='bbox 2164 1683 2429 1753; x_wconf 78' lang='lat' dir='ltr'><strong>quaeritur</strong></span> <span class='ocrx_word' id='word_1_271' title='bbox 2457 1700 2556 1739; x_wconf 89' lang='lat' dir='ltr'><strong>cur</strong></span> <span class='ocrx_word' id='word_1_272' title='bbox 2583 1685 2832 1741; x_wconf 79' lang='lat' dir='ltr'><strong>Salvator</strong></span> <span class='ocrx_word' id='word_1_273' title='bbox 2861 1687 3102 1741; x_wconf 90' lang='lat' dir='ltr'><strong>omnium</strong></span> <span class='ocrx_word' id='word_1_274' title='bbox 3141 1688 3421 1744; x_wconf 87' lang='lat' dir='ltr'><strong>hominum</strong></span> 
     </span>
    </p>
   </div>
   <div class='ocr_carea' id='block_1_34' title="bbox 181 1772 1744 1847">
    <p class='ocr_par' dir='ltr' id='par_1_34' title="bbox 181 1772 1744 1847">
     <span class='ocr_line' id='line_1_34' title="bbox 181 1772 1744 1847; baseline 0.006 -24"><span class='ocrx_word' id='word_1_275' title='bbox 181 1786 294 1825; x_wconf 88' lang='lat' dir='ltr'><strong>vero</strong></span> <span class='ocrx_word' id='word_1_276' title='bbox 321 1772 561 1840; x_wconf 81' lang='lat' dir='ltr'><strong>Baptista</strong></span> <span class='ocrx_word' id='word_1_277' title='bbox 597 1775 647 1827; x_wconf 90' lang='lat' dir='ltr'><strong>in</strong></span> <span class='ocrx_word' id='word_1_278' title='bbox 692 1774 988 1844; x_wconf 77' lang='lat' dir='ltr'><strong>Evangelia</strong></span> <span class='ocrx_word' id='word_1_279' title='bbox 1026 1774 1252 1830; x_wconf 85' lang='lat' dir='ltr'><strong>Joannis</strong></span> <span class='ocrx_word' id='word_1_280' title='bbox 1285 1776 1606 1844; x_wconf 82' lang='lat' dir='ltr'><strong>prOplietico</strong></span> <span class='ocrx_word' id='word_1_281' title='bbox 1633 1778 1744 1847; x_wconf 80' lang='lat' dir='ltr'><strong>Spi-</strong></span> 
     </span>
    </p>
   </div>
   <div class='ocr_carea' id='block_1_35' title="bbox 181 1865 1745 1940">
    <p class='ocr_par' dir='ltr' id='par_1_35' title="bbox 181 1865 1745 1940">
     <span class='ocr_line' id='line_1_35' title="bbox 181 1865 1745 1940; baseline 0.004 -23"><span class='ocrx_word' id='word_1_282' title='bbox 181 1865 272 1917; x_wconf 84' lang='lat' dir='ltr'><strong>ritu</strong></span> <span class='ocrx_word' id='word_1_283' title='bbox 301 1877 636 1934; x_wconf 90' lang='lat' dir='ltr'><strong>protestatur</strong></span> <span class='ocrx_word' id='word_1_284' title='bbox 665 1867 875 1931; x_wconf 84' lang='lat' dir='ltr'><strong>dicens,</strong></span> <span class='ocrx_word' id='word_1_285' title='bbox 904 1869 1010 1933; x_wconf 83' lang='lat' dir='ltr'><strong>Qui</strong></span> <span class='ocrx_word' id='word_1_286' title='bbox 1043 1869 1104 1921; x_wconf 89' lang='lat' dir='ltr'><strong>de</strong></span> <span class='ocrx_word' id='word_1_287' title='bbox 1132 1868 1255 1921; x_wconf 78' lang='lat' dir='ltr'><strong>caelo</strong></span> <span class='ocrx_word' id='word_1_288' title='bbox 1281 1868 1412 1921; x_wconf 79' lang='lat' dir='ltr'><strong>venit</strong></span> <span class='ocrx_word' id='word_1_289' title='bbox 1449 1885 1602 1940; x_wconf 84' lang='lat' dir='ltr'><strong>super</strong></span> <span class='ocrx_word' id='word_1_290' title='bbox 1634 1886 1745 1923; x_wconf 88' lang='lat' dir='ltr'><strong>om-</strong></span> 
     </span>
    </p>
   </div>
   <div class='ocr_carea' id='block_1_36' title="bbox 180 1961 1743 2033">
    <p class='ocr_par' dir='ltr' id='par_1_36' title="bbox 180 1961 1743 2033">
     <span class='ocr_line' id='line_1_36' title="bbox 180 1961 1743 2033; baseline 0.006 -22"><span class='ocrx_word' id='word_1_291' title='bbox 180 1975 256 2012; x_wconf 83' lang='lat' dir='ltr'><strong>nes</strong></span> <span class='ocrx_word' id='word_1_292' title='bbox 279 1969 379 2023; x_wconf 90' lang='lat' dir='ltr'><strong>est,</strong></span> <span class='ocrx_word' id='word_1_293' title='bbox 408 1962 553 2026; x_wconf 84' lang='lat' dir='ltr'><strong>quod</strong></span> <span class='ocrx_word' id='word_1_294' title='bbox 585 1961 712 2014; x_wconf 83' lang='lat' dir='ltr'><strong>vidit</strong></span> <span class='ocrx_word' id='word_1_295' title='bbox 758 1971 804 2015; x_wconf 91' lang='lat' dir='ltr'><strong>et</strong></span> <span class='ocrx_word' id='word_1_296' title='bbox 843 1964 1039 2016; x_wconf 85' lang='lat' dir='ltr'><strong>audivit</strong></span> <span class='ocrx_word' id='word_1_297' title='bbox 1081 1964 1402 2033; x_wconf 77' lang='lat' dir='ltr'><strong>testificatur,</strong></span> <span class='ocrx_word' id='word_1_298' title='bbox 1433 1973 1478 2019; x_wconf 89' lang='lat' dir='ltr'><strong>et</strong></span> <span class='ocrx_word' id='word_1_299' title='bbox 1522 1967 1743 2020; x_wconf 85' lang='lat' dir='ltr'><strong>testimo-</strong></span> 
     </span>
    </p>
   </div>
   <div class='ocr_carea' id='block_1_37' title="bbox 181 2051 1737 2129">
    <p class='ocr_par' dir='ltr' id='par_1_37' title="bbox 181 2051 1737 2129">
     <span class='ocr_line' id='line_1_37' title="bbox 181 2051 1737 2129; baseline 0.006 -27"><span class='ocrx_word' id='word_1_300' title='bbox 181 2051 302 2102; x_wconf 88' lang='lat' dir='ltr'><strong>nium</strong></span> <span class='ocrx_word' id='word_1_301' title='bbox 323 2054 430 2122; x_wconf 86' lang='lat' dir='ltr'><strong>ejus</strong></span> <span class='ocrx_word' id='word_1_302' title='bbox 458 2068 608 2106; x_wconf 90' lang='lat' dir='ltr'><strong>nemo</strong></span> <span class='ocrx_word' id='word_1_303' title='bbox 643 2053 853 2122; x_wconf 82' lang='lat' dir='ltr'><strong>accipit.</strong></span> <span class='ocrx_word' id='word_1_304' title='bbox 886 2054 985 2118; x_wconf 84' lang='lat' dir='ltr'><strong>Qui</strong></span> <span class='ocrx_word' id='word_1_305' title='bbox 1015 2057 1201 2126; x_wconf 87' lang='lat' dir='ltr'><strong>accipit</strong></span> <span class='ocrx_word' id='word_1_306' title='bbox 1231 2057 1576 2110; x_wconf 88' lang='lat' dir='ltr'><strong>testimonium</strong></span> <span class='ocrx_word' id='word_1_307' title='bbox 1606 2062 1737 2129; x_wconf 84' lang='lat' dir='ltr'><strong>ejus,</strong></span> 
     </span>
    </p>
   </div>
   <div class='ocr_carea' id='block_1_38' title="bbox 184 2141 1740 2219">
    <p class='ocr_par' dir='ltr' id='par_1_38' title="bbox 184 2141 1740 2219">
     <span class='ocr_line' id='line_1_38' title="bbox 184 2141 1740 2219; baseline 0.008 -27"><span class='ocrx_word' id='word_1_308' title='bbox 184 2149 203 2178; x_wconf 72' lang='grc' dir='ltr'><strong>ε</strong></span> <span class='ocrx_word' id='word_1_309' title='bbox 224 2141 424 2210; x_wconf 85' lang='lat' dir='ltr'><strong>signavit</strong></span> <span class='ocrx_word' id='word_1_310' title='bbox 451 2145 699 2211; x_wconf 89' lang='lat' dir='ltr'><strong>quoniam</strong></span> <span class='ocrx_word' id='word_1_311' title='bbox 727 2144 861 2198; x_wconf 88' lang='lat' dir='ltr'><strong>Deus</strong></span> <span class='ocrx_word' id='word_1_312' title='bbox 883 2163 1035 2200; x_wconf 70' lang='lat' dir='ltr'><strong>t&#39;eraa:</strong></span> <span class='ocrx_word' id='word_1_313' title='bbox 1056 2159 1128 2200; x_wconf 87' lang='lat' dir='ltr'><strong>est</strong></span> <span class='ocrx_word' id='word_1_314' title='bbox 1159 2147 1340 2218; x_wconf 87' lang='lat' dir='ltr'><strong>(Joan.</strong></span> <span class='ocrx_word' id='word_1_315' title='bbox 1369 2164 1447 2217; x_wconf 85' lang='lat' dir='ltr'><strong>tu,</strong></span> <span class='ocrx_word' id='word_1_316' title='bbox 1479 2150 1569 2219; x_wconf 82' lang='grc'><strong>51,</strong></span> <span class='ocrx_word' id='word_1_317' title='bbox 1594 2150 1663 2205; x_wconf 72' lang='grc'><strong>52</strong></span> <span class='ocrx_word' id='word_1_318' title='bbox 1693 2161 1740 2204; x_wconf 88' lang='lat' dir='ltr'><strong>ct</strong></span> 
     </span>
    </p>
   </div>
   <div class='ocr_carea' id='block_1_39' title="bbox 181 2231 1740 2311">
    <p class='ocr_par' dir='ltr' id='par_1_39' title="bbox 181 2231 1740 2311">
     <span class='ocr_line' id='line_1_39' title="bbox 181 2231 1740 2311; baseline 0.008 -27"><span class='ocrx_word' id='word_1_319' title='bbox 181 2231 278 2300; x_wconf 76' lang='lat'><strong>35).</strong></span> <span class='ocrx_word' id='word_1_320' title='bbox 308 2232 467 2302; x_wconf 87' lang='lat' dir='ltr'><strong>Igitur</strong></span> <span class='ocrx_word' id='word_1_321' title='bbox 496 2245 767 2305; x_wconf 89' lang='lat' dir='ltr'><strong>quantum</strong></span> <span class='ocrx_word' id='word_1_322' title='bbox 799 2238 994 2292; x_wconf 88' lang='lat' dir='ltr'><strong>attinet</strong></span> <span class='ocrx_word' id='word_1_323' title='bbox 1028 2239 1094 2292; x_wconf 90' lang='lat' dir='ltr'><strong>ad</strong></span> <span class='ocrx_word' id='word_1_324' title='bbox 1143 2240 1364 2294; x_wconf 84' lang='lat' dir='ltr'><strong>humani</strong></span> <span class='ocrx_word' id='word_1_325' title='bbox 1392 2239 1609 2311; x_wconf 87' lang='lat' dir='ltr'><strong>generis</strong></span> <span class='ocrx_word' id='word_1_326' title='bbox 1635 2256 1740 2296; x_wconf 68' lang='lat' dir='ltr'><strong>cce-</strong></span> 
     </span>
    </p>
   </div>
   <div class='ocr_carea' id='block_1_40' title="bbox 180 2325 1738 2399">
    <p class='ocr_par' dir='ltr' id='par_1_40' title="bbox 180 2325 1738 2399">
     <span class='ocr_line' id='line_1_40' title="bbox 180 2325 1738 2399; baseline 0.009 -26"><span class='ocrx_word' id='word_1_327' title='bbox 180 2325 391 2390; x_wconf 86' lang='lat' dir='ltr'><strong>citatem,</strong></span> <span class='ocrx_word' id='word_1_328' title='bbox 421 2326 584 2397; x_wconf 88' lang='lat' dir='ltr'><strong>longa</strong></span> <span class='ocrx_word' id='word_1_329' title='bbox 642 2328 964 2398; x_wconf 66' lang='lat' dir='ltr'><strong>ignorantiae</strong></span> <span class='ocrx_word' id='word_1_330' title='bbox 1009 2330 1354 2399; x_wconf 67' lang='lat' dir='ltr'><strong>etsuperbiaa</strong></span> <span class='ocrx_word' id='word_1_331' title='bbox 1404 2341 1566 2387; x_wconf 87' lang='lat' dir='ltr'><strong>nocte</strong></span> <span class='ocrx_word' id='word_1_332' title='bbox 1603 2346 1738 2387; x_wconf 90' lang='lat' dir='ltr'><strong>con-</strong></span> 
     </span>
    </p>
   </div>
   <div class='ocr_carea' id='block_1_41' title="bbox 182 2421 1736 2491">
    <p class='ocr_par' dir='ltr' id='par_1_41' title="bbox 182 2421 1736 2491">
     <span class='ocr_line' id='line_1_41' title="bbox 182 2421 1736 2491; baseline 0.006 -23"><span class='ocrx_word' id='word_1_333' title='bbox 182 2425 407 2484; x_wconf 86' lang='lat' dir='ltr'><strong>tractam,</strong></span> <span class='ocrx_word' id='word_1_334' title='bbox 458 2421 613 2476; x_wconf 87' lang='lat' dir='ltr'><strong>venit</strong></span> <span class='ocrx_word' id='word_1_335' title='bbox 666 2422 717 2475; x_wconf 91' lang='lat' dir='ltr'><strong>in</strong></span> <span class='ocrx_word' id='word_1_336' title='bbox 768 2421 912 2476; x_wconf 92' lang='lat' dir='ltr'><strong>hunc</strong></span> <span class='ocrx_word' id='word_1_337' title='bbox 962 2423 1220 2476; x_wconf 89' lang='lat' dir='ltr'><strong>mundum</strong></span> <span class='ocrx_word' id='word_1_338' title='bbox 1273 2422 1504 2478; x_wconf 88' lang='lat' dir='ltr'><strong>Creator</strong></span> <span class='ocrx_word' id='word_1_339' title='bbox 1530 2425 1736 2491; x_wconf 91' lang='lat' dir='ltr'><strong>mundi,</strong></span> 
     </span>
    </p>
   </div>
   <div class='ocr_carea' id='block_1_42' title="bbox 181 2512 1737 2586">
    <p class='ocr_par' dir='ltr' id='par_1_42' title="bbox 181 2512 1737 2586">
     <span class='ocr_line' id='line_1_42' title="bbox 181 2512 1737 2586; baseline 0.006 -27"><span class='ocrx_word' id='word_1_340' title='bbox 181 2517 218 2559; x_wconf 88' lang='lat' dir='ltr'><strong>et</strong></span> <span class='ocrx_word' id='word_1_341' title='bbox 243 2513 447 2566; x_wconf 87' lang='lat' dir='ltr'><strong>mundus</strong></span> <span class='ocrx_word' id='word_1_342' title='bbox 473 2529 596 2566; x_wconf 85' lang='lat' dir='ltr'><strong>cum</strong></span> <span class='ocrx_word' id='word_1_343' title='bbox 639 2529 741 2566; x_wconf 89' lang='lat' dir='ltr'><strong>non</strong></span> <span class='ocrx_word' id='word_1_344' title='bbox 771 2514 1006 2582; x_wconf 79' lang='lat' dir='ltr'><strong>coynavit</strong></span> <span class='ocrx_word' id='word_1_345' title='bbox 1036 2512 1213 2586; x_wconf 82' lang='lat' dir='ltr'><strong>(Joan.</strong></span> <span class='ocrx_word' id='word_1_346' title='bbox 1242 2529 1282 2579; x_wconf 87' lang='lat' dir='ltr'><strong>t,</strong></span> <span class='ocrx_word' id='word_1_347' title='bbox 1317 2514 1442 2585; x_wconf 76' lang='lat' dir='ltr'><strong>Ili);</strong></span> <span class='ocrx_word' id='word_1_348' title='bbox 1473 2515 1563 2569; x_wconf 76' lang='lat' dir='ltr'><strong>lux</strong></span> <span class='ocrx_word' id='word_1_349' title='bbox 1605 2516 1737 2570; x_wconf 89' lang='lat' dir='ltr'><strong>lucet</strong></span> 
     </span>
    </p>
   </div>
   <div class='ocr_carea' id='block_1_43' title="bbox 181 2599 1734 2674">
    <p class='ocr_par' dir='ltr' id='par_1_43' title="bbox 181 2599 1734 2674">
     <span class='ocr_line' id='line_1_43' title="bbox 181 2599 1734 2674; baseline 0.006 -24"><span class='ocrx_word' id='word_1_350' title='bbox 181 2599 222 2650; x_wconf 90' lang='lat' dir='ltr'><strong>in</strong></span> <span class='ocrx_word' id='word_1_351' title='bbox 259 2603 498 2667; x_wconf 84' lang='lat' dir='ltr'><strong>tenebris,</strong></span> <span class='ocrx_word' id='word_1_352' title='bbox 557 2614 604 2657; x_wconf 93' lang='lat' dir='ltr'><strong>et</strong></span> <span class='ocrx_word' id='word_1_353' title='bbox 641 2604 861 2658; x_wconf 64' lang='lat' dir='ltr'><strong>tenebras</strong></span> <span class='ocrx_word' id='word_1_354' title='bbox 917 2620 1029 2658; x_wconf 88' lang='lat' dir='ltr'><strong>eam</strong></span> <span class='ocrx_word' id='word_1_355' title='bbox 1091 2621 1191 2658; x_wconf 90' lang='lat' dir='ltr'><strong>non</strong></span> <span class='ocrx_word' id='word_1_356' title='bbox 1244 2607 1734 2674; x_wconf 76' lang='lat' dir='ltr'><strong>comprehenderunt</strong></span> 
     </span>
    </p>
   </div>
   <div class='ocr_carea' id='block_1_44' title="bbox 183 2687 1732 2764">
    <p class='ocr_par' dir='ltr' id='par_1_44' title="bbox 183 2687 1732 2764">
     <span class='ocr_line' id='line_1_44' title="bbox 183 2687 1732 2764; baseline 0.006 -24"><span class='ocrx_word' id='word_1_357' title='bbox 183 2687 321 2752; x_wconf 83' lang='lat' dir='ltr'><strong>(Ibid.</strong></span> <span class='ocrx_word' id='word_1_358' title='bbox 353 2692 436 2763; x_wconf 85' lang='lat'><strong>5);</strong></span> <span class='ocrx_word' id='word_1_359' title='bbox 462 2695 554 2762; x_wconf 86' lang='lat' dir='ltr'><strong>qui</strong></span> <span class='ocrx_word' id='word_1_360' title='bbox 581 2711 734 2763; x_wconf 88' lang='lat' dir='ltr'><strong>super</strong></span> <span class='ocrx_word' id='word_1_361' title='bbox 766 2711 936 2747; x_wconf 87' lang='lat' dir='ltr'><strong>omnes</strong></span> <span class='ocrx_word' id='word_1_362' title='bbox 961 2705 1063 2761; x_wconf 88' lang='lat' dir='ltr'><strong>est,</strong></span> <span class='ocrx_word' id='word_1_363' title='bbox 1093 2695 1228 2764; x_wconf 90' lang='lat' dir='ltr'><strong>quod</strong></span> <span class='ocrx_word' id='word_1_364' title='bbox 1269 2697 1394 2749; x_wconf 81' lang='lat' dir='ltr'><strong>vidit</strong></span> <span class='ocrx_word' id='word_1_365' title='bbox 1421 2707 1466 2750; x_wconf 92' lang='lat' dir='ltr'><strong>et</strong></span> <span class='ocrx_word' id='word_1_366' title='bbox 1508 2698 1732 2763; x_wconf 78' lang='lat' dir='ltr'><strong>audivit,</strong></span> 
     </span>
    </p>
   </div>
   <div class='ocr_carea' id='block_1_45' title="bbox 182 2783 1730 2856">
    <p class='ocr_par' dir='ltr' id='par_1_45' title="bbox 182 2783 1730 2856">
     <span class='ocr_line' id='line_1_45' title="bbox 182 2783 1730 2856; baseline 0.006 -27"><span class='ocrx_word' id='word_1_367' title='bbox 182 2783 466 2848; x_wconf 61' lang='lat' dir='ltr'><strong>teuﬂicatur,</strong></span> <span class='ocrx_word' id='word_1_368' title='bbox 517 2793 570 2836; x_wconf 89' lang='lat' dir='ltr'><strong>et</strong></span> <span class='ocrx_word' id='word_1_369' title='bbox 613 2785 961 2838; x_wconf 88' lang='lat' dir='ltr'><strong>testimonium</strong></span> <span class='ocrx_word' id='word_1_370' title='bbox 1007 2786 1118 2853; x_wconf 86' lang='lat' dir='ltr'><strong>ejus</strong></span> <span class='ocrx_word' id='word_1_371' title='bbox 1164 2802 1310 2838; x_wconf 85' lang='lat' dir='ltr'><strong>nemo</strong></span> <span class='ocrx_word' id='word_1_372' title='bbox 1337 2787 1520 2854; x_wconf 81' lang='lat' dir='ltr'><strong>accipit</strong></span> <span class='ocrx_word' id='word_1_373' title='bbox 1551 2785 1730 2856; x_wconf 82' lang='lat' dir='ltr'><strong>(Joan.</strong></span> 
     </span>
    </p>
   </div>
   <div class='ocr_carea' id='block_1_46' title="bbox 181 2874 1733 2946">
    <p class='ocr_par' dir='ltr' id='par_1_46' title="bbox 181 2874 1733 2946">
     <span class='ocr_line' id='line_1_46' title="bbox 181 2874 1733 2946; baseline 0.008 -25"><span class='ocrx_word' id='word_1_374' title='bbox 181 2884 245 2931; x_wconf 85' lang='lat' dir='ltr'><strong>nt.</strong></span> <span class='ocrx_word' id='word_1_375' title='bbox 275 2874 354 2936; x_wconf 81' lang='lat' dir='ltr'><strong>5i,</strong></span> <span class='ocrx_word' id='word_1_376' title='bbox 402 2876 511 2945; x_wconf 72' lang='lat'><strong>52).</strong></span> <span class='ocrx_word' id='word_1_377' title='bbox 555 2875 659 2930; x_wconf 86' lang='lat' dir='ltr'><strong>Sed</strong></span> <span class='ocrx_word' id='word_1_378' title='bbox 692 2877 815 2946; x_wconf 83' lang='lat' dir='ltr'><strong>quia</strong></span> <span class='ocrx_word' id='word_1_379' title='bbox 852 2893 956 2929; x_wconf 88' lang='lat' dir='ltr'><strong>non</strong></span> <span class='ocrx_word' id='word_1_380' title='bbox 1015 2877 1210 2930; x_wconf 78' lang='lat' dir='ltr'><strong>frustra</strong></span> <span class='ocrx_word' id='word_1_381' title='bbox 1247 2876 1390 2931; x_wconf 84' lang='lat' dir='ltr'><strong>Deus</strong></span> <span class='ocrx_word' id='word_1_382' title='bbox 1424 2878 1514 2931; x_wconf 91' lang='lat' dir='ltr'><strong>Dei</strong></span> <span class='ocrx_word' id='word_1_383' title='bbox 1568 2878 1733 2934; x_wconf 85' lang='lat' dir='ltr'><strong>Filius</strong></span> 
     </span>
    </p>
   </div>
   <div class='ocr_carea' id='block_1_47' title="bbox 181 2964 1729 3040">
    <p class='ocr_par' dir='ltr' id='par_1_47' title="bbox 181 2964 1729 3040">
     <span class='ocr_line' id='line_1_47' title="bbox 181 2964 1729 3040; baseline 0.008 -26"><span class='ocrx_word' id='word_1_384' title='bbox 181 2964 303 3016; x_wconf 84' lang='lat' dir='ltr'><strong>venit</strong></span> <span class='ocrx_word' id='word_1_385' title='bbox 328 2966 374 3019; x_wconf 94' lang='lat' dir='ltr'><strong>in</strong></span> <span class='ocrx_word' id='word_1_386' title='bbox 399 2968 684 3034; x_wconf 90' lang='lat' dir='ltr'><strong>mundum,</strong></span> <span class='ocrx_word' id='word_1_387' title='bbox 711 2979 764 3022; x_wconf 88' lang='lat' dir='ltr'><strong>et</strong></span> <span class='ocrx_word' id='word_1_388' title='bbox 794 2968 1311 3037; x_wconf 87' lang='lat' dir='ltr'><strong>deditscmetipsum</strong></span> <span class='ocrx_word' id='word_1_389' title='bbox 1338 2985 1434 3040; x_wconf 92' lang='lat' dir='ltr'><strong>pro</strong></span> <span class='ocrx_word' id='word_1_390' title='bbox 1457 2972 1729 3038; x_wconf 87' lang='lat' dir='ltr'><strong>omnibus,</strong></span> 
     </span>
    </p>
   </div>
   <div class='ocr_carea' id='block_1_48' title="bbox 1843 1776 3421 1850">
    <p class='ocr_par' dir='ltr' id='par_1_48' title="bbox 1843 1776 3421 1850">
     <span class='ocr_line' id='line_1_48' title="bbox 1843 1776 3421 1850; baseline 0.004 -20"><span class='ocrx_word' id='word_1_391' title='bbox 1843 1788 1951 1830; x_wconf 87' lang='lat' dir='ltr'><strong>non</strong></span> <span class='ocrx_word' id='word_1_392' title='bbox 1982 1776 2234 1831; x_wconf 89' lang='lat' dir='ltr'><strong>omnibus</strong></span> <span class='ocrx_word' id='word_1_393' title='bbox 2266 1776 2416 1832; x_wconf 89' lang='lat' dir='ltr'><strong>dedit</strong></span> <span class='ocrx_word' id='word_1_394' title='bbox 2462 1777 2606 1831; x_wconf 92' lang='lat' dir='ltr'><strong>hunc</strong></span> <span class='ocrx_word' id='word_1_395' title='bbox 2651 1792 2870 1831; x_wconf 87' lang='lat' dir='ltr'><strong>sensum</strong></span> <span class='ocrx_word' id='word_1_396' title='bbox 2899 1819 2914 1844; x_wconf 88' lang='lat'><strong>,</strong></span> <span class='ocrx_word' id='word_1_397' title='bbox 2947 1789 3005 1833; x_wconf 93' lang='lat' dir='ltr'><strong>ut</strong></span> <span class='ocrx_word' id='word_1_398' title='bbox 3032 1793 3421 1850; x_wconf 78' lang='lat' dir='ltr'><strong>cognoscerent</strong></span> 
     </span>
    </p>
   </div>
   <div class='ocr_carea' id='block_1_49' title="bbox 1842 1867 3418 1939">
    <p class='ocr_par' dir='ltr' id='par_1_49' title="bbox 1842 1867 3418 1939">
     <span class='ocr_line' id='line_1_49' title="bbox 1842 1867 3418 1939; baseline 0.004 -20"><span class='ocrx_word' id='word_1_399' title='bbox 1842 1879 2032 1920; x_wconf 90' lang='lat' dir='ltr'><strong>verum</strong></span> <span class='ocrx_word' id='word_1_400' title='bbox 2081 1867 2270 1933; x_wconf 90' lang='lat' dir='ltr'><strong>Deum,</strong></span> <span class='ocrx_word' id='word_1_401' title='bbox 2318 1876 2373 1921; x_wconf 87' lang='lat' dir='ltr'><strong>et</strong></span> <span class='ocrx_word' id='word_1_402' title='bbox 2425 1877 2630 1932; x_wconf 67' lang='lat' dir='ltr'><strong>eSsent,</strong></span> <span class='ocrx_word' id='word_1_403' title='bbox 2682 1867 2734 1921; x_wconf 91' lang='lat' dir='ltr'><strong>id</strong></span> <span class='ocrx_word' id='word_1_404' title='bbox 2786 1876 2888 1933; x_wconf 89' lang='lat' dir='ltr'><strong>est,</strong></span> <span class='ocrx_word' id='word_1_405' title='bbox 2934 1883 3315 1939; x_wconf 88' lang='lat' dir='ltr'><strong>permanerent</strong></span> <span class='ocrx_word' id='word_1_406' title='bbox 3369 1875 3418 1926; x_wconf 86' lang='lat' dir='ltr'><strong>in</strong></span> 
     </span>
    </p>
   </div>
   <div class='ocr_carea' id='block_1_50' title="bbox 1841 1955 3416 2026">
    <p class='ocr_par' dir='ltr' id='par_1_50' title="bbox 1841 1955 3416 2026">
     <span class='ocr_line' id='line_1_50' title="bbox 1841 1955 3416 2026; baseline 0.003 -15"><span class='ocrx_word' id='word_1_407' title='bbox 1841 1971 1971 2011; x_wconf 88' lang='lat' dir='ltr'><strong>vero</strong></span> <span class='ocrx_word' id='word_1_408' title='bbox 1999 1955 2137 2011; x_wconf 87' lang='lat' dir='ltr'><strong>Filio</strong></span> <span class='ocrx_word' id='word_1_409' title='bbox 2175 1955 2605 2026; x_wconf 88' lang='lat' dir='ltr'><strong>ejus:quamvis</strong></span> <span class='ocrx_word' id='word_1_410' title='bbox 2653 1957 2934 2012; x_wconf 87' lang='lat' dir='ltr'><strong>credamus</strong></span> <span class='ocrx_word' id='word_1_411' title='bbox 2985 1959 3148 2013; x_wconf 90' lang='lat' dir='ltr'><strong>nullis</strong></span> <span class='ocrx_word' id='word_1_412' title='bbox 3193 1959 3416 2016; x_wconf 69' lang='lat' dir='ltr'><strong>hominiv</strong></span> 
     </span>
    </p>
   </div>
   <div class='ocr_carea' id='block_1_51' title="bbox 1839 2047 3415 2124">
    <p class='ocr_par' dir='ltr' id='par_1_51' title="bbox 1839 2047 3415 2124">
     <span class='ocr_line' id='line_1_51' title="bbox 1839 2047 3415 2124; baseline 0.002 -20"><span class='ocrx_word' id='word_1_413' title='bbox 1839 2047 1940 2104; x_wconf 85' lang='lat' dir='ltr'><strong>bus</strong></span> <span class='ocrx_word' id='word_1_414' title='bbox 1992 2063 2150 2118; x_wconf 90' lang='lat' dir='ltr'><strong>opem</strong></span> <span class='ocrx_word' id='word_1_415' title='bbox 2197 2048 2386 2119; x_wconf 66' lang='lat' dir='ltr'><strong>gratia:</strong></span> <span class='ocrx_word' id='word_1_416' title='bbox 2436 2049 2488 2102; x_wconf 94' lang='lat' dir='ltr'><strong>in</strong></span> <span class='ocrx_word' id='word_1_417' title='bbox 2534 2055 2703 2102; x_wconf 88' lang='lat' dir='ltr'><strong>totum</strong></span> <span class='ocrx_word' id='word_1_418' title='bbox 2748 2049 2914 2104; x_wconf 80' lang='lat' dir='ltr'><strong>fuisse</strong></span> <span class='ocrx_word' id='word_1_419' title='bbox 2959 2050 3291 2106; x_wconf 87' lang='lat' dir='ltr'><strong>subtractam</strong></span> <span class='ocrx_word' id='word_1_420' title='bbox 3325 2055 3415 2124; x_wconf 81' lang='lat' dir='ltr'><strong>(de</strong></span> 
     </span>
    </p>
   </div>
   <div class='ocr_carea' id='block_1_52' title="bbox 1839 2136 3418 2211">
    <p class='ocr_par' dir='ltr' id='par_1_52' title="bbox 1839 2136 3418 2211">
     <span class='ocr_line' id='line_1_52' title="bbox 1839 2136 3418 2211; baseline 0.004 -18"><span class='ocrx_word' id='word_1_421' title='bbox 1839 2153 1945 2209; x_wconf 90' lang='lat' dir='ltr'><strong>quo</strong></span> <span class='ocrx_word' id='word_1_422' title='bbox 1987 2139 2196 2208; x_wconf 85' lang='lat' dir='ltr'><strong>plenius</strong></span> <span class='ocrx_word' id='word_1_423' title='bbox 2237 2136 2263 2177; x_wconf 76' lang='grc'><strong>¹³</strong></span> <span class='ocrx_word' id='word_1_424' title='bbox 2292 2140 2343 2194; x_wconf 90' lang='lat' dir='ltr'><strong>in</strong></span> <span class='ocrx_word' id='word_1_425' title='bbox 2384 2139 2743 2210; x_wconf 86' lang='lat' dir='ltr'><strong>sequentibus</strong></span> <span class='ocrx_word' id='word_1_426' title='bbox 2789 2139 3190 2211; x_wconf 86' lang='lat' dir='ltr'><strong>disseremus),</strong></span> <span class='ocrx_word' id='word_1_427' title='bbox 3243 2152 3418 2201; x_wconf 84' lang='lat' dir='ltr'><strong>tamen</strong></span> 
     </span>
    </p>
   </div>
   <div class='ocr_carea' id='block_1_53' title="bbox 1839 2227 3412 2296">
    <p class='ocr_par' dir='ltr' id='par_1_53' title="bbox 1839 2227 3412 2296">
     <span class='ocr_line' id='line_1_53' title="bbox 1839 2227 3412 2296; baseline 0.004 -14"><span class='ocrx_word' id='word_1_428' title='bbox 1839 2227 1911 2283; x_wconf 90' lang='lat' dir='ltr'><strong>ita</strong></span> <span class='ocrx_word' id='word_1_429' title='bbox 1940 2229 2079 2284; x_wconf 81' lang='lat' dir='ltr'><strong>forte</strong></span> <span class='ocrx_word' id='word_1_430' title='bbox 2123 2229 2224 2284; x_wconf 91' lang='lat' dir='ltr'><strong>hoe</strong></span> <span class='ocrx_word' id='word_1_431' title='bbox 2253 2229 2490 2284; x_wconf 89' lang='lat' dir='ltr'><strong>velatum</strong></span> <span class='ocrx_word' id='word_1_432' title='bbox 2540 2229 2632 2296; x_wconf 89' lang='lat' dir='ltr'><strong>sit,</strong></span> <span class='ocrx_word' id='word_1_433' title='bbox 2663 2229 2800 2283; x_wconf 86' lang='lat' dir='ltr'><strong>sicut</strong></span> <span class='ocrx_word' id='word_1_434' title='bbox 2851 2229 2984 2283; x_wconf 90' lang='lat' dir='ltr'><strong>illud</strong></span> <span class='ocrx_word' id='word_1_435' title='bbox 3034 2231 3412 2288; x_wconf 88' lang='lat' dir='ltr'><strong>absconditum</strong></span> 
     </span>
    </p>
   </div>
   <div class='ocr_carea' id='block_1_54' title="bbox 1837 2319 3406 2392">
    <p class='ocr_par' dir='ltr' id='par_1_54' title="bbox 1837 2319 3406 2392">
     <span class='ocr_line' id='line_1_54' title="bbox 1837 2319 3406 2392; baseline 0.001 -16"><span class='ocrx_word' id='word_1_436' title='bbox 1837 2329 1956 2386; x_wconf 89' lang='lat' dir='ltr'><strong>cst,</strong></span> <span class='ocrx_word' id='word_1_437' title='bbox 1987 2336 2085 2376; x_wconf 90' lang='lat' dir='ltr'><strong>cur</strong></span> <span class='ocrx_word' id='word_1_438' title='bbox 2117 2319 2133 2358; x_wconf 78' lang='grc' dir='ltr'>ί</span> <span class='ocrx_word' id='word_1_439' title='bbox 2168 2331 2347 2388; x_wconf 85' lang='lat' dir='ltr'><strong>antea,</strong></span> <span class='ocrx_word' id='word_1_440' title='bbox 2400 2320 2650 2376; x_wconf 89' lang='lat' dir='ltr'><strong>omnibus</strong></span> <span class='ocrx_word' id='word_1_441' title='bbox 2704 2322 2952 2392; x_wconf 80' lang='lat' dir='ltr'><strong>gentibus</strong></span> <span class='ocrx_word' id='word_1_442' title='bbox 2996 2326 3406 2392; x_wconf 74' lang='lat' dir='ltr'><strong>praetermissis,</strong></span> 
     </span>
    </p>
   </div>
   <div class='ocr_carea' id='block_1_55' title="bbox 1839 2411 3412 2483">
    <p class='ocr_par' dir='ltr' id='par_1_55' title="bbox 1839 2411 3412 2483">
     <span class='ocr_line' id='line_1_55' title="bbox 1839 2411 3412 2483; baseline 0.002 -18"><span class='ocrx_word' id='word_1_443' title='bbox 1839 2425 2004 2465; x_wconf 92' lang='lat' dir='ltr'><strong>unum</strong></span> <span class='ocrx_word' id='word_1_444' title='bbox 2050 2413 2307 2481; x_wconf 87' lang='lat' dir='ltr'><strong>populum</strong></span> <span class='ocrx_word' id='word_1_445' title='bbox 2333 2411 2462 2476; x_wconf 85' lang='lat' dir='ltr'><strong>sibi,</strong></span> <span class='ocrx_word' id='word_1_446' title='bbox 2494 2426 2656 2480; x_wconf 84' lang='lat' dir='ltr'><strong>quem</strong></span> <span class='ocrx_word' id='word_1_447' title='bbox 2686 2412 2751 2465; x_wconf 88' lang='lat' dir='ltr'><strong>ad</strong></span> <span class='ocrx_word' id='word_1_448' title='bbox 2782 2411 3025 2466; x_wconf 86' lang='lat' dir='ltr'><strong>veritatis</strong></span> <span class='ocrx_word' id='word_1_449' title='bbox 3051 2414 3412 2483; x_wconf 80' lang='lat' dir='ltr'><strong>cognitionem</strong></span> 
     </span>
    </p>
   </div>
   <div class='ocr_carea' id='block_1_56' title="bbox 1837 2503 3420 2574">
    <p class='ocr_par' dir='ltr' id='par_1_56' title="bbox 1837 2503 3420 2574">
     <span class='ocr_line' id='line_1_56' title="bbox 1837 2503 3420 2574; baseline 0.004 -18"><span class='ocrx_word' id='word_1_450' title='bbox 1837 2503 2100 2570; x_wconf 90' lang='lat' dir='ltr'><strong>erudiret,</strong></span> <span class='ocrx_word' id='word_1_451' title='bbox 2138 2505 2434 2573; x_wconf 78' lang='lat' dir='ltr'><strong>exceperit.</strong></span> <span class='ocrx_word' id='word_1_452' title='bbox 2473 2504 2548 2559; x_wconf 89' lang='lat' dir='ltr'><strong>De</strong></span> <span class='ocrx_word' id='word_1_453' title='bbox 2586 2519 2695 2574; x_wconf 93' lang='lat' dir='ltr'><strong>quo</strong></span> <span class='ocrx_word' id='word_1_454' title='bbox 2713 2503 2920 2574; x_wconf 90' lang='lat' dir='ltr'><strong>judicio</strong></span> <span class='ocrx_word' id='word_1_455' title='bbox 2962 2504 3057 2558; x_wconf 89' lang='lat' dir='ltr'><strong>Dei</strong></span> <span class='ocrx_word' id='word_1_456' title='bbox 3088 2505 3134 2559; x_wconf 90' lang='lat' dir='ltr'><strong>si</strong></span> <span class='ocrx_word' id='word_1_457' title='bbox 3187 2521 3294 2560; x_wconf 84' lang='lat' dir='ltr'><strong>non</strong></span> <span class='ocrx_word' id='word_1_458' title='bbox 3336 2518 3420 2562; x_wconf 90' lang='lat' dir='ltr'><strong>est</strong></span> 
     </span>
    </p>
   </div>
   <div class='ocr_carea' id='block_1_57' title="bbox 1837 2593 3419 2665">
    <p class='ocr_par' dir='ltr' id='par_1_57' title="bbox 1837 2593 3419 2665">
     <span class='ocr_line' id='line_1_57' title="bbox 1837 2593 3419 2665; baseline 0.004 -19"><span class='ocrx_word' id='word_1_459' title='bbox 1837 2594 2301 2662; x_wconf 90' lang='lat' dir='ltr'><strong>conquerendum,</strong></span> <span class='ocrx_word' id='word_1_460' title='bbox 2330 2593 2499 2648; x_wconf 90' lang='lat' dir='ltr'><strong>multo</strong></span> <span class='ocrx_word' id='word_1_461' title='bbox 2531 2599 2708 2648; x_wconf 90' lang='lat' dir='ltr'><strong>minus</strong></span> <span class='ocrx_word' id='word_1_462' title='bbox 2759 2595 2826 2649; x_wconf 88' lang='lat' dir='ltr'><strong>de</strong></span> <span class='ocrx_word' id='word_1_463' title='bbox 2859 2596 2962 2649; x_wconf 89' lang='lat' dir='ltr'><strong>hoc</strong></span> <span class='ocrx_word' id='word_1_464' title='bbox 2987 2596 3130 2665; x_wconf 92' lang='lat' dir='ltr'><strong>quod</strong></span> <span class='ocrx_word' id='word_1_465' title='bbox 3155 2611 3277 2651; x_wconf 92' lang='lat' dir='ltr'><strong>eum</strong></span> <span class='ocrx_word' id='word_1_466' title='bbox 3304 2599 3419 2654; x_wconf 87' lang='lat' dir='ltr'><strong>ele-</strong></span> 
     </span>
    </p>
   </div>
   <div class='ocr_carea' id='block_1_58' title="bbox 1838 2685 3416 2757">
    <p class='ocr_par' dir='ltr' id='par_1_58' title="bbox 1838 2685 3416 2757">
     <span class='ocr_line' id='line_1_58' title="bbox 1838 2685 3416 2757; baseline 0.006 -20"><span class='ocrx_word' id='word_1_467' title='bbox 1838 2685 2019 2740; x_wconf 88' lang='lat' dir='ltr'><strong>ctione</strong></span> <span class='ocrx_word' id='word_1_468' title='bbox 2048 2687 2290 2740; x_wconf 91' lang='lat' dir='ltr'><strong>omnium</strong></span> <span class='ocrx_word' id='word_1_469' title='bbox 2319 2690 2558 2756; x_wconf 88' lang='lat' dir='ltr'><strong>gentium</strong></span> <span class='ocrx_word' id='word_1_470' title='bbox 2588 2687 2816 2757; x_wconf 89' lang='lat' dir='ltr'><strong>geritur,</strong></span> <span class='ocrx_word' id='word_1_471' title='bbox 2846 2689 3291 2744; x_wconf 87' lang='lat' dir='ltr'><strong>murmurandum</strong></span> <span class='ocrx_word' id='word_1_472' title='bbox 3314 2702 3416 2746; x_wconf 90' lang='lat' dir='ltr'><strong>est.</strong></span> 
     </span>
    </p>
   </div>
   <div class='ocr_carea' id='block_1_59' title="bbox 1837 2776 3419 2845">
    <p class='ocr_par' dir='ltr' id='par_1_59' title="bbox 1837 2776 3419 2845">
     <span class='ocr_line' id='line_1_59' title="bbox 1837 2776 3419 2845; baseline 0.003 -14"><span class='ocrx_word' id='word_1_473' title='bbox 1837 2776 1969 2842; x_wconf 63' lang='lat' dir='ltr'><strong>Quae</strong></span> <span class='ocrx_word' id='word_1_474' title='bbox 1996 2778 2140 2832; x_wconf 90' lang='lat' dir='ltr'><strong>enim</strong></span> <span class='ocrx_word' id='word_1_475' title='bbox 2174 2778 2314 2832; x_wconf 87' lang='lat' dir='ltr'><strong>Deus</strong></span> <span class='ocrx_word' id='word_1_476' title='bbox 2342 2779 2550 2833; x_wconf 86' lang='lat' dir='ltr'><strong>occulta</strong></span> <span class='ocrx_word' id='word_1_477' title='bbox 2583 2793 2703 2834; x_wconf 90' lang='lat' dir='ltr'><strong>esse</strong></span> <span class='ocrx_word' id='word_1_478' title='bbox 2733 2779 2924 2845; x_wconf 90' lang='lat' dir='ltr'><strong>voluit,</strong></span> <span class='ocrx_word' id='word_1_479' title='bbox 2953 2794 3058 2834; x_wconf 91' lang='lat' dir='ltr'><strong>non</strong></span> <span class='ocrx_word' id='word_1_480' title='bbox 3096 2790 3223 2836; x_wconf 89' lang='lat' dir='ltr'><strong>sunt</strong></span> <span class='ocrx_word' id='word_1_481' title='bbox 3266 2796 3419 2836; x_wconf 88' lang='lat' dir='ltr'><strong>scru-</strong></span> 
     </span>
    </p>
   </div>
   <div class='ocr_carea' id='block_1_60' title="bbox 1839 2874 3418 2953">
    <p class='ocr_par' dir='ltr' id='par_1_60' title="bbox 1839 2874 3418 2953">
     <span class='ocr_line' id='line_1_60' title="bbox 1839 2874 3418 2953; baseline 0.003 -26"><span class='ocrx_word' id='word_1_482' title='bbox 1839 2874 2030 2939; x_wconf 89' lang='lat' dir='ltr'><strong>tanda;</strong></span> <span class='ocrx_word' id='word_1_483' title='bbox 2063 2890 2182 2944; x_wconf 69' lang='lat' dir='ltr'><strong>quas</strong></span> <span class='ocrx_word' id='word_1_484' title='bbox 2229 2883 2406 2928; x_wconf 91' lang='lat' dir='ltr'><strong>autem</strong></span> <span class='ocrx_word' id='word_1_485' title='bbox 2459 2874 2935 2953; x_wconf 49' lang='lat' dir='ltr'><strong>manilestajecit,</strong></span> <span class='ocrx_word' id='word_1_486' title='bbox 2969 2890 3076 2930; x_wconf 90' lang='lat' dir='ltr'><strong>non</strong></span> <span class='ocrx_word' id='word_1_487' title='bbox 3107 2885 3232 2930; x_wconf 90' lang='lat' dir='ltr'><strong>sunt</strong></span> <span class='ocrx_word' id='word_1_488' title='bbox 3265 2876 3278 2926; x_wconf 84' lang='lat' dir='ltr'><strong>i</strong></span> <span class='ocrx_word' id='word_1_489' title='bbox 3325 2893 3418 2934; x_wconf 90' lang='lat' dir='ltr'><strong>ne-</strong></span> 
     </span>
    </p>
   </div>
   <div class='ocr_carea' id='block_1_61' title="bbox 1835 2965 3418 3035">
    <p class='ocr_par' dir='ltr' id='par_1_61' title="bbox 1835 2965 3418 3035">
     <span class='ocr_line' id='line_1_61' title="bbox 1835 2965 3418 3035; baseline 0.003 -17"><span class='ocrx_word' id='word_1_490' title='bbox 1835 2965 2083 3035; x_wconf 82' lang='lat' dir='ltr'><strong>gligenda</strong></span> <span class='ocrx_word' id='word_1_491' title='bbox 2101 2983 2113 3017; x_wconf 89' lang='lat'><strong>:</strong></span> <span class='ocrx_word' id='word_1_492' title='bbox 2131 2980 2196 3019; x_wconf 89' lang='lat' dir='ltr'><strong>ne</strong></span> <span class='ocrx_word' id='word_1_493' title='bbox 2213 2967 2341 3020; x_wconf 86' lang='lat' dir='ltr'><strong>etin</strong></span> <span class='ocrx_word' id='word_1_494' title='bbox 2363 2966 2468 3019; x_wconf 88' lang='lat' dir='ltr'><strong>illis</strong></span> <span class='ocrx_word' id='word_1_495' title='bbox 2491 2967 2675 3022; x_wconf 86' lang='lat' dir='ltr'><strong>illicite</strong></span> <span class='ocrx_word' id='word_1_496' title='bbox 2697 2968 2914 3033; x_wconf 74' lang='lat' dir='ltr'><strong>curiosi,</strong></span> <span class='ocrx_word' id='word_1_497' title='bbox 2934 2969 2961 3009; x_wconf 75' lang='grc' dir='ltr'><strong>ιι</strong></span> <span class='ocrx_word' id='word_1_498' title='bbox 2987 2977 3041 3023; x_wconf 90' lang='lat' dir='ltr'><strong>et</strong></span> <span class='ocrx_word' id='word_1_499' title='bbox 3058 2969 3110 3023; x_wconf 90' lang='lat' dir='ltr'><strong>in</strong></span> <span class='ocrx_word' id='word_1_500' title='bbox 3138 2969 3418 3023; x_wconf 81' lang='lat' dir='ltr'><strong>iStisdam-</strong></span> 
     </span>
    </p>
   </div>
   <div class='ocr_carea' id='block_1_62' title="bbox 181 3048 3414 3132">
    <p class='ocr_par' dir='ltr' id='par_1_62' title="bbox 181 3048 3414 3132">
     <span class='ocr_line' id='line_1_62' title="bbox 181 3048 3414 3132; baseline 0.001 -22"><span class='ocrx_word' id='word_1_501' title='bbox 181 3062 221 3106; x_wconf 80' lang='lat' dir='ltr'><strong>el</strong></span> <span class='ocrx_word' id='word_1_502' title='bbox 249 3065 476 3112; x_wconf 82' lang='lat' dir='ltr'><strong>mortuus</strong></span> <span class='ocrx_word' id='word_1_503' title='bbox 522 3069 612 3112; x_wconf 86' lang='lat' dir='ltr'><strong>est</strong></span> <span class='ocrx_word' id='word_1_504' title='bbox 669 3075 770 3112; x_wconf 90' lang='lat' dir='ltr'><strong>non</strong></span> <span class='ocrx_word' id='word_1_505' title='bbox 803 3070 998 3112; x_wconf 88' lang='lat' dir='ltr'><strong>tantum</strong></span> <span class='ocrx_word' id='word_1_506' title='bbox 1046 3077 1137 3125; x_wconf 83' lang='lat' dir='ltr'><strong>pro</strong></span> <span class='ocrx_word' id='word_1_507' title='bbox 1175 3071 1337 3132; x_wconf 85' lang='lat' dir='ltr'><strong>gente,</strong></span> <span class='ocrx_word' id='word_1_508' title='bbox 1361 3065 1449 3116; x_wconf 83' lang='lat' dir='ltr'><strong>sed</strong></span> <span class='ocrx_word' id='word_1_509' title='bbox 1482 3065 1632 3117; x_wconf 78' lang='lat' dir='ltr'><strong>etiam</strong></span> <span class='ocrx_word' id='word_1_510' title='bbox 1677 3075 1732 3118; x_wconf 74' lang='grc' dir='ltr'><strong>ιιι</strong></span> <span class='ocrx_word' id='word_1_511' title='bbox 1762 3048 1806 3107; x_wconf 91' lang='lat' dir='ltr'><strong>C</strong></span> <span class='ocrx_word' id='word_1_512' title='bbox 1841 3055 2090 3110; x_wconf 81' lang='lat' dir='ltr'><strong>nabiliter</strong></span> <span class='ocrx_word' id='word_1_513' title='bbox 2133 3056 2474 3112; x_wconf 86' lang='lat' dir='ltr'><strong>inveniamur</strong></span> <span class='ocrx_word' id='word_1_514' title='bbox 2504 3057 2718 3126; x_wconf 77' lang='lat' dir='ltr'><strong>ingrati.</strong></span> <span class='ocrx_word' id='word_1_515' title='bbox 2749 3057 2862 3112; x_wconf 87' lang='lat' dir='ltr'><strong>Non</strong></span> <span class='ocrx_word' id='word_1_516' title='bbox 2891 3067 3068 3112; x_wconf 85' lang='lat' dir='ltr'><strong>autem</strong></span> <span class='ocrx_word' id='word_1_517' title='bbox 3100 3060 3414 3127; x_wconf 83' lang='lat' dir='ltr'><strong>ignoramus</strong></span> 
     </span>
    </p>
   </div>
   <div class='ocr_carea' id='block_1_63' title="bbox 179 3143 1728 3224">
    <p class='ocr_par' dir='ltr' id='par_1_63' title="bbox 179 3143 1728 3224">
     <span class='ocr_line' id='line_1_63' title="bbox 179 3143 1728 3224; baseline 0.008 -30"><span class='ocrx_word' id='word_1_518' title='bbox 179 3143 290 3209; x_wconf 76' lang='lat' dir='ltr'><strong>ﬁlios</strong></span> <span class='ocrx_word' id='word_1_519' title='bbox 313 3147 398 3200; x_wconf 83' lang='lat' dir='ltr'><strong>Dei</strong></span> <span class='ocrx_word' id='word_1_520' title='bbox 421 3150 683 3220; x_wconf 87' lang='lat' dir='ltr'><strong>dispersos</strong></span> <span class='ocrx_word' id='word_1_521' title='bbox 705 3161 1034 3222; x_wconf 85' lang='lat' dir='ltr'><strong>congregaret</strong></span> <span class='ocrx_word' id='word_1_522' title='bbox 1058 3153 1108 3203; x_wconf 91' lang='lat' dir='ltr'><strong>in</strong></span> <span class='ocrx_word' id='word_1_523' title='bbox 1131 3169 1289 3204; x_wconf 89' lang='lat' dir='ltr'><strong>unum</strong></span> <span class='ocrx_word' id='word_1_524' title='bbox 1312 3154 1489 3223; x_wconf 87' lang='lat' dir='ltr'><strong>(Joan.</strong></span> <span class='ocrx_word' id='word_1_525' title='bbox 1515 3170 1569 3208; x_wconf 86' lang='lat' dir='ltr'><strong>xt</strong></span> <span class='ocrx_word' id='word_1_526' title='bbox 1587 3197 1598 3217; x_wconf 94' lang='lat'><strong>,</strong></span> <span class='ocrx_word' id='word_1_527' title='bbox 1615 3156 1728 3224; x_wconf 73' lang='lat'><strong>5‘2);</strong></span> 
     </span>
    </p>
   </div>
   <div class='ocr_carea' id='block_1_64' title="bbox 180 3237 1730 3312">
    <p class='ocr_par' dir='ltr' id='par_1_64' title="bbox 180 3237 1730 3312">
     <span class='ocr_line' id='line_1_64' title="bbox 180 3237 1730 3312; baseline 0.01 -27"><span class='ocrx_word' id='word_1_528' title='bbox 180 3243 226 3286; x_wconf 88' lang='lat' dir='ltr'><strong>et</strong></span> <span class='ocrx_word' id='word_1_529' title='bbox 241 3237 484 3293; x_wconf 88' lang='lat' dir='ltr'><strong>universis</strong></span> <span class='ocrx_word' id='word_1_530' title='bbox 508 3241 676 3306; x_wconf 90' lang='lat' dir='ltr'><strong>dicit,</strong></span> <span class='ocrx_word' id='word_1_531' title='bbox 704 3239 879 3294; x_wconf 83' lang='lat' dir='ltr'><strong>Venite</strong></span> <span class='ocrx_word' id='word_1_532' title='bbox 896 3243 964 3294; x_wconf 89' lang='lat' dir='ltr'><strong>ad</strong></span> <span class='ocrx_word' id='word_1_533' title='bbox 990 3258 1087 3308; x_wconf 90' lang='lat' dir='ltr'><strong>me,</strong></span> <span class='ocrx_word' id='word_1_534' title='bbox 1111 3258 1282 3297; x_wconf 89' lang='lat' dir='ltr'><strong>omnes</strong></span> <span class='ocrx_word' id='word_1_535' title='bbox 1309 3246 1393 3312; x_wconf 85' lang='lat' dir='ltr'><strong>qui</strong></span> <span class='ocrx_word' id='word_1_536' title='bbox 1416 3245 1658 3300; x_wconf 87' lang='lat' dir='ltr'><strong>laboratis</strong></span> <span class='ocrx_word' id='word_1_537' title='bbox 1686 3256 1730 3300; x_wconf 91' lang='lat' dir='ltr'><strong>et</strong></span> 
     </span>
    </p>
   </div>
   <div class='ocr_carea' id='block_1_65' title="bbox 179 3333 1732 3404">
    <p class='ocr_par' dir='ltr' id='par_1_65' title="bbox 179 3333 1732 3404">
     <span class='ocr_line' id='line_1_65' title="bbox 179 3333 1732 3404; baseline 0.01 -26"><span class='ocrx_word' id='word_1_538' title='bbox 179 3333 344 3382; x_wconf 81' lang='lat' dir='ltr'><strong>onerati</strong></span> <span class='ocrx_word' id='word_1_539' title='bbox 366 3333 499 3397; x_wconf 90' lang='lat' dir='ltr'><strong>estis,</strong></span> <span class='ocrx_word' id='word_1_540' title='bbox 517 3342 603 3396; x_wconf 89' lang='lat' dir='ltr'><strong>et,</strong></span> <span class='ocrx_word' id='word_1_541' title='bbox 629 3343 844 3386; x_wconf 85' lang='lat' dir='ltr'><strong>servato</strong></span> <span class='ocrx_word' id='word_1_542' title='bbox 867 3333 966 3387; x_wconf 82' lang='lat' dir='ltr'><strong>sibi</strong></span> <span class='ocrx_word' id='word_1_543' title='bbox 996 3335 1434 3404; x_wconf 85' lang='lat' dir='ltr'><strong>incognoscibilis</strong></span> <span class='ocrx_word' id='word_1_544' title='bbox 1455 3337 1732 3394; x_wconf 90' lang='lat' dir='ltr'><strong>electionis</strong></span> 
     </span>
    </p>
   </div>
   <div class='ocr_carea' id='block_1_66' title="bbox 179 3417 1730 3494">
    <p class='ocr_par' dir='ltr' id='par_1_66' title="bbox 179 3417 1730 3494">
     <span class='ocr_line' id='line_1_66' title="bbox 179 3417 1730 3494; baseline 0.01 -27"><span class='ocrx_word' id='word_1_545' title='bbox 179 3417 389 3486; x_wconf 85' lang='lat' dir='ltr'><strong>arbitrio,</strong></span> <span class='ocrx_word' id='word_1_546' title='bbox 417 3420 509 3474; x_wconf 89' lang='lat' dir='ltr'><strong>dat</strong></span> <span class='ocrx_word' id='word_1_547' title='bbox 557 3421 641 3475; x_wconf 92' lang='lat' dir='ltr'><strong>sui</strong></span> <span class='ocrx_word' id='word_1_548' title='bbox 684 3421 969 3492; x_wconf 84' lang='lat' dir='ltr'><strong>Patrisque</strong></span> <span class='ocrx_word' id='word_1_549' title='bbox 1010 3424 1279 3487; x_wconf 87' lang='lat' dir='ltr'><strong>notitiam,</strong></span> <span class='ocrx_word' id='word_1_550' title='bbox 1321 3426 1518 3494; x_wconf 90' lang='lat' dir='ltr'><strong>quibus</strong></span> <span class='ocrx_word' id='word_1_551' title='bbox 1548 3424 1574 3463; x_wconf 73' lang='grc' dir='ltr'>ά</span> <span class='ocrx_word' id='word_1_552' title='bbox 1608 3443 1730 3482; x_wconf 91' lang='lat' dir='ltr'><strong>eum</strong></span> 
     </span>
    </p>
   </div>
   <div class='ocr_carea' id='block_1_67' title="bbox 185 3509 1729 3587">
    <p class='ocr_par' dir='ltr' id='par_1_67' title="bbox 185 3509 1729 3587">
     <span class='ocr_line' id='line_1_67' title="bbox 185 3509 1729 3587; baseline 0.01 -28"><span class='ocrx_word' id='word_1_553' title='bbox 185 3509 383 3566; x_wconf 82' lang='lat' dir='ltr'><strong>voluerit</strong></span> <span class='ocrx_word' id='word_1_554' title='bbox 433 3514 688 3570; x_wconf 84' lang='lat' dir='ltr'><strong>revelare</strong></span> <span class='ocrx_word' id='word_1_555' title='bbox 737 3515 894 3585; x_wconf 84' lang='lat' dir='ltr'><strong>(Luc.</strong></span> <span class='ocrx_word' id='word_1_556' title='bbox 926 3532 982 3582; x_wconf 87' lang='lat' dir='ltr'><strong>x,</strong></span> <span class='ocrx_word' id='word_1_557' title='bbox 1022 3516 1114 3586; x_wconf 72' lang='lat'><strong>2‘2)</strong></span> <span class='ocrx_word' id='word_1_558' title='bbox 1149 3535 1161 3569; x_wconf 88' lang='lat'><strong>:</strong></span> <span class='ocrx_word' id='word_1_559' title='bbox 1206 3532 1395 3572; x_wconf 90' lang='lat' dir='ltr'><strong>omnes</strong></span> <span class='ocrx_word' id='word_1_560' title='bbox 1436 3519 1531 3573; x_wconf 82' lang='lat' dir='ltr'><strong>ﬁlii</strong></span> <span class='ocrx_word' id='word_1_561' title='bbox 1572 3519 1729 3587; x_wconf 89' lang='lat' dir='ltr'><strong>lucis,</strong></span> 
     </span>
    </p>
   </div>
   <div class='ocr_carea' id='block_1_68' title="bbox 182 3597 1735 3678">
    <p class='ocr_par' dir='ltr' id='par_1_68' title="bbox 182 3597 1735 3678">
     <span class='ocr_line' id='line_1_68' title="bbox 182 3597 1735 3678; baseline 0.011 -28"><span class='ocrx_word' id='word_1_562' title='bbox 182 3597 260 3653; x_wconf 87' lang='lat' dir='ltr'><strong>lilii</strong></span> <span class='ocrx_word' id='word_1_563' title='bbox 286 3605 690 3669; x_wconf 78' lang='lat' dir='ltr'><strong>promissionis,</strong></span> <span class='ocrx_word' id='word_1_564' title='bbox 727 3605 820 3659; x_wconf 88' lang='lat' dir='ltr'><strong>lilii</strong></span> <span class='ocrx_word' id='word_1_565' title='bbox 849 3606 1104 3671; x_wconf 65' lang='lat' dir='ltr'><strong>Abrabai,</strong></span> <span class='ocrx_word' id='word_1_566' title='bbox 1127 3607 1219 3661; x_wconf 87' lang='lat' dir='ltr'><strong>lilii</strong></span> <span class='ocrx_word' id='word_1_567' title='bbox 1251 3607 1364 3674; x_wconf 91' lang='lat' dir='ltr'><strong>Dei,</strong></span> <span class='ocrx_word' id='word_1_568' title='bbox 1401 3625 1568 3678; x_wconf 86' lang='lat' dir='ltr'><strong>genus</strong></span> <span class='ocrx_word' id='word_1_569' title='bbox 1591 3613 1735 3666; x_wconf 86' lang='lat' dir='ltr'><strong>elec-</strong></span> 
     </span>
    </p>
   </div>
   <div class='ocr_carea' id='block_1_69' title="bbox 183 3698 1732 3773">
    <p class='ocr_par' dir='ltr' id='par_1_69' title="bbox 183 3698 1732 3773">
     <span class='ocr_line' id='line_1_69' title="bbox 183 3698 1732 3773; baseline 0.011 -32"><span class='ocrx_word' id='word_1_570' title='bbox 183 3698 296 3758; x_wconf 92' lang='lat' dir='ltr'><strong>tum,</strong></span> <span class='ocrx_word' id='word_1_571' title='bbox 319 3698 494 3765; x_wconf 88' lang='lat' dir='ltr'><strong>regale</strong></span> <span class='ocrx_word' id='word_1_572' title='bbox 523 3699 920 3768; x_wconf 83' lang='lat' dir='ltr'><strong>sacerdotium,</strong></span> <span class='ocrx_word' id='word_1_573' title='bbox 955 3699 1068 3753; x_wconf 89' lang='lat' dir='ltr'><strong>veri</strong></span> <span class='ocrx_word' id='word_1_574' title='bbox 1096 3699 1378 3767; x_wconf 52' lang='lat' dir='ltr'><strong>Israelita‘,</strong></span> <span class='ocrx_word' id='word_1_575' title='bbox 1415 3704 1732 3773; x_wconf 69' lang='lat' dir='ltr'><strong>prtecogniti</strong></span> 
     </span>
    </p>
   </div>
   <div class='ocr_carea' id='block_1_70' title="bbox 181 3788 1731 3859">
    <p class='ocr_par' dir='ltr' id='par_1_70' title="bbox 181 3788 1731 3859">
     <span class='ocr_line' id='line_1_70' title="bbox 181 3788 1731 3859; baseline 0.009 -25"><span class='ocrx_word' id='word_1_576' title='bbox 181 3790 225 3834; x_wconf 89' lang='lat' dir='ltr'><strong>et</strong></span> <span class='ocrx_word' id='word_1_577' title='bbox 251 3788 585 3851; x_wconf 66' lang='lat' dir='ltr'><strong>praeordinati</strong></span> <span class='ocrx_word' id='word_1_578' title='bbox 630 3789 681 3842; x_wconf 92' lang='lat' dir='ltr'><strong>in</strong></span> <span class='ocrx_word' id='word_1_579' title='bbox 707 3803 928 3858; x_wconf 84' lang='lat' dir='ltr'><strong>regnum</strong></span> <span class='ocrx_word' id='word_1_580' title='bbox 965 3790 1082 3855; x_wconf 89' lang='lat' dir='ltr'><strong>Dei,</strong></span> <span class='ocrx_word' id='word_1_581' title='bbox 1114 3790 1206 3859; x_wconf 92' lang='lat' dir='ltr'><strong>qui</strong></span> <span class='ocrx_word' id='word_1_582' title='bbox 1239 3806 1333 3844; x_wconf 89' lang='lat' dir='ltr'><strong>eos</strong></span> <span class='ocrx_word' id='word_1_583' title='bbox 1378 3793 1596 3847; x_wconf 83' lang='lat' dir='ltr'><strong>vocavit</strong></span> <span class='ocrx_word' id='word_1_584' title='bbox 1626 3809 1731 3848; x_wconf 93' lang='lat' dir='ltr'><strong>non</strong></span> 
     </span>
    </p>
   </div>
   <div class='ocr_carea' id='block_1_71' title="bbox 183 3873 1730 3952">
    <p class='ocr_par' dir='ltr' id='par_1_71' title="bbox 183 3873 1730 3952">
     <span class='ocr_line' id='line_1_71' title="bbox 183 3873 1730 3952; baseline 0.009 -29"><span class='ocrx_word' id='word_1_585' title='bbox 183 3873 336 3928; x_wconf 74' lang='lat' dir='ltr'><strong>solum</strong></span> <span class='ocrx_word' id='word_1_586' title='bbox 364 3892 426 3932; x_wconf 89' lang='lat' dir='ltr'><strong>ex</strong></span> <span class='ocrx_word' id='word_1_587' title='bbox 468 3878 700 3944; x_wconf 69' lang='lat' dir='ltr'><strong>Iudaeis,</strong></span> <span class='ocrx_word' id='word_1_588' title='bbox 730 3879 827 3934; x_wconf 89' lang='lat' dir='ltr'><strong>sed</strong></span> <span class='ocrx_word' id='word_1_589' title='bbox 875 3880 1036 3934; x_wconf 91' lang='lat' dir='ltr'><strong>etiam</strong></span> <span class='ocrx_word' id='word_1_590' title='bbox 1067 3895 1133 3936; x_wconf 89' lang='lat' dir='ltr'><strong>ex</strong></span> <span class='ocrx_word' id='word_1_591' title='bbox 1164 3881 1414 3951; x_wconf 85' lang='lat' dir='ltr'><strong>gentibus</strong></span> <span class='ocrx_word' id='word_1_592' title='bbox 1445 3882 1622 3952; x_wconf 81' lang='lat' dir='ltr'><strong>(Rom.</strong></span> <span class='ocrx_word' id='word_1_593' title='bbox 1656 3899 1730 3952; x_wconf 84' lang='lat' dir='ltr'><strong>tx,</strong></span> 
     </span>
    </p>
   </div>
   <div class='ocr_carea' id='block_1_72' title="bbox 183 3960 1729 4042">
    <p class='ocr_par' dir='ltr' id='par_1_72' title="bbox 183 3960 1729 4042">
     <span class='ocr_line' id='line_1_72' title="bbox 183 3960 1729 4042; baseline 0.006 -26"><span class='ocrx_word' id='word_1_594' title='bbox 183 3960 280 4033; x_wconf 67' lang='lat' dir='ltr'><strong>2i),</strong></span> <span class='ocrx_word' id='word_1_595' title='bbox 309 3968 670 4023; x_wconf 82' lang='lat' dir='ltr'><strong>testimonium</strong></span> <span class='ocrx_word' id='word_1_596' title='bbox 706 3971 826 4038; x_wconf 89' lang='lat' dir='ltr'><strong>ejus</strong></span> <span class='ocrx_word' id='word_1_597' title='bbox 853 3973 943 4038; x_wconf 92' lang='lat' dir='ltr'><strong>qui</strong></span> <span class='ocrx_word' id='word_1_598' title='bbox 977 3970 1044 4024; x_wconf 90' lang='lat' dir='ltr'><strong>de</strong></span> <span class='ocrx_word' id='word_1_599' title='bbox 1071 3971 1211 4025; x_wconf 69' lang='lat' dir='ltr'><strong>caelo</strong></span> <span class='ocrx_word' id='word_1_600' title='bbox 1240 3972 1387 4026; x_wconf 91' lang='lat' dir='ltr'><strong>venit</strong></span> <span class='ocrx_word' id='word_1_601' title='bbox 1426 3973 1729 4042; x_wconf 87' lang='lat' dir='ltr'><strong>accipiunt;</strong></span> 
     </span>
    </p>
   </div>
   <div class='ocr_carea' id='block_1_73' title="bbox 191 4055 1735 4133">
    <p class='ocr_par' dir='ltr' id='par_1_73' title="bbox 191 4055 1735 4133">
     <span class='ocr_line' id='line_1_73' title="bbox 191 4055 1735 4133; baseline 0.009 -28"><span class='ocrx_word' id='word_1_602' title='bbox 191 4060 208 4088; x_wconf 73' lang='grc' dir='ltr'><strong>ο</strong></span> <span class='ocrx_word' id='word_1_603' title='bbox 235 4055 491 4124; x_wconf 87' lang='lat' dir='ltr'><strong>signantes</strong></span> <span class='ocrx_word' id='word_1_604' title='bbox 529 4061 658 4130; x_wconf 90' lang='lat' dir='ltr'><strong>quia</strong></span> <span class='ocrx_word' id='word_1_605' title='bbox 705 4060 848 4114; x_wconf 89' lang='lat' dir='ltr'><strong>Deus</strong></span> <span class='ocrx_word' id='word_1_606' title='bbox 893 4075 1054 4113; x_wconf 83' lang='lat' dir='ltr'><strong>verax</strong></span> <span class='ocrx_word' id='word_1_607' title='bbox 1099 4069 1201 4124; x_wconf 88' lang='lat' dir='ltr'><strong>est,</strong></span> <span class='ocrx_word' id='word_1_608' title='bbox 1234 4059 1286 4114; x_wconf 89' lang='lat' dir='ltr'><strong>id</strong></span> <span class='ocrx_word' id='word_1_609' title='bbox 1332 4071 1436 4126; x_wconf 89' lang='lat' dir='ltr'><strong>est,</strong></span> <span class='ocrx_word' id='word_1_610' title='bbox 1477 4077 1735 4133; x_wconf 79' lang='lat' dir='ltr'><strong>expresse</strong></span> 
     </span>
    </p>
   </div>
   <div class='ocr_carea' id='block_1_74' title="bbox 186 4143 1732 4221">
    <p class='ocr_par' dir='ltr' id='par_1_74' title="bbox 186 4143 1732 4221">
     <span class='ocr_line' id='line_1_74' title="bbox 186 4143 1732 4221; baseline 0.01 -26"><span class='ocrx_word' id='word_1_611' title='bbox 186 4143 517 4215; x_wconf 83' lang='lat' dir='ltr'><strong>signiﬁcantes</strong></span> <span class='ocrx_word' id='word_1_612' title='bbox 561 4152 616 4206; x_wconf 91' lang='lat' dir='ltr'><strong>in</strong></span> <span class='ocrx_word' id='word_1_613' title='bbox 655 4151 737 4206; x_wconf 88' lang='lat' dir='ltr'><strong>sui</strong></span> <span class='ocrx_word' id='word_1_614' title='bbox 765 4152 1062 4208; x_wconf 85' lang='lat' dir='ltr'><strong>salvatione</strong></span> <span class='ocrx_word' id='word_1_615' title='bbox 1109 4154 1362 4221; x_wconf 88' lang='lat' dir='ltr'><strong>quoniam</strong></span> <span class='ocrx_word' id='word_1_616' title='bbox 1395 4154 1535 4209; x_wconf 90' lang='lat' dir='ltr'><strong>Deus</strong></span> <span class='ocrx_word' id='word_1_617' title='bbox 1569 4169 1732 4210; x_wconf 81' lang='lat' dir='ltr'><strong>verax</strong></span> 
     </span>
    </p>
   </div>
   <div class='ocr_carea' id='block_1_75' title="bbox 189 4240 1732 4314">
    <p class='ocr_par' dir='ltr' id='par_1_75' title="bbox 189 4240 1732 4314">
     <span class='ocr_line' id='line_1_75' title="bbox 189 4240 1732 4314; baseline 0.008 -27"><span class='ocrx_word' id='word_1_618' title='bbox 189 4245 275 4300; x_wconf 85' lang='lat' dir='ltr'><strong>est,</strong></span> <span class='ocrx_word' id='word_1_619' title='bbox 304 4240 522 4310; x_wconf 85' lang='lat' dir='ltr'><strong>impleas</strong></span> <span class='ocrx_word' id='word_1_620' title='bbox 564 4251 623 4298; x_wconf 87' lang='lat' dir='ltr'><strong>et</strong></span> <span class='ocrx_word' id='word_1_621' title='bbox 671 4243 956 4314; x_wconf 87' lang='lat' dir='ltr'><strong>perliciens</strong></span> <span class='ocrx_word' id='word_1_622' title='bbox 1003 4243 1147 4314; x_wconf 91' lang='lat' dir='ltr'><strong>quod</strong></span> <span class='ocrx_word' id='word_1_623' title='bbox 1200 4245 1446 4312; x_wconf 89' lang='lat' dir='ltr'><strong>promisit</strong></span> <span class='ocrx_word' id='word_1_624' title='bbox 1497 4247 1732 4300; x_wconf 74' lang='lat' dir='ltr'><strong>Abrahae</strong></span> 
     </span>
    </p>
   </div>
   <div class='ocr_carea' id='block_1_76' title="bbox 188 4330 1732 4406">
    <p class='ocr_par' dir='ltr' id='par_1_76' title="bbox 188 4330 1732 4406">
     <span class='ocr_line' id='line_1_76' title="bbox 188 4330 1732 4406; baseline 0.01 -30"><span class='ocrx_word' id='word_1_625' title='bbox 188 4330 398 4385; x_wconf 86' lang='lat' dir='ltr'><strong>omnium</strong></span> <span class='ocrx_word' id='word_1_626' title='bbox 443 4335 686 4403; x_wconf 87' lang='lat' dir='ltr'><strong>gentium</strong></span> <span class='ocrx_word' id='word_1_627' title='bbox 735 4335 874 4404; x_wconf 86' lang='lat' dir='ltr'><strong>patri</strong></span> <span class='ocrx_word' id='word_1_628' title='bbox 910 4351 921 4386; x_wconf 90' lang='lat'><strong>:</strong></span> <span class='ocrx_word' id='word_1_629' title='bbox 963 4336 1052 4405; x_wconf 91' lang='lat' dir='ltr'><strong>qui</strong></span> <span class='ocrx_word' id='word_1_630' title='bbox 1100 4334 1388 4405; x_wconf 86' lang='lat' dir='ltr'><strong>pollicente</strong></span> <span class='ocrx_word' id='word_1_631' title='bbox 1433 4336 1544 4392; x_wconf 89' lang='lat' dir='ltr'><strong>Deo</strong></span> <span class='ocrx_word' id='word_1_632' title='bbox 1590 4338 1732 4406; x_wconf 91' lang='lat' dir='ltr'><strong>quod</strong></span> 
     </span>
    </p>
   </div>
   <div class='ocr_carea' id='block_1_77' title="bbox 1835 3147 3418 3217">
    <p class='ocr_par' dir='ltr' id='par_1_77' title="bbox 1835 3147 3418 3217">
     <span class='ocr_line' id='line_1_77' title="bbox 1835 3147 3418 3217; baseline 0.003 -17"><span class='ocrx_word' id='word_1_633' title='bbox 1835 3160 1957 3200; x_wconf 87' lang='lat' dir='ltr'><strong>esse</strong></span> <span class='ocrx_word' id='word_1_634' title='bbox 1987 3147 2250 3215; x_wconf 84' lang='lat' dir='ltr'><strong>quosdam</strong></span> <span class='ocrx_word' id='word_1_635' title='bbox 2280 3155 2387 3200; x_wconf 88' lang='lat' dir='ltr'><strong>tam</strong></span> <span class='ocrx_word' id='word_1_636' title='bbox 2416 3147 2825 3201; x_wconf 68' lang='lat' dir='ltr'><strong>inconsideratae</strong></span> <span class='ocrx_word' id='word_1_637' title='bbox 2873 3151 3336 3217; x_wconf 67' lang='lat' dir='ltr'><strong>praesumptionis,</strong></span> <span class='ocrx_word' id='word_1_638' title='bbox 3363 3163 3418 3204; x_wconf 90' lang='lat' dir='ltr'><strong>et</strong></span> 
     </span>
    </p>
   </div>
   <div class='ocr_carea' id='block_1_78' title="bbox 1838 3236 3414 3315">
    <p class='ocr_par' dir='ltr' id='par_1_78' title="bbox 1838 3236 3414 3315">
     <span class='ocr_line' id='line_1_78' title="bbox 1838 3236 3414 3315; baseline 0.003 -26"><span class='ocrx_word' id='word_1_639' title='bbox 1838 3245 1942 3289; x_wconf 87' lang='lat' dir='ltr'><strong>tam</strong></span> <span class='ocrx_word' id='word_1_640' title='bbox 1972 3237 2220 3312; x_wconf 74' lang='lat' dir='ltr'><strong>superba:</strong></span> <span class='ocrx_word' id='word_1_641' title='bbox 2241 3236 2581 3306; x_wconf 65' lang='lat' dir='ltr'><strong>arrogantiae,</strong></span> <span class='ocrx_word' id='word_1_642' title='bbox 2618 3246 2675 3290; x_wconf 91' lang='lat' dir='ltr'><strong>ut</strong></span> <span class='ocrx_word' id='word_1_643' title='bbox 2730 3238 2871 3306; x_wconf 92' lang='lat' dir='ltr'><strong>quod</strong></span> <span class='ocrx_word' id='word_1_644' title='bbox 2904 3240 3205 3307; x_wconf 64' lang='lat' dir='ltr'><strong>prmeipuus</strong></span> <span class='ocrx_word' id='word_1_645' title='bbox 3225 3241 3375 3315; x_wconf 78' lang='lat' dir='ltr'><strong>magi</strong></span> <span class='ocrx_word' id='word_1_646' title='bbox 3396 3270 3414 3282; x_wconf 84' lang='lat'><em>-</em></span> 
     </span>
    </p>
   </div>
   <div class='ocr_carea' id='block_1_79' title="bbox 1834 3315 3414 3398">
    <p class='ocr_par' dir='ltr' id='par_1_79' title="bbox 1834 3315 3414 3398">
     <span class='ocr_line' id='line_1_79' title="bbox 1834 3315 3414 3398; baseline 0 -16"><span class='ocrx_word' id='word_1_647' title='bbox 1834 3336 1944 3382; x_wconf 86' lang='lat' dir='ltr'><strong>ster</strong></span> <span class='ocrx_word' id='word_1_648' title='bbox 1970 3326 2230 3396; x_wconf 84' lang='lat' dir='ltr'><strong>gentium,</strong></span> <span class='ocrx_word' id='word_1_649' title='bbox 2263 3343 2364 3380; x_wconf 86' lang='lat' dir='ltr'><strong>non</strong></span> <span class='ocrx_word' id='word_1_650' title='bbox 2403 3327 2466 3378; x_wconf 89' lang='lat' dir='ltr'><strong>ab</strong></span> <span class='ocrx_word' id='word_1_651' title='bbox 2494 3326 2784 3380; x_wconf 88' lang='lat' dir='ltr'><strong>hominibus</strong></span> <span class='ocrx_word' id='word_1_652' title='bbox 2811 3343 2970 3398; x_wconf 88' lang='lat' dir='ltr'><strong>neque</strong></span> <span class='ocrx_word' id='word_1_653' title='bbox 3013 3345 3104 3396; x_wconf 85' lang='lat' dir='ltr'><strong>per</strong></span> <span class='ocrx_word' id='word_1_654' title='bbox 3152 3315 3414 3384; x_wconf 83' lang='lat' dir='ltr'><strong>haminem</strong></span> 
     </span>
    </p>
   </div>
   <div class='ocr_carea' id='block_1_80' title="bbox 1837 3416 3416 3488">
    <p class='ocr_par' dir='ltr' id='par_1_80' title="bbox 1837 3416 3416 3488">
     <span class='ocr_line' id='line_1_80' title="bbox 1837 3416 3416 3488; baseline 0.003 -16"><span class='ocrx_word' id='word_1_655' title='bbox 1837 3416 2035 3487; x_wconf 83' lang='lat' dir='ltr'><strong>(Galat.</strong></span> <span class='ocrx_word' id='word_1_656' title='bbox 2061 3433 2098 3485; x_wconf 86' lang='grc' dir='ltr'><strong>ι,</strong></span> <span class='ocrx_word' id='word_1_657' title='bbox 2126 3416 2204 3486; x_wconf 78' lang='grc'><strong>1),</strong></span> <span class='ocrx_word' id='word_1_658' title='bbox 2228 3417 2321 3472; x_wconf 88' lang='lat' dir='ltr'><strong>sed</strong></span> <span class='ocrx_word' id='word_1_659' title='bbox 2343 3416 2602 3472; x_wconf 87' lang='lat' dir='ltr'><strong>divinitus</strong></span> <span class='ocrx_word' id='word_1_660' title='bbox 2623 3417 2885 3483; x_wconf 90' lang='lat' dir='ltr'><strong>eruditus,</strong></span> <span class='ocrx_word' id='word_1_661' title='bbox 2909 3433 3070 3488; x_wconf 88' lang='lat' dir='ltr'><strong>supra</strong></span> <span class='ocrx_word' id='word_1_662' title='bbox 3101 3435 3416 3476; x_wconf 90' lang='lat' dir='ltr'><strong>mensuram</strong></span> 
     </span>
    </p>
   </div>
   <div class='ocr_carea' id='block_1_81' title="bbox 1834 3509 3416 3581">
    <p class='ocr_par' dir='ltr' id='par_1_81' title="bbox 1834 3509 3416 3581">
     <span class='ocr_line' id='line_1_81' title="bbox 1834 3509 3416 3581; baseline 0.002 -16"><span class='ocrx_word' id='word_1_663' title='bbox 1834 3510 2078 3566; x_wconf 71' lang='lat' dir='ltr'><strong>scientiae</strong></span> <span class='ocrx_word' id='word_1_664' title='bbox 2107 3525 2221 3565; x_wconf 70' lang='lat' dir='ltr'><strong>suae</strong></span> <span class='ocrx_word' id='word_1_665' title='bbox 2253 3510 2410 3581; x_wconf 86' lang='lat' dir='ltr'><strong>longe</strong></span> <span class='ocrx_word' id='word_1_666' title='bbox 2438 3519 2492 3564; x_wconf 90' lang='lat' dir='ltr'><strong>et</strong></span> <span class='ocrx_word' id='word_1_667' title='bbox 2523 3509 2630 3564; x_wconf 89' lang='lat' dir='ltr'><strong>alte</strong></span> <span class='ocrx_word' id='word_1_668' title='bbox 2671 3518 2936 3564; x_wconf 88' lang='lat' dir='ltr'><strong>remotum</strong></span> <span class='ocrx_word' id='word_1_669' title='bbox 2967 3525 3090 3566; x_wconf 85' lang='lat' dir='ltr'><strong>esse</strong></span> <span class='ocrx_word' id='word_1_670' title='bbox 3129 3513 3416 3568; x_wconf 76' lang='lat' dir='ltr'><strong>confessus</strong></span> 
     </span>
    </p>
   </div>
   <div class='ocr_carea' id='block_1_82' title="bbox 1835 3601 3418 3670">
    <p class='ocr_par' dir='ltr' id='par_1_82' title="bbox 1835 3601 3418 3670">
     <span class='ocr_line' id='line_1_82' title="bbox 1835 3601 3418 3670; baseline 0.001 -11"><span class='ocrx_word' id='word_1_671' title='bbox 1835 3603 2188 3670; x_wconf 73' lang='lat' dir='ltr'><strong>est,audeant</strong></span> <span class='ocrx_word' id='word_1_672' title='bbox 2214 3601 2334 3657; x_wconf 80' lang='lat' dir='ltr'><strong>falsi</strong></span> <span class='ocrx_word' id='word_1_673' title='bbox 2367 3603 2597 3656; x_wconf 89' lang='lat' dir='ltr'><strong>nominis</strong></span> <span class='ocrx_word' id='word_1_674' title='bbox 2619 3611 2885 3657; x_wconf 83' lang='lat' dir='ltr'><strong>temerare</strong></span> <span class='ocrx_word' id='word_1_675' title='bbox 2915 3601 3254 3668; x_wconf 88' lang='lat' dir='ltr'><strong>doctrina;et</strong></span> <span class='ocrx_word' id='word_1_676' title='bbox 3283 3608 3418 3661; x_wconf 80' lang='lat' dir='ltr'><strong>nihil</strong></span> 
     </span>
    </p>
   </div>
   <div class='ocr_carea' id='block_1_83' title="bbox 1836 3691 3417 3763">
    <p class='ocr_par' dir='ltr' id='par_1_83' title="bbox 1836 3691 3417 3763">
     <span class='ocr_line' id='line_1_83' title="bbox 1836 3691 3417 3763; baseline 0 -15"><span class='ocrx_word' id='word_1_677' title='bbox 1836 3693 1949 3748; x_wconf 91' lang='lat' dir='ltr'><strong>illic</strong></span> <span class='ocrx_word' id='word_1_678' title='bbox 1977 3695 2269 3757; x_wconf 88' lang='lat' dir='ltr'><strong>occultum,</strong></span> <span class='ocrx_word' id='word_1_679' title='bbox 2301 3691 2436 3746; x_wconf 91' lang='lat' dir='ltr'><strong>nihil</strong></span> <span class='ocrx_word' id='word_1_680' title='bbox 2483 3691 2647 3746; x_wconf 88' lang='lat' dir='ltr'><strong>velint</strong></span> <span class='ocrx_word' id='word_1_681' title='bbox 2679 3705 2800 3746; x_wconf 90' lang='lat' dir='ltr'><strong>esse</strong></span> <span class='ocrx_word' id='word_1_682' title='bbox 2825 3701 3120 3759; x_wconf 87' lang='lat' dir='ltr'><strong>secretum,</strong></span> <span class='ocrx_word' id='word_1_683' title='bbox 3157 3693 3245 3747; x_wconf 91' lang='lat' dir='ltr'><strong>ubi</strong></span> <span class='ocrx_word' id='word_1_684' title='bbox 3267 3695 3417 3763; x_wconf 84' lang='lat' dir='ltr'><strong>Apo-</strong></span> 
     </span>
    </p>
   </div>
   <div class='ocr_carea' id='block_1_84' title="bbox 1836 3783 3412 3854">
    <p class='ocr_par' dir='ltr' id='par_1_84' title="bbox 1836 3783 3412 3854">
     <span class='ocr_line' id='line_1_84' title="bbox 1836 3783 3412 3854; baseline -0.001 -13"><span class='ocrx_word' id='word_1_685' title='bbox 1836 3787 2010 3841; x_wconf 90' lang='lat' dir='ltr'><strong>stolus</strong></span> <span class='ocrx_word' id='word_1_686' title='bbox 2037 3800 2142 3840; x_wconf 92' lang='lat' dir='ltr'><strong>non</strong></span> <span class='ocrx_word' id='word_1_687' title='bbox 2170 3783 2297 3854; x_wconf 89' lang='lat' dir='ltr'><strong>quid</strong></span> <span class='ocrx_word' id='word_1_688' title='bbox 2345 3784 2686 3838; x_wconf 82' lang='lat' dir='ltr'><strong>sentiendum</strong></span> <span class='ocrx_word' id='word_1_689' title='bbox 2719 3790 2864 3837; x_wconf 87' lang='lat' dir='ltr'><strong>esset</strong></span> <span class='ocrx_word' id='word_1_690' title='bbox 2893 3784 3125 3851; x_wconf 89' lang='lat' dir='ltr'><strong>aperuit,</strong></span> <span class='ocrx_word' id='word_1_691' title='bbox 3159 3790 3255 3840; x_wconf 88' lang='lat' dir='ltr'><strong>sed</strong></span> <span class='ocrx_word' id='word_1_692' title='bbox 3286 3787 3412 3854; x_wconf 85' lang='lat' dir='ltr'><strong>quid</strong></span> 
     </span>
    </p>
   </div>
   <div class='ocr_carea' id='block_1_85' title="bbox 1837 3873 3416 3948">
    <p class='ocr_par' dir='ltr' id='par_1_85' title="bbox 1837 3873 3416 3948">
     <span class='ocr_line' id='line_1_85' title="bbox 1837 3873 3416 3948; baseline -0.001 -14"><span class='ocrx_word' id='word_1_693' title='bbox 1837 3895 1946 3934; x_wconf 90' lang='lat' dir='ltr'><strong>non</strong></span> <span class='ocrx_word' id='word_1_694' title='bbox 1973 3877 2323 3934; x_wconf 81' lang='lat' dir='ltr'><strong>scrutandum</strong></span> <span class='ocrx_word' id='word_1_695' title='bbox 2351 3886 2497 3930; x_wconf 89' lang='lat' dir='ltr'><strong>esset</strong></span> <span class='ocrx_word' id='word_1_696' title='bbox 2535 3874 2791 3929; x_wconf 88' lang='lat' dir='ltr'><strong>ostendit.</strong></span> <span class='ocrx_word' id='word_1_697' title='bbox 2820 3873 2995 3928; x_wconf 86' lang='lat' dir='ltr'><strong>Nullis</strong></span> <span class='ocrx_word' id='word_1_698' title='bbox 3023 3875 3225 3930; x_wconf 90' lang='lat' dir='ltr'><strong>etenim</strong></span> <span class='ocrx_word' id='word_1_699' title='bbox 3251 3878 3416 3948; x_wconf 90' lang='lat' dir='ltr'><strong>(quod</strong></span> 
     </span>
    </p>
   </div>
   <div class='ocr_carea' id='block_1_86' title="bbox 1837 3964 3419 4038">
    <p class='ocr_par' dir='ltr' id='par_1_86' title="bbox 1837 3964 3419 4038">
     <span class='ocr_line' id='line_1_86' title="bbox 1837 3964 3419 4038; baseline 0.001 -16"><span class='ocrx_word' id='word_1_700' title='bbox 1837 3982 1999 4038; x_wconf 87' lang='lat' dir='ltr'><strong>supra</strong></span> <span class='ocrx_word' id='word_1_701' title='bbox 2035 3968 2144 4036; x_wconf 89' lang='lat' dir='ltr'><strong>jam</strong></span> <span class='ocrx_word' id='word_1_702' title='bbox 2176 3965 2432 4035; x_wconf 82' lang='lat' dir='ltr'><strong>diximus)</strong></span> <span class='ocrx_word' id='word_1_703' title='bbox 2461 3964 2672 4028; x_wconf 89' lang='lat' dir='ltr'><strong>studiis,</strong></span> <span class='ocrx_word' id='word_1_704' title='bbox 2710 3964 2876 4019; x_wconf 88' lang='lat' dir='ltr'><strong>nullis</strong></span> <span class='ocrx_word' id='word_1_705' title='bbox 2905 3965 3136 4034; x_wconf 87' lang='lat' dir='ltr'><strong>ingeniis</strong></span> <span class='ocrx_word' id='word_1_706' title='bbox 3163 3965 3419 4037; x_wconf 81' lang='lat' dir='ltr'><strong>indagare</strong></span> 
     </span>
    </p>
   </div>
   <div class='ocr_carea' id='block_1_87' title="bbox 1837 4054 3420 4126">
    <p class='ocr_par' dir='ltr' id='par_1_87' title="bbox 1837 4054 3420 4126">
     <span class='ocr_line' id='line_1_87' title="bbox 1837 4054 3420 4126; baseline 0 -12"><span class='ocrx_word' id='word_1_707' title='bbox 1837 4072 2153 4114; x_wconf 90' lang='lat' dir='ltr'><strong>concessum</strong></span> <span class='ocrx_word' id='word_1_708' title='bbox 2167 4067 2268 4120; x_wconf 87' lang='lat' dir='ltr'><strong>est,</strong></span> <span class='ocrx_word' id='word_1_709' title='bbox 2283 4071 2388 4126; x_wconf 92' lang='lat' dir='ltr'><strong>quo</strong></span> <span class='ocrx_word' id='word_1_710' title='bbox 2403 4054 2608 4126; x_wconf 88' lang='lat' dir='ltr'><strong>judicio</strong></span> <span class='ocrx_word' id='word_1_711' title='bbox 2620 4070 2792 4124; x_wconf 89' lang='lat' dir='ltr'><strong>quove</strong></span> <span class='ocrx_word' id='word_1_712' title='bbox 2808 4057 3038 4111; x_wconf 89' lang='lat' dir='ltr'><strong>concilio</strong></span> <span class='ocrx_word' id='word_1_713' title='bbox 3059 4056 3198 4112; x_wconf 90' lang='lat' dir='ltr'><strong>Deus</strong></span> <span class='ocrx_word' id='word_1_714' title='bbox 3217 4059 3420 4114; x_wconf 87' lang='lat' dir='ltr'><strong>incom-</strong></span> 
     </span>
    </p>
   </div>
   <div class='ocr_carea' id='block_1_88' title="bbox 1838 4148 3421 4220">
    <p class='ocr_par' dir='ltr' id='par_1_88' title="bbox 1838 4148 3421 4220">
     <span class='ocr_line' id='line_1_88' title="bbox 1838 4148 3421 4220; baseline 0.001 -14"><span class='ocrx_word' id='word_1_715' title='bbox 1838 4150 2180 4206; x_wconf 86' lang='lat' dir='ltr'><strong>mutabiliter</strong></span> <span class='ocrx_word' id='word_1_716' title='bbox 2208 4149 2401 4213; x_wconf 88' lang='lat' dir='ltr'><strong>bonus,</strong></span> <span class='ocrx_word' id='word_1_717' title='bbox 2437 4148 2951 4204; x_wconf 84' lang='lat' dir='ltr'><strong>ineommutabiliter</strong></span> <span class='ocrx_word' id='word_1_718' title='bbox 2976 4149 3171 4217; x_wconf 91' lang='lat' dir='ltr'><strong>justus,</strong></span> <span class='ocrx_word' id='word_1_719' title='bbox 3205 4165 3421 4220; x_wconf 84' lang='lat' dir='ltr'><strong>semper</strong></span> 
     </span>
    </p>
   </div>
   <div class='ocr_carea' id='block_1_89' title="bbox 1837 4239 3422 4312">
    <p class='ocr_par' dir='ltr' id='par_1_89' title="bbox 1837 4239 3422 4312">
     <span class='ocr_line' id='line_1_89' title="bbox 1837 4239 3422 4312; baseline 0 -16"><span class='ocrx_word' id='word_1_720' title='bbox 1837 4242 2112 4312; x_wconf 69' lang='lat' dir='ltr'><strong>praescius,</strong></span> <span class='ocrx_word' id='word_1_721' title='bbox 2130 4255 2345 4310; x_wconf 82' lang='lat' dir='ltr'><strong>semper</strong></span> <span class='ocrx_word' id='word_1_722' title='bbox 2362 4240 2726 4310; x_wconf 87' lang='lat' dir='ltr'><strong>omnipotens,</strong></span> <span class='ocrx_word' id='word_1_723' title='bbox 2743 4239 2865 4296; x_wconf 88' lang='lat' dir='ltr'><strong>ideo</strong></span> <span class='ocrx_word' id='word_1_724' title='bbox 2881 4242 3052 4294; x_wconf 83' lang='lat' dir='ltr'><strong>omnia</strong></span> <span class='ocrx_word' id='word_1_725' title='bbox 3064 4242 3117 4294; x_wconf 91' lang='lat' dir='ltr'><strong>in</strong></span> <span class='ocrx_word' id='word_1_726' title='bbox 3140 4242 3422 4296; x_wconf 86' lang='lat' dir='ltr'><strong>increduli-</strong></span> 
     </span>
    </p>
   </div>
   <div class='ocr_carea' id='block_1_90' title="bbox 1840 4329 3419 4399">
    <p class='ocr_par' dir='ltr' id='par_1_90' title="bbox 1840 4329 3419 4399">
     <span class='ocr_line' id='line_1_90' title="bbox 1840 4329 3419 4399; baseline -0.001 -14"><span class='ocrx_word' id='word_1_727' title='bbox 1840 4342 1945 4387; x_wconf 87' lang='lat' dir='ltr'><strong>tate</strong></span> <span class='ocrx_word' id='word_1_728' title='bbox 1970 4330 1986 4369; x_wconf 82' lang='grc' dir='ltr'>ι</span> <span class='ocrx_word' id='word_1_729' title='bbox 2011 4332 2337 4397; x_wconf 86' lang='lat' dir='ltr'><strong>concluserit,</strong></span> <span class='ocrx_word' id='word_1_730' title='bbox 2369 4341 2424 4382; x_wconf 89' lang='lat' dir='ltr'><strong>ut</strong></span> <span class='ocrx_word' id='word_1_731' title='bbox 2456 4331 2685 4382; x_wconf 88' lang='lat' dir='ltr'><strong>omnium</strong></span> <span class='ocrx_word' id='word_1_732' title='bbox 2709 4329 3289 4399; x_wconf 80' lang='lat' dir='ltr'><strong>misereatur(liom.xt,</strong></span> <span class='ocrx_word' id='word_1_733' title='bbox 3306 4332 3419 4399; x_wconf 71' lang='lat'><strong>32);</strong></span> 
     </span>
    </p>
   </div>
   <div class='ocr_carea' id='block_1_91' title="bbox 189 4413 3421 4496">
    <p class='ocr_par' dir='ltr' id='par_1_91' title="bbox 189 4413 3421 4496">
     <span class='ocr_line' id='line_1_91' title="bbox 189 4413 3421 4496; baseline 0.002 -30"><span class='ocrx_word' id='word_1_734' title='bbox 189 4413 340 4472; x_wconf 70' lang='lat' dir='ltr'><strong>haeres</strong></span> <span class='ocrx_word' id='word_1_735' title='bbox 370 4422 578 4478; x_wconf 79' lang='lat' dir='ltr'><strong>futurus</strong></span> <span class='ocrx_word' id='word_1_736' title='bbox 613 4431 760 4480; x_wconf 88' lang='lat' dir='ltr'><strong>esset</strong></span> <span class='ocrx_word' id='word_1_737' title='bbox 787 4425 994 4492; x_wconf 89' lang='lat' dir='ltr'><strong>mundi,</strong></span> <span class='ocrx_word' id='word_1_738' title='bbox 1025 4443 1123 4479; x_wconf 91' lang='lat' dir='ltr'><strong>non</strong></span> <span class='ocrx_word' id='word_1_739' title='bbox 1145 4426 1397 4481; x_wconf 79' lang='lat' dir='ltr'><strong>htesitavit</strong></span> <span class='ocrx_word' id='word_1_740' title='bbox 1431 4426 1731 4496; x_wconf 70' lang='lat' dir='ltr'><strong>difﬁdentia,</strong></span> <span class='ocrx_word' id='word_1_741' title='bbox 1765 4413 1814 4474; x_wconf 86' lang='lat' dir='ltr'><strong>D</strong></span> <span class='ocrx_word' id='word_1_742' title='bbox 1841 4432 1895 4477; x_wconf 88' lang='lat' dir='ltr'><strong>et</strong></span> <span class='ocrx_word' id='word_1_743' title='bbox 1913 4431 2092 4477; x_wconf 87' lang='lat' dir='ltr'><strong>tamen</strong></span> <span class='ocrx_word' id='word_1_744' title='bbox 2123 4422 2229 4476; x_wconf 90' lang='lat' dir='ltr'><strong>illis</strong></span> <span class='ocrx_word' id='word_1_745' title='bbox 2254 4420 2468 4474; x_wconf 68' lang='lat' dir='ltr'><strong>saeculis</strong></span> <span class='ocrx_word' id='word_1_746' title='bbox 2496 4419 2690 4489; x_wconf 91' lang='lat' dir='ltr'><strong>quibus</strong></span> <span class='ocrx_word' id='word_1_747' title='bbox 2720 4435 2880 4472; x_wconf 93' lang='lat' dir='ltr'><strong>unum</strong></span> <span class='ocrx_word' id='word_1_748' title='bbox 2925 4417 3182 4473; x_wconf 86' lang='lat' dir='ltr'><strong>Israelcm</strong></span> <span class='ocrx_word' id='word_1_749' title='bbox 3205 4421 3421 4475; x_wconf 88' lang='lat' dir='ltr'><strong>erudie-</strong></span> 
     </span>
    </p>
   </div>
   <div class='ocr_carea' id='block_1_92' title="bbox 187 4508 1735 4590">
    <p class='ocr_par' dir='ltr' id='par_1_92' title="bbox 187 4508 1735 4590">
     <span class='ocr_line' id='line_1_92' title="bbox 187 4508 1735 4590; baseline 0.011 -34"><span class='ocrx_word' id='word_1_750' title='bbox 187 4508 261 4558; x_wconf 80' lang='lat' dir='ltr'><strong>sed</strong></span> <span class='ocrx_word' id='word_1_751' title='bbox 284 4513 589 4581; x_wconf 78' lang='lat' dir='ltr'><strong>confortatus</strong></span> <span class='ocrx_word' id='word_1_752' title='bbox 628 4525 702 4569; x_wconf 91' lang='lat' dir='ltr'><strong>est</strong></span> <span class='ocrx_word' id='word_1_753' title='bbox 741 4516 865 4584; x_wconf 79' lang='lat' dir='ltr'><strong>ﬁde,</strong></span> <span class='ocrx_word' id='word_1_754' title='bbox 889 4517 1017 4570; x_wconf 90' lang='lat' dir='ltr'><strong>dans</strong></span> <span class='ocrx_word' id='word_1_755' title='bbox 1044 4518 1262 4587; x_wconf 84' lang='lat' dir='ltr'><strong>gloriam</strong></span> <span class='ocrx_word' id='word_1_756' title='bbox 1291 4517 1420 4585; x_wconf 90' lang='lat' dir='ltr'><strong>Deo,</strong></span> <span class='ocrx_word' id='word_1_757' title='bbox 1462 4529 1510 4571; x_wconf 93' lang='lat' dir='ltr'><strong>et</strong></span> <span class='ocrx_word' id='word_1_758' title='bbox 1539 4519 1735 4590; x_wconf 83' lang='lat' dir='ltr'><strong>plenis-</strong></span> 
     </span>
    </p>
   </div>
   <div class='ocr_carea' id='block_1_93' title="bbox 188 4597 1741 4679">
    <p class='ocr_par' dir='ltr' id='par_1_93' title="bbox 188 4597 1741 4679">
     <span class='ocr_line' id='line_1_93' title="bbox 188 4597 1741 4679; baseline 0.011 -33"><span class='ocrx_word' id='word_1_759' title='bbox 188 4597 292 4653; x_wconf 88' lang='lat' dir='ltr'><strong>sinte</strong></span> <span class='ocrx_word' id='word_1_760' title='bbox 318 4605 472 4658; x_wconf 84' lang='lat' dir='ltr'><strong>sciens</strong></span> <span class='ocrx_word' id='word_1_761' title='bbox 490 4608 738 4676; x_wconf 88' lang='lat' dir='ltr'><strong>quoniam</strong></span> <span class='ocrx_word' id='word_1_762' title='bbox 764 4609 902 4676; x_wconf 81' lang='lat' dir='ltr'><strong>quod</strong></span> <span class='ocrx_word' id='word_1_763' title='bbox 920 4611 1172 4673; x_wconf 80' lang='lat' dir='ltr'><strong>promisit,</strong></span> <span class='ocrx_word' id='word_1_764' title='bbox 1203 4620 1378 4677; x_wconf 87' lang='lat' dir='ltr'><strong>potens</strong></span> <span class='ocrx_word' id='word_1_765' title='bbox 1403 4619 1477 4663; x_wconf 87' lang='lat' dir='ltr'><strong>est</strong></span> <span class='ocrx_word' id='word_1_766' title='bbox 1500 4621 1543 4663; x_wconf 89' lang='lat' dir='ltr'><strong>et</strong></span> <span class='ocrx_word' id='word_1_767' title='bbox 1571 4612 1741 4679; x_wconf 77' lang='lat' dir='ltr'><strong>facere</strong></span> 
     </span>
    </p>
   </div>
   <div class='ocr_carea' id='block_1_94' title="bbox 189 4687 1742 4769">
    <p class='ocr_par' dir='ltr' id='par_1_94' title="bbox 189 4687 1742 4769">
     <span class='ocr_line' id='line_1_94' title="bbox 189 4687 1742 4769; baseline 0.011 -28"><span class='ocrx_word' id='word_1_768' title='bbox 189 4687 351 4755; x_wconf 80' lang='lat' dir='ltr'><strong>(Rom.</strong></span> <span class='ocrx_word' id='word_1_769' title='bbox 382 4710 452 4761; x_wconf 83' lang='lat' dir='ltr'><strong>IV,</strong></span> <span class='ocrx_word' id='word_1_770' title='bbox 481 4698 610 4769; x_wconf 77' lang='lat'><strong>‘20).</strong></span> <span class='ocrx_word' id='word_1_771' title='bbox 643 4698 776 4764; x_wconf 87' lang='lat' dir='ltr'><strong>Quis</strong></span> <span class='ocrx_word' id='word_1_772' title='bbox 815 4710 994 4754; x_wconf 88' lang='lat' dir='ltr'><strong>autem</strong></span> <span class='ocrx_word' id='word_1_773' title='bbox 1040 4710 1146 4754; x_wconf 88' lang='lat' dir='ltr'><strong>tam</strong></span> <span class='ocrx_word' id='word_1_774' title='bbox 1205 4701 1417 4756; x_wconf 87' lang='lat' dir='ltr'><strong>alienus</strong></span> <span class='ocrx_word' id='word_1_775' title='bbox 1461 4711 1548 4757; x_wconf 89' lang='lat' dir='ltr'><strong>est</strong></span> <span class='ocrx_word' id='word_1_776' title='bbox 1574 4717 1604 4756; x_wconf 91' lang='lat' dir='ltr'><strong>a</strong></span> <span class='ocrx_word' id='word_1_777' title='bbox 1637 4703 1742 4758; x_wconf 82' lang='lat' dir='ltr'><strong>ﬁde</strong></span> 
     </span>
    </p>
   </div>
   <div class='ocr_carea' id='block_1_95' title="bbox 189 4781 1740 4862">
    <p class='ocr_par' dir='ltr' id='par_1_95' title="bbox 189 4781 1740 4862">
     <span class='ocr_line' id='line_1_95' title="bbox 189 4781 1740 4862; baseline 0.009 -28"><span class='ocrx_word' id='word_1_778' title='bbox 189 4781 411 4854; x_wconf 84' lang='lat' dir='ltr'><strong>Abrahae,</strong></span> <span class='ocrx_word' id='word_1_779' title='bbox 443 4791 563 4858; x_wconf 89' lang='lat' dir='ltr'><strong>quis</strong></span> <span class='ocrx_word' id='word_1_780' title='bbox 587 4799 694 4845; x_wconf 91' lang='lat' dir='ltr'><strong>tam</strong></span> <span class='ocrx_word' id='word_1_781' title='bbox 730 4791 967 4862; x_wconf 86' lang='lat' dir='ltr'><strong>degener</strong></span> <span class='ocrx_word' id='word_1_782' title='bbox 993 4793 1062 4846; x_wconf 87' lang='lat' dir='ltr'><strong>ab</strong></span> <span class='ocrx_word' id='word_1_783' title='bbox 1092 4795 1467 4848; x_wconf 84' lang='lat' dir='ltr'><strong>universarum</strong></span> <span class='ocrx_word' id='word_1_784' title='bbox 1498 4794 1740 4862; x_wconf 86' lang='lat' dir='ltr'><strong>gentium</strong></span> 
     </span>
    </p>
   </div>
   <div class='ocr_carea' id='block_1_96' title="bbox 245 4984 1726 5061">
    <p class='ocr_par' dir='ltr' id='par_1_96' title="bbox 245 4984 1726 5061">
     <span class='ocr_line' id='line_1_96' title="bbox 245 4984 1726 5061; baseline 0.003 -21"><span class='ocrx_word' id='word_1_785' title='bbox 245 4992 269 5022; x_wconf 76' lang='grc' dir='ltr'>ι</span> <span class='ocrx_word' id='word_1_786' title='bbox 293 4984 348 5042; x_wconf 85' lang='lat' dir='ltr'><strong>In</strong></span> <span class='ocrx_word' id='word_1_787' title='bbox 377 4988 572 5061; x_wconf 84' lang='lat' dir='ltr'><strong>Leonis</strong></span> <span class='ocrx_word' id='word_1_788' title='bbox 600 4990 834 5046; x_wconf 76' lang='lat' dir='ltr'><strong>editione</strong></span> <span class='ocrx_word' id='word_1_789' title='bbox 875 4990 1140 5046; x_wconf 88' lang='lat' dir='ltr'><strong>omittitur</strong></span> <span class='ocrx_word' id='word_1_790' title='bbox 1181 5007 1386 5057; x_wconf 86' lang='lat' dir='ltr'><strong>omnes;</strong></span> <span class='ocrx_word' id='word_1_791' title='bbox 1419 5005 1584 5061; x_wconf 89' lang='lat' dir='ltr'><strong>quam</strong></span> <span class='ocrx_word' id='word_1_792' title='bbox 1633 5005 1726 5045; x_wconf 84' lang='lat' dir='ltr'><strong>vo-</strong></span> 
     </span>
    </p>
   </div>
   <div class='ocr_carea' id='block_1_97' title="bbox 187 5060 1227 5131">
    <p class='ocr_par' dir='ltr' id='par_1_97' title="bbox 187 5060 1227 5131">
     <span class='ocr_line' id='line_1_97' title="bbox 187 5060 1227 5131; baseline 0.01 -26"><span class='ocrx_word' id='word_1_793' title='bbox 187 5060 515 5131; x_wconf 32' lang='lat' dir='ltr'><strong>CBIHAQOdIDeS</strong></span> <span class='ocrx_word' id='word_1_794' title='bbox 543 5062 790 5131; x_wconf 87' lang='lat' dir='ltr'><strong>Prosperi</strong></span> <span class='ocrx_word' id='word_1_795' title='bbox 816 5077 922 5116; x_wconf 88' lang='lat' dir='ltr'><strong>non</strong></span> <span class='ocrx_word' id='word_1_796' title='bbox 953 5067 1227 5116; x_wconf 87' lang='lat' dir='ltr'><strong>omittunt.</strong></span> 
     </span>
    </p>
   </div>
   <div class='ocr_carea' id='block_1_98' title="bbox 248 5125 1167 5201">
    <p class='ocr_par' dir='ltr' id='par_1_98' title="bbox 248 5125 1167 5201">
     <span class='ocr_line' id='line_1_98' title="bbox 248 5125 1167 5201; baseline 0.007 -22"><span class='ocrx_word' id='word_1_797' title='bbox 248 5125 270 5161; x_wconf 68' lang='grc' dir='ltr'>δ</span> <span class='ocrx_word' id='word_1_798' title='bbox 414 5125 692 5200; x_wconf 66' lang='lat' dir='ltr'><strong>Joliensis,</strong></span> <span class='ocrx_word' id='word_1_799' title='bbox 714 5133 983 5201; x_wconf 86' lang='lat' dir='ltr'><strong>quisquam</strong></span> <span class='ocrx_word' id='word_1_800' title='bbox 1008 5134 1167 5185; x_wconf 82' lang='lat' dir='ltr'><strong>novit.</strong></span> 
     </span>
    </p>
   </div>
   <div class='ocr_carea' id='block_1_99' title="bbox 252 5197 1333 5273">
    <p class='ocr_par' dir='ltr' id='par_1_99' title="bbox 252 5197 1333 5273">
     <span class='ocr_line' id='line_1_99' title="bbox 252 5197 1333 5273; baseline 0.004 -25"><span class='ocrx_word' id='word_1_801' title='bbox 252 5205 272 5273; x_wconf 65' lang='grc' dir='ltr'>ξ</span> <span class='ocrx_word' id='word_1_802' title='bbox 300 5197 977 5273; x_wconf 46' lang='lat' dir='ltr'><strong>ﬁttitioDuac.&#39;etCo&#39;lon.,</strong></span> <span class='ocrx_word' id='word_1_803' title='bbox 1005 5201 1333 5273; x_wconf 75' lang='lat' dir='ltr'><strong>signiﬁcavit.</strong></span> 
     </span>
    </p>
   </div>
   <div class='ocr_carea' id='block_1_100' title="bbox 251 5261 1512 5336">
    <p class='ocr_par' dir='ltr' id='par_1_100' title="bbox 251 5261 1512 5336">
     <span class='ocr_line' id='line_1_100' title="bbox 251 5261 1512 5336; baseline 0.005 -16"><span class='ocrx_word' id='word_1_804' title='bbox 251 5261 275 5300; x_wconf 72' lang='grc' dir='ltr'>ά</span> <span class='ocrx_word' id='word_1_805' title='bbox 301 5267 416 5322; x_wconf 83' lang='lat' dir='ltr'><strong>Mss.</strong></span> <span class='ocrx_word' id='word_1_806' title='bbox 443 5271 627 5327; x_wconf 86' lang='lat' dir='ltr'><strong>Camb.</strong></span> <span class='ocrx_word' id='word_1_807' title='bbox 657 5283 709 5327; x_wconf 91' lang='lat' dir='ltr'><strong>et</strong></span> <span class='ocrx_word' id='word_1_808' title='bbox 739 5272 868 5336; x_wconf 82' lang='lat' dir='ltr'><strong>.lnl.,</strong></span> <span class='ocrx_word' id='word_1_809' title='bbox 895 5261 1008 5324; x_wconf 83' lang='lat' dir='ltr'><strong>eam</strong></span> <span class='ocrx_word' id='word_1_810' title='bbox 1037 5261 1247 5325; x_wconf 52' lang='lat' dir='ltr'><strong>doluerit</strong></span> <span class='ocrx_word' id='word_1_811' title='bbox 1272 5271 1512 5325; x_wconf 84' lang='lat' dir='ltr'><strong>revelare.</strong></span> 
     </span>
    </p>
   </div>
   <div class='ocr_carea' id='block_1_101' title="bbox 254 5338 1723 5410">
    <p class='ocr_par' dir='ltr' id='par_1_101' title="bbox 254 5338 1723 5410">
     <span class='ocr_line' id='line_1_101' title="bbox 254 5338 1723 5410; baseline 0.004 -20"><span class='ocrx_word' id='word_1_812' title='bbox 254 5342 275 5369; x_wconf 83' lang='grc'><strong>⁸</strong></span> <span class='ocrx_word' id='word_1_813' title='bbox 299 5338 379 5393; x_wconf 84' lang='lat' dir='ltr'><strong>Sic</strong></span> <span class='ocrx_word' id='word_1_814' title='bbox 408 5344 458 5393; x_wconf 89' lang='lat' dir='ltr'><strong>in</strong></span> <span class='ocrx_word' id='word_1_815' title='bbox 479 5343 710 5403; x_wconf 85' lang='lat' dir='ltr'><strong>editione</strong></span> <span class='ocrx_word' id='word_1_816' title='bbox 736 5342 950 5406; x_wconf 85' lang='lat' dir='ltr'><strong>Leonis,</strong></span> <span class='ocrx_word' id='word_1_817' title='bbox 974 5352 1028 5396; x_wconf 88' lang='lat' dir='ltr'><strong>et</strong></span> <span class='ocrx_word' id='word_1_818' title='bbox 1050 5358 1208 5408; x_wconf 80' lang='lat' dir='ltr'><strong>supra</strong></span> <span class='ocrx_word' id='word_1_819' title='bbox 1249 5343 1462 5410; x_wconf 86' lang='lat' dir='ltr'><strong>legitur.</strong></span> <span class='ocrx_word' id='word_1_820' title='bbox 1501 5346 1566 5396; x_wconf 78' lang='lat' dir='ltr'><strong>At</strong></span> <span class='ocrx_word' id='word_1_821' title='bbox 1593 5342 1723 5396; x_wconf 90' lang='lat' dir='ltr'><strong>editi</strong></span> 
     </span>
    </p>
   </div>
   <div class='ocr_carea' id='block_1_102' title="bbox 195 5411 1720 5481">
    <p class='ocr_par' dir='ltr' id='par_1_102' title="bbox 195 5411 1720 5481">
     <span class='ocr_line' id='line_1_102' title="bbox 195 5411 1720 5481; baseline 0.006 -26"><span class='ocrx_word' id='word_1_822' title='bbox 195 5417 340 5481; x_wconf 74' lang='lat' dir='ltr'><strong>nostri</strong></span> <span class='ocrx_word' id='word_1_823' title='bbox 381 5411 481 5474; x_wconf 87' lang='lat' dir='ltr'><strong>hic,</strong></span> <span class='ocrx_word' id='word_1_824' title='bbox 513 5413 874 5481; x_wconf 79' lang='lat' dir='ltr'><strong>signiﬁcantes.</strong></span> <span class='ocrx_word' id='word_1_825' title='bbox 907 5413 1061 5466; x_wconf 84' lang='lat' dir='ltr'><strong>Prius</strong></span> <span class='ocrx_word' id='word_1_826' title='bbox 1103 5413 1294 5466; x_wconf 87' lang='lat' dir='ltr'><strong>melius</strong></span> <span class='ocrx_word' id='word_1_827' title='bbox 1338 5412 1501 5465; x_wconf 85' lang='lat' dir='ltr'><strong>scribi</strong></span> <span class='ocrx_word' id='word_1_828' title='bbox 1555 5422 1720 5480; x_wconf 86' lang='lat' dir='ltr'><strong>patet,</strong></span> 
     </span>
    </p>
   </div>
   <div class='ocr_carea' id='block_1_103' title="bbox 197 5473 1733 5554">
    <p class='ocr_par' dir='ltr' id='par_1_103' title="bbox 197 5473 1733 5554">
     <span class='ocr_line' id='line_1_103' title="bbox 197 5473 1733 5554; baseline 0.004 -24"><span class='ocrx_word' id='word_1_829' title='bbox 197 5473 302 5554; x_wconf 67' lang='lat' dir='ltr'><strong>quia</strong></span> <span class='ocrx_word' id='word_1_830' title='bbox 337 5493 428 5532; x_wconf 80' lang='lat' dir='ltr'><strong>vox</strong></span> <span class='ocrx_word' id='word_1_831' title='bbox 471 5473 763 5552; x_wconf 66' lang='lat' dir='ltr'><strong>signantes,</strong></span> <span class='ocrx_word' id='word_1_832' title='bbox 811 5498 906 5549; x_wconf 88' lang='lat' dir='ltr'><strong>per</strong></span> <span class='ocrx_word' id='word_1_833' title='bbox 951 5497 1184 5551; x_wconf 73' lang='lat' dir='ltr'><strong>expresse</strong></span> <span class='ocrx_word' id='word_1_834' title='bbox 1232 5473 1584 5552; x_wconf 73' lang='lat' dir='ltr'><strong>signiﬁcantes</strong></span> <span class='ocrx_word' id='word_1_835' title='bbox 1639 5473 1733 5536; x_wconf 50' lang='lat' dir='ltr'><strong>ex;</strong></span> 
     </span>
    </p>
   </div>
   <div class='ocr_carea' id='block_1_104' title="bbox 198 5555 612 5618">
    <p class='ocr_par' dir='ltr' id='par_1_104' title="bbox 198 5555 612 5618">
     <span class='ocr_line' id='line_1_104' title="bbox 198 5555 612 5618; baseline 0.01 -17"><span class='ocrx_word' id='word_1_836' title='bbox 198 5555 388 5618; x_wconf 67' lang='lat' dir='ltr'><strong>pottttur</strong></span> <span class='ocrx_word' id='word_1_837' title='bbox 416 5561 612 5618; x_wconf 90' lang='lat' dir='ltr'><strong>postea.</strong></span> 
     </span>
    </p>
   </div>
   <div class='ocr_carea' id='block_1_105' title="bbox 263 5611 1727 5692">
    <p class='ocr_par' dir='ltr' id='par_1_105' title="bbox 263 5611 1727 5692">
     <span class='ocr_line' id='line_1_105' title="bbox 263 5611 1727 5692; baseline 0.003 -24"><span class='ocrx_word' id='word_1_838' title='bbox 263 5611 278 5649; x_wconf 81' lang='grc'><em>¹</em></span> <span class='ocrx_word' id='word_1_839' title='bbox 309 5611 436 5672; x_wconf 80' lang='lat' dir='ltr'><strong>Editi</strong></span> <span class='ocrx_word' id='word_1_840' title='bbox 456 5659 471 5684; x_wconf 89' lang='lat'><strong>,</strong></span> <span class='ocrx_word' id='word_1_841' title='bbox 498 5625 662 5684; x_wconf 81' lang='lat' dir='ltr'><strong>[actus</strong></span> <span class='ocrx_word' id='word_1_842' title='bbox 699 5631 772 5678; x_wconf 86' lang='lat' dir='ltr'><strong>est</strong></span> <span class='ocrx_word' id='word_1_843' title='bbox 817 5623 1072 5690; x_wconf 78' lang='lat' dir='ltr'><strong>obediens,</strong></span> <span class='ocrx_word' id='word_1_844' title='bbox 1103 5625 1270 5690; x_wconf 78' lang='lat' dir='ltr'><strong>{actus</strong></span> <span class='ocrx_word' id='word_1_845' title='bbox 1302 5631 1372 5676; x_wconf 91' lang='lat' dir='ltr'><strong>est</strong></span> <span class='ocrx_word' id='word_1_846' title='bbox 1417 5622 1727 5692; x_wconf 80' lang='lat' dir='ltr'><strong>intelligens.</strong></span> 
     </span>
    </p>
   </div>
   <div class='ocr_carea' id='block_1_106' title="bbox 1842 4508 3420 4579">
    <p class='ocr_par' dir='ltr' id='par_1_106' title="bbox 1842 4508 3420 4579">
     <span class='ocr_line' id='line_1_106' title="bbox 1842 4508 3420 4579; baseline -0.002 -11"><span class='ocrx_word' id='word_1_847' title='bbox 1842 4514 1951 4577; x_wconf 89' lang='lat' dir='ltr'><strong>bat,</strong></span> <span class='ocrx_word' id='word_1_848' title='bbox 1977 4510 2399 4567; x_wconf 89' lang='lat' dir='ltr'><strong>innumerabiles</strong></span> <span class='ocrx_word' id='word_1_849' title='bbox 2429 4509 2656 4579; x_wconf 91' lang='lat' dir='ltr'><strong>populos</strong></span> <span class='ocrx_word' id='word_1_850' title='bbox 2671 4509 2956 4576; x_wconf 88' lang='lat' dir='ltr'><strong>impiorum</strong></span> <span class='ocrx_word' id='word_1_851' title='bbox 2981 4508 3286 4565; x_wconf 88' lang='lat' dir='ltr'><strong>illuminare</strong></span> <span class='ocrx_word' id='word_1_852' title='bbox 3305 4510 3420 4565; x_wconf 88' lang='lat' dir='ltr'><strong>dis-</strong></span> 
     </span>
    </p>
   </div>
   <div class='ocr_carea' id='block_1_107' title="bbox 1843 4599 3422 4668">
    <p class='ocr_par' dir='ltr' id='par_1_107' title="bbox 1843 4599 3422 4668">
     <span class='ocr_line' id='line_1_107' title="bbox 1843 4599 3422 4668; baseline -0.001 -9"><span class='ocrx_word' id='word_1_853' title='bbox 1843 4604 2049 4668; x_wconf 86' lang='lat' dir='ltr'><strong>tulerit;</strong></span> <span class='ocrx_word' id='word_1_854' title='bbox 2077 4613 2132 4657; x_wconf 90' lang='lat' dir='ltr'><strong>et</strong></span> <span class='ocrx_word' id='word_1_855' title='bbox 2159 4617 2301 4656; x_wconf 91' lang='lat' dir='ltr'><strong>nunc</strong></span> <span class='ocrx_word' id='word_1_856' title='bbox 2321 4600 2570 4656; x_wconf 89' lang='lat' dir='ltr'><strong>eumdem</strong></span> <span class='ocrx_word' id='word_1_857' title='bbox 2589 4599 2866 4665; x_wconf 80' lang='lat' dir='ltr'><strong>Israelem,</strong></span> <span class='ocrx_word' id='word_1_858' title='bbox 2898 4599 3069 4655; x_wconf 90' lang='lat' dir='ltr'><strong>donec</strong></span> <span class='ocrx_word' id='word_1_859' title='bbox 3094 4603 3422 4657; x_wconf 86' lang='lat' dir='ltr'><strong>universitas</strong></span> 
     </span>
    </p>
   </div>
   <div class='ocr_carea' id='block_1_108' title="bbox 1841 4691 3422 4764">
    <p class='ocr_par' dir='ltr' id='par_1_108' title="bbox 1841 4691 3422 4764">
     <span class='ocr_line' id='line_1_108' title="bbox 1841 4691 3422 4764; baseline -0.001 -14"><span class='ocrx_word' id='word_1_860' title='bbox 1841 4695 2078 4764; x_wconf 88' lang='lat' dir='ltr'><strong>gentium</strong></span> <span class='ocrx_word' id='word_1_861' title='bbox 2111 4695 2365 4756; x_wconf 88' lang='lat' dir='ltr'><strong>introeat,</strong></span> <span class='ocrx_word' id='word_1_862' title='bbox 2398 4691 2731 4744; x_wconf 68' lang='lat' dir='ltr'><strong>obcaecatum</strong></span> <span class='ocrx_word' id='word_1_863' title='bbox 2756 4704 2879 4746; x_wconf 87' lang='lat' dir='ltr'><strong>esse</strong></span> <span class='ocrx_word' id='word_1_864' title='bbox 2912 4693 3163 4762; x_wconf 79' lang='lat' dir='ltr'><strong>patiatur,</strong></span> <span class='ocrx_word' id='word_1_865' title='bbox 3193 4709 3422 4762; x_wconf 88' lang='lat' dir='ltr'><strong>pereun-</strong></span> 
     </span>
    </p>
   </div>
   <div class='ocr_carea' id='block_1_109' title="bbox 1845 4784 3416 4857">
    <p class='ocr_par' dir='ltr' id='par_1_109' title="bbox 1845 4784 3416 4857">
     <span class='ocr_line' id='line_1_109' title="bbox 1845 4784 3416 4857; baseline -0.006 -9"><span class='ocrx_word' id='word_1_866' title='bbox 1845 4803 1951 4848; x_wconf 90' lang='lat' dir='ltr'><strong>tem</strong></span> <span class='ocrx_word' id='word_1_867' title='bbox 1983 4792 2036 4846; x_wconf 82' lang='lat' dir='ltr'><strong>in</strong></span> <span class='ocrx_word' id='word_1_868' title='bbox 2070 4799 2145 4845; x_wconf 89' lang='lat' dir='ltr'><strong>tot</strong></span> <span class='ocrx_word' id='word_1_869' title='bbox 2184 4787 2435 4853; x_wconf 73' lang='lat' dir='ltr'><strong>millibus,</strong></span> <span class='ocrx_word' id='word_1_870' title='bbox 2453 4784 2794 4840; x_wconf 89' lang='lat' dir='ltr'><strong>nascentium</strong></span> <span class='ocrx_word' id='word_1_871' title='bbox 2835 4796 2998 4857; x_wconf 86' lang='lat' dir='ltr'><strong>atque</strong></span> <span class='ocrx_word' id='word_1_872' title='bbox 3049 4789 3416 4851; x_wconf 82' lang='lat' dir='ltr'><strong>morientium,</strong></span> 
     </span>
    </p>
   </div>
   <div class='ocr_carea' id='block_1_110' title="bbox 1837 4980 3416 5054">
    <p class='ocr_par' dir='ltr' id='par_1_110' title="bbox 1837 4980 3416 5054">
     <span class='ocr_line' id='line_1_110' title="bbox 1837 4980 3416 5054; baseline -0.004 -13"><span class='ocrx_word' id='word_1_873' title='bbox 1837 4987 2067 5042; x_wconf 85' lang='lat' dir='ltr'><strong>Verbum</strong></span> <span class='ocrx_word' id='word_1_874' title='bbox 2122 4983 2514 5038; x_wconf 87' lang='lat' dir='ltr'><strong>substantivum</strong></span> <span class='ocrx_word' id='word_1_875' title='bbox 2570 4983 2854 5054; x_wconf 89' lang='lat' dir='ltr'><strong>utrobique</strong></span> <span class='ocrx_word' id='word_1_876' title='bbox 2893 4983 3159 5038; x_wconf 86' lang='lat' dir='ltr'><strong>omittitur</strong></span> <span class='ocrx_word' id='word_1_877' title='bbox 3213 4980 3266 5034; x_wconf 86' lang='lat' dir='ltr'><strong>in</strong></span> <span class='ocrx_word' id='word_1_878' title='bbox 3312 4994 3416 5034; x_wconf 91' lang='lat' dir='ltr'><strong>ms.</strong></span> 
     </span>
    </p>
   </div>
   <div class='ocr_carea' id='block_1_111' title="bbox 1831 5056 2358 5113">
    <p class='ocr_par' dir='ltr' id='par_1_111' title="bbox 1831 5056 2358 5113">
     <span class='ocr_line' id='line_1_111' title="bbox 1831 5056 2358 5113; baseline -0.013 0"><span class='ocrx_word' id='word_1_879' title='bbox 1831 5058 2054 5113; x_wconf 82' lang='lat' dir='ltr'><strong>Joltensi</strong></span> <span class='ocrx_word' id='word_1_880' title='bbox 2081 5065 2133 5107; x_wconf 90' lang='lat' dir='ltr'><strong>et</strong></span> <span class='ocrx_word' id='word_1_881' title='bbox 2164 5056 2358 5108; x_wconf 88' lang='lat' dir='ltr'><strong>Leone.</strong></span> 
     </span>
    </p>
   </div>
   <div class='ocr_carea' id='block_1_112' title="bbox 1905 5119 3199 5188">
    <p class='ocr_par' dir='ltr' id='par_1_112' title="bbox 1905 5119 3199 5188">
     <span class='ocr_line' id='line_1_112' title="bbox 1905 5119 3199 5188; baseline -0.002 -9"><span class='ocrx_word' id='word_1_882' title='bbox 1905 5137 1929 5173; x_wconf 81' lang='grc' dir='ltr'><strong>ις</strong></span> <span class='ocrx_word' id='word_1_883' title='bbox 1960 5127 2057 5179; x_wconf 85' lang='lat' dir='ltr'><strong>Ms.</strong></span> <span class='ocrx_word' id='word_1_884' title='bbox 2086 5124 2360 5188; x_wconf 82' lang='lat' dir='ltr'><strong>Joliensis,</strong></span> <span class='ocrx_word' id='word_1_885' title='bbox 2393 5123 2616 5176; x_wconf 88' lang='lat' dir='ltr'><strong>mundus</strong></span> <span class='ocrx_word' id='word_1_886' title='bbox 2647 5125 2879 5177; x_wconf 87' lang='lat' dir='ltr'><strong>omnis...</strong></span> <span class='ocrx_word' id='word_1_887' title='bbox 2902 5131 2950 5176; x_wconf 91' lang='lat' dir='ltr'><strong>et</strong></span> <span class='ocrx_word' id='word_1_888' title='bbox 2978 5119 3199 5176; x_wconf 87' lang='lat' dir='ltr'><strong>dederit.</strong></span> 
     </span>
    </p>
   </div>
   <div class='ocr_carea' id='block_1_113' title="bbox 1905 5194 3417 5266">
    <p class='ocr_par' dir='ltr' id='par_1_113' title="bbox 1905 5194 3417 5266">
     <span class='ocr_line' id='line_1_113' title="bbox 1905 5194 3417 5266; baseline -0.005 -16"><span class='ocrx_word' id='word_1_889' title='bbox 1905 5195 1928 5232; x_wconf 67' lang='grc' dir='ltr'>δ</span> <span class='ocrx_word' id='word_1_890' title='bbox 1952 5197 2048 5250; x_wconf 72' lang='lat' dir='ltr'><strong>Ms.</strong></span> <span class='ocrx_word' id='word_1_891' title='bbox 2074 5194 2354 5258; x_wconf 81' lang='lat' dir='ltr'><strong>Joliensis,</strong></span> <span class='ocrx_word' id='word_1_892' title='bbox 2384 5194 2440 5246; x_wconf 85' lang='lat' dir='ltr'><strong>in</strong></span> <span class='ocrx_word' id='word_1_893' title='bbox 2469 5194 2907 5266; x_wconf 84' lang='lat' dir='ltr'><strong>consequentibus.</strong></span> <span class='ocrx_word' id='word_1_894' title='bbox 3035 5259 3046 5266; x_wconf 86' lang='lat'><strong>_</strong></span> <span class='ocrx_word' id='word_1_895' title='bbox 3199 5257 3219 5266; x_wconf 89' lang='lat'><em>_</em></span> <span class='ocrx_word' id='word_1_896' title='bbox 3261 5256 3295 5266; x_wconf 84' lang='lat'><strong>__</strong></span> <span class='ocrx_word' id='word_1_897' title='bbox 3405 5255 3417 5266; x_wconf 48' lang='lat'><em>.</em></span> 
     </span>
    </p>
   </div>
   <div class='ocr_carea' id='block_1_114' title="bbox 1908 5256 3420 5331">
    <p class='ocr_par' dir='ltr' id='par_1_114' title="bbox 1908 5256 3420 5331">
     <span class='ocr_line' id='line_1_114' title="bbox 1908 5256 3420 5331; baseline -0.007 -9"><span class='ocrx_word' id='word_1_898' title='bbox 1908 5266 1922 5302; x_wconf 70' lang='grc' dir='ltr'><strong>ί</strong></span> <span class='ocrx_word' id='word_1_899' title='bbox 1957 5267 2070 5322; x_wconf 76' lang='lat' dir='ltr'><strong>Vox</strong></span> <span class='ocrx_word' id='word_1_900' title='bbox 2123 5267 2259 5331; x_wconf 64' lang='lat' dir='ltr'><strong>huc,</strong></span> <span class='ocrx_word' id='word_1_901' title='bbox 2294 5256 2470 5329; x_wconf 86' lang='lat' dir='ltr'><strong>antea,</strong></span> <span class='ocrx_word' id='word_1_902' title='bbox 2513 5256 2666 5318; x_wconf 59' lang='lat' dir='ltr'><strong>abest</strong></span> <span class='ocrx_word' id='word_1_903' title='bbox 2696 5279 2727 5317; x_wconf 88' lang='lat' dir='ltr'><strong>a</strong></span> <span class='ocrx_word' id='word_1_904' title='bbox 2779 5259 3146 5327; x_wconf 87' lang='lat' dir='ltr'><strong>manuscripto</strong></span> <span class='ocrx_word' id='word_1_905' title='bbox 3191 5256 3420 5314; x_wconf 86' lang='lat' dir='ltr'><strong>Joliensi</strong></span> 
     </span>
    </p>
   </div>
   <div class='ocr_carea' id='block_1_115' title="bbox 1831 5339 3421 5469">
    <p class='ocr_par' dir='ltr' id='par_1_115' title="bbox 1831 5339 3421 5469">
     <span class='ocr_line' id='line_1_115' title="bbox 1831 5339 3421 5469; baseline -0.004 -12"><span class='ocrx_word' id='word_1_906' title='bbox 1831 5347 1886 5393; x_wconf 48' lang='lat' dir='ltr'><strong>et</strong></span> <span class='ocrx_word' id='word_1_907' title='bbox 1906 5339 2303 5462; x_wconf 49' lang='grc' dir='ltr'><strong>διξιῖἓῗὶῖθωι).</strong></span> <span class='ocrx_word' id='word_1_908' title='bbox 2332 5412 2388 5459; x_wconf 88' lang='lat' dir='ltr'><strong>et</strong></span> <span class='ocrx_word' id='word_1_909' title='bbox 2429 5403 2536 5458; x_wconf 86' lang='lat' dir='ltr'><strong>Jol.</strong></span> <span class='ocrx_word' id='word_1_910' title='bbox 2569 5417 2690 5456; x_wconf 92' lang='lat' dir='ltr'><strong>cum</strong></span> <span class='ocrx_word' id='word_1_911' title='bbox 2722 5401 2924 5468; x_wconf 86' lang='lat' dir='ltr'><strong>Leone,</strong></span> <span class='ocrx_word' id='word_1_912' title='bbox 2959 5396 3285 5469; x_wconf 85' lang='lat' dir='ltr'><strong>negligenda.</strong></span> <span class='ocrx_word' id='word_1_913' title='bbox 3313 5395 3421 5452; x_wconf 49' lang='lat' dir='ltr'><strong>Cas.</strong></span> 
     </span>
    </p>
   </div>
   <div class='ocr_carea' id='block_1_116' title="bbox 1840 5475 2511 5608">
    <p class='ocr_par' dir='ltr' id='par_1_116' title="bbox 1840 5475 2511 5608">
     <span class='ocr_line' id='line_1_116' title="bbox 1840 5475 2251 5547; baseline -0.017 -15"><span class='ocrx_word' id='word_1_914' title='bbox 1840 5483 1962 5542; x_wconf 88' lang='lat' dir='ltr'><strong>teri,</strong></span> <span class='ocrx_word' id='word_1_915' title='bbox 1997 5475 2251 5547; x_wconf 86' lang='lat' dir='ltr'><strong>neganda.</strong></span> 
     </span>
     <span class='ocr_line' id='line_1_117' title="bbox 1911 5545 2511 5608; baseline -0.01 -7"><span class='ocrx_word' id='word_1_916' title='bbox 1911 5548 1934 5587; x_wconf 78' lang='grc' dir='ltr'><strong>¹ι</strong></span> <span class='ocrx_word' id='word_1_917' title='bbox 1964 5548 2063 5601; x_wconf 87' lang='lat' dir='ltr'><strong>Ms.</strong></span> <span class='ocrx_word' id='word_1_918' title='bbox 2092 5545 2224 5608; x_wconf 83' lang='lat' dir='ltr'><strong>JoI.,</strong></span> <span class='ocrx_word' id='word_1_919' title='bbox 2253 5553 2298 5598; x_wconf 88' lang='lat' dir='ltr'><strong>et</strong></span> <span class='ocrx_word' id='word_1_920' title='bbox 2331 5546 2382 5597; x_wconf 89' lang='lat' dir='ltr'><strong>in</strong></span> <span class='ocrx_word' id='word_1_921' title='bbox 2413 5545 2511 5596; x_wconf 86' lang='lat' dir='ltr'><strong>Itis.</strong></span> 
     </span>
    </p>
   </div>
   <div class='ocr_carea' id='block_1_117' title="bbox 1917 5611 2760 5680">
    <p class='ocr_par' dir='ltr' id='par_1_117' title="bbox 1917 5611 2760 5680">
     <span class='ocr_line' id='line_1_118' title="bbox 1917 5611 2760 5680; baseline -0.013 -8"><span class='ocrx_word' id='word_1_922' title='bbox 1917 5618 1934 5656; x_wconf 74' lang='grc' dir='ltr'><strong><em>ι</em></strong></span> <span class='ocrx_word' id='word_1_923' title='bbox 1962 5618 2064 5671; x_wconf 78' lang='lat' dir='ltr'><strong>Ms.</strong></span> <span class='ocrx_word' id='word_1_924' title='bbox 2104 5613 2454 5680; x_wconf 86' lang='lat' dir='ltr'><strong>Camber0n.,</strong></span> <span class='ocrx_word' id='word_1_925' title='bbox 2483 5611 2760 5671; x_wconf 79' lang='lat' dir='ltr'><strong>dimiserit,</strong></span> 
     </span>
    </p>
   </div>
  </div>
