3972 6176
538 210 642 265 675

538 331 594 374 et
620 318 933 373 salvandum
965 319 1130 397 875
1159 319 1209 372 in
1256 319 1333 371 eis
1357 331 1490 386 quos
1526 316 1709 369 mundi
1744 315 1866 368 ﬁnis
1909 316 2126 367 invene—
2157 322 2200 371 Α

540 412 781 479 rit..Quo
824 426 1081 477 myStei-io
1113 419 1227 463 toto
1275 411 1678 468 Scripturarnm
1720 422 1947 475 corpore
1991 405 2126 458 dila-

540 515 676 570 tato,
709 504 940 558 innotuit
983 502 1199 572 quidem
1252 502 1407 555 nobis
1449 500 1574 559 quid
1628 500 1827 553 factum
1876 499 1965 559 sil,
2000 495 2123 564 quid

543 599 653 661 ﬁat,
686 596 882 665 quidve
914 594 1215 649 faciendum
1265 594 1366 652 sit;
1399 591 1494 646 sed
1525 606 1692 662 quare
1731 591 1803 643 ita
1848 588 1961 643 ﬁeri
2014 588 2129 655 pla-

539 686 747 749 cuerit,
803 685 872 738 ab
930 684 1181 737 humanm
1239 681 1610 751 intelligentia:
1667 678 2128 747 contemplatione

540 777 897 830 substractum
928 784 1031 830 est.

1119 864 1346 920 CAPUT
1390 863 1559 918 XXII.

541 959 647 1013 Eos
663 960 751 1025 qui
781 957 1142 1011 discretionem
1185 972 1288 1025 qua
1321 956 1457 1007 Deus
1490 954 1623 1005 alios
1654 951 1826 1025 elegit,
1856 950 1987 1002 alios
2025 963 2129 1025 non

613 1020 784 1099 elegit.
816 1027 885 1080 ad
914 1030 1094 1079 merita
1143 1020 1374 1099 referunt
1420 1022 1700 1099 voluntatis
1736 1020 2130 1099 humanmtdo‘

615 1089 725 1153 cerae
752 1100 1002 1151 neminem
1040 1089 1224 1166 gratis,
1256 1095 1343 1147 sed
1374 1110 1436 1166 ea;
1465 1093 1799 1147 retributione
1837 1089 2060 1154 salvari;
2084 1096 2131 1141 et

616 1186 680 1223 ea:
704 1170 935 1240 parvulis
967 1165 1139 1236 aperte
1166 1165 1451 1235 confutari.

616 1280 711 1335 Isti
752 1291 930 1333 autem
962 1277 1052 1346 qtti
1083 1276 1292 1347 nescire
1320 1272 1522 1343 aliquid
1566 1272 1915 1335 erubescunt,
1944 1280 1997 1323 et
2037 1283 2133 1337 per

554 1374 893 1424 occasionem
923 1366 1267 1422 obscuritatis
1284 1366 1511 1418 tendunt
1533 1363 1755 1430 laqueos
1769 1358 2130 1427 deceptionis,

547 1479 761 1517 omnem
786 1462 1167 1516 discretionem
1198 1474 1302 1528 qua
1338 1458 1477 1511 Deus
1494 1456 1631 1509 alios
1650 1454 1861 1523 aleligit,
1889 1453 2133 1520 aliosque

548 1570 655 1609 non
680 1552 827 1621 eligit
858 1552 1032 1621 (multi
1062 1552 1195 1604 enim
1218 1549 1244 1587 ι’
1273 1560 1389 1603 sunt
1414 1547 1768 1615 vocati,puuci
1798 1554 1969 1598 autem
1988 1542 2135 1597 electi

1126 208 1181 263 S.
1227 205 1555 262 PROSPERI
1598 202 1921 271 AQUH‘ANI
1961 200 2189 257 OPERA
2226 199 2546 254 INCERTIE
2592 196 3112 253 AUC'lORlTATIi.

3710 202 3807 253 (τῦ

2795 310 3023 365 CAPUT
3059 309 3242 363 XXIII.

2236 402 2397 453 Omne
2432 401 2617 453 bonum
2660 399 2879 452 hominis
2928 404 3185 463 meritum,
3220 399 3281 452 ab
3324 400 3475 453 initio
3505 399 3628 465 ﬁdei
3660 417 3807 467 usque

2312 472 2379 522 ad
2408 471 2793 541 perseverantia
2818 473 3325 530 consummationem,
3360 472 3558 523 donum
3597 487 3705 523 esse
3740 476 3807 522 di-

2304 544 2496 608 vinum,
2520 551 2565 594 et
2599 542 2820 606 primum
2840 541 2935 593 hoc
2964 541 3250 593 Ostenditur
3280 541 3342 593 de
3372 541 3500 608 ﬁde.

2306 631 2708 685 Multiiormitas
2735 640 2911 685 autem
2950 638 3005 684 et
3048 631 3357 700 magnitudo
3396 631 3596 684 divina:
3636 632 3810 700 gratia:

2233 723 2427 792 probat
2460 723 2593 776 istos
2632 732 2818 775 contra
2844 721 3152 787 veritatem,
3186 724 3348 775 etiam
3378 722 3523 791 quod
3557 721 3625 775 de
3647 722 3808 790 majo-

2233 831 2353 869 rum
2410 815 2781 869 voluntatibus
2838 814 3147 883 loquuntur,
3203 823 3467 877 astruere,
3524 828 3809 883 eorumque

2236 906 2572 973 persuasioni
2624 905 2929 958 divinorum
2984 904 3323 971 eloquiorum
3378 903 3685 957 testimonia
3731 917 3808 957 rc—

2236 1013 2497 1066 pugnare.
2532 997 2664 1064 Quae
2695 998 2738 1050 si
2766 996 2947 1049 omnia
2992 994 3226 1048 sermoni
3259 1003 3446 1048 nostro
3473 992 3697 1047 velimus
3723 1008 3808 1046 an-

2235 1099 2476 1155 nectere,
2510 1088 2705 1143 modus
2736 1103 2841 1141 non
2868 1087 2975 1141 erit
2999 1084 3015 1122 ί
3042 1086 3375 1140 disserendi.
3400 1086 3532 1152 Qua:
3563 1094 3728 1139 tamen
3755 1100 3809 1137 se

2235 1182 2595 1237 recordationi
2633 1180 2887 1244 offerunt,
2919 1188 2943 1226 κ
2972 1194 3075 1233 noli
3117 1180 3442 1232 omittentur
3476 1195 3489 1229 :
3531 1190 3581 1230 ut
3607 1216 3621 1237 ,
3653 1192 3806 1245 quan-

2237 1284 2347 1329 tum
2371 1275 2502 1327 satis
2518 1285 2623 1340 est,
2641 1293 2668 1323 ιι
2693 1272 3032 1333 anilestetur,
3067 1272 3301 1325 hominis
3318 1272 3520 1326 bonum
3544 1272 3805 1334 meritum,
3830 1316 3831 1319 η

2236 1370 2304 1423 ab
2355 1368 2508 1421 initio
2544 1368 2667 1422 lidei
2715 1381 2884 1435 usque
2914 1366 2979 1420 ad
3030 1364 3452 1434 perseverantiae
3484 1379 3805 1417 consumma-

2238 1464 2461 1525 tionem,
2485 1463 2684 1515 donum
2709 1470 2870 1530 atqne
2891 1474 3024 1528 Opus
3042 1473 3164 1513 esse
3186 1458 3451 1512 divinum.
3478 1458 3642 1526 lg'tur
3666 1456 3805 1519 ﬁdes,

2238 1569 2359 1624 quae
2408 1554 2565 1609 boum
2595 1552 2889 1607 voluntatis
2921 1562 2975 1605 et
2999 1552 3159 1619 insta:
3188 1549 3415 1604 actionis
3456 1559 3541 1603 est
3571 1548 3804 1615 genitrix,

548 1646 761 1719 (Matth.
780 1644 992 1713 xx,16),
1010 1645 1074 1695 ad
1093 1643 1279 1697 merita
1297 1641 1544 1694 humana:
1562 1634 2129 1699 referuntvoluntatis,

2248 1660 2346 1714 quo
2375 1645 2487 1713 ipsa
2534 1643 2682 1697 fonte
2711 1652 2989 1707 nascatur,
3022 1640 3299 1709 apostolus
3325 1639 3525 1692 Paulus
3566 1649 3805 1706 exponat,

547 1740 805 1794 docentes
823 1737 1035 1792 scilicet
1058 1736 1328 1789 neminem
1357 1728 1655 1800 gratis,sed
1680 1745 1746 1784 ex
1776 1727 2131 1782 retributione

548 1830 743 1883 salvari
776 1846 786 1880 :
817 1826 942 1897 quia
971 1824 1292 1880 naturaliter
1319 1822 1570 1876 omnibus
1601 1820 1671 1873 sit
1701 1820 1944 1879 insitum,
1973 1826 2052 1882 ut,
2087 1816 2132 1870 si

550 1922 736 1981 velint,
769 1918 975 1987 possint
1008 1915 1254 1971 veritatis
1297 1928 1421 1968 esse
1467 1910 1779 1981 participes,
1825 1910 2013 1978 eisque
2053 1908 2132 1961 ai-

551 2012 720 2065 ﬁnere
768 2012 996 2079 gratiam
1020 2049 1036 2074 ,
1078 2023 1106 2061 a
1139 2006 1332 2076 quibus
1372 2002 1532 2057 fuerit
1574 2000 1839 2071 expetita.
1871 2000 2002 2067 Qua:
2041 1998 2136 2053 de-

553 2103 746 2165 ﬁnitio,
779 2110 836 2155 ut
880 2099 1100 2175 ill-lelim
1150 2098 1219 2152 de
1264 2096 1451 2168 gratia:
1489 2095 1719 2149 veritate
1772 2099 2035 2154 taceatur,
2067 2090 2137 2145 de

554 2194 637 2247 his
689 2193 901 2247 videtur
957 2191 1189 2261 aliquam
1258 2196 1533 2242 ostentare
1597 2185 1992 2247 ratiunculam,
2045 2182 2134 2251 qui

555 2288 728 2341 libero
760 2294 984 2340 utuntur
1030 2284 1274 2337 arbitrio.
1313 2282 1387 2335 De
1435 2279 1675 2349 parvulis
1719 2291 1850 2331 vero
1878 2318 1892 2342 ,
1942 2275 2138 2344 quibus

552 2380 672 2433 sine
700 2377 807 2430 ullo
849 2377 1005 2429 home
1052 2374 1349 2428 voluntatis
1400 2372 1594 2426 merito
1633 2370 1685 2423 in
1724 2368 1972 2436 originali
2024 2367 2139 2420 vnl-

552 2484 683 2525 nere
712 2483 834 2522 cum
865 2468 1076 2522 carteris
1121 2464 1441 2519 mertalibus
1486 2476 1646 2517 causa
1686 2458 1994 2514 communis
2031 2467 2134 2525 est,

551 2559 685 2614 nihil
716 2567 891 2629 potest
925 2555 1281 2626 expositionis
1310 2565 1331 2593 ο
1363 2554 1546 2608 aﬂ'erri
1596 2568 1699 2621 qua
1741 2551 2002 2606 doceatur
2045 2565 2141 2603 cur

552 2651 639 2703 isti
667 2650 801 2703 salvi
844 2648 971 2701 ﬁant
1016 2647 1214 2712 renati,
1248 2645 1322 2699 illi
1367 2653 1594 2715 pereant
1643 2659 1747 2698 non
1802 2642 1999 2706 renati,
2040 2641 2141 2695 sub

552 2740 695 2794 illius
727 2738 1061 2805 providentia
1088 2746 1141 2791 et
1164 2734 1580 2804 omnipotentia,
1607 2731 1674 2786 In
1706 2735 1855 2801 cujus
1887 2749 2042 2784 manu
2069 2740 2140 2784 cst

553 2833 727 2884 anima
757 2830 918 2883 omnis
946 2829 1181 2894 viventis,
1224 2820 1269 2881 et
1300 2828 1514 2897 spiritus
1544 2826 1793 2878 universa:
1831 2824 2002 2877 carnis
2050 2824 2141 2877 ho-

554 2922 707 2975 minis
735 2919 855 2991 (Iob
901 2934 995 2983 xu,
1030 2918 1151 2989 10);
1178 2928 1232 2973 et
1256 2918 1345 2972 cui
1374 2916 1596 2981 dicitur,
1621 2913 1805 2967 Breves
1834 2914 1940 2968 dies
1969 2912 2139 2990 homi-

2239 1738 2328 1805 qui
2359 1751 2454 1805 pro
2487 1736 2848 1789 Romanorum
2893 1732 2996 1787 ﬁde
3036 1733 3148 1786 Deo
3192 1732 3395 1800 gratias
3436 1731 3567 1800 agit,
3617 1732 3805 1792 dicens,

2242 1827 2478 1879 Primum
2525 1826 2731 1895 quidem
2794 1824 2993 1895 gratias
3042 1840 3139 1894 ago
3190 1822 3298 1875 Deo
3344 1838 3455 1875 meo
3508 1839 3604 1890 per
3651 1819 3806 1875 Iesum

2241 1919 2500 1973 Christum
2534 1934 2628 1988 pro
2657 1917 2891 1971 omnibus
2924 1916 3086 1980 vobis,
3111 1916 3233 1985 quia
3255 1915 3386 1983 ﬁdes
3427 1926 3593 1968 vestra
3620 1932 3806 1967 annum

2241 2011 2401 2063 tiatur
2440 2011 2494 2063 in
2542 2011 2777 2063 universo
2812 2006 3210 2076 mundo(Rom.
3242 2023 3280 2069 ι,
3309 2004 3388 2075 8).
3436 2005 3519 2059 Ad
3570 2006 3807 2073 Ephesios

2241 2117 2452 2171 quoque
2482 2100 2743 2165 scribens,
2782 2098 3095 2167 Propterea,
3128 2098 3323 2167 inquit,
3354 2108 3399 2151 et
3419 2112 3514 2167 ego
3532 2099 3702 2150 audita
3720 2098 3807 2165 ﬁde

2239 2203 2430 2262 vestra,
2465 2210 2579 2265 qua:
2602 2203 2675 2247 est
2706 2194 2760 2246 in
2786 2191 3008 2247 Domino
3034 2188 3181 2253 Iesu,
3207 2199 3253 2242 et
3280 2189 3557 2242 dilectione
3588 2190 3637 2243 in
3658 2206 3806 2243 omnes

2242 2297 2467 2351 sanctos,
2493 2300 2595 2337 non
2617 2298 2756 2336 cesso
2773 2283 2967 2351 gratias
2992 2296 3149 2349 agens
3178 2296 3272 2351 pro
3330 2279 3497 2343 vobis,
3538 2280 3805 2332 memoriam

2241 2379 2393 2431 vestri
2431 2378 2627 2444 faciens
2678 2376 2732 2427 in
2784 2373 3107 2428 orationibus
3153 2373 3295 2435 meis,
3341 2382 3395 2425 ut
3436 2370 3579 2425 Deus
3627 2371 3807 2424 Domini

2244 2468 2552 2523 nostriJesu
2594 2465 2788 2521 Christi
2832 2464 2992 2517 Pater
3036 2463 3247 2533 gloriw,
3292 2463 3375 2516 det
3418 2463 3561 2516 vobis
3600 2464 3808 2533 spiritum

2243 2559 2505 2630 sapientia:
2530 2567 2577 2610 et
2607 2554 2929 2609 reuelationis
2957 2555 3012 2607 in
3059 2555 3373 2622 agnitionem
3425 2554 3560 2623 ejus,
3615 2554 3810 2605 illtnmi-

2244 2661 2390 2703 natos
2420 2649 2597 2702 oculos
2625 2646 2795 2700 cordis
2824 2645 2994 2707 vestri,
3030 2655 3084 2696 ut
3115 2645 3286 2698 sciatis
3328 2659 3443 2713 quae
3472 2646 3539 2697 sit
3566 2661 3675 2714 spes
3691 2658 3813 2695 voca-

2245 2743 2395 2796 tionis
2418 2740 2879 2813 ejus,qutedivitite
2897 2738 3078 2810 gloriae
3098 2737 3413 2792 hwreditatis
3439 2739 3554 2807 ejus
3575 2753 3625 2788 ιη
3647 2741 3813 2789 sanctis

2245 2832 2820 2906 (Ephes.t,16etseq.).
2840 2833 2912 2887 De
2927 2831 3030 2885 ﬁde
3052 2831 3212 2885 etiam
3227 2830 3628 2884 Colossensium
3651 2828 3815 2882 simili-

2247 2936 2329 2982 ter
2357 2928 2466 2981 Deo
2486 2928 2687 2997 gratias
2703 2940 2887 2995 agens,
2907 2924 3115 2979 Gratias
3145 2926 3370 2995 agimus,
3398 2925 3604 2995 inquit,
3639 2924 3735 2977 Deo
3772 2935 3814 2974 ct

556 3015 636 3068 nis
664 3022 802 3078 sunt,
836 3028 1079 3066 numerus
1121 3010 1322 3063 dierum
1360 3011 1471 3080 ejus
1502 3010 1643 3075 apud
1677 3019 1722 3061 te
1750 3017 1822 3061 est
1854 3005 1999 3072 (Iob.
2029 3024 2138 3071 xw,

2250 3019 2398 3072 Patri
2445 3017 2657 3071 Domini
2704 3019 2865 3072 nostri
2912 3016 3037 3072 Iesu
3083 3017 3303 3082 Christi,
3332 3034 3533 3085 semper
3581 3033 3670 3087 pro
3696 3016 3816 3069 vobis

553 3105 631 3174 5).
661 3103 775 3157 Non
805 3111 982 3157 autem
1031 3110 1157 3170 puto
1186 3102 1319 3155 istos
1350 3101 1686 3155 voluntatum
1728 3110 1985 3168 patronos
2014 3100 2142 3152 sim—

557 3194 791 3263 plicitate
846 3193 1060 3247 illorum
1122 3202 1228 3247 tam
1282 3192 1622 3261 impudenter
1685 3205 1900 3253 duros,
1951 3198 2010 3244 ut
2052 3199 2146 3245 ant

555 3285 582 3323 ἀ
609 3286 830 3341 fortuito
855 3286 951 3339 ista
976 3285 1157 3339 dicant
1185 3285 1461 3351 accidere,
1490 3293 1581 3338 aut
1612 3300 1717 3337 non
1749 3292 1965 3338 renatos
1992 3298 2142 3337 asse-

558 3386 681 3431 rant
722 3391 826 3429 non
855 3377 1053 3445 perire.
1086 3378 1293 3445 Aperte
1317 3378 1459 3430 enim
1490 3386 1582 3429 aut
1611 3391 1731 3428 cum
1760 3376 1980 3444 paganis
2018 3390 2147 3429 cnn-

561 3468 909 3522 vincercntur
962 3468 1166 3521 sentire
1218 3466 1286 3521 de
1332 3454 1483 3531 fato,
1535 3473 1626 3519 aut
1666 3481 1787 3519 cum
1843 3466 2145 3535 Pelagianis

558 3558 892 3612 transfusum
930 3558 982 3611 in
1016 3568 1263 3626 posteros
1290 3556 1421 3611 Adae
1452 3572 1652 3627 negare
1686 3564 1984 3626 peccatum.
2013 3559 2146 3612 Fato

558 3660 742 3703 autem
783 3664 891 3702 non
933 3648 1196 3716 baptizari
1220 3648 1496 3717 parvulos,
1531 3663 1629 3703 nec
1660 3648 1932 3718 Pelagiani
1961 3660 2150 3717 potue-

559 3753 686 3798 runt
713 3744 922 3809 dicere;
955 3744 1049 3799 sed
1083 3745 1205 3814 quia
1237 3760 1332 3799 cos
1360 3744 1562 3800 liberos
1588 3761 1616 3799 τι
1642 3757 1862 3816 peccato
1881 3747 1996 3801 ausi
2026 3752 2149 3801 sunt

558 3838 820 3907 proﬁteri,
880 3853 1131 3894 meruere
1160 3838 1429 3895 damnari.
1466 3838 1598 3893 Cum
1631 3849 1812 3894 autem
1844 3840 1913 3896 de
1943 3840 2146 3895 discre-

559 3934 707 3987 tione
737 3937 974 3987 omnium
1029 3932 1306 3986 hominum
1347 3933 1576 4001 quaestio
1612 3934 1925 4000 ventiletur,
1976 3942 2031 3987 et
2080 3932 2148 3987 ab

559 4024 813 4077 omnibus
854 4024 1160 4077 hominibus
1200 4025 1405 4090 parvuli
1435 4035 1705 4093 nequeant
1758 4026 2024 4095 separari,
2077 4026 2151 4080 si-

560 4111 780 4180 mulque
800 4110 867 4164 de
918 4113 1079 4165 t0tius
1125 4112 1298 4165 uitatis
1326 4112 1640 4167 hominibus
1667 4114 1883 4168 Veritas
1929 4115 2146 4178 dixerit,

560 4198 737 4253 Filius
767 4200 992 4252 hominis
1019 4201 1153 4252 venit
1181 4216 1410 4269 quterere
1434 4211 1482 4253 et
1513 4202 1711 4255 salvare
1748 4204 1886 4273 quod
1926 4205 2148 4270 perierat

563 4289 712 4362 (Luc.
740 4304 851 4354 χιι,
893 4291 1021 4358 lli);
1068 4288 1269 4343 frustra
1319 4291 1735 4358 profunditatem
1785 4294 2149 4348 inscrutabilis

2251 3122 2483 3178 orantes,
2515 3113 2781 3165 audientes
2831 3111 2984 3179 [idem
3037 3120 3251 3164 vestram
3283 3110 3331 3162 in
3364 3107 3573 3162 Christo
3601 3107 3747 3167 Iesu,
3773 3116 3815 3157 et

2250 3203 2572 3255 dilectionem
2609 3218 2758 3271 quam
2811 3200 3006 3253 habetis
3047 3201 3099 3252 in
3146 3212 3347 3253 sanctos
3390 3215 3599 3262 omnes,
3632 3209 3814 3267 propter

2247 3308 2386 3362 spem
2427 3306 2540 3361 qua:
2580 3291 2803 3361 reposita
2838 3299 2911 3343 est
2955 3290 3091 3343 vobis
3120 3291 3171 3342 in
3201 3288 3338 3342 cazlis
3389 3288 3612 3357 (Coloss.
3642 3305 3685 3355 ι,
3713 3290 3757 3351 Ei,
3786 3287 3814 3338 4

2249 3378 2404 3453 δεᾳ.)ζ
2440 3383 2507 3435 Ει
2537 3388 2598 3434 ut
2626 3380 2727 3433 alia
2759 3381 2897 3435 bona
2948 3380 3015 3435 ab
3059 3379 3251 3434 eodem
3307 3379 3571 3434 bonorum
3624 3388 3814 3431 auctore

2252 3474 2567 3543 percipiant,
2591 3472 2712 3542 quid
2747 3487 2842 3541 pro
2872 3471 2952 3525 eis
2982 3483 3099 3525 oret
3142 3486 3423 3535 enarrans,
3452 3471 3605 3537 Ideo,
3638 3467 3812 3537 inquit,

2250 3574 2295 3618 et
2325 3581 2414 3618 nos
2436 3582 2498 3618 ex
2521 3582 2623 3634 qua
2654 3563 2736 3616 die
2765 3564 3077 3627 audivimus,
3110 3560 3136 3598 ¹¹
3159 3580 3260 3616 non
3288 3578 3549 3615 cessamus
3595 3578 3681 3631 pro
3700 3559 3813 3613 vobis

2252 3668 2477 3722 orantes,
2516 3666 2562 3709 et
2594 3657 2911 3725 postulantes
2956 3665 3008 3707 ut
3036 3654 3351 3726 impleamini
3379 3655 3643 3722 agnitione
3662 3653 3815 3705 volun-

2251 3750 2367 3803 tatis
2408 3753 2542 3819 ejus,
2572 3751 2626 3800 in
2654 3747 2793 3801 omni
2835 3746 3088 3814 sapientia
3120 3754 3165 3798 et
3210 3744 3469 3797 intellectu
3502 3743 3740 3813 spiritali,
3768 3750 3811 3791 ut

2251 3838 2518 3891 ambulctis
2548 3837 2733 3907 digne,
2769 3834 2873 3888 Deo
2910 3832 2926 3871 ί
2947 3851 3039 3900 per
3066 3834 3240 3887 omnia
3276 3834 3571 3904 placentes,
3614 3834 3662 3885 in
3699 3831 3811 3883 omni

2252 3945 2402 3999 opere
2430 3928 2561 3981 bona
2591 3927 2989 3997 fructiﬁcantes,
3018 3934 3064 3978 et
3094 3933 3371 3977 crescentes
3402 3923 3451 3975 in
3484 3923 3691 3975 scientia
3718 3920 3807 3977 Dei,

2250 4024 2303 4076 in
2326 4023 2508 4075 virtute
2530 4019 2805 4089 confortati
2832 4016 3106 4070 secundum
3126 4017 3405 4086 potentiam
3430 4014 3680 4066 claritatis
3699 4015 3807 4082 ejus,

2250 4114 2412 4184 877
2443 4111 2457 4162 i
2488 4114 2540 4165 in
2571 4112 2708 4164 omni
2741 4109 2986 4177 patientia
3017 4117 3063 4160 et
3097 4107 3488 4176 longanimitate
3520 4122 3630 4158 cum
3650 4103 3808 4175 gaudio

2254 4204 2477 4267 (Coloss.
2503 4218 2542 4266 l,
2570 4197 2648 4264 9).
2715 4201 2847 4254 Item
2882 4200 2946 4255 ad
2977 4200 3495 4254 lessalonicenses
3536 4197 3624 4265 qni
3653 4196 3807 4264 spiritu

2253 4298 2375 4351 ﬁdei
2404 4295 2812 4362 dilectionisque
2842 4291 3122 4347 fervebant
3144 4309 3157 4345 :
3178 4290 3385 4346 Gratias
3408 4292 3625 4362 agimus,
3644 4286 3806 4354 inquit,

560 4382 748 4453 gratim
778 4396 872 4450 per
900 4380 1131 4435 liberum
1179 4381 1460 4435 arbitrium
1507 4393 1773 4436 conantur
1792 4384 2025 4453 aperire,
2056 4390 2144 4453 qui
2176 4416 2229 4475 Β
2260 4389 2365 4442 Deo
2404 4403 2603 4457 semper
2630 4401 2724 4455 pro
2766 4385 2998 4437 omnibus
3038 4385 3207 4446 vobis,
3235 4384 3536 4435 memoriam
3566 4380 3705 4434 t'estri
3740 4381 3805 4445 [a-

561 4488 779 4529 causam
812 4473 1097 4528 electionis
1127 4473 1179 4527 in
1205 4488 1391 4527 eorum
1440 4474 1781 4528 constituunt
1823 4476 2031 4530 meritis
2059 4477 2149 4546 qui

560 4566 853 4635 eliguntur.
891 4566 953 4617 Et
985 4580 1104 4619 cum
1150 4565 1315 4618 multa
1345 4564 1415 4618 de
1465 4564 1729 4633 majorum
1776 4566 2053 4621 voluntate
2088 4582 2152 4622 ac

561 4656 760 4726 judicio
788 4657 962 4723 inepta
992 4657 1158 4727 876
1197 4666 1252 4711 et
1299 4656 1431 4710 falsa
1483 4658 1829 4726 protulerint,
1864 4659 1918 4712 in
1950 4674 2147 4729 parvu-

562 4749 741 4803 lorum
770 4756 945 4799 tatnen
978 4748 1305 4803 discretione
1352 4748 1641 4813 deﬁciunt;
1676 4763 1776 4803 nec
1813 4760 2042 4818 possunt
2084 4753 2150 4805 de

562 4837 681 4906 ejus
707 4836 1021 4905 quaestionis
1047 4838 1256 4891 ratione
1282 4838 1491 4891 reddita
1521 4840 1767 4909 gloriari,
1795 4854 1914 4909 qua:
1937 4841 2003 4895 de
2031 4856 2151 4895 om—

565 4930 719 4983 nibus
752 4937 775 4965 θ
810 4928 1119 4982 hominibus
1148 4937 1427 4997 tractatur,
1460 4939 1514 4985 et
1544 4946 1648 4985 non
1678 4929 1747 4985 de
1771 4932 2023 4987 omnibus
2050 4948 2147 4987 ex-

563 5019 793 5089 peditur.

633 5163 659 5190 “
685 5152 1043 5231 Du_ac._editio
1065 5155 1356 5231 ηαβεατ-ἰπὶ
1391 5157 1909 5231 marginescribunt
1941 5176 2037 5231 pro
2070 5162 2154 5216 di-

561 5240 733 5297 versa,
751 5224 1003 5297 lectione,
1028 5222 1198 5297 elegit,
1225 5222 1354 5297 alios
1384 5243 1484 5279 non
1513 5222 1688 5297 Elegit.

634 5295 659 5333 δ
686 5296 785 5349 Ms.
817 5295 1092 5359 Ioliensis,
1110 5293 1283 5347 ‘Multi
1322 5297 1456 5349 enim
1482 5293 1665 5350 vocati.

637 5376 659 5437 ξ
694 5366 792 5419 Ms.
818 5364 1093 5437 Ioliensis,
1126 5363 1332 5437 a/ferre,
1362 5383 1462 5437 qua
1488 5369 1687 5422 docent.

562 5516 578 5559 Ι
625 5433 659 5558 f:
691 5438 816 5491 Mss.
845 5435 1146 5491 Camberon
1178 5445 1233 5491 et
1257 5433 1532 5505 Ioliensis,
1558 5440 1795 5509 fortuito.
1843 5439 1971 5507 Alii,
2028 5444 2143 5509 [or-

584 5522 635 5559 ut
662 5523 716 5558 u.

584 5522 716 5560 uuu.

636 5586 659 5613 ε
688 5576 855 5630 Abest
875 5592 976 5632 vox
1005 5579 1295 5632 hominibus
1324 5594 1350 5630 a
1383 5594 1484 5633 ms.
1512 5577 1758 5633 Joliensi.

641 5643 660 5683 π
693 5644 781 5699 Sic
809 5662 937 5702 mss.
963 5650 1146 5703 Camb.
1181 5648 1357 5704 etIol.
1391 5661 1444 5704 et
1476 5649 1643 5705 Leon.
1681 5650 1813 5705 edit.
1836 5649 1940 5705 Alii
1964 5656 2137 5709 nostri

2256 4481 2441 4532 cientes
2462 4479 2514 4530 in
2540 4475 2855 4531 orationibus
2880 4476 3068 4529 nostris
3096 4478 3204 4528 sine
3233 4474 3626 4534 intermissione,
3653 4482 3808 4522 memo-

2255 4585 2335 4626 res
2357 4572 2526 4641 aperis
2555 4570 2673 4635 ﬁdei
2702 4580 2898 4631 t'estrte,
2929 4577 2977 4621 et
3004 4568 3212 4631 laboris,
3257 4575 3303 4618 et
3335 4565 3617 4628 charitatis,
3648 4571 3687 4613 et
3713 4573 3807 4611 ωηο

2258 4665 2484 4718 ιὶηεηεὶιε
2508 4664 2613 4733 spei
2640 4661 2849 4714 Domini
2902 4662 3064 4715 nostri
3089 4662 3215 4714 Iesu
3237 4657 3432 4714 Christi
3460 4668 3575 4712 ante
3598 4657 3742 4709 Deum
3771 4661 3807 4702 ct

2257 4756 2464 4810 Patrem
2481 4766 2705 4808 nostrum
2721 4753 2738 4825 (
2748 4754 2760 4804 l
2781 4752 2933 4807 Thes.
2950 4751 3047 4823 I,2)
3059 4751 3144 4806 .Et
3168 4753 3217 4805 in
3226 4752 3323 4816 ira,
3340 4750 3469 4805 Ideo
3482 4762 3526 4803 et
3549 4765 3634 4802 nos
3648 4744 3807 4816 gratias

2255 4847 2455 4918 agimus
2481 4844 2587 4898 Deo
2625 4846 2731 4897 sine
2757 4843 3151 4909 intermissione,
3186 4842 3428 4911 quoniam
3468 4857 3581 4894 cum
3612 4835 3805 4900 accepis-

2256 4937 2376 4991 setis
2406 4952 2437 4987 a
2467 4934 2609 4989 nobis
2666 4933 2869 4987 verbum
2916 4933 3124 4986 auditus
3156 4930 3284 4994 Dei,
3332 4932 3594 5003 accepistis
3638 4943 3724 4980 non
3763 4930 3806 4973 ut

2256 5026 2279 5065 κ
2306 5028 2508 5082 verbum
2556 5027 2817 5080 hominum
2838 5066 2853 5092 ,
2894 5025 2982 5079 sed
3001 5066 3015 5091 ,
3047 5027 3178 5079 sicut
3221 5036 3296 5079 est
3337 5040 3473 5089 vere,
3499 5022 3685 5077 verbum
3707 5015 3805 5077 Dei,

2263 5165 2500 5227 codices,
2535 5164 2853 5218 disserendo.
3587 5229 3596 5231 _
3687 5224 3716 5231 ,,
3742 5221 3752 5231 ,

2327 5245 2351 5281 8
2384 5224 2630 5288 MssJol.
2655 5242 2713 5287 et
2733 5235 2944 5299 Camb.,
2971 5249 3072 5285 non
3097 5233 3418 5286 omittantur.
3441 5229 3626 5284 Leonis
3645 5224 3799 5285 editio,

2258 5305 2383 5373 Qua:
2407 5315 2591 5367 tamen,
2618 5305 2661 5357 si
2688 5320 2740 5357 se
2760 5304 3101 5356 recordationi
3126 5303 3368 5369 offerunt,
3395 5319 3500 5355 non
3523 5300 3797 5353 omittentur.

2381 5374 2477 5427 Ms.
2511 5373 2790 5438 Joliensis,
2816 5389 2921 5425 non
2950 5377 3273 5426 cessavimus.

2334 5450 2351 5490 ι
2386 5444 2483 5498 Ms.
2516 5443 2773 5498 Jotiensis
2804 5446 3039 5512 supplet,
3067 5460 3156 5510 per
3186 5443 3381 5507 omnia,
3415 5456 3532 5511 qum
3566 5444 3677 5493 sunt
3702 5442 3799 5512 tex-

2260 5526 2348 5569 tus
2376 5515 2538 5571 sacri.
2567 5515 2789 5568 deerant
2808 5504 2937 5567 vero
2964 5517 3013 5567 in
3032 5504 3165 5566 aliis
3189 5504 3471 5568 codicibus
3495 5504 3741 5577 Prosperi.

2330 5589 2344 5635 Ι
2397 5587 2496 5639 Ms.
2526 5584 2801 5648 Joliensis,
2833 5601 2885 5636 in
2916 5601 3052 5637 omni
3079 5585 3362 5653 sapientia.

2330 5656 2354 5692 ιί
2397 5657 2490 5711 Ms.
2523 5655 2801 5718 Joliensis,
2834 5658 3038 5709 verbum
3068 5655 3312 5711 hominis.
