4040 6178
207 245 307 301 677

1091 246 1177 300 DE
1220 244 1608 300 VOCA'IIONE
1647 243 1914 301 OMNIUM
1954 244 2262 301 GENTIUM
2302 245 2503 301 LIBER
2538 246 2574 300 I.

3364 256 3470 304 διδ

205 358 290 428 qui
327 366 560 425 apetatur
589 357 641 408 in
684 357 843 425 vobis,
884 359 968 427 qui
999 358 1287 412 credidistis
1320 358 1375 429 (ι
1403 356 1555 411 Thes.
1590 371 1645 420 ll,
1675 355 1785 424 15).
1822 361 1863 417 Α
1895 355 2035 409 rario
2069 357 2284 411 civitatis
2318 367 2344 405 ι
2371 357 2818 428 Thyatirenorum,
2849 358 3019 414 colem
3048 358 3234 426 Deum,
3257 366 3470 429 deuicit,

206 444 451 500 Potuitne
503 446 710 514 plenius
752 456 843 501 aut
895 448 1196 503 evidentius
1243 445 1636 509 demonstrari,
1692 444 1787 499 Dei

204 552 322 590 esse
351 537 546 589 donum
567 538 906 591 credentium
937 538 1098 593 ﬁdem
1120 579 1134 603 ,
1158 552 1317 606 quam
1342 546 1398 591 ut
1418 536 1537 591 ideo
1567 551 1787 605 ageren-

208 642 293 684 tur
314 631 494 699 gratiae
524 631 657 694 Deo,
684 633 938 700 quoniam
981 631 1033 685 bi
1076 630 1269 701 quibus
1295 630 1517 683 verbum
1559 628 1649 681 Dei
1696 642 1790 695 per

208 722 450 775 homines
496 721 904 789 prmdicabalur,
937 737 1042 775 nou
1080 720 1235 790 quasi
1261 720 1329 773 de
1358 717 1633 772 hominum
1677 732 1791 771 ser-

207 828 361 867 mone
408 813 750 879 dubitarunt,
786 815 880 868 sed
935 822 1202 881 tamquam
1250 812 1363 867 Deo
1411 811 1645 880 loquenti
1697 824 1792 877 per

208 906 451 959 homines
493 904 871 971 crediderunt,
916 906 1005 970 qui
1051 905 1105 959 in
1156 904 1287 973 ipsis
1330 913 1411 959 est
1448 912 1703 973 operatus
1734 911 1792 955 ut

205 994 523 1049 crederent?
557 995 609 1048 In
645 996 877 1049 secunda
905 1011 1121 1065 quoque
1152 995 1219 1049 ad
1249 995 1471 1050 eosdem
1500 994 1791 1048 Thessalo-

205 1087 455 1140 nicenses
505 1085 745 1153 Epistola
790 1084 858 1139 de
905 1084 1008 1139 ﬁde
1057 1086 1109 1139 in
1139 1086 1360 1140 Christo
1399 1083 1789 1153 proﬁcientium

206 1177 273 1229 ita
296 1176 585 1245 Apostolus
638 1177 912 1246 loquitur:
944 1174 1153 1230 Gratias
1200 1192 1352 1246 agere
1407 1175 1641 1229 debemus
1682 1172 1790 1226 Deo

206 1284 397 1336 semper
424 1284 518 1337 pro
546 1268 704 1333 vobis,
737 1269 945 1336 fratres,
978 1269 1050 1320 ita
1086 1278 1141 1320 ut
1172 1270 1387 1339 dignum
1417 1275 1520 1333 est,
1547 1268 1791 1335 quoniam

205 1359 533 1427 supercrescit
572 1358 699 1426 ﬁdes
742 1367 929 1427 vestra,
958 1366 1005 1411 et
1033 1357 1261 1410 abundat
1290 1356 1514 1409 Charitas
1544 1357 1789 1409 uniuscu-

206 1464 383 1522 jusque
409 1458 628 1501 vestrum
660 1450 712 1500 in
744 1424 955 1502 invicem
982 1463 1000 1500 :
1021 1449 1093 1499 ita
1119 1457 1173 1501 ut
1208 1456 1298 1501 et.
1329 1463 1421 1500 nos
1449 1447 1547 1515 ipsi
1571 1447 1623 1499 in
1654 1446 1791 1499 vobis

208 1540 485 1609 gloriemur
504 1540 557 1592 in
572 1537 816 1593 Ecclesiis
837 1539 961 1604 Dei,
983 1554 1077 1607 pro
1092 1539 1337 1609 patientia
1360 1548 1523 1592 vestra
1548 1546 1593 1591 et
1622 1539 1723 1605 ﬁde
1737 1538 1789 1590 in

208 1632 436 1685 omnibus
468 1632 899 1699 persecutionibus
921 1634 1100 1686 vestris
1121 1640 1169 1685 et
1195 1630 1639 1696 tribulationibus,
1664 1647 1790 1699 quas

1889 444 2035 512 cujus
2062 444 2315 498 Dominus
2341 463 2429 499 cor
2456 451 2676 517 aperuit,
2698 460 2753 503 ut
2780 451 3058 503 intenderet
3088 451 3167 504 his
3194 468 3308 521 qua:
3335 451 3473 507 dice-

1892 533 2076 587 bantur
2102 551 2136 588 a
2167 534 2337 589 Paulo
2361 535 2497 608 (Act.
2566 556 2654 594 xvi
2682 578 2696 601 ,
2772 540 2841 593 15
2882 550 2927 592 et
2986 540 3096 609 M).
3143 542 3259 595 Non
3291 552 3473 599 autem

1890 640 1955 680 ex
1989 626 2218 681 humana
2250 629 2511 696 sapientia
2534 644 2656 683 esse
2678 630 2860 697 ﬁdem,
2895 632 2990 686 sed
3021 648 3088 687 ex
3122 634 3473 703 inspiratione

1892 718 2074 773 divina
2106 720 2272 789 ipsius
2323 721 2573 776 Veritatis
2609 736 2739 777 voce
2768 722 3031 777 ﬁrmatur.
3063 725 3281 781 Dicente
3327 729 3472 782 enim

1892 810 2121 866 Domino
2151 810 2217 865 ad
2245 811 2539 879 discipulos
2568 826 2717 878 suos,
2750 811 2851 867 Vos
2878 822 3047 867 autem
3073 831 3221 885 quem
3256 834 3333 871 me
3366 835 3475 875 esse

1893 904 2100 957 dicitis?
2127 903 2457 981 Respondeas
2482 904 2662 959 Simon
2716 904 2901 959 Petrus
2933 907 3084 973 dixit,
3115 907 3195 961 Tu
3228 925 3280 961 es
3325 909 3475 964 Chri-

1893 1004 2004 1047 stus
2033 991 2204 1047 Filius
2224 994 2324 1047 Dei
2356 996 2473 1047 vivi.
2503 994 2840 1064 Respondens
2865 1006 3033 1049 autem
3068 997 3388 1063 Jesus,dixit
3404 1002 3471 1065 ei,

1893 1082 2080 1138 Beatus
2122 1102 2194 1149 es,
2228 1086 2409 1139 Simon
2431 1084 2536 1137 Bar
2570 1085 2731 1151 Jona,
2759 1089 2879 1155 quia
2901 1103 3017 1140 caro
3048 1099 3095 1141 et
3122 1091 3332 1159 sanguis
3373 1108 3474 1145 non

1894 1174 2131 1227 reuelauit
2160 1176 2270 1242 tibi,
2305 1177 2393 1229 sed
2419 1176 2575 1229 Pater
2607 1193 2770 1240 meus,
2799 1180 2888 1246 qui
2913 1180 2965 1230 in
2987 1181 3125 1233 caelis
3155 1190 3226 1234 est
3256 1183 3472 1247 (Matth.

1894 1280 2004 1329 xvr,
2036 1266 2103 1319 15
2131 1279 2180 1319 et
2204 1267 2362 1335 seq.).
2392 1267 2589 1321 Paulus
2631 1282 2761 1320 vero
2801 1270 3077 1335 apostolus
3127 1272 3262 1325 hanc
3303 1272 3474 1340 ipsam

1895 1354 2051 1409 ﬁdem
2075 1356 2370 1410 secundum
2403 1371 2709 1411 mensuram
2733 1357 2847 1411 dari
2874 1373 2969 1427 pro
2997 1360 3219 1413 arbitrio
3243 1362 3474 1431 largien-

1894 1444 1962 1498 tis
1989 1446 2060 1497 ita
2086 1446 2341 1513 prmdicat
2376 1460 2393 1501 :
2424 1447 2551 1500 Dico
2578 1448 2712 1500 enim
2742 1464 2831 1517 per
2863 1450 3101 1517 gratiam,
3120 1468 3233 1520 qua:
3257 1455 3375 1506 data
3402 1462 3477 1508 est

1892 1533 2049 1599 mihi,
2096 1533 2326 1587 omnibus
2363 1537 2449 1605 qui
2481 1546 2600 1589 sunt
2645 1539 2777 1590 inter
2821 1554 2905 1591 vos
2932 1578 2945 1601 ,
2987 1555 3088 1591 non
3143 1542 3259 1611 plus
3301 1561 3477 1615 sap-re

1893 1639 2045 1691 quam
2097 1633 2295 1690 oportet
2356 1641 2573 1695 sapere,
2632 1628 2721 1681 sed
2777 1644 2957 1697 sapere
3002 1631 3069 1683 ad
3116 1633 3475 1701 sobrietatem,

208 1723 462 1775 sustinetis
488 1724 540 1776 in
568 1726 855 1793 exemplum
866 1724 999 1792 justi
1020 1724 1212 1795 judicii
1226 1722 1342 1789 Dei,
1364 1733 1419 1776 ut
1446 1724 1587 1793 digni
1606 1721 1788 1775 habea~
1822 1732 1868 1790 Β
1894 1715 2024 1767 δέεαι
2069 1716 2341 1783 unicuique
2387 1717 2561 1769 divisit
2619 1717 2754 1771 Deus
2805 1738 3097 1778 mensuram
3134 1726 3253 1792 ﬁdei
3277 1726 3295 1797 (
3325 1726 3476 1780 Rom.

210 1815 324 1867 mini
337 1813 363 1851 ι)
378 1832 537 1887 regno
552 1815 647 1870 Dei
661 1833 753 1887 pro
769 1834 869 1887 quo
882 1826 926 1870 et
942 1818 1177 1885 patimini
1189 1817 1254 1888 (II
1268 1815 1449 1871 Thess.
1468 1830 1516 1883 ι,
1536 1817 1569 1871 3
1582 1823 1627 1869 et
1643 1815 1799 1884 seq.).

211 1903 390 1959 Petrus
418 1921 637 1975 quoque
664 1907 941 1975 apostolus
964 1922 1031 1962 ex
1061 1907 1170 1961 Deo
1202 1907 1385 1961 haberi
1420 1907 1578 1961 ﬁdem
1606 1905 1802 1976 praedi-

210 2008 348 2058 cans,
366 1995 438 2049 ita
466 1997 685 2050 scribit:
714 1997 944 2051 Scientes
960 1998 1098 2064 quod
1124 2015 1226 2051 non
1250 1998 1661 2068 corruptibilibus
1675 2012 1800 2050 auro

212 2096 254 2140 et
278 2100 491 2158 argento
518 2090 767 2160 redempti
791 2093 911 2145 estis
943 2093 1006 2146 de
1031 2109 1161 2147 vana
1194 2094 1609 2146 conversationec
1640 2104 1800 2146 vestra

214 2190 428 2245 paterna:
474 2184 788 2252 traditionis,
820 2185 911 2238 sed
939 2188 1161 2255 pretioso
1192 2187 1440 2257 sanguine
1485 2186 1632 2255 quasi
1679 2186 1802 2254 agni

214 2268 596 2325 incontaminati
623 2280 670 2324 et
707 2273 1028 2327 immaculati
1070 2272 1260 2327 Christi
1297 2274 1456 2339 .Iesu,
1502 2276 1801 2346 pracogniti

212 2360 403 2426 quidem
432 2372 559 2415 ante
589 2364 1007 2416 constitutionem
1038 2366 1247 2427 mundi,
1270 2366 1588 2436 manifestati
1629 2375 1800 2419 autem

214 2453 492 2508 novissimis
517 2458 826 2523 temporibus
850 2467 1062 2526 propter
1084 2473 1190 2524 vos,
1216 2458 1301 2527 qui
1323 2475 1412 2525 per
1432 2460 1598 2528 ipsum
1621 2459 1799 2529 ﬁdeles

214 2546 319 2597 estis
359 2547 410 2599 in
442 2546 647 2612 Deum,
678 2550 765 2615 qui
808 2550 1072 2602 suscitavit
1119 2566 1233 2604 eum
1270 2567 1302 2603 a
1332 2552 1571 2616 mortuis,
1605 2562 1651 2604 et
1688 2552 1802 2623 glo-

214 2634 329 2687 riam
355 2636 399 2688 ei
438 2636 620 2701 dedit,
659 2647 715 2690 ut
746 2638 871 2705 ﬁdes
901 2647 1067 2691 vestra
1096 2648 1146 2692 et
1182 2656 1295 2710 spes
1332 2650 1458 2693 esset
1491 2642 1541 2693 in
1574 2638 1799 2695 Domino

215 2723 260 2792 (I
286 2723 419 2780 Petri
448 2743 496 2789 ι,
530 2728 597 2781 18
625 2736 676 2783 et
704 2728 855 2800 seq.).
887 2728 1014 2784 Item
1042 2730 1183 2784 idem
1217 2731 1270 2783 in
1304 2732 1533 2786 secunda
1564 2732 1798 2800 Epistula

215 2812 273 2867 de
304 2814 420 2870 lidei
464 2817 821 2886 perceptione
852 2820 929 2874 sic
961 2820 1234 2890 loquitur:
1261 2821 1443 2876 Simon
1479 2821 1665 2875 Petrus
1696 2840 1802 2875 scr-

216 2918 296 2957 vus
314 2916 357 2958 et
385 2909 662 2977 apostolus
688 2907 816 2962 Iesu
846 2909 1065 2976 Christi,
1099 2908 1179 2964 his
1206 2912 1291 2977 qui
1329 2911 1634 2981 catequalem
1657 2913 1803 2965 nobis

140 3044 143 3049 ,
215 2995 373 3068 adepti
412 3009 539 3052 sunt
575 3000 730 3068 ﬁdem
760 3017 849 3071 per
876 3002 1139 3071 justitiam
1180 3001 1390 3056 Domini
1420 3013 1467 3056 et
1511 3003 1803 3058 Saluatoris

216 3081 239 3118 ἀ
267 3088 419 3139 nostri
448 3085 585 3141 Jesu
622 3086 813 3142 Christi
847 3089 926 3159 (II
956 3087 1101 3143 Petri
1130 3104 1167 3155 l,
1201 3090 1277 3160 1).

284 3174 437 3229 Unde
465 3189 654 3232 autem
684 3178 948 3234 habeatur
997 3180 1219 3248 spiritus
1244 3180 1387 3244 ﬁdei,
1416 3180 1651 3235 Joannes
1678 3194 1804 3249 apo-

215 3266 371 3320 stolus
398 3269 841 3325 manifestissime
859 3270 1019 3326 docet
1039 3271 1255 3326 dicens:
1283 3272 1461 3327 Omnis
1485 3275 1694 3344 spiritus
1718 3274 1806 3338 qui

219 3358 489 3425 conﬁtetur
520 3358 699 3415 Iesum
729 3364 781 3414 in
809 3378 964 3417 carne
1001 3364 1214 3427 venisse,
1247 3345 1310 3418 ea:
1330 3363 1441 3418 Deo
1468 3375 1585 3431 est;
1613 3375 1659 3419 et
1696 3382 1807 3418 om-

215 3449 285 3499 nis
314 3451 529 3515 spiritus
554 3452 640 3519 qui
662 3452 812 3505 solvit
840 3450 1039 3517 Jesum,
1069 3469 1133 3507 ea:
1158 3452 1269 3508 Deo
1299 3471 1400 3508 non
1430 3465 1523 3518 est,
1555 3466 1601 3509 et
1624 3457 1706 3509 hic
1729 3465 1804 3509 est

214 3537 554 3595 Antichristus
578 3542 623 3613 (Ι
660 3541 818 3596 Joan.
853 3544 951 3613 tv).
980 3543 1110 3598 Item
1145 3554 1169 3582 ο
1203 3546 1341 3599 idem
1370 3546 1502 3600 dicit
1538 3547 1606 3601 ab
1634 3562 1699 3602 eo
1728 3563 1807 3602 re-

214 3629 311 3697 cipi
347 3631 726 3700 Evangelium,
756 3634 810 3687 in
848 3649 956 3703 quo
985 3644 1069 3689 est
1096 3635 1317 3705 spiritus
1351 3638 1593 3691 veritatis
1620 3655 1632 3689 :
1664 3636 1801 3704 Nos,

219 3719 396 3795 inquit,
420 3744 496 3781 ex
523 3728 631 3781 Deo
655 3745 851 3784 sumus.
886 3730 986 3793 Qui
1016 3731 1155 3784 novit
1182 3731 1368 3797 Deum,
1397 3732 1543 3784 audit
1570 3749 1694 3799 nos;
1718 3736 1804 3801 qui

214 3832 305 3869 non
327 3829 397 3872 est
430 3835 503 3873 ea:
523 3818 653 3883 Deo,
676 3836 782 3873 non
832 3824 976 3875 audit
1023 3839 1137 3875 nos.
1190 3821 1256 3875 In
1310 3823 1406 3875 hoc
1455 3825 1803 3895 cognoscimus

215 3909 439 3971 spiritum
486 3912 735 3974 veritatis,
776 3922 821 3964 et
848 3913 1086 3983 spiritum
1117 3912 1527 3981 erroris(lbid.,
1561 3910 1639 3982 6).
1675 3913 1801 3965 Item

216 3999 261 4051 in
289 4003 513 4055 Actibus
543 4003 923 4071 Apostolorum
974 4006 1141 4075 878
1189 4006 1380 4058 Petrus
1433 4006 1712 4072 apostolus
1744 4002 1806 4056 ﬁ-

216 4091 324 4144 dem
363 4090 376 4128 ί
410 4108 538 4147 esse
564 4109 657 4161 per
689 4094 972 4147 Dominum
1001 4096 1181 4149 Jesum
1203 4094 1552 4164 pronuntians
1580 4111 1592 4145 :
1621 4093 1798 4160 Hunc,

220 4184 400 4250 inquit,
432 4200 588 4253 quem
620 4184 798 4237 videtis
826 4194 873 4237 et
896 4187 1078 4247 nostis,
1108 4186 1428 4253 conﬁrmauit
1454 4200 1638 4237 nomen
1664 4187 1799 4255 ejus,

216 4282 257 4323 et
276 4273 398 4340 ﬁdes
426 4291 544 4340 qua:
557 4290 646 4343 per
659 4291 773 4327 eum
796 4284 891 4342 est,
919 4276 1059 4329 dedit
1080 4276 1330 4344 integram
1356 4277 1626 4330 sanitatem
1652 4278 1801 4329 istam

217 4361 264 4413 in
302 4376 575 4433 conspectu
606 4366 833 4417 omnium
868 4375 1089 4419 vestrum
1117 4367 1268 4436 (Act.
1300 4381 1380 4431 ut,
1416 4367 1543 4436 16).
1574 4366 1650 4421 De
1696 4367 1799 4420 lide

1909 1819 2009 1869 xu,
2041 1806 2129 1875 5).
2161 1804 2289 1860 Item
2320 1806 2463 1861 idem
2518 1808 2773 1863 unitatem
2823 1823 2989 1868 recta:
3040 1815 3184 1884 fidei,
3218 1813 3246 1853 δ
3271 1826 3322 1870 et
3349 1832 3477 1871 con-

1904 1896 2209 1950 sensionem
2261 1897 2314 1951 in
2374 1897 2635 1952 honorem
2694 1901 2785 1955 Dei
2817 1918 2843 1954 a
2878 1904 2984 1959 Deo
3044 1921 3165 1961 esse
3204 1922 3476 1961 commen<

1903 1984 2037 2039 dans
2066 2004 2079 2038 :
2116 1986 2249 2040 Deus
2274 1996 2464 2053 autem,
2492 1989 2683 2058 inquit,
2713 1994 2971 2061 patientia:
3000 1992 3014 2031 ί
3038 2006 3084 2049 et
3112 1998 3477 2051 consolationis

1902 2074 1987 2128 det
2020 2075 2157 2128 vobis
2192 2077 2415 2146 idipsum
2450 2094 2629 2149 sapere
2658 2083 2709 2133 in
2731 2085 3052 2151 alterutrum,
3078 2092 3362 2141 secundum
3386 2090 3478 2143 Je-

1900 2182 2016 2219 sum
2046 2164 2338 2233 Christum;
2375 2165 2390 2218 ἱ
2456 2178 2514 2221 ιιι
2558 2173 2823 2226 unanimes
2867 2191 2967 2227 uno
3002 2193 3088 2230 ore
3123 2178 3473 2247 Ito'toriﬁcetis

1902 2255 2067 2309 Deum
2083 2266 2131 2310 et
2153 2255 2362 2311 Patrem
2388 2257 2601 2312 Domini
2628 2265 2784 2314 nastri
2806 2260 2929 2317 Jesu
2953 2265 3141 2319 Christi
3168 2269 3342 2339 (liam.
3388 2285 3480 2333 xv,

1901 2345 1935 2399 5
1961 2357 2007 2399 et
2039 2346 2118 2418 6).
2153 2347 2219 2401 Et
2262 2346 2398 2400 infra
2426 2364 2437 2399 :
2472 2347 2610 2401 Deus
2648 2364 2813 2404 autem
2846 2355 2952 2424 spei
2984 2356 3175 2426 repleat
3223 2374 3308 2412 vos
3344 2361 3482 2412 omni

1901 2440 2087 2509 gaudio
2130 2448 2175 2492 et
2207 2456 2330 2510 pace
2373 2440 2427 2492 in
2476 2442 2750 2507 credendo,
2776 2442 2797 2479 ¹ι
2826 2455 2879 2497 ut
2910 2446 3180 2501 abundetis
3216 2450 3270 2502 in
3290 2466 3402 2516 spe,
3426 2450 3481 2502 in

1898 2536 2086 2583 virtute
2118 2530 2350 2597 Spiritus
2372 2534 2537 2584 sancti
2556 2530 2717 2604 (Ibid.
2750 2535 2859 2604 15).
2894 2536 3012 2603 Quo
3036 2540 3341 2593 testimonio
3375 2556 3481 2597 non

1901 2623 2074 2675 solum
2105 2622 2262 2689 ﬁdes,
2285 2624 2379 2677 sed
2410 2624 2571 2677 etiam
2598 2624 2873 2694 gaudium,
2898 2636 2954 2680 et
2976 2643 3097 2694 pax,
3134 2638 3189 2684 et
3207 2631 3483 2687 abundan-

1902 2714 1971 2766 tia
2006 2715 2118 2780 spei
2149 2754 2163 2778 ,
2192 2713 2453 2767 docentur
2493 2715 2594 2767 nisi
2625 2716 2679 2769 in
2703 2717 2900 2772 virtute
2924 2719 3096 2773 saneti
3122 2722 3351 2790 Spiritus
3377 2738 3483 2781 non

1904 2806 2107 2861 haberi.
2139 2806 2221 2861 Ad
2244 2806 2509 2877 Ephesios
2532 2823 2660 2863 vero
2689 2812 2930 2865 scribens
2971 2814 3260 2881 Apostolus
3300 2817 3368 2870 de
3397 2819 3484 2872 di-

1902 2899 2043 2951 vitiis
2080 2900 2267 2969 gratite
2315 2914 2413 2968 pro
2452 2900 2610 2954 malis
2636 2900 2770 2955 bona
2809 2904 3181 2971 retribuentis,
3210 2916 3265 2961 et
3283 2908 3351 2963 de
3382 2908 3485 2963 (ide

1902 3004 2021 3057 qua:
2043 3006 2147 3044 non
2175 3005 2242 3044 ex
2274 2990 2452 3057 nobis,
2493 2991 2588 3046 sed
2612 3008 2675 3046 ex
2710 2993 2804 3047 Dei
2833 2993 2978 3048 dono
3007 2997 3255 3065 habetur,
3276 3000 3486 3053 hcho-

1836 3092 1881 3154 ς
1912 3082 2091 3148 quitur
2122 3099 2133 3132 :
2169 3079 2310 3134 Deus
2355 3095 2546 3149 autem,
2571 3081 2587 3119 ¹
2614 3085 2703 3154 qui
2730 3086 2867 3140 dives
2896 3097 2969 3141 est
3002 3090 3055 3141 itt
3086 3090 3437 3145 misericordia
3464 3133 3482 3157 ,

1910 3182 2117 3242 prapter
2163 3173 2373 3225 nimiam
2412 3174 2713 3229 charitatem
2740 3193 2891 3230 suam
2934 3195 3035 3248 qua
3057 3180 3239 3234 dilexit
3283 3200 3397 3248 nos,
3439 3184 3521 3239 et'

1908 3278 2021 3315 cum
2042 3278 2260 3317 essemus
2290 3265 2475 3317 mortui
2495 3269 2733 3336 peccatis,
2768 3269 3133 3337 conviviﬁcavit
3154 3280 3193 3306 ιιι
3217 3289 3306 3325 nos
3337 3273 3487 3328 Chri-

1908 3361 2007 3418 sto,
2037 3356 2187 3424 cujus
2212 3355 2381 3423 gratia
2404 3356 2532 3407 salvi
2559 3357 2683 3425 facti
2710 3374 2904 3423 sumus,
2929 3368 2974 3411 et
3007 3364 3419 3417 conresuscitavit
3438 3374 3488 3419 et

1909 3444 2180 3498 consedere
2220 3446 2339 3515 fecit
2387 3446 2440 3497 in
2490 3446 2772 3500 ctelestibus
2800 3450 2855 3502 in
2900 3448 3103 3505 Christo
3130 3453 3275 3506 Jesu.
3306 3454 3489 3509 Gratia

1907 3535 2041 3587 enim
2087 3535 2206 3589 estis
2258 3534 2443 3588 saluati
2488 3553 2578 3607 per
2599 3538 2774 3606 ﬁdem,
2799 3548 2845 3590 et
2870 3539 2965 3592 hoc
2995 3558 3095 3594 non
3114 3559 3180 3595 ex
3207 3544 3363 3610 vobis,
3392 3545 3489 3599 Dei

1907 3626 2041 3677 enim
2079 3626 2269 3678 donum
2292 3634 2407 3691 est;
2432 3642 2534 3679 non
2556 3644 2619 3680 ea:
2646 3630 2905 3699 operibus,
2948 3648 3011 3684 ne
3059 3634 3171 3701 quis
3214 3636 3485 3704 glorietur.

1909 3714 2082 3785 Ipsius
2124 3717 2259 3769 enim
2302 3732 2477 3769 sumus
2515 3718 2834 3786 ﬁgmentum,
2866 3722 3023 3772 creati
3051 3724 3105 3773 in
3136 3723 3337 3776 Christo
3359 3724 3487 3780 Jesu

1906 3810 1959 3862 in
1988 3808 2222 3878 operibus
2246 3807 2410 3874 bonis,
2433 3824 2548 3877 qua:
2576 3813 2885 3876 pt'wpararit
2914 3810 3050 3864 Deus
3074 3824 3126 3865 ut
3147 3814 3200 3867 in
3229 3817 3333 3868 illis
3370 3834 3485 3868 am-

1908 3902 2136 3954 bulemus
2168 3901 2188 3972 (
2211 3898 2401 3968 Ephes.
2433 3916 2491 3964 II,
2518 3899 2551 3951 4
2580 3910 2627 3953 et
2654 3918 2759 3971 seq.
2786 3904 2825 3969 ).
2860 3903 3137 3971 Pmprium
3169 3920 3298 3973 ergo
3319 3908 3486 3978 879

1909 3993 2007 4046 hoc
2031 3994 2189 4045 habet
2214 4007 2355 4045 nova
2384 4000 2629 4046 creatura
2658 4008 2752 4061 per
2781 3994 3028 4062 gratiam,
3062 4004 3119 4048 ut
3141 3998 3231 4064 qui
3258 3994 3483 4066 ﬁgmen-

1908 4096 2017 4138 tum
2068 4085 2157 4138 Dei
2194 4092 2357 4149 sunt,
2406 4083 2497 4153 qui
2542 4086 2820 4139 nativitate
2851 4086 3054 4139 caelesti
3096 4087 3398 4142 conduntur
3429 4091 3484 4144 in

1905 4175 2141 4240 Christo,
2173 4189 2278 4228 non
2311 4176 2422 4228 otio
2452 4182 2723 4245 torpeant,
2754 4190 2853 4230 nec
2881 4176 3083 4231 desidia
3106 4180 3483 4248 resolvantur;

1908 4268 2002 4323 scd
2036 4268 2101 4321 de
2132 4267 2332 4322 virtute
2376 4270 2427 4321 in
2462 4269 2732 4335 virtutem,
2768 4285 2865 4340 per
2892 4269 3033 4323 viam
3063 4270 3327 4325 bonorum
3358 4288 3488 4341 0pc-

1906 4376 2023 4416 rum
2055 4360 2379 4414 ambulando
2408 4362 2715 4429 proliciant.
2749 4362 2860 4416 lloc
2898 4370 2981 4417 est
3018 4361 3161 4416 enim
3194 4363 3340 4431 tingi,
3384 4364 3485 4419 hoc

217 4467 417 4523 quoque
446 4455 654 4527 Lydire,
681 4458 835 4524 cujus
859 4457 1001 4511 inter
1022 4458 1157 4510 alias
1184 4458 1439 4511 mulieres
1475 4473 1595 4526 qua:
1626 4457 1797 4511 Evan-
1827 4462 1878 4521 D
1906 4454 1973 4509 de
2018 4461 2201 4506 vetere
2253 4460 2499 4506 creatura
2547 4468 2741 4507 novam
2799 4453 2939 4520 ﬁeri,
2994 4452 3097 4507 hoc
3144 4453 3213 4508 de
3257 4455 3486 4524 imagine

218 4542 405 4609 gelium
454 4550 657 4614 pariter
685 4546 997 4614 audiebant,
1034 4546 1293 4600 Dominus
1323 4560 1417 4599 cor
1462 4548 1693 4613 aperuit,
1720 4548 1791 4601 ita

222 4634 269 4684 in
311 4635 496 4688 eadem
553 4646 801 4691 narratur
859 4636 1079 4691 historia
1108 4655 1121 4691 :
1154 4635 1251 4690 Die
1271 4648 1439 4689 autem
1468 4636 1795 4691 sabbatorum

219 4730 394 4797 egressi
429 4746 605 4782 sumus
640 4739 783 4784 extra
807 4739 1008 4801 portam
1030 4731 1186 4799 juxta
1210 4733 1426 4800 ﬁumen,
1462 4730 1547 4782 ubi
1588 4731 1797 4783 videba-

220 4824 296 4867 tur
321 4835 424 4872 esse
450 4825 649 4886 oratio;
676 4830 723 4874 et
758 4822 987 4873 sedentes
1017 4820 1346 4889 laquebamur
1367 4820 1665 4874 mulieribus
1685 4837 1798 4888 qua:

218 4920 566 4965 convenerant.
595 4911 657 4965 Et
681 4913 916 4982 quadam
936 4914 1118 4965 mulier
1136 4913 1338 4966 nomine
1366 4911 1531 4980 Lydia
1549 4952 1563 4977 ,
1588 4927 1786 4980 purpu-

286 5010 308 5071 f'
350 5002 447 5055 Ms.
479 5001 756 5067 .Ioliensis,
800 5003 1119 5071 nosmetipsi.

286 5067 310 5104 δ
351 5071 445 5125 Hic
467 5073 594 5126 editi
628 5075 795 5127 nus-tri
826 5067 1031 5126 addunt
1056 5074 1129 5126 in.
1154 5071 1268 5138 Quo
1294 5081 1478 5126 carent
1504 5088 1608 5126 ms.
1657 5072 1789 5139 Ju|.,

224 5136 409 5210 Leonis
437 5142 600 5195 editio
625 5154 679 5198 et
708 5152 885 5197 textus
914 5159 1068 5196 sacer
1094 5136 1366 5210 Apostuli.
1452 5178 1463 5189 ~

290 5219 310 5280 ξ
351 5209 405 5263 In
425 5210 603 5267 Leone
628 5214 855 5268 habetur
874 5254 887 5276 ,
916 5226 1092 5266 vestrae
1114 5209 1337 5280 paterna:
1368 5213 1683 5266 traditionis.

288 5275 312 5313 ά
351 5280 446 5334 Ms.
480 5281 729 5339 Joliensis
779 5285 930 5339 addit
980 5275 1171 5345 nostri,
1226 5283 1578 5339 conforniiter
1625 5284 1791 5338 textui

224 5359 390 5403 sacro.
414 5351 518 5406 Alii
541 5353 752 5411 codices
776 5372 881 5409 non
911 5353 1248 5407 addiderant.

293 5428 315 5455 ο
354 5420 450 5475 Ms.
481 5421 727 5479 Joliensis
751 5428 893 5479 addit
927 5427 1079 5476 idem.

296 5489 314 5525 ί
353 5491 452 5546 Ms.
480 5493 729 5550 Joliensis
758 5496 954 5550 omittit
984 5494 1203 5548 verbum
1231 5509 1359 5549 esse.

252 5568 317 5677 ῆι
356 5561 445 5615 Sic
473 5578 575 5619 ms.
616 5565 868 5622 Joliensis
905 5580 1028 5621 cum
1068 5563 1265 5618 Leonis
1295 5563 1425 5618 edit.
1461 5563 1589 5634 Alii,
1622 5562 1794 5633 Thyo—

293 5646 455 5677 arum-

293 5646 455 5687 orum.

1903 4545 2099 4601 terreni
2146 4543 2378 4597 hominis
2426 4544 2490 4597 ad
2524 4544 2806 4614 imaginem
2836 4544 3073 4599 caelestis
3117 4544 3352 4601 hominis
3393 4564 3482 4604 re-

1906 4635 2146 4690 formari.
2187 4632 2338 4699 Quod
2384 4644 2548 4687 totum
2599 4636 2711 4689 sive
2757 4635 2935 4703 palam
2967 4649 3062 4704 per
3106 4648 3483 4706 cooperatores

1903 4730 2110 4798 gratim,
2143 4728 2258 4781 sive
2313 4729 2521 4782 occulte
2573 4743 2669 4797 per
2714 4726 3267 4784 subministrationem
3315 4730 3484 4800 Spiri-

1910 4832 2014 4883 lus,
2062 4820 2153 4873 ille
2182 4819 2431 4883 inchoat,
2467 4818 2559 4872 ille
2606 4827 2767 4889 auget
2803 4829 2856 4875 et
2897 4821 3133 4890 perlicit,
3165 4823 3318 4891 cujus
3346 4825 3484 4891 agri-

1893 4911 2123 4974 Cultura,
2147 4910 2300 4979 cujus
2343 4910 2723 4978 tediticatio,et
2744 4913 2899 4982 cujus
2947 4916 3255 4982 ﬁgmentum
3276 4928 3478 4968 sumus.

1964 4999 1999 5073 if
2041 5002 2140 5056 Ms.
2167 5001 2441 5073 Joliensis,
2474 5012 2521 5056 et
2546 5006 2939 5073 confessionem.

1978 5070 1993 5143 ξ
2038 5073 2140 5143 Ms.
2174 5070 2453 5143 Joliensis,
2498 5083 2557 5127 ut
2585 5070 2808 5143 vulgata
2840 5075 3037 5140 versio,
3060 5083 3108 5128 et
3128 5075 3320 5127 solatii.

1972 5141 1990 5215 i7
2036 5142 2133 5196 Ms.
2168 5142 2455 5213 Jolieusis,
2486 5154 2542 5198 ut
2569 5162 2670 5198 uno
2694 5141 2904 5209 animo,
2953 5161 3058 5198 uno
3099 5160 3186 5197 ore
3229 5147 3480 5215 honoriﬁ-

1897 5214 2040 5266 cetis.

1969 5281 1996 5319 ¹ι
2036 5282 2135 5337 Ms.
2163 5282 2443 5351 Joliensis,
2488 5285 2543 5339 in
2568 5301 2656 5355 spe
2684 5294 2734 5338 et
2759 5286 2961 5340 virtute.
2993 5284 3191 5339 Leonis
3211 5284 3399 5349 editio,
3430 5288 3484 5339 iis

1896 5369 2012 5422 spe,
2045 5355 2099 5405 in
2122 5355 2327 5417 virtute,
2361 5364 2419 5408 ut
2449 5367 2625 5409 tenus
2654 5365 2876 5424 uterque
2893 5355 3323 5425 Apostoli.Editi
3355 5356 3485 5410 Pro.

1897 5426 2064 5492 speri.
2089 5425 2357 5478 abundetis
2373 5442 2481 5489 spe,
2516 5426 2571 5478 in
2592 5424 2794 5478 virtute.

1984 5490 2004 5529 ι
2048 5495 2103 5547 In
2133 5495 2315 5549 Leone
2339 5494 2575 5559 additur,
2603 5495 2789 5555 inquit.

1975 5571 2014 5599 ἰ
2054 5565 2151 5618 Ms.
2180 5565 2434 5621 Joliensis
2480 5579 2587 5618 non
2622 5563 2782 5619 habet
2808 5566 3251 5636 praepositionem
3290 5580 3383 5621 nos
3406 5582 3497 5622 er-

1899 5648 2163 5702 pressam.
