3972 6176
546 204 656 266 6τ9

1112 309 1338 365 CAPUT
1378 307 1566 363 XXIV.

553 431 716 485 Omne
768 425 954 479 bonum
989 424 1041 476 in
1093 423 1297 474 homine
1325 437 1432 474 esse
1463 436 1529 473 ea:
1557 419 1743 488 gratia,
1766 426 1813 470 et
1840 416 1991 485 ﬁdem
2016 415 2134 469 dari

622 517 722 553 non
748 496 976 567 petitam,
1011 503 1065 546 ut
1087 494 1246 561 ipsius
1279 490 1607 561 petitionibus
1629 499 1812 542 cwtera
1836 499 1966 540 bona
2007 503 2133 539 con-

620 590 930 649 sequamur.

626 675 876 742 Abunde,
905 683 1162 745 quantum
1191 672 1444 739 arbitror,
1470 670 1553 724 bis
1577 666 1901 725 testimoniis
1932 667 2139 738 (quam-

551 767 634 821 vis
664 775 717 821 et
745 766 850 820 alia
890 767 1215 821 documenta
1263 762 1536 831 aggregari
1583 756 1891 829 potuerint)
1915 758 2140 811 demon-

551 875 776 920 stratum
825 871 905 917 est
933 902 948 927 ,
976 862 1134 915 [idem
1177 875 1278 928 qua
1307 859 1636 928 justiﬁcatur
1676 857 1871 925 impius
1891 897 1905 921 ,
1941 854 2043 909 nisi
2073 866 2138 908 ex

559 958 652 1012 Dei
689 971 911 1011 munere
941 971 1046 1009 non
1084 953 1289 1015 haberi,
1320 965 1548 1019 eamque
1573 949 1732 1003 nullis
1759 947 1964 1001 meritis
2007 961 2142 1015 pra:-

551 1049 868 1104 cedentibus
899 1046 1057 1100 tribui
1083 1061 1096 1109 ;
1127 1043 1222 1098 sed
1251 1044 1316 1096 ad
1343 1042 1445 1096 hoc
1474 1042 1694 1105 donari,
1723 1052 1779 1093 ut
1801 1038 2128 1108 principium

555 1140 862 1209 possitesse
891 1137 1223 1200 meritorum,
1257 1144 1280 1170 ι
1305 1143 1358 1186 et
1387 1148 1507 1186 cum
1543 1132 1654 1201 ipsa
1689 1131 1812 1185 data
1845 1130 2006 1184 fuerit
2033 1144 2140 1182 nun

555 1232 742 1300 petita,
773 1231 941 1299 ipsius
956 1229 1066 1300 jam
1097 1227 1446 1298 petitionibus
1471 1225 1613 1279 bona
1654 1234 1849 1278 caetera
1877 1221 1907 1259 ι’
1939 1236 2134 1276 conse-

555 1336 807 1393 quantur.
833 1321 986 1378 Unde
1015 1320 1258 1390 quaedam
1287 1319 1355 1372 de
1387 1316 1631 1386 plurimis
1669 1313 1990 1368 assumenda
2017 1319 2146 1366 sunt

559 1413 862 1467 testimonia
893 1453 908 1475 ,
955 1427 1076 1481 quas
1112 1410 1164 1464 in
1197 1409 1511 1464 diversitate
1549 1406 1816 1461 donorum
1856 1403 2147 1458 ostendant

557 1506 743 1576 gratiae
771 1505 1093 1575 largitatem.
1121 1505 1198 1558 Ex
1229 1503 1535 1572 Deoitaque
1565 1507 1792 1561 esse,ut
1816 1499 1976 1553 homo
2005 1497 2142 1550 viam

560 1597 653 1652 Dei
686 1598 847 1664 eligat
887 1604 942 1651 et
975 1605 1033 1650 ut
1083 1605 1265 1663 surgat
1296 1610 1324 1648 a
1351 1594 1531 1663 lapsu,
1580 1593 1817 1661 psalmus
1865 1589 2148 1644 Davidicus

1180 197 1240 254 S.
1279 191 1614 252 PROSPERI
1655 190 1977 259 AQUITANI
2017 185 2246 244 OPERA
2291 183 2612 240 INCERTeE
2655 177 3170 236 AUCTORITATIS.

3678 183 3756 240 tsi-‘0

2162 311 2206 362 Α
2238 299 2356 369 Dei,
2387 311 2440 355 et
2470 307 2675 354 tantum
2706 299 2761 353 in
2781 297 2974 352 studiis
3021 295 3135 351 suis
3187 305 3488 364 pro-terant,
3550 314 3755 370 quantum

2241 394 2331 449 ille
2358 392 2384 430 ι
2408 392 2708 447 donaverit.
2736 392 3216 460 Quantumcumque
3253 390 3538 445 laborarerit
3571 398 3693 448 homo
3719 406 3758 450 ut

2241 495 2467 557 quierat,
2483 502 2584 540 non
2626 487 2886 550 inveniet;
2917 495 2963 538 et
2990 486 3342 555 quodcumque
3383 486 3554 540 dixerit
3601 493 3758 557 sapient

2243 589 2299 632 ut
2348 579 2496 642 sciat,
2554 594 2657 630 non
2707 577 2890 646 poterit
2927 577 3174 630 invenire.
3214 574 3349 640 Quia
3401 578 3658 632 universum
3688 581 3758 634 Inc

2249 670 2267 710 ι
2296 673 2413 725 dedi
2443 674 2494 724 in
2525 688 2612 723 cor
2643 687 2833 734 meum,
2863 680 2912 723 et
2933 686 3018 723 cor
3045 685 3216 722 meum
3243 671 3518 722 universum
3545 671 3626 725 hoc
3647 674 3753 736 t'idit,

2242 765 2363 833 quia
2393 772 2438 814 et
2460 763 2593 834 justi
2616 770 2662 814 et
2691 763 2968 829 sap'entes,
2994 771 3039 814 et
3062 762 3385 830 operationes
3403 776 3561 814 eorum
3577 763 3620 814 in
3642 779 3756 815 manu

2248 854 2344 906 Dei
2375 849 2577 922 (Eccle.
2609 868 2724 916 \‘lll,
2763 852 2862 918 l7;
2919 863 2968 906 et
3021 871 3139 922 cap.
3172 869 3247 915 ιι,
3279 852 3351 923 1).
3385 852 3438 906 ltt
3463 854 3584 908 libro
3620 866 3754 909 autem

2244 945 2533 1014 Sapientia:
2580 944 2647 998 de
2701 945 2893 998 eodem
2921 946 3106 1015 gratia:
3130 959 3299 1014 opere
3333 945 3397 996 ita
3426 946 3632 999 dicitur:
3654 947 3754 1009 Quo.

2247 1038 2382 1091 niam
2420 1039 2530 1104 ipse
2566 1048 2615 1091 et
2641 1038 2903 1107 sapientia:
2923 1038 3030 1090 dua:
3056 1047 3165 1101 est,
3197 1045 3245 1089 et
3265 1038 3549 1104 sapientium
3573 1041 3754 1092 enienda-

2249 1139 2346 1184 tor.
2363 1127 2427 1182 In
2452 1147 2607 1182 manu
2629 1131 2763 1181 enim
2785 1130 2924 1182 illius
2943 1141 3113 1193 etuas,
3133 1141 3178 1182 et
3191 1145 3441 1184 sermones
3460 1133 3615 1197 nostri,
3631 1145 3752 1186 etam-

2249 1222 2326 1274 nis
2348 1221 2622 1288 sapientia,
2653 1229 2699 1274 et
2728 1236 2942 1288 aperum
2969 1221 3206 1284 scientia,
3224 1231 3268 1273 et
3283 1223 3533 1289 disciplina
3556 1223 3747 1290 (Sapxn,

2252 1313 2319 1367 15
2339 1322 2385 1366 et
2419 1312 2527 1381 16).
2559 1313 2633 1366 De
2677 1315 3011 1366 continent'a
3066 1329 3304 1383 quoque,
3339 1316 3472 1383 quod
3498 1332 3552 1368 cx
3581 1316 3654 1370 Dri
3682 1318 3749 1370 lia-

2250 1403 2444 1457 beatur
2497 1416 2744 1472 munere,
2803 1403 2992 1458 eadem
3033 1406 3314 1472 Scriptura
3342 1406 3415 1458 sic
3443 1405 3674 1474 loquitur:
3702 1405 3748 1460 Ut

2248 1494 2375 1548 scivi
2400 1494 2524 1563 quia
2570 1494 2718 1547 aliter
2757 1512 2858 1548 non
2901 1512 3110 1562 possum
3132 1513 3240 1549 esse
3267 1500 3532 1561 continens,
3558 1500 3637 1551 nisi
3653 1497 3749 1552 Deus

2252 1583 2357 1648 det,
2387 1595 2434 1636 et
2465 1583 2561 1637 hoc
2589 1584 2759 1653 ipsum
2788 1596 2897 1638 erat
2926 1588 3212 1656 sapientia,
3236 1589 3365 1641 scire
3410 1590 3539 1659 cujus
3562 1603 3662 1643 esset
3685 1591 3747 1642 hoc

564 1689 707 1743 canit
738 1691 946 1751 dicens,
971 1690 1012 1742 Α
1045 1688 1263 1742 Domino
1293 1703 1492 1759 gressus
1524 1687 1742 1740 hominis
1773 1686 2078 1757 dirigentur,
2104 1695 2152 1739 et
2181 1681 2228 1741 B
2256 1673 2450 1727 άοηυηι
2491 1674 2645 1744 (δορυ
2692 1689 2802 1742 Vl".
2829 1675 2893 1728 91
2920 1676 2962 1746 )ο
2995 1677 3091 1730 CUi
3122 1680 3403 1732 sententia:
3424 1679 3560 1732 Pauli
3579 1681 3745 1747 apostoli

571 1781 703 1834 viam
728 1782 840 1850 ejus
868 1782 1016 1834 volet.
1064 1780 1190 1834 Cum
1226 1779 1494 1844 ceciderit,
1539 1795 1641 1831 non
1699 1776 2009 1842 collidetur,
2035 1778 2154 1847 quia

569 1871 821 1926 Dominus
875 1875 1116 1944 supponit
1166 1887 1376 1924 manum
1424 1885 1573 1924 suam
1605 1866 1787 1941 (Psal.
1813 1884 1999 1934 xxxvx,
2031 1866 2148 1936 ‘25).

567 1965 702 2019 Item
735 1963 898 2027 idem,
928 1964 1070 2032 quod
1098 1962 1234 2016 duce
1253 1963 1362 2016 Deo
1378 1960 1625 2015 veniatur
1638 1958 1702 2014 ad
1727 1959 1893 2013 Deum
1924 1975 1937 2011 :
1969 1959 2156 2012 Emitte

563 2055 731 2108 lucem
754 2064 894 2107 tuam
921 2063 965 2108 et
988 2054 1247 2106 veritatem
1270 2061 1409 2104 tuam
1435 2090 1449 2114 ,
1479 2051 1590 2120 ipsa
1619 2067 1700 2105 me
1725 2051 2078 2118 deduxerunt,
2109 2062 2154 2104 et

569 2147 900 2200 adduxerunt
939 2147 993 2198 in
1031 2155 1249 2199 montem
1285 2157 1514 2199 sanctum
1555 2153 1698 2197 tuum
1723 2185 1738 2209 ,
1765 2154 1811 2198 et
1839 2144 1894 2198 in
1923 2142 2157 2196 taberna-

567 2237 686 2290 cuia
714 2247 800 2289 tua
832 2236 851 2305 (
878 2235 1025 2289 Psal.
1060 2251 1166 2289 xut
1191 2277 1205 2301 ,
1231 2237 1264 2290 3
1285 2235 1327 2306 ).
1364 2235 1495 2289 ltem
1519 2235 1661 2305 quod
1695 2244 1717 2272 ε
1744 2234 1795 2288 in
1829 2234 2055 2288 Domino
2086 2234 2154 2288 sit

567 2325 803 2380 hominis
832 2325 1108 2391 fortitudo,
1131 2336 1185 2381 et
1219 2326 1311 2380 Dei
1339 2325 1588 2379 voluntas
1610 2323 1903 2393 prasveniat
1921 2324 2156 2379 liberan-

566 2414 694 2470 dum
720 2432 732 2467 :
762 2412 1170 2479 Fortitudinem,
1197 2411 1223 2450 ἀ
1262 2415 1456 2484 inquit,
1483 2430 1647 2468 meam
1673 2419 1740 2468 ad
1768 2425 1814 2468 te
1841 2415 2156 2480 custodiam;

568 2506 691 2576 quia
719 2504 857 2559 Deus
883 2516 1146 2576 susceptor
1172 2521 1316 2559 meus
1350 2520 1368 2559 :
1401 2503 1542 2559 Deus
1563 2521 1726 2571 meus,
1755 2505 2024 2559 °voluntas
2045 2508 2158 2576 ejus

568 2598 841 2669 prarveniet
864 2613 942 2650 me
975 2597 1144 2668 (Psal.
1181 2613 1334 2661 unt,
1373 2598 1484 2668 10).
1520 2598 1579 2653 In
1611 2598 1921 2655 Proverbiis
1945 2615 2159 2671 quoque

569 2689 796 2759 legimus
820 2689 889 2745 de
921 2690 1183 2759 sapientia
1216 2699 1271 2745 et
1301 2690 1594 2756 intellectu,
1623 2691 1881 2758 Quoniam
1905 2691 2157 2746 Dominus

571 2781 661 2832 dat
687 2780 1010 2850 sapientiam,
1043 2790 1143 2834 eta
1173 2779 1309 2850 [acie
1346 2785 1458 2850 ejus
1510 2782 1722 2835 scientia
1776 2792 1826 2835 et
1876 2784 2159 2836 intellectus

575 2871 754 2944 (Prov.
789 2888 848 2937 ιι,
875 2872 957 2944 6).
988 2871 1120 2928 ltem
1145 2874 1197 2928 in
1249 2874 1439 2928 eodem
1471 2874 1609 2930 libro
1650 2874 1717 2929 de
1747 2875 2160 2945 dispensationi-

576 2965 679 3020 bus
707 2965 987 3032 sapientiae
1017 2965 1133 3031 Dei,
1160 2964 1276 3020 sine
1305 2981 1407 3034 qna
1449 2965 1611 3019 nulla:
1635 2975 1799 3021 recta:
1827 2977 1951 3022 sunt
1992 2967 2160 3022 actio-

2257 1767 2502 1821 doctrina
2524 1770 2816 1822 concordat
2840 1769 2892 1822 in
2926 1770 3097 1838 prima
3127 1770 3196 1823 ad
3220 1770 3511 1825 Corinthios
3534 1771 3628 1825 lucc
3653 1774 3746 1826 scri-

2257 1843 2478 1914 bentisi
2525 1859 2649 1913 Volo
2695 1868 2862 1912 autem
2904 1877 3083 1915 omnes
3135 1861 3364 1916 homines
3391 1877 3487 1916 esse
3523 1863 3631 1916 sicut
3676 1878 3747 1914 me-

2257 1951 2459 2021 ipsum;
2481 1951 2569 2004 sed
2592 1952 2939 2022 unusquisque
2959 1954 3231 2021 praprium
3255 1953 3574 2006 habetdonum
3595 1969 3644 2005 ex
3657 1952 3744 2014 Deo,

2260 2043 2397 2096 alius
2440 2042 2536 2108 sic,
2567 2050 2608 2079 ω
2637 2043 2770 2096 alius
2809 2058 2926 2096 vero
2974 2045 3048 2096 sic
3084 2044 3126 2117 (l
3160 2042 3283 2098 Cor.
3313 2060 3402 2109 vn,
3443 2043 3510 2113 7).
3554 2043 3746 2096 Dominus

2261 2149 2393 2189 vero
2424 2136 2476 2189 in
2505 2134 2800 2206 Evangelio
2830 2136 3134 2191 secundum
3169 2137 3463 2191 Mattltasum
3491 2135 3744 2190 ha-cdecon-

2260 2225 2501 2281 tinentia:
2529 2226 2673 2280 dono
2705 2226 3010 2284 insinuasse
3044 2240 3315 2283 narratur.
3348 2229 3617 2284 Dicentibus
3641 2242 3744 2280 natu-

2260 2333 2366 2389 que
2406 2318 2684 2389 discipulis
2730 2321 2866 2388 suis,
2903 2321 2964 2376 Si
3007 2323 3079 2376 ita
3105 2332 3183 2378 est
3227 2324 3484 2377 causuviri
3507 2338 3598 2374 cum
3616 2335 3742 2383 uxore,

2261 2425 2362 2463 non
2389 2411 2591 2479 expedit
2614 2410 2840 2475 nubere;
2875 2410 3011 2465 dixit
3045 2415 3153 2466 illis
3182 2413 3364 2477 Jcsus,
3396 2413 3505 2467 Non
3541 2426 3672 2463 omnes
3686 2426 3745 2460 ca-

2264 2502 2414 2570 piunt
2461 2502 2665 2555 verbum
2706 2504 2865 2570 istud,
2914 2505 3004 2557 sed
3035 2506 3218 2574 quibus
3235 2505 3406 2558 datum
3454 2514 3519 2557 est
3545 2499 3743 2572 n(lilaltlt.

2265 2607 2378 2657 xIx,
2415 2592 2479 2648 10
2505 2602 2550 2646 et
2585 2591 2696 2663 11).

2334 2683 2411 2737 De
2471 2684 2666 2737 timore
2698 2684 2790 2740 Dei
2829 2694 2884 2740 et
2934 2691 3201 2759 sapientia
3251 2689 3318 2743 ita
3359 2689 3406 2742 in
3447 2685 3746 2758 Ecclesiastico

2265 2773 2479 2844 legitur,
2513 2773 2717 2828 Corona
2747 2778 3011 2845 sapientia:
3051 2782 3206 2835 timor
3234 2780 3448 2845 Domini,
3485 2788 3657 2844 utraque
3683 2789 3745 2824 att-

2263 2875 2361 2918 tem
2391 2866 2524 2918 dona
2552 2877 2669 2919 sunt
2702 2865 2798 2921 Dei
2823 2867 3008 2940 (Ec'cli.
3036 2871 3341 2944 I,22).ltcm
3372 2879 3394 2905 υ
3423 2869 3467 2922 itt
3493 2865 3664 2933 eodem,
3689 2861 3745 2914 Ti-

2264 2973 2376 3011 mor
2399 2957 2608 3011 Domini
2637 2976 2787 3028 super
2810 2963 2980 3014 omnia
3013 2973 3037 3010 P
3058 2979 3114 3016 se
3144 2963 3452 3033 superposuit
3479 2959 3652 3012 :beatut
3690 2953 3744 3003 cui

577 3071 708 3122 nes,
760 3057 832 3111 ita
861 3057 1088 3124 dicitur,
1119 3056 1295 3110 Meum
1338 3058 1606 3111 consilium
1632 3067 1680 3112 et
1709 3075 1821 3112 mea
1853 3060 2033 3127 tutela,
2067 3077 2156 3130 ego

2264 3049 2511 3102 donatum
2540 3059 2612 3103 est
2648 3051 2831 3105 habere
2852 3054 3087 3106 timorem
3135 3055 3338 3108 Domini
3357 3050 3523 3124 (Eccli.
3545 3064 3646 3108 xxv,
3668 3042 3742 3106 W-

577 3149 873 3218 prudentla,
906 3166 1018 3202 mea
1047 3159 1217 3203 autem
1241 3150 1423 3204 virtus.
1454 3149 1558 3204 Per
1583 3167 1662 3206 me
1688 3169 1831 3222 reges
1850 3163 2084 3222 regnant,
2114 3160 2164 3206 et

580 3242 787 3310 tyranni
810 3257 900 3307 per
930 3257 1009 3294 me
1037 3241 1259 3294 obtinent
1285 3250 1477 3294 terram
1508 3241 1689 3311 (Prov.
1718 3258 1835 3310 Vlll,
1864 3245 1927 3296 14
1950 3244 1991 3310 ).
2033 3244 2161 3297 ltem

581 3331 730 3394 alibi,
763 3332 904 3400 quod
935 3347 1093 3384 nemo
1120 3327 1289 3400 possit
1319 3343 1464 3388 recte
1490 3335 1766 3400 incedere,
1800 3335 1902 3389 nisi
1935 3336 2165 3390 Domino

585 3422 849 3491 dirigcnte
873 3440 884 3473 :
912 3424 956 3475 A
986 3422 1206 3476 Domino
1238 3422 1256 3460 ί
1283 3425 1612 3496 corriguntur
1646 3442 1849 3495 gressus
1874 3428 2003 3490 viri,
2029 3445 2166 3482 mor-

585 3513 704 3565 talis
732 3522 904 3564 autem
931 3512 1183 3580 quomodo
1217 3512 1468 3585 intelligat
1495 3515 1662 3584 880
1687 3516 1794 3567 vias
1831 3531 1950 3569 suas
1985 3515 2164 3584 (Prov.

585 3619 684 3670 xx,
711 3601 811 3672 21)
839 3603 1014 3658 ?ltem
1047 3603 1172 3658 alibi
1201 3621 1212 3656 :
1246 3603 1425 3658 Omnis
1461 3605 1537 3658 vir
1587 3605 1792 3658 videtur
1820 3606 1916 3659 sibi
1966 3611 2166 3679 justus,

586 3696 766 3766 dirigit
795 3703 967 3748 autem
994 3695 1150 3750 corda
1175 3694 1430 3749 Dominus
1460 3694 1876 3767 (Prov.xxt,2).
1897 3697 1962 3751 Et
1983 3698 2122 3752 infra
2151 3715 2166 3754 :

587 3787 929 3857 Prwparatur
953 3789 1187 3842 voluntas
1214 3806 1246 3841 a
1272 3787 1492 3842 Domino
1520 3787 1704 3858 (Prov.
1723 3805 1954 3857 vm,sec.
1973 3790 2167 3860 LXX).

585 3877 718 3934 Item
769 3877 966 3933 ibidem
1022 3879 1088 3932 de
1137 3880 1466 3948 cogitatione
1496 3890 1655 3948 atque
1684 3880 1910 3934 consilio
1940 3898 1953 3934 :
1990 3881 2172 3935 Multa:

587 3971 916 4041 cogitationes
943 3971 994 4022 in
1022 3971 1176 4022 corde
1201 3971 1314 4038 viri,
1348 3972 1622 4023 consilium
1649 3981 1818 4024 autem
1849 3971 2057 4026 Domini
2086 3975 2173 4025 ob-

590 4062 714 4112 tinet
748 4061 765 4128 (
799 4059 952 4112 Prov.
994 4075 1105 4124 xtx,
1162 4059 1229 4111 21
1263 4058 1306 4128 ).
1347 4061 1402 4114 ln
1457 4061 1598 4114 libro
1650 4076 1778 4116 vero
1836 4063 2175 4117 Ecclesiaste:

590 4161 616 4200 ι
636 4151 909 4215 scribitur,
938 4153 1077 4216 quod
1101 4162 1152 4205 et
1175 4150 1374 4206 habere
1397 4155 1726 4218 necessaria,
1752 4157 1902 4211 eteis
1919 4156 2054 4210 bene
2073 4158 2171 4225 uti,

590 4242 788 4296 donum
831 4244 900 4297 sit
929 4241 1027 4296 Dei
1056 4284 1070 4307 ,
1113 4241 1235 4296 Non
1267 4253 1368 4308 est,
1411 4244 1603 4313 inquit,
1633 4245 1819 4297 bonum
1851 4249 2040 4299 homini
2077 4249 2174 4300 nisi

590 4336 725 4406 quod
755 4333 780 4371 δ
803 4336 1127 4389 manducavit
1157 4348 1202 4390 et
1230 4335 1373 4402 bibit,
1407 4346 1454 4389 et
1490 4337 1710 4390 ostendit
1749 4339 1934 4391 animo:
1958 4355 2065 4392 sua
2086 4340 2177 4394 bo-

2267 3143 2432 3198 lsaias
2463 3160 2677 3215 quoque
2699 3147 2765 3201 de
2794 3147 2995 3202 divitiis
3023 3149 3374 3218 Spiritalibus,
3399 3157 3589 3214 quarum
3611 3146 3746 3192 auclor

2267 3251 2351 3295 est
2384 3240 2664 3306 Dominus,
2698 3241 2767 3295 ita
2798 3243 3032 3311 loquitur
3067 3261 3079 3296 :
3110 3243 3174 3298 In
3200 3241 3440 3296 thesauris
3482 3237 3598 3290 salus
3625 3241 3746 3283 nam

2268 3334 2492 3399 advenit,
2527 3335 2798 3403 sapientia,
2827 3346 2874 3388 et
2905 3339 3087 3402 pietas,
3123 3349 3170 3390 et
3192 3335 3448 3403 disciplina
3487 3347 3513 3380 a
3557 3322 3745 3377 Domino:

2270 3424 2323 3476 hi
2346 3433 2461 3477 sunt
2491 3424 2718 3477 thesauri
2745 3426 2958 3495 justitite
2982 3425 3134 3496 (Isai.
3162 3443 3286 3493 xxv,
3313 3439 3404 3478 sec.
3433 3415 3596 3483 LXX).
3623 3410 3747 3462 “lem

2271 3516 2338 3569 de
2362 3515 2642 3569 altitudine
2689 3516 2993 3572 divitiarum
3026 3520 3304 3588 sapientia:
3346 3525 3397 3570 et
3439 3507 3634 3566 scientia:
3659 3501 3748 3558 Dei.

2270 3607 2423 3675 cujus
2458 3606 2669 3663 bonitas
2698 3609 2894 3663 nullius
2946 3613 3142 3666 merito
3183 3592 3501 3678 prmvenitur,
3528 3601 3618 3652 bazc
3633 3593 3748 3647 dicit:

2275 3697 2401 3761 Quis
2427 3716 2628 3752 mensus
2656 3709 2729 3754 est
2759 3717 2911 3754 manu
2933 3719 3141 3770 aquam,
3167 3713 3211 3757 et
3236 3701 3409 3755 caelum
3434 3694 3593 3764 palmo,
3614 3695 3649 3738 ct
3667 3697 3747 3734 unt-

2272 3804 2470 3842 rersam
2497 3800 2686 3843 terram
2707 3792 2943 3861 pugillo?
2973 3795 3102 3860 Quis
3127 3795 3299 3850 statuit
3327 3798 3497 3844 montes
3527 3787 3568 3836 in
3591 3778 3747 3869 libant!

2271 3896 2426 3950 τηρεε
2450 3882 2612 3954 881
2641 3885 2694 3935 δη
2715 3885 2946 3937 statera?
2979 3887 3108 3949 Quis
3132 3885 3353 3959 cognovit
3378 3890 3554 3935 sensum
3581 3865 3744 3922 Domini.

2276 3982 2365 4026 aut
2411 3977 2524 4042 quis
2564 3978 2676 4047 ejus
2727 3977 2826 4044 [uit
2864 3978 3205 4042 consiliarius,
3239 3977 3323 4047 qui
3347 3975 3535 4027 instruat
3554 3959 3746 4050 euntium.

2277 4082 2424 4134 quem
2446 4046 2723 4132 consuluit,
2752 4079 2797 4120 et
2819 4069 3062 4122 instruxit
3113 4070 3262 4124 eum?
3294 4064 3364 4120 vel
3406 4061 3502 4130 quis
3533 4046 3697 4108 ostendit
3717 4046 3746 4136 tt

2271 4157 2546 4225 judicium,
2578 4166 2668 4208 aut
2695 4159 2827 4210 riam
2856 4160 3144 4226 prudentiae
3170 4159 3278 4228 quis
3307 4150 3500 4209 ostendit
3522 4145 3574 4203 ei,
3601 4137 3656 4192 υεί
3673 4143 3747 4228 φης

2279 4217 2419 4315 prior
2467 4217 2606 4300 dedit
2627 4249 2692 4317 ei,
2727 4259 2771 4301 et
2804 4217 3108 4304 re'tribuetur
3131 4217 3207 4306 illi
3233 4247 3374 4320 (Isui.
3402 4258 3486 4302 IL,
3517 4234 3569 4288 η
3596 4217 3746 4320 seqq)?

2285 4336 2436 4391 Unde
2463 4348 2513 4392 ct
2544 4336 2595 4391 itt
2628 4338 2766 4391 libro
2791 4339 2893 4392 Job
2922 4342 3214 4396 secundum
3251 4334 3477 4393 einndem
3505 4332 3672 4380 sensum
3697 4313 3746 4362 leo

590 4401 713 4484 num
742 4431 792 4484 in
825 4431 996 4484 labore
1034 4447 1149 4484 suo.
1184 4427 1251 4481 Et
1281 4429 1482 4498 quidem
1513 4428 1530 4466 ί
1558 4427 1666 4483 htec
1688 4430 1793 4483 vidi
1819 4447 1946 4501 ego,
1991 4434 2114 4502 quia
2147 4449 2178 4486 a
2206 4427 2258 4486 D
2283 4439 2484 4499 guntur
2503 4430 2714 4484 Domini
2746 4432 2905 4484 verba
2939 4431 3189 4498 dicentis,
3219 4431 3338 4498 Quis
3362 4433 3466 4478 ante
3485 4415 3597 4470 dedit
3630 4401 3744 4502 tui/Iit

590 4538 749 4573 manu
771 4521 865 4574 Dei
894 4530 984 4575 est.
1024 4521 1281 4587 Quoniam
1317 4520 1430 4589 quis
1486 4521 1816 4574 manducabit
1864 4533 1954 4575 aut
2004 4535 2176 4592 pascet

592 4613 780 4677 absque
811 4614 902 4666 illo
924 4575 1126 4684 (Ea-de.
1157 4631 1210 4675 ν.
1237 4575 1370 4680 l7)'?
1400 4614 1531 4669 Item
1561 4612 1616 4667 in
1647 4615 1838 4668 eodem
1872 4575 2018 4670 libro,
2286 4613 2410 4685 (Job
2463 4631 2570 4678 xu,
2596 4615 2675 4684 9).
2709 4575 2971 4670 leremins
3186 4575 3320 4686 quod
3342 4626 3370 4662 a
3397 4607 3493 4660 Deo
3518 4597 3570 4650 sit
3599 4575 3745 4686 homini

594 4706 752 4774 gitur,
782 4705 924 4774 quod
968 4707 1127 4760 corda
1160 4719 1212 4762 et
1238 4724 1400 4778 opera
1445 4709 1716 4779 justorum
1764 4709 1817 4763 in
1858 4724 2020 4765 manu
2068 4716 2176 4766 sint

663 4876 690 4936 9
730 4863 896 4936 _Alias,
930 4874 984 4918 ut
1013 4866 1278 4936 eumipsa.

662 4935 690 4974 δ
732 4934 787 4988 In
819 4935 1016 4997 Leone,
1044 4934 1398 5004 conferantur.

667 5017 690 5044 ε
734 5005 831 5060 Ms.
857 5005 1134 5072 Joliensis,
1169 5008 1220 5058 in
1239 5006 1346 5059 Deo
1369 5008 1454 5060 sit.

663 5075 692 5113 ά
731 5075 829 5129 Ms.
858 5076 961 5130 Jol.
995 5079 1189 5130 omittit
1211 5078 1396 5144 inquit.

668 5156 692 5220 ξ
731 5146 829 5220 ΜΒ.
853 5146 1200 5220 ςειλῐγιὶκξξοη.9
1235 5148 1586 5220 misericordia
1605 5151 1733 5220 ejus.

669 5215 690 5254 ί
730 5217 828 5288 Ms.
856 5216 1131 5288 Jolicnsis.
1163 5217 1476 5288 diriguntur.

665 5296 691 5334 s
731 5287 858 5340 Mss.
891 5285 1211 5341 Camberon.
1231 5285 1285 5342 et
1313 5290 1537 5357 Jolien.,
1568 5289 1833 5357 scribitur,-
1857 5291 1983 5347 item
2005 5291 2174 5346 editio

593 5355 809 5410 Leonis.
835 5357 962 5420 Alii,
991 5358 1199 5413 dicitur.

664 5424 695 5464 Ἀ
737 5427 808 5501 lta
834 5442 970 5501 mss.
997 5428 1184 5483 Camb.
1220 5437 1274 5483 et
1298 5429 1430 5492 Jol..
1457 5430 1720 5486 echonis
1740 5431 1936 5490 editio:
1963 5434 2169 5501 caueri,

594 5498 802 5550 mandat
824 5507 871 5549 et
899 5497 1059 5562 bibat,
1083 5507 1129 5552 et
1156 5501 1410 5552 ostendat.

672 5565 690 5636 ξ
735 5566 832 5620 Ms.
866 5567 1143 5632 Jolicnsis,
1169 5570 1261 5620 hoc
1285 5586 1377 5636 ego
1403 5571 1522 5625 ridi.

669 5634 688 5685 Ι
735 5637 829 5690 bis.
854 5636 1128 5700 Joliensis,
1154 5634 1398 5704 loquitur.

2285 4532 2340 4575 ut
2371 4523 2650 4576 retribuam
2680 4522 2757 4575 illi
2783 4522 2808 4574 .9
2835 4523 3022 4576 Omnia
3046 4541 3161 4594 qua;
3183 4523 3268 4578 sub
3286 4517 3401 4574 υωιο
3425 4518 3540 4573 sunt,
3570 4498 3746 4594 measunt

2289 4721 2312 4749 τ
2344 4727 2471 4766 vera
2503 4710 2788 4780 sapientia,
2823 4711 2900 4766 sic
2932 4709 3177 4780 profatur
3210 4725 3223 4763 :
3254 4705 3388 4767 Scio,
3430 4688 3625 4749 Domine.
3664 4681 3743 4742 1⁸⁵⁸⁸

2357 4869 2380 4907 ι
2422 4870 2548 4924 Mss.
2580 4871 2904 4926 Camberon.
2930 4883 2982 4925 et
3008 4872 3134 4928 Jul..
3166 4863 3384 4923 valuerit.

2360 4940 2378 4978 ι
2433 4943 2629 4996 Leonis
2656 4941 2824 4996 editio
2859 4943 3043 5004 liabet,
3075 4943 3213 4995 dedit
3235 4942 3281 4990 in
3309 4948 3388 4986 cor
3413 4933 3566 4978 meum-

2355 5022 2394 5050 ⁸³³
2438 5013 2535 5065 Ms.
2570 5013 2843 5077 Jolicttsis,
2874 5014 3008 5066 alius
3036 5025 3204 5066 autent
3231 5009 3318 5062 sic.
3616 5064 3625 5075 υ
3685 5047 3739 5090 me

2355 5090 2381 5104 ιι
2425 5083 2515 5104 nz-
2551 5085 2666 5104 I_L__:
2705 5081 2978 5104 h_..-_x_2,s
3009 5086 3038 5104 ,ξ
3077 5085 3136 5104 AA
3163 5085 3226 5104 ι.-.
3251 5088 3266 5104 s
3298 5092 3322 5104 η
3361 5069 3489 5104 Drser
3514 5067 3621 5104 meo.
3659 5058 3680 5104 (1

2355 5090 2397 5161 ⁸³-
2423 5083 2516 5136 llic
2550 5085 2667 5161 llb_ri
2704 5067 3041 5161 Prosperiani
3074 5085 3269 5161 adtlllli'l
3295 5092 3323 5126 a
3353 5067 3740 5161 ζ’ἡαῐζςκῑῖξῗειὶιιῗὲ

2284 5153 2583 5234 yerbaneg
2611 5153 2663 5206 itt
2692 5133 3067 5234 nistltoliensi,
3102 5165 3207 5234 aut_
3232 5142 3422 5234 Leonish
3441 5133 3736 5234 fﬂ'ﬁ'ﬁ’l'f’hyg‘;

2289 5203 2346 5277 in
2358 5203 3036 5294 *teim‘stsnge‘iii'cises
3055 5203 3164 5278 is;
3190 5203 3367 5277 Latino
3395 5203 3629 5261 habentur.

2279 5309 2342 5348 ea
2367 5309 2561 5346 CI'aSllll
2571 5311 2654 5348 IIS.

2351 5370 2377 5447 ξ
2547 5362 2823 5447 έοῇεηείξ,
2857 5365 2918 5418 de
2939 5367 3142 5447 eodem,
3199 5444 3207 5447 Δ
3284 5412 3548 5447 “unum,
3572 5397 3732 5447 mm,

2350 5443 2377 5482 P
2539 5410 2915 5499 ,‘B'iii'iséd
2935 5410 3214 5502 ‘lia'bet
3238 5412 3548 5498 superposuit;
3572 5410 3624 5470 Ρθ

2277 5505 2508 5558 timorem
2537 5503 2653 5560 Dei.

2355 5584 2383 5623 ς
2419 5574 2515 5627 Ms.
2539 5573 2819 5639 Joliensis,
2852 5574 2999 5630 Idem
3025 5579 3088 5630 de
3108 5571 3376 5639 altitudineg

2359 5599 2383 5623 ιι
2419 5599 2515 5627 ms.
2539 5599 2819 5639 auucttsts,
2852 5599 2999 5630 saem
3025 5599 3088 5630 ae
3108 5599 3411 5644 atilluuuw.“
3525 5617 3534 5631 ο
3640 5599 3734 5654 mm

2359 5652 2380 5681 ⁸
2419 5643 2508 5700 Sic
2540 5661 2643 5702 ms.
2675 5645 2782 5703 Jul.
2815 5663 2878 5704 ac
2905 5648 3098 5705 Leonis
3129 5646 3299 5705 editio.
3323 5637 3412 5694 Aln
3437 5620 3624 5682 codices.
