3972 6176
304 309 397 365 681

1143 303 1231 358 DE
1272 300 1661 359 VOCATIONE
1698 298 1963 356 OMNIUM
2002 297 2311 355 GENTIUM
2365 297 2569 354 LIBER
2612 298 2654 353 Ι.

234 475 245 482 ,
298 434 402 472 non
426 416 569 468 estin
593 414 798 468 hornine
830 415 909 467 ι-ῐα
940 415 1074 484 ejus,
1112 428 1203 466 nec
1228 413 1321 466 viri
1367 422 1439 466 est
1476 421 1529 465 ut
1568 411 1757 481 dirigat
1796 412 1891 463 iter
1920 412 1968 469 Α
1996 408 2213 476 rivi/icui
2242 407 2318 478 (Il
2362 406 2485 462 Cor.
2532 423 2611 474 ut,
2649 408 2684 464 4
2719 408 2906 481 seqq.).
2937 409 3006 465 Et
3041 408 3238 467 iterum
3287 412 3342 467 in
3384 413 3574 473 eadem

297 524 445 564 suum
466 504 683 579 (Jerem.
708 521 762 572 ι,
786 505 903 572 2'5).
935 504 1068 559 Item
1100 501 1241 572 quod
1261 511 1287 539 η
1316 501 1384 556 ad
1407 502 1576 556 Deum
1600 500 1886 554 conversio

297 599 476 655 Cordis
496 613 564 651 ex
600 597 712 650 Deo
735 596 827 660 sit,
860 609 957 663 per
983 594 1157 662 ipsum
1182 592 1441 647 Dominus
1467 601 1809 660 protestatur,
1833 596 1888 642 ct

300 688 426 744 dicit
456 706 468 742 :
504 687 791 741 Restituam
824 685 941 739 illos
968 685 1022 737 in
1048 691 1237 739 terram
1267 683 1452 749 istam,
1478 681 1504 719 ιι
1538 692 1583 735 et
1604 682 1887 747 recedi/ica-

300 782 384 847 bo,
417 790 463 833 et
492 796 593 833 non
621 778 903 843 destruant,
936 786 987 832 et
1005 776 1247 843 plantabo
1275 793 1378 842 eos,
1406 786 1455 830 et
1494 792 1598 829 non
1640 775 1881 840 evellam,

301 884 348 927 et
380 875 513 927 dabo
541 872 647 927 illis
675 890 762 925 cor
789 882 845 925 ut
874 874 1037 926 sciant
1065 889 1182 938 me;
1208 874 1329 944 quia
1359 888 1451 943 ego
1473 888 1585 926 sum
1617 871 1885 936 Dominus,

301 972 349 1018 et
370 974 517 1017 erunt
536 964 663 1016 mihi
691 964 740 1016 in
772 963 1034 1035 papulum,
1061 972 1107 1016 et
1130 979 1221 1033 ego
1251 979 1336 1017 ero
1358 962 1463 1016 illis
1490 964 1543 1015 in
1572 962 1892 1029 Deum,quia

300 1065 656 1109 convertentur
680 1055 749 1107 ad
797 1070 874 1107 me
903 1070 971 1107 ea:
1007 1063 1111 1107 toto
1156 1055 1307 1107 corde
1334 1069 1425 1107 suo
1452 1050 1582 1123 (Jer.
1607 1069 1754 1116 xstv,
1784 1052 1816 1107 6
1844 1064 1889 1106 et

298 1149 459 1216 seq.).
498 1156 520 1185 ε
564 1144 770 1199 Baruch
807 1160 1017 1213 quoque
1055 1144 1314 1212 praedicat
1359 1143 1501 1212 quod
1528 1152 1583 1195 ut
1609 1142 1752 1196 Deus
1794 1157 1889 1195 co-

299 1246 613 1308 gnoscatur,
636 1252 701 1290 ex
730 1237 838 1290 Deo
868 1236 959 1289 sit.
988 1234 1053 1287 Et
1077 1235 1259 1299 scient,
1292 1234 1482 1303 inquit,
1505 1231 1623 1303 quia
1652 1249 1744 1302 ego
1787 1232 1893 1286 Do-

301 1327 474 1381 minus
505 1324 642 1379 Deus
673 1324 903 1388 illorum,
937 1334 982 1378 et
1008 1324 1137 1378 dabo
1163 1323 1270 1378 illis
1313 1340 1402 1378 cor
1424 1324 1763 1395 cognoscendi
1788 1340 1889 1391 me,

303 1425 354 1470 et
381 1433 532 1470 aures
570 1416 816 1468 audiendi
843 1414 1067 1485 (Baruch
1120 1429 1179 1479 tt,
1210 1413 1321 1480 ὄλ).

376 1505 533 1571 Quod
564 1515 742 1558 autem
773 1518 933 1558 omne
961 1504 1181 1557 verbum
1212 1503 1445 1568 bonum,
1475 1513 1528 1557 et
1566 1518 1727 1558 omne
1756 1519 1892 1573 opus

311 1604 559 1650 sanctum
592 1594 1024 1649 subministratio
1055 1593 1127 1647 sit
1153 1594 1385 1662 Spiritus
1413 1595 1609 1660 saneti,
1639 1595 1757 1648 siue
1786 1609 1893 1663 quo

306 1687 443 1742 nihil
476 1697 627 1741 recte
671 1683 697 1723 ά
739 1674 949 1754 agatur,
981 1685 1035 1739 in
1066 1687 1235 1754 prima
1266 1685 1329 1737 ad
1359 1683 1668 1739 Corinthios
1697 1685 1893 1739 Paulus

1992 498 2257 568 Epistola,
2289 496 2305 536 ί
2335 498 2522 553 dicens
2550 500 2819 555 bonorum
2848 515 3074 569 operum
3102 503 3355 559 effectum
3383 512 3440 561 et
3462 506 3578 562 sul-

1990 587 2277 643 ﬁcieutiam
2311 603 2339 642 a
2377 589 2468 643 [tei
2499 590 2671 659 gratia
2703 591 2994 645 ministrari
3025 607 3042 647 :
3077 589 3269 646 Potens
3287 604 3361 647 est
3381 605 3574 661 autem,

1992 679 2187 750 inquit,
2220 680 2355 735 Deus
2383 696 2581 736 omnem
2610 683 2831 751 gratiam
2866 680 2881 733 i
2922 683 3184 737 abundare
3210 685 3381 755 facere
3402 687 3457 742 in
3484 704 3576 745 vo-

1992 773 2067 826 bis
2100 788 2117 825 :
2148 780 2202 825 ut
2247 772 2301 825 in
2331 773 2565 826 omnibus
2591 789 2682 844 per
2708 774 2879 827 omnia
2910 774 3264 845 sufficientiam
3310 774 3577 846 habentes,

1992 864 2265 917 abundetis
2322 864 2374 916 in
2408 879 2553 917 onme
2593 881 2721 933 opus
2754 864 2982 931 bonum;
3020 869 3153 920 sicut
3180 867 3428 935 scriptum
3451 880 3525 924 est
3557 886 3578 925 :

1998 955 2274 1024 Dispersit,
2301 956 2440 1008 dedit
2467 956 2797 1026 pauperibus,
2814 958 3020 1028 justitia
3035 960 3151 1031 ejus
3174 968 3347 1012 manet
3367 960 3421 1013 in
3438 971 3561 1013 teter

1995 1063 2135 1102 num.
2166 1046 2266 1111 Qui
2292 1057 2462 1099 autem
2501 1047 2756 1100 ministrat
2786 1064 2958 1102 semen
2983 1051 3258 1103 seminanti
3274 1091 3287 1114 ,
3315 1058 3363 1103 et
3392 1065 3581 1120 panem

1994 1138 2063 1189 ad
2104 1136 2523 1189 manducandum
2576 1138 2836 1205 prwstabit
2869 1178 2883 1202 ,
2936 1147 2985 1192 et
3029 1139 3231 1208 augebit
3268 1140 3584 1195 incrementa

1996 1230 2206 1297 frugum
2218 1226 2439 1298 justitite
2461 1234 2660 1292 vestrw,
2687 1238 2740 1280 ut
2763 1228 2815 1280 in
2838 1228 3071 1282 omnibus
3094 1229 3395 1298 locupletati
3416 1230 3582 1284 abun-

1996 1317 2128 1371 detis
2154 1319 2206 1370 in
2232 1333 2431 1371 omnem
2455 1318 2835 1386 simplicitatem
2865 1318 3065 1383 (llCor.
3087 1335 3160 1385 tx,
3181 1318 3257 1387 8).
3287 1320 3365 1375 Ad
3396 1320 3579 1391 Ephe-

1994 1408 2107 1462 sios
2132 1422 2261 1461 vero
2281 1406 2529 1461 scribens
2553 1406 2845 1476 Apostolus
2876 1408 3033 1463 docet
3058 1410 3199 1477 quod
3227 1409 3407 1463 omnia
3443 1409 3581 1464 bona

1996 1497 2190 1567 quibus
2222 1497 2463 1568 placetur
2494 1498 2626 1563 Deo,
2659 1498 2798 1552 dona
2824 1499 2933 1552 sint
2961 1499 3093 1562 Dei;
3124 1511 3179 1553 et
3204 1498 3346 1568 quod
3376 1499 3443 1552 ab
3464 1499 3584 1567 ipso

1997 1590 2107 1661 peti
2156 1598 2407 1660 Oporteat
2457 1600 2513 1645 ut
2562 1606 2623 1645 ea
2682 1605 2787 1645 non
2822 1589 2843 1627 ιι
2874 1590 3202 1645 habentibus
3232 1593 3580 1647 tribuantur:

1999 1679 2175 1751 Hujus
2204 1682 2300 1745 rei,
2330 1681 2522 1750 inquit,
2553 1683 2720 1752 gratia
2747 1682 2897 1752 ﬂecto
2941 1698 3105 1750 genua
3144 1697 3257 1735 mea
3281 1685 3347 1735 ad
3374 1680 3585 1735 Patrem

304 1780 585 1845 apostolus
608 1777 987 1841 docet,dicens
1022 1794 1035 1829 :
1070 1775 1201 1830 Ideo
1230 1787 1405 1830 notum
1436 1780 1570 1831 vobis
1598 1779 1732 1849 facio
1755 1779 1894 1847 quod
1929 1785 1972 1842 Β
2002 1770 2213 1825 Domini
2240 1773 2399 1826 nostri
2421 1770 2546 1825 Jesu
2573 1769 2785 1839 Christi,
2819 1787 2883 1826 τε
2910 1788 3008 1842 quo
3036 1774 3201 1826 omnis
3223 1772 3505 1841 paternitus
3531 1773 3586 1828 in

303 1887 452 1923 nemo
476 1871 531 1921 in
556 1867 765 1935 Spiritu
810 1867 909 1921 Dei
950 1867 1160 1933 loquens
1190 1869 1313 1920 dicit
1346 1871 1621 1922 anathema
1649 1869 1793 1923 Jesu.
1829 1869 1893 1923 Et

303 1976 455 2014 nemo
487 1966 650 2030 potest
681 1959 850 2011 dicere
894 1956 1170 2011 Dominum
1207 1956 1406 2021 Iesum,
1450 1960 1547 2012 nisi
1592 1961 1644 2012 in
1693 1960 1893 2029 Spiritu

301 2060 506 2105 sancto.
556 2049 844 2103 Divisiones
888 2064 1003 2102 vero
1048 2050 1333 2118 gratiarum
1378 2058 1519 2111 sunt,
1562 2049 1697 2102 idem
1728 2061 1895 2104 autem

302 2142 575 2211 Spiritus;
601 2149 649 2192 et
674 2140 946 2193 divisiones
969 2140 1401 2193 ministrationum
1423 2150 1563 2206 sunt,
1583 2140 1715 2195 idem
1730 2153 1898 2196 autent

300 2231 587 2295 Dominus;
598 2241 643 2285 et
656 2230 928 2284 divisiones
945 2230 1302 2300 Operationum
1313 2231 1590 2297 sunt,ide.-n
1606 2246 1722 2285 vero
1738 2231 1896 2300 Deus,

298 2323 394 2395 qui
416 2333 660 2391 operatur
687 2322 933 2377 omniain
953 2322 1203 2376 omnibus.
1233 2320 1521 2392 Unicuique
1547 2334 1716 2376 autem
1744 2325 1901 2383 datur

300 2416 652 2486 manifestatio
670 2413 901 2483 Spiritus
917 2414 986 2467 ad
1010 2413 1304 2467 utilitatem.
1329 2412 1435 2467 Alii
1456 2414 1658 2478 quidem
1674 2431 1763 2484 per
1776 2416 1903 2486 Spi-

300 2508 468 2561 ritum
497 2507 651 2560 datur
680 2521 849 2559 sermo
883 2505 1167 2573 sapientiai,
1194 2504 1286 2557 alii
1306 2514 1476 2557 autem
1494 2520 1661 2558 sermo
1676 2509 1901 2560 scientia

300 2598 591 2654 secundum
610 2601 843 2651 eumdem
856 2596 1130 2665 Spiritum,
1147 2595 1298 2649 alteri
1325 2595 1456 2665 ﬁdes
1478 2606 1500 2634 ε
1513 2596 1567 2649 in
1584 2598 1757 2651 eodem
1780 2597 1904 2669 Spi-

300 2689 545 2756 ritu,alii
561 2691 730 2760 gratia
740 2689 1018 2743 sanitatum
1036 2687 1091 2742 in
1107 2704 1209 2742 uno
1228 2687 1546 2760 Spiritu,alii
1556 2692 1901 2759 praphetatio,

304 2782 407 2836 alii
433 2781 671 2836 discretio
717 2781 1013 2852 spirituum,
1041 2780 1135 2834 alii
1162 2795 1350 2851 genera
1372 2782 1684 2853 linguarum,
1707 2785 1797 2837 alii
1823 2784 1899 2837 in-

304 2874 610 2942 terpretatio
636 2888 947 2927 sermonum.
964 2870 1093 2925 Hac
1114 2882 1284 2925 autem
1309 2874 1479 2927 omnia
1499 2884 1744 2943 speratur
1771 2892 1903 2930 unus

299 2978 466 3035 atque
512 2967 652 3020 iaem
706 2964 977 3034 Spiritus,
1034 2964 1264 3019 dividens
1322 2965 1539 3035 singulis
1586 2977 1741 3037 prout
1797 2969 1904 3022 vult

304 3058 328 3127 (
358 3056 378 3111 1
408 3055 530 3113 Cor.
578 3071 676 3121 xu,
709 3056 745 3110 '5
773 3054 961 3127 seqq.).
1004 3054 1238 3109 Tantum
1287 3069 1415 3110 vero
1460 3071 1905 3128 unumquemque

1997 1864 2122 1919 ctelo
2152 1875 2198 1917 et
2228 1864 2282 1917 in
2327 1874 2461 1918 terra
2505 1864 2838 1929 nominatur,
2886 1874 2939 1917 ut
2988 1863 3072 1917 det
3123 1865 3261 1919 vobis
3304 1866 3585 1919 secundum

1998 1955 2203 2008 divitias
2244 1954 2421 2024 gloria:
2448 1970 2554 2008 sua:
2585 1952 2603 1991 ι
2634 1956 2865 2008 tirtuteut
2911 1954 3231 2008 corroborari
3282 1972 3372 2027 per
3418 1956 3588 2025 Spiri-

2000 2053 2105 2097 tum
2127 2049 2237 2108 eius
2265 2045 2317 2097 in
2342 2045 2585 2097 interiore
2611 2043 2834 2111 homine,
2866 2044 3093 2097 habitare
3115 2042 3379 2099 Christum
3404 2061 3495 2116 per
3525 2046 3589 2114 fi-

2000 2140 2114 2193 dem
2146 2141 2198 2192 in
2224 2140 2462 2193 cordibus
2490 2143 2663 2193 vestris
2681 2141 2765 2193 :in
2791 2141 3045 2195 charitate
3062 2142 3283 2197 radicati
3302 2154 3349 2197 et
3371 2143 3587 2213 firmati,

2000 2239 2056 2283 ut
2105 2231 2311 2300 possitis
2350 2232 2775 2302 comprehendere
2811 2249 2928 2285 cum
2974 2233 3205 2288 omnibus
3234 2235 3446 2300 sanctis,
3476 2251 3590 2305 quc:

2001 2324 2065 2375 sit
2104 2323 2322 2376 latitudo
2366 2333 2415 2377 et
2464 2323 2752 2395 longitudo,
2786 2323 3078 2378 sublimitas
3127 2336 3174 2381 et
3225 2327 3588 2397 profundum;

2002 2421 2041 2447 ω
2091 2414 2221 2466 scire
2276 2418 2428 2466 etiam
2496 2415 2947 2480 supereminentem
3002 2417 3227 2470 scientia:
3288 2416 3591 2472 charitatem

2003 2501 2224 2567 Christi,
2272 2512 2326 2557 ut
2364 2502 2683 2574 impleamini
2731 2505 2783 2557 in
2810 2521 3008 2559 onmem
3056 2505 3426 2574 plenitudinem
3468 2508 3588 2564 Dei.

2003 2591 2071 2645 Ei
2092 2602 2261 2646 autem
2277 2595 2366 2665 qui
2385 2606 2564 2665 potens
2594 2605 2667 2648 est
2700 2597 2869 2649 omnia
2890 2601 3063 2668 facere
3087 2600 3593 2667 superabundantius

2002 2700 2153 2752 quam
2182 2686 2422 2751 petimus,
2480 2694 2571 2738 aut
2625 2686 2956 2757 intelligimus
2980 2732 2995 2757 ,
3046 2690 3329 2744 secundum
3356 2692 3594 2747 virtutem

2003 2791 2107 2842 qua
2135 2786 2379 2842 operatur
2407 2776 2459 2829 in
2489 2775 2635 2830 nobis
2660 2820 2675 2847 ,
2730 2778 2830 2846 ipsi
2875 2778 3044 2848 gloria
3070 2779 3124 2832 in
3156 2778 3391 2836 Ecclesia
3441 2792 3490 2837 et
3535 2783 3593 2838 is

2006 2868 2212 2924 Christo
2240 2868 2387 2936 Jesu,
2421 2871 2474 2923 in
2503 2871 2673 2924 omnia
2702 2870 2893 2925 saecula
2921 2873 3247 2928 saeculorum.
3296 2874 3482 2931 Amen.

2076 2959 2264 3015 Omnis
2293 2972 2473 3016 autem
2506 2961 2631 3016 boni
2678 2962 2844 3017 Deum
2893 2977 3018 3018 esse
3064 2977 3166 3019 auc
3191 2978 3344 3020 orem
3371 3005 3387 3029 ,
3438 2965 3595 3037 cujus

2007 3052 2149 3108 dona
2182 3068 2280 3108 nec
2301 3062 2327 3089 ιι
2344 3054 2550 3109 incerta
2576 3065 2724 3124 sunt,
2749 3070 2849 3110 nec
2868 3056 3279 3122 mutabilia,sed
3297 3072 3364 3112 ex
3391 3065 3593 3114 uterus

305 3147 518 3201 habere
545 3146 755 3216 gratim,
787 3156 1045 3216 quantum
1082 3143 1101 3183 ι
1136 3144 1397 3200 Dominus
1427 3146 1729 3217 donaverit,
1757 3148 1898 3204 idem
1930 3144 1975 3207 C
2009 3147 2285 3199 voluntate
2310 3145 2603 3200 venientia.
2635 3146 2868 3201 lat-obus
2898 3148 3182 3216 apostoius
3210 3152 3284 3203 ita
3317 3149 3595 3219 loquitur:

302 3238 593 3305 apostolus
640 3237 709 3292 ad
752 3237 1021 3307 Ephesios
1048 3238 1124 3293 ait
1157 3256 1171 3293 :
1208 3236 1381 3293 Unum
1421 3255 1630 3306 corpus,
1676 3250 1726 3295 et
1767 3258 1901 3297 unus

304 3328 559 3396 spiritus,
582 3328 715 3381 sicut
743 3328 909 3381 vocati
938 3329 1059 3381 estis
1087 3329 1139 3381 in
1164 3345 1265 3380 una
1288 3344 1376 3399 spe
1395 3331 1674 3384 vocationis
1699 3343 1897 3387 vestrm.

308 3415 467 3472 Unus
498 3416 775 3485 Dominus,
809 3432 915 3470 una
942 3416 1093 3485 ﬁdes,
1126 3433 1283 3470 unum
1307 3418 1583 3487 baptisma,
1601 3436 1732 3475 unus
1762 3419 1903 3477 Deus

302 3518 359 3564 et
388 3518 533 3577 pater
561 3509 821 3573 omnium,
877 3511 966 3579 qui
1012 3518 1039 3557 8
1083 3526 1237 3581 super
1285 3527 1459 3565 omnes
1496 3521 1606 3577 est,
1652 3523 1698 3567 et
1747 3531 1903 3584 super

303 3600 513 3666 omnia,
536 3607 583 3651 et
608 3598 662 3650 in
684 3598 918 3651 omnibus
946 3598 1109 3653 nobis.
1140 3597 1427 3671 Unicuique
1461 3611 1633 3655 autem
1670 3615 1903 3659 nostrum

304 3692 440 3743 data
466 3698 541 3742 est
569 3690 738 3761 gratia
766 3688 1049 3743 secundum
1068 3707 1358 3744 mensuram
1372 3692 1665 3747 donationis
1689 3693 1904 3762 Christi;

304 3788 523 3851 propter
542 3780 679 3851 quod
705 3780 830 3833 dicit
851 3795 871 3833 ε
889 3781 1178 3835 Ascendens
1200 3782 1253 3835 in
1274 3784 1459 3848 altum,
1480 3778 1904 3855 captivam'duxit

304 3870 677 3939 captivitatem,
711 3870 852 3923 dedit
879 3871 1045 3942 882
1072 3873 1207 3925 dona
1236 3872 1525 3927 hominibus
1556 3874 1776 3948 (Ep/tes.
1806 3894 1857 3931 tv
1887 3919 1903 3944 ,

301 3961 343 4016 4
378 3961 567 4033 seqq.).
591 3960 725 4017 Item
772 3961 913 4017 idem
961 3966 1013 4017 in
1044 3965 1279 4019 secunda
1320 3965 1387 4019 ad
1426 3967 1741 4023 Corinthios
1773 3970 1906 4026 dicit

304 4053 459 4122 quod
512 4067 580 4107 ne
609 4052 678 4107 ad
707 4053 1053 4121 cogitandum
1082 4054 1297 4124 quidem
1341 4057 1484 4125 quod
1541 4060 1792 4127 Spiritale
1822 4071 1907 4116 est

308 4143 499 4198 idonei
526 4145 715 4210 simus,
745 4144 847 4200 nisi
883 4161 977 4215 per
1005 4146 1230 4215 gratiam
1261 4148 1351 4201 Dei
1386 4166 1400 4202 :
1433 4148 1706 4204 Fiduciam
1734 4162 1906 4207 autem

308 4234 476 4289 talem
526 4232 773 4288 habemus
811 4251 903 4306 per
952 4234 1207 4290 Christum
1250 4238 1318 4290 ad
1360 4236 1526 4291 Deum
1556 4255 1575 4291 .'
1623 4257 1724 4295 non
1770 4245 1907 4312 quod

308 4322 619 4391 suﬁcientes
660 4324 821 4375 simus
867 4323 1067 4393 aliquid
1110 4326 1334 4394 cogitare
1378 4345 1410 4381 a
1446 4329 1611 4395 nobis,
1652 4335 1800 4402 quasi
1845 4351 1908 4388 ea:

309 4414 729 4480 nobismetipsis;
758 4415 847 4468 sed
876 4412 903 4451 ιι
934 4416 1233 4485 ευθὶεἱεηιὶα
1274 4418 1417 4471 nabis
1450 4435 1511 4473 to:
1543 4421 1649 4475 Deo
1676 4435 1786 4489 est,
1819 4427 1906 4495 qui

2006 3235 2184 3290 Nolite
2216 3252 2414 3301 errare,
2448 3240 2662 3304 fratres,
2696 3243 2794 3291 mei
2825 3238 3021 3297 dilecti.
3054 3238 3428 3307 Omnedatum
3458 3242 3597 3313 apti-

2004 3344 2163 3396 mum,
2198 3339 2243 3383 et
2275 3345 2420 3383 omne
2449 3331 2639 3383 donum
2664 3331 2944 3402 perfectum
2966 3332 3235 3386 desursum
3274 3343 3369 3395 est,
3388 3334 3599 3388 descen-

2003 3422 2127 3476 dens
2157 3439 2189 3475 a
2220 3421 2379 3476 Patre
2432 3421 2683 3476 luminum
2710 3464 2724 3489 ,
2756 3425 2896 3494 apud
2926 3441 3074 3496 quem
3105 3443 3208 3479 non
3238 3438 3312 3480 est
3340 3436 3600 3481 transmu-

2006 3516 2154 3581 tatio,
2189 3530 2281 3567 nec
2309 3515 2673 3568 vicissitudinis
2714 3517 3049 3572 obumbratio.
3109 3517 3414 3573 Voluntarie
3466 3520 3599 3574 enim

2003 3608 2180 3680 genuit
2210 3623 2304 3660 nos
2334 3607 2481 3660 verbo
2519 3608 2771 3671 veritatis,
2828 3620 2883 3663 ut
2928 3612 3087 3665 simus
3136 3613 3341 3666 initium
3387 3613 3598 3683 aliquod

2005 3706 2255 3750 creatura:
2282 3700 2394 3768 ejus
2425 3695 2612 3767 (Jacob
2666 3714 2703 3761 ι,
2736 3699 2806 3753 16
2834 3708 2882 3752 et
2915 3699 3027 3770 17).
3061 3700 3159 3755 Cui
3211 3712 3266 3756 et
3308 3701 3599 3758 Zacharias

2006 3787 2272 3856 propheta
2322 3788 2583 3852 concinit,
2634 3788 2867 3843 dicens:
2901 3798 2925 3825 ο
2958 3790 3192 3844 Salvavit
3237 3793 3490 3848 Dominus
3545 3797 3599 3850 in

2006 3881 2088 3933 die
2134 3878 2230 3933 illa
2278 3880 2411 3932 sicut
2460 3895 2572 3933 oves
2603 3881 2852 3949 papulum
2880 3896 3054 3948 suunt,
3110 3886 3355 3952 quoniam
3401 3886 3599 3953 lapides

2006 3971 2170 4023 sancti
2217 3972 2491 4024 volvuntur
2519 3986 2674 4042 super
2704 3981 2895 4025 terram
2923 3974 3110 4043 ipsius.
3162 3974 3298 4039 Quia
3337 3977 3501 4048 883
3554 3980 3601 4032 si

2006 4061 2126 4131 quid
2156 4062 2343 4116 bonum
2366 4103 2381 4129 ,
2431 4064 2594 4131 ipsius
2623 4072 2720 4129 est,
2772 4073 2818 4118 et
2847 4066 2891 4118 si
2921 4066 3045 4134 quid
3074 4068 3344 4138 optimum,
3393 4072 3455 4124 ob
3486 4073 3598 4140 ipso

2008 4161 2080 4206 est
2111 4151 2299 4220 (Zach.
2332 4169 2413 4223 ix,
2440 4154 2506 4210 16
2527 4166 2574 4209 et
2609 4156 2723 4226 17).
2752 4157 2809 4210 lit
2838 4158 3128 4227 Evangelio
3152 4176 3279 4215 vero
3304 4162 3596 4218 secundum

2009 4244 2315 4300 Matthatum
2340 4287 2356 4312 ,
2387 4247 2531 4317 quod
2564 4259 2590 4296 P
2620 4250 2843 4304 scientia
2877 4258 2933 4305 et
2961 4252 3267 4308 intellectus
3312 4254 3455 4309 dona
3491 4258 3600 4311 sint

2011 4340 2128 4403 Dei,
2158 4356 2277 4410 quae
2308 4341 2504 4411 quibus
2526 4344 2763 4399 voluerit
2796 4345 3077 4415 largiatur,
3111 4348 3183 4401 ita
3206 4348 3432 4403 dicitur:
3455 4350 3599 4405 Tunc

2009 4434 2305 4488 accedentes
2337 4435 2581 4505 discipuli
2610 4438 2722 4507 ejus
2747 4479 2762 4502 ,
2793 4438 3033 4493 dixerunt
3062 4441 3129 4506 ei,
3165 4440 3339 4505 Quare
3362 4445 3415 4498 in
3444 4462 3599 4517 para-

308 4512 363 4556 et
414 4503 623 4556 idoneos
670 4505 789 4572 fecit
821 4520 918 4602 nos
940 4506 1200 4559 ministros
1249 4508 1363 4560 novi
1415 4507 1750 4578 Testamenti,
1803 4532 1903 4570 non
1936 4517 1982 4575 D
2010 4522 2139 4577 bolis
2169 4524 2393 4590 loqueris
2441 4503 2510 4579 ad
2550 4503 2677 4582 eos'?
2706 4530 2771 4581 At
2800 4529 2910 4597 ipse
2937 4503 3252 4599 respondens
3279 4576 3295 4601 ,
3328 4536 3404 4589 ait
3444 4503 3556 4592 illis
3583 4579 3599 4602 ,

309 4596 513 4660 littera,
544 4595 634 4649 sed
659 4597 864 4664 spiritu.
892 4595 1085 4651 Littera
1110 4600 1244 4652 enim
1269 4601 1473 4667 occidit,
1495 4605 1705 4674 spiritus
1734 4619 1903 4663 autem

425 4730 594 4782 ientia.

310 4746 594 4804 sapientia.

394 4814 422 4840 ι
459 4801 561 4854 Ms.
591 4799 874 4865 Joliensis,
907 4802 977 4855 ad
1002 4800 1302 4857 Dominum.

346 4944 361 4955 ο
386 4869 422 4911 ιδ
451 4869 650 4925 Leonis
677 4870 865 4936 editio,
898 4881 944 4926 et
971 4874 1261 4942 aediﬁcabo,
1288 4877 1425 4932 sicut
1453 4878 1505 4933 in
1534 4878 1752 4951 Vulgata
1781 4898 1904 4940 ver-

415 4956 501 4995 tle.
1274 4992 1277 4995 .

308 4956 552 5092 twigs:
582 5024 713 5065 mss.
740 5011 1063 5092 Citntberon.
1097 5026 1150 5070 et
1178 4992 1281 5071 Jul.
1312 5033 1375 5073 ac
1406 5018 1573 5075 Lcou.
1606 5022 1738 5077 edit.
1771 5024 1908 5092 Alii,

310 5083 462 5139 Item
488 5082 624 5134 idem
653 5083 957 5149 prwdicuns.

395 5152 424 5190 δ
586 5150 857 5225 .Iolicttsis,
890 5156 1085 5225 agitur.

393 5233 422 5261 ο
450 5222 549 5277 Ms.
576 5221 860 5289 Joltensis,
902 5221 954 5278 tit
982 5242 1083 5280 uno
1111 5227 1333 5297 Spiritu.
1374 5230 1517 5285 lnlra
1548 5232 1764 5301 Colon.,
1796 5238 1908 5291 sin-

393 5295 444 5346 la
474 5302 621 5346 prout
649 5295 772 5346 vult.

571 5302 621 5344 ut
649 5302 772 5346 vult.

299 5295 444 5371 gula
474 5302 621 5360 prout
649 5295 772 5346 vult.
1156 5295 1164 5297 ἡ

398 5363 421 5402 ι
455 5365 555 5418 Ms.
586 5363 857 5429 Julieusis,
891 5365 1151 5420 donaverit
1181 5368 1333 5423 Deus.

391 5444 422 5481 ε
453 5436 551 5488 Ms.
583 5435 762 5509 Jol.‘et
792 5452 944 5503 super
965 5453 1165 5503 onmes,
1191 5452 1238 5493 et
1267 5458 1354 5509 per
1375 5444 1567 5508 omnia,
1599 5448 1728 5500 utin
1762 5456 1905 5503 ntro-

297 5520 429 5579 que
452 5510 501 5579 Α
515 5505 704 5579 postoli
737 5514 904 5579 testu.

386 5575 423 5651 ξι
451 5574 550 5652 bis.
582 5574 686 5652 J_ol.
718 5585 775 5652 ut
804 5574 856 5627 iu
886 5584 1033 5631 textu
1061 5578 1302 5652 Apostoli
1329 5622 1343 5645 ,
1376 5584 1674 5652 su/ﬁcientia
1714 5600 1910 5645 nostra.

398 5644 419 5721 ξ
583 5645 686 5724 Jol.
721 5646 925 5724 docens.
1056 5644 1369 5724 etc/fectum
1393 5644 1837 5724 etusuﬂicietttiam.

392 5714 413 5766 ἱ
454 5714 581 5770 Mss.
614 5716 862 5770 Catnber.
895 5729 948 5770 et
986 5720 1117 5790 10L,
1148 5714 1486 5779 abundantem
1519 5714 1707 5794 facere.

605 5808 854 5869 Ps'rnor.
928 5808 1027 5867 ιι.

2014 4613 2151 4680 Quia
2178 4616 2314 4671 vobis
2343 4618 2518 4672 datum
2548 4627 2621 4673 est
2652 4635 2799 4674 nosse
2829 4623 3071 4691 mysteria
3117 4627 3261 4697 regni
3305 4628 3551 4684 calorum
3583 4672 3599 4698 ,

2085 4746 2111 4785 ιι
2139 4747 2373 4823 Itamss.
2405 4751 2725 4807 Camberon.
2771 4763 2827 4809 et
2853 4754 3107 4812 Joliensis
3130 4777 3250 4816 cum
3276 4763 3472 4821 Leonis
3496 4768 3606 4823 edi-

2013 4820 2179 4873 tione.
2207 4820 2335 4887 Alii,
2369 4831 2422 4875 ut
2452 4838 2553 4876 non
2583 4823 2881 4881 habentibus
2910 4828 3121 4885 tribuat.

2013 4886 2326 5012 foﬁlogtrititio
2371 4892 2571 4947 Leonis
2600 4904 2656 4947 ttt
2689 4896 2741 4950 in
2771 4906 2920 4952 teXIu
2952 4899 3214 4971 Apostoli,
3258 4904 3442 4961 virtute
3485 4923 3600 4962 cor-

2086 5031 2314 5112 mrllujc,
2348 5034 2480 5087 scire
2514 5036 3029 5112 etiam_exciderant
3056 5058 3083 5093 a
3128 5041 3379 5112 Prosperi
3426 5046 3596 5102 libris.

2016 5098 2371 5174 Restituituus
2398 5120 2461 5158 ex
2497 5123 2624 5161 tnss.
2672 5106 2993 5164 Camberun.
3026 5123 3080 5165 et
3104 5112 3210 5166 Jol.
3260 5098 3319 5168 et
3360 5098 3599 5174 editione

2014 5170 2233 5247 Leonis,
2259 5188 2379 5247 cum
2410 5176 2658 5245 legantur
2683 5186 2732 5233 in
2763 5189 2915 5234 textu
2945 5183 3207 5247 Apostoli.

2015 5313 2025 5321 _
2086 5251 2111 5277 η
2144 5243 2240 5326 his.
2265 5245 2375 5326 tul.
2410 5243 2620 5302 et'edit.
2652 5248 2844 5321 Leon.,
2882 5243 3073 5304 incerta
3098 5264 3236 5309 sunt.
3270 5254 3413 5310 Editi
3464 5256 3597 5326 alii,

2008 5324 2205 5366 incerta
2232 5324 2354 5368 stnt.
3484 5344 3512 5351 ‘

2087 5393 2110 5417 υ
2138 5384 2229 5438 Sic
2271 5387 2437 5440 editio
2486 5387 2682 5444 Leonis
2720 5404 2840 5443 cum
2876 5390 3038 5444 Duae.
3070 5402 3122 5446 et
3154 5391 3341 5448 Colon.
3373 5395 3473 5451 Ms.
3505 5396 3600 5452 Jo-

2012 5452 2169 5533 liens.
2200 5465 2252 5508 et
2280 5457 2507 5534 Lovan_.,
2538 5459 2790 5534 sanabit,
2817 5474 2874 5513 ut
2915 5463 2966 5513 in
2998 5472 3142 5516 textu
3167 5463 3478 5534 Scriptura,
3511 5471 3599 5526 ubi

2010 5523 2062 5608 in
2090 5528 2553 5604 consequentibus
2580 5523 2864 5608 volgentur,
2901 5547 3005 5585 non
3038 5523 3329 5604 volvunrui',
3362 5523 3504 5608 quod
3537 5523 3603 5593 li;

2019 5594 2099 5647 hri
2134 5594 2301 5667 nostri
2333 5613 2521 5650 omnes
2548 5594 2857 5667 praeferunt;

2090 5666 2272 5745 RMss.
2317 5667 2504 5745 Camb.
2548 5666 2599 5722 et
2643 5671 2748 5724 .ῐοί.
2798 5681 2851 5726 et
2882 5672 3080 5730 Leonis
3115 5675 3316 5745 editio,
3369 5681 3605 5738 scientia.

2018 5735 2143 5803 Alii,
2176 5738 2418 5789 scientiw.

3088 5839 3167 5901 22
