4040 6178
426 285 533 343 €83

1075 289 1134 346 S.
1178 287 1513 347 PROSPERI
1550 288 1875 358 AQUITANI
1917 289 2147 346 OPERA
2189 289 2508 346 INCERTE
2547 289 3070 349 AL'CTORITATIS.

3591 289 3691 347 681

425 401 530 455 illis
588 411 758 457 autem
813 419 914 458 non
941 413 1032 457 .est
1062 403 1241 457 datum
1271 404 1484 473 (Matth.
1522 421 1649 470 xm,
1686 405 1752 460 10
1804 413 1849 458 et
1901 404 2009 477 11).
2040 414 2091 473 Α
2117 415 2190 460 est
2217 407 2356 461 vobis
2380 408 2434 460 in
2457 405 2658 462 Christo
2679 407 2804 462 Jesu
2836 425 2854 462 :
2880 409 3001 480 quia
3023 409 3076 462 in
3098 408 3328 462 omnibus
3367 407 3547 463 divites
3573 408 3696 479 {acti

424 495 660 545 Joannes
711 507 922 562 quoque
975 492 1318 563 Evangelista
1368 496 1699 563 pronuntiat,
1733 495 2005 549 neminem

421 580 622 651 aliquid
657 582 778 635 bnni
813 583 1035 648 habere,
1066 586 1166 638 nisi
1218 586 1360 655 quod
1393 585 1677 641 desursum
1710 586 2003 656 acceperit,

421 672 634 727 dicens:
659 673 780 728 Non
802 684 960 746 potest
978 674 1129 730 homo
1149 679 1378 748 accipere
1394 679 1697 749 quidquam,
1729 679 1825 733 nisi
1855 679 2006 750 fuerit

420 766 465 817 ei
494 764 672 818 datum
721 768 784 819 de
828 767 952 820 caelo
985 766 1164 838 (Joan.
1224 784 1304 836 ιιι,
1350 769 1466 842 27).
1515 771 1570 824 ln
1600 769 1845 839 ejusdem
1879 785 2006 825 vero

422 857 712 926 Evangelia
743 857 989 913 doctrina
1020 870 1104 912 est
1141 861 1308 928 ipsius
1340 860 1613 927 Veritatis,
1668 861 1808 930 quod
1844 877 2004 916 nemo

419 950 597 1003 veniat
623 950 688 1004 ad
720 951 935 1017 Filium,
969 952 1069 1006 nisi
1098 961 1358 1007 attractus
1393 968 1421 1006 a
1470 953 1630 1008 Patre
1678 972 1689 1007 :
1722 954 1842 1022 quia
1875 969 1976 1008 ven

419 1048 595 1095 turum
647 1042 786 1095 Deus
818 1050 873 1096 et
915 1041 1306 1112 intelligentcm
1354 1051 1409 1098 et
1447 1044 1791 1098 obedientem
1830 1043 1997 1097 facit:

419 1131 607 1200 Nemo,
642 1135 735 1201 ait,
779 1143 941 1200 potest
973 1135 1143 1187 venire
1171 1135 1240 1186 ad
1269 1152 1367 1200 me,
1401 1136 1499 1188 nisi
1549 1134 1707 1188 Pater
1735 1136 1821 1204 qui
1867 1135 2002 1188 misit

415 1243 517 1294 me,
543 1231 810 1282 attraxerit
839 1246 973 1294 eum,
997 1239 1044 1281 et
1067 1245 1159 1298 ego
1181 1229 1488 1282 resuscitabo
1510 1247 1622 1282 eum
1652 1232 1703 1282 in
1727 1230 2000 1282 novissimo

416 1322 517 1376 die.
554 1322 812 1393 Scriptum
842 1332 915 1377 est
946 1324 1080 1377 enim
1122 1322 1174 1374 in
1203 1321 1466 1394 prOphetis
1490 1362 1505 1387 ,
1537 1321 1602 1374 Et
1632 1330 1778 1376 erunt
1828 1339 2000 1376 omnes

415 1413 657 1467 docibiles
690 1414 806 1467 Dei.
842 1414 1024 1468 Omnis
1050 1417 1136 1484 qui
1161 1415 1357 1467 audivit
1381 1431 1412 1465 a
1442 1412 1600 1465 Patre
1622 1421 1667 1465 et
1689 1412 1889 1478 didicit,
1918 1429 2001 1467 ve-

415 1506 486 1557 nit
515 1505 582 1557 ad
613 1521 689 1557 me
714 1503 889 1576 (Joan.
923 1521 1000 1570 vt,
1027 1505 1096 1560 41
1127 1516 1170 1558 et
1193 1503 1344 1575 seq.).
1369 1503 1432 1557 Et
1462 1502 1624 1571 infra.
1657 1501 1876 1568 Propter
1905 1505 2001 1558 hoc

413 1599 522 1649 dixi
552 1598 710 1663 vobis,
743 1599 864 1668 quia
895 1615 1039 1651 nemo
1067 1608 1228 1669 potest
1260 1599 1430 1652 venire
1462 1596 1531 1650 ad
1563 1612 1663 1664 me,
1696 1597 1794 1650 nisi
1823 1598 1999 1652 datum

411 1692 565 1761 fuerit
598 1694 639 1745 ei
671 1708 703 1744 a
735 1690 892 1745 Patre
919 1708 1030 1745 meo
1052 1690 1218 1765 (Ibid.
1261 1692 1380 1762 66).

2110 497 2228 550 estis
2248 498 2299 550 in
2323 497 2437 566 illo,
2469 499 2524 552 in
2551 501 2692 552 omni
2720 498 2870 552 verbo
2902 509 2948 552 et
2973 500 3223 569 sapientia
3253 515 3269 552 :
3304 501 3432 553 sicut
3460 501 3694 554 testimo-

2108 589 2249 640 nium
2275 588 2468 643 Christi
2493 590 2854 655 conﬁrmatum
2881 602 2953 644 est
2979 592 3033 644 in
3057 590 3218 660 vobis,
3240 593 3312 645 ita
3335 601 3389 645 ut
3412 593 3544 647 nihil
3557 591 3697 649 vobis

2108 679 2238 733 desit
2265 680 2316 733 in
2347 680 2456 732 ulla
2485 681 2688 752 gratia,
2721 681 3129 749 exspectantibus
3179 681 3537 736 reeelationem
3591 682 3695 736 Do-

2107 770 2230 822 mini
2260 771 2422 824 nostri
2450 768 2576 824 Jesu
2597 770 2810 840 Christi,
2855 772 2942 843 qui
2987 782 3033 826 et
3073 772 3394 842 conﬁrmabit
3420 789 3506 827 vos
3537 790 3693 837 usque

2106 864 2174 914 ad
2222 864 2378 933 ﬁnem
2427 865 2538 918 sine
2591 864 2827 931 crimine,
2858 861 2884 901 ά
2913 865 2966 918 in
3017 865 3152 918 diem
3187 867 3435 919 adventus
3479 863 3690 919 Domini

2106 954 2270 1006 nostri
2289 952 2417 1007 Iesu
2445 953 2638 1008 Christi
2667 953 2726 1026 (l
2752 955 2869 1009 Cor.
2897 971 2939 1023 ι,
2963 955 2997 1009 4
3018 955 3204 1026 seqq.).
3233 955 3363 1011 [tem
3389 957 3454 1011 ad
3488 957 3691 1012 Roma-

2104 1059 2203 1100 nos
2231 1045 2298 1100 de
2325 1047 2593 1102 eharitate
2613 1046 2838 1114 Christi,
2880 1064 2981 1118 qua
3010 1063 3106 1103 eos
3131 1064 3267 1118 quos
3297 1049 3471 1119 diligit
3499 1092 3514 1116 ,
3551 1058 3576 1088 ο
3605 1051 3658 1104 ἱιι
3677 1080 3690 1090 ο

2103 1138 2444 1216 superabiles
2475 1137 2622 1207 facit,
2654 1139 2706 1194 id
2733 1149 2838 1206 est,
2873 1155 3039 1210 usque
3067 1141 3119 1194 in
3148 1140 3308 1195 linem
3337 1155 3689 1210 perseveran-

2105 1238 2206 1284 tes.
2239 1229 2392 1301 (Nam
2412 1231 2538 1301 quid
2558 1232 2806 1286 estaliud
2825 1247 3195 1301 perseverare,
3212 1248 3370 1302 quam
3395 1236 3689 1290 tentatione

2103 1336 2210 1376 non
2243 1322 2418 1376 vinci?
2446 1323 2465 1394 )
2501 1323 2629 1390 Quis
2671 1339 2784 1389 nos,
2835 1324 3040 1394 inquit,
3093 1325 3350 1395 separabit
3381 1343 3410 1378 a
3441 1326 3690 1381 charitate

2108 1412 2298 1468 Christi
2320 1417 2345 1469 ?
2371 1413 2663 1469 Tribulatio
2686 1417 2709 1470 ἱ)
2736 1433 2803 1470 an
2830 1418 3073 1490 angustia
3093 1417 3120 1472 2
3169 1435 3236 1472 an
3281 1421 3602 1488 persecutio?
3620 1438 3688 1474 an

2102 1509 2262 1577 {ames
2282 1507 2310 1562 ?
2331 1524 2399 1560 an
2431 1508 2684 1563 nuditas?
2713 1525 2779 1562 an
2807 1510 3129 1579 periculum?
3172 1527 3240 1563 an
3279 1511 3524 1582 gladius?
3556 1513 3686 1566 sicut

2098 1599 2346 1668 scriptum
2377 1607 2473 1665 est,
2508 1597 2642 1664 Quia
2680 1609 2886 1669 prapter
2913 1608 2960 1652 te
2998 1600 3365 1670 mortiﬁcamur
3402 1610 3509 1654 tota
3561 1603 3644 1656 die
3667 1644 3682 1670 ,

2104 1686 2125 1726 ¹
2148 1690 2424 1743 existimati
2452 1706 2629 1745 sumus
2649 1692 2782 1744 sicut
2808 1707 2921 1745 oves
2948 1693 3257 1758 occisionis;
3279 1695 3370 1746 sed
3392 1695 3444 1747 in
3471 1695 3548 1748 his
3571 1712 3683 1748 om-

481 1782 535 1834 ln
579 1784 679 1837 ﬁde
716 1794 893 1837 autem
932 1792 986 1837 et
1036 1785 1087 1837 in
1133 1783 1388 1852 operibus
1432 1783 1592 1838 bonis
1625 1783 1886 1855 prolicere
1933 1798 1997 1840 ac
2028 1790 2071 1848 Β
2099 1779 2244 1833 nibus
2264 1796 2564 1850 superamus
2591 1797 2683 1853 per
2712 1797 2826 1834 eum
2865 1783 2952 1851 qui
2979 1781 3158 1836 dilexit
3198 1799 3290 1836 nos
3326 1783 3345 1854 (
3377 1783 3526 1838 Rom.
3563 1801 3681 1854 vni,

410 1888 752 1941 per~everare
782 1889 949 1942 usque
981 1874 1032 1927 in
1083 1874 1271 1939 linem,
1329 1874 1573 1929 muneris
1620 1885 1782 1944 atque
1812 1876 1995 1930 auxilii

409 1978 530 2018 esse
552 1965 716 2018 divini
740 1976 1043 2019 sanctarum
1070 1966 1474 2035 Scripturarum
1501 1966 1784 2022 conﬁrmat
1813 1981 1997 2023 auem-

406 2057 557 2111 ritas.
589 2059 797 2112 Etenim
832 2059 1078 2113 scribens
1105 2059 1306 2113 Paulus
1333 2061 1609 2129 apostolus
1641 2060 1994 2131 Philippensi-

405 2147 504 2202 bus
537 2151 610 2204 nit
641 2168 653 2202 :
682 2149 954 2219 Conﬁdens
983 2150 1079 2204 hoc
1109 2152 1300 2220 ipsum,
1334 2154 1454 2215 quia
1493 2152 1580 2223 qui
1609 2155 1756 2222 coepit
1784 2157 1836 2209 in
1859 2156 1997 2209 vobis

406 2256 531 2308 opus
573 2240 798 2306 bonum,
843 2241 1070 2311 perﬁciet
1129 2257 1283 2312 usque
1343 2243 1397 2296 in
1448 2243 1582 2297 diem
1622 2242 1817 2298 Christi
1867 2245 1995 2300 Jesu

404 2328 628 2402 (Philip.
654 2347 695 2397 ι,
728 2333 806 2402 6).
848 2331 1014 2401 llujus
1043 2342 1227 2387 autem
1270 2335 1563 2389 testimonii
1592 2335 1842 2391 virtutem
1874 2337 1995 2406 qui-

400 2422 523 2474 dam
557 2422 743 2477 volens
766 2423 832 2478 ad
860 2424 942 2477 sui
971 2437 1163 2478 sensus
1195 2425 1517 2494 pravitatem
1549 2435 1888 2496 convertere,
1918 2429 1989 2484 ita

399 2513 537 2581 quod
561 2513 760 2567 dictum
805 2523 907 2581 est,
931 2515 1031 2581 Qui
1058 2516 1204 2587 carpit
1229 2515 1280 2569 in
1303 2515 1464 2581 vobis,
1493 2516 1710 2571 volebat
1743 2518 1986 2589 intelligi,

396 2604 548 2673 quasi
579 2603 779 2658 dictum
809 2614 977 2671 esset,
1008 2605 1110 2672 Qui
1133 2607 1297 2677 coepit
1324 2621 1391 2662 ex
1416 2607 1678 2662 vobis:ut
1704 2617 1759 2662 et
1781 2609 1988 2663 initium

393 2703 448 2747 et
477 2697 867 2749 consummatio
899 2696 1084 2765 operis
1115 2711 1218 2751 non
1260 2697 1327 2750 ad
1371 2697 1561 2763 Deum,
1594 2697 1688 2752 sed
1719 2699 1786 2753 ad
1816 2699 1991 2755 homi-

393 2802 515 2841 nem
539 2785 855 2852 referretur,
881 2788 969 2856 qui
995 2795 1047 2841 et
1075 2789 1310 2856 incipere
1338 2799 1390 2843 et
1418 2787 1681 2858 perlicere
1703 2791 1984 2848 voluisset.

391 2879 496 2935 Sed
530 2880 666 2934 hanc
693 2879 1089 2934 insanissimam
1111 2881 1442 2951 superbiam,
1460 2880 1512 2934 in
1533 2881 1720 2936 eadem
1745 2882 1986 2953 Epistola

389 2971 877 3026 excellentissimus
908 2972 1097 3041 gratia:
1129 2971 1448 3041 pra-dicator
1476 2972 1628 3028 elidit
1658 2973 1842 3030 dicens
1874 2994 1885 3030 :
1917 2975 1984 3032 In

389 3063 533 3117 nullo
565 3064 853 3118 terreamini
878 3063 939 3116 ab
967 3062 1298 3130 adversariis,
1329 3079 1444 3134 qute
1464 3074 1538 3120 est
1567 3065 1673 3121 illis
1694 3083 1850 3120 causa
1867 3084 1985 3139 per-

2101 1870 2170 1926 55
2192 1873 2382 1942 seqq.).
2417 1871 2546 1926 ltetn
2576 1872 2643 1925 ad
2671 1872 2978 1927 Corinthios
3008 1872 3076 1927 de
3102 1874 3326 1927 victoria
3345 1889 3499 1944 quam
3521 1877 3681 1945 perli-

2099 1962 2173 2014 cit
2195 1961 2439 2016 Cltristus
2472 1979 2484 2013 :
2515 1960 2794 2028 Stimulus,
2827 1963 3020 2032 inquit,
3062 1964 3239 2017 mortis
3278 1975 3536 2032 peccatum
3567 1978 3677 2031 est,

2099 2051 2258 2104 virtus
2287 2068 2398 2104 vero
2447 2053 2641 2122 peccati
2696 2053 2797 2106 lex.
2827 2053 2937 2105 Deo
2981 2063 3152 2106 autem
3179 2056 3393 2123 gratias,
3424 2057 3512 2125 qui
3542 2057 3682 2112 dedit

2097 2143 2241 2195 nobis
2268 2144 2534 2197 victoriam
2557 2161 2645 2213 per
2671 2144 2847 2197 Jesum
2871 2142 3130 2198 Christum
3156 2144 3433 2201 Dominum
3450 2161 3681 2204 nostrum

2099 2234 2153 2305 (Ι
2179 2233 2297 2289 Cor.
2323 2251 2415 2300 xv,
2459 2234 2526 2289 56
2555 2245 2600 2289 et
2633 2234 2744 2306 57).
2797 2236 2930 2290 Item
2978 2236 3045 2290 ad
3077 2237 3586 2296 Thessalonicenses
3611 2242 3678 2296 de

2095 2330 2498 2396 perseverantia
2539 2344 2696 2398 quam
2750 2329 2893 2384 Deus
2926 2331 3106 2384 tribuit
3139 2348 3151 2383 :
3186 2329 3304 2402 Ipse
3333 2344 3523 2402 autem,
3562 2337 3674 2401 ait,

2093 2416 2236 2470 Drus
2265 2420 2410 2486 pacis
2435 2420 2716 2485 sanctiﬁcet
2736 2436 2823 2474 vos
2855 2437 2944 2488 per
2967 2423 3155 2483 omnia,
3191 2431 3214 2469 Β
3255 2434 3310 2475 ut
3341 2425 3534 2496 integer
3571 2426 3678 2492 spi-

2092 2511 2221 2561 ritus
2251 2519 2430 2573 vester,
2457 2520 2506 2562 et
2535 2511 2729 2574 anima,
2755 2520 2802 2564 et
2834 2526 3020 2579 corpus
3044 2512 3153 2565 sine
3175 2515 3380 2582 querela
3411 2517 3462 2566 in
3490 2516 3676 2567 advert-

2094 2610 2198 2652 tum
2231 2600 2441 2652 Domini
2472 2602 2632 2654 nostri
2658 2598 2785 2654 Iesu
2807 2599 2998 2655 Christi
3018 2613 3258 2657 servetur.
3283 2601 3482 2659 Fidelis
3502 2607 3677 2681 estqui

2090 2692 2284 2745 vocavit
2310 2707 2418 2757 vos,
2448 2693 2536 2761 qui
2563 2691 2715 2744 etiam
2741 2689 2768 2728 ιι
2795 2695 2948 2763 faciet
2981 2693 3000 2765 (
3024 2694 3041 2747 Ι
3092 2693 3273 2748 Thess.
3300 2712 3354 2760 v,
3389 2696 3458 2750 25
3484 2709 3532 2751 et
3560 2699 3672 2769 24).

2093 2779 2222 2834 Item
2252 2781 2318 2835 ad
2345 2782 2886 2850 Tlicssalonicenses,
2923 2785 3062 2854 quod
3089 2787 3268 2841 omnia
3300 2786 3437 2842 bona
3469 2801 3672 2859 ltoslt‘a,

2089 2871 2209 2926 sive
2237 2870 2291 2926 in
2321 2872 2617 2940 Operaudo,
2647 2873 2762 2928 sive
2802 2875 2856 2928 in
2901 2875 3191 2944 loquendo,
3232 2887 3283 2930 et
3308 2878 3358 2930 in
3387 2880 3466 2934 eis
3492 2895 3676 2950 perse-

2087 2963 2352 3029 verantia,
2379 2963 2519 3019 dona
2549 2963 2659 3019 sint
2687 2963 2808 3030 Dei,
2863 2966 2933 3019 ita
2979 2968 3259 3035 praedicat,
3293 2967 3478 3026 dicens
3512 2988 3524 3023 :
3557 2971 3678 3044 Ipse

2087 3065 2256 3108 autem
2289 3054 2541 3110 Dominus
2569 3066 2740 3110 noster
2760 3055 2912 3110 Jesus
2941 3055 3204 3125 Christus,
3239 3056 3257 3095 ί
3283 3068 3330 3114 ct
3357 3059 3499 3115 Deus
3518 3060 3677 3117 Pater

388 3157 621 3220 (imam-3,
651 3156 787 3210 vobis
825 3164 995 3209 autem
1020 3155 1222 3222 “tum,
1267 3162 1316 3210 ει
1367 3155 1464 3210 hoc
1508 3173 1542 3212 α
1592 3155 1721 3213 Deo.
1759 3166 1786 3194 α
1828 3157 1983 3213 νοω,
2011 3162 2056 3224 C
2088 3157 2278 3214 noster,
2310 3149 2398 3216 qui
2430 3148 2608 3201 dilexit
2637 3164 2747 3213 nos,
2783 3157 2829 3201 et
2853 3147 2994 3204 dedit
3019 3150 3412 3206 consolationem
3432 3163 3676 3208 aeternam

387 3249 521 3300 enim
542 3250 792 3301 donatum
810 3255 886 3301 est
909 3263 1001 3319 pro
1024 3247 1227 3303 Christo
1250 3264 1352 3303 non
1378 3251 1547 3304 solum
1571 3260 1628 3304 ut
1655 3251 1708 3305 in
1736 3267 1851 3304 eum
1873 3267 1982 3306 creo

387 3339 547 3405 datis,
567 3339 656 3392 sed
682 3338 833 3392 e.‘iam
853 3347 907 3390 ut
927 3354 1019 3407 pro
1041 3339 1132 3392 illo
1149 3340 1422 3410 patiamini
1437 3339 1684 3411 (Ibidem,
1701 3339 1771 3399 28
1793 3352 1841 3396 et
1860 3341 1978 3410 29).

388 3433 455 3485 Et
491 3431 710 3495 iterum,
741 3425 867 3484 Cum
895 3440 1056 3494 metu,
1087 3429 1281 3500 inquit,
1312 3441 1359 3484 et
1398 3442 1618 3486 tremore
1647 3443 1864 3488 vestram
1890 3451 1978 3488 sa-

387 3522 544 3576 lutem
576 3521 882 3593 aperamini.
914 3518 1055 3574 Deus
1085 3528 1159 3574 est
1189 3521 1322 3573 enim
1352 3522 1439 3590 qui
1468 3530 1712 3592 Operatur
1751 3524 1805 3576 in
1842 3524 1981 3578 vobis

388 3626 435 3670 et
463 3613 594 3669 velle
624 3613 652 3656 δ
682 3625 728 3668 et
760 3614 1004 3685 perﬁcere
1033 3629 1126 3683 pro
1165 3613 1302 3666 bona
1348 3612 1612 3667 voluntate
1663 3613 1885 3687 (Philip.
1918 3631 1976 3685 ιι,

387 3705 498 3780 12).
518 3707 650 3762 Item
679 3707 728 3760 in
757 3707 926 3777 prima
958 3704 1024 3760 ad
1056 3705 1574 3762 Thessalonicenses
1598 3706 1759 3763 docet
1781 3724 1846 3764 ex
1873 3710 1980 3765 Deo

385 3812 507 3853 esse
535 3797 857 3866 principium
891 3807 944 3852 et
976 3795 1274 3864 profectum
1294 3838 1309 3864 ,
1354 3802 1982 3870 consummationemque

384 3891 666 3955 virtutum,
695 3887 901 3954 dicens,
937 3886 1060 3955 Ipse
1087 3898 1258 3942 autem
1285 3886 1429 3942 Deus
1473 3897 1521 3943 et
1562 3888 1724 3945 Pater
1759 3902 1930 3945 noster
1961 3932 1977 3958 ,

385 3987 432 4032 ct
464 3976 716 4031 Dominus
745 3975 898 4030 Jesus
945 3977 1139 4046 dirigat
1186 3978 1326 4031 viam
1370 3989 1598 4034 nostram
1626 3982 1698 4034 ad
1728 3998 1835 4036 vos.
1881 3980 1980 4036 Vos

385 4082 559 4126 autem
591 4071 846 4124 Dominus
873 4069 1204 4141 multiplicct,
1236 4081 1282 4124 et
1311 4072 1576 4126 abundare
1613 4075 1774 4143 faciat
1801 4074 1978 4128 chari-

387 4173 544 4217 tatem
572 4163 626 4215 in
657 4162 871 4215 invicem
901 4170 949 4213 et
977 4162 1032 4214 in
1065 4178 1236 4214 omnes
1264 4203 1278 4226 ,
1309 4165 1744 4234 quemadmodum
1793 4176 1840 4221 et
1891 4184 1980 4222 nos

387 4256 441 4309 in
471 4270 578 4322 vos,
610 4255 676 4306 ad
699 4251 867 4324 884
887 4253 1246 4320 conﬁrmanda
1270 4254 1428 4308 corda
1451 4266 1614 4308 vestra
1639 4258 1749 4310 sine
1773 4260 1980 4326 querela

386 4349 440 4400 in
470 4347 738 4400 sanctitate
772 4355 792 4381 ο
825 4353 941 4397 ante
963 4341 1150 4410 Deum,
1183 4353 1231 4397 et
1258 4343 1474 4399 Patrem
1516 4360 1748 4402 nostrum
1785 4351 1838 4403 in
1882 4350 1979 4403 ad-

385 4449 538 4493 ventu
569 4437 778 4491 Domini
806 4437 969 4490 nostri
990 4437 1118 4491 Jesu
1146 4433 1338 4492 Christi
1362 4453 1481 4492 cum
1507 4442 1749 4496 omnibus
1788 4445 1979 4497 sanctis

2087 3251 2135 3293 et
2177 3257 2318 3306 spem
2348 3240 2533 3293 bonam
2563 3241 2616 3294 in
2647 3242 2837 3313 gratia,
2867 3243 3165 3297 exhortetur
3209 3247 3367 3298 corda
3397 3257 3586 3315 vestra,
3627 3262 3678 3302 με

2083 3332 2350 3400 conﬁrmet
2387 3334 2442 3386 in
2483 3334 2622 3387 omni
2645 3349 2795 3405 apere
2824 3343 2868 3389 et
2903 3351 3134 3390 sermone
3163 3338 3314 3392 bono.
3345 3337 3418 3391 De
3444 3350 3628 3395 stetere
3657 3383 3673 3406 ,

2083 3426 2301 3492 fratres,
2334 3431 2478 3477 orate
2509 3439 2601 3493 pro
2627 3424 2769 3478 nobis
2795 3467 2810 3491 ,
2843 3435 2900 3480 ut
2932 3425 2947 3476 ἱ
2986 3442 3154 3482 sermo
3184 3426 3396 3482 Domini
3423 3440 3597 3484 currat
3624 3442 3676 3485 et

2081 3514 2394 3584 clariﬁcetur
2413 3555 2430 3582 ,
2458 3516 2588 3568 sicut
2627 3526 2674 3570 et
2708 3517 2848 3586 apud
2873 3533 2980 3586 vos,
3012 3528 3058 3572 et
3090 3529 3142 3571 ut
3169 3518 3446 3572 liberemur
3474 3521 3536 3573 ab
3572 3522 3673 3574 im-

2080 3609 2312 3679 portunis
2332 3617 2377 3660 et
2399 3608 2549 3661 malis
2569 3607 2879 3663 hominibus.
2895 3608 3017 3663 Non
3041 3611 3174 3663 enim
3192 3611 3415 3664 omnium
3432 3622 3503 3666 est
3518 3612 3670 3682 ﬁdes.

2082 3699 2288 3755 Fidelis
2310 3710 2482 3755 autem
2505 3698 2533 3739 Ιι
2559 3699 2815 3755 Dominus
2839 3713 2933 3770 est,
2964 3703 3052 3773 qui
3071 3711 3121 3756 et
3150 3703 3471 3771 conﬁrmabit
3498 3722 3602 3771 vos,
3621 3717 3672 3759 et

2081 3795 2333 3848 custodiet
2360 3810 2391 3847 α
2418 3792 2553 3847 malo
2578 3793 2644 3864 (ll
2668 3794 2844 3848 Thess.
2869 3810 2924 3862 ιι,
2949 3795 3137 3863 15,16,
3156 3796 3494 3868 ειιιι,1,2,5).
3522 3795 3538 3835 ι
3563 3797 3672 3853 Pe-

2083 3895 2197 3940 trus
2226 3901 2442 3957 quoque
2481 3887 2783 3956 apostolus,
2815 3888 2959 3941 unde
2980 3900 3100 3941 esse
3130 3888 3380 3942 virtutem
3408 3904 3670 3958 perseve-

2082 3979 2268 4032 rantiae
2299 3977 2510 4044 doceat,
2543 3979 2842 4032 audiamus.
2875 3978 3014 4032 Deus
3042 3988 3234 4045 autem,
3279 3979 3471 4050 inquit,
3503 3981 3670 4036 omnis

2081 4069 2284 4139 gratior,
2326 4070 2413 4136 qui
2457 4070 2651 4122 vocavit
2687 4086 2778 4122 nos
2807 4068 2861 4121 in
2894 4079 3135 4122 ceternam
3179 4086 3326 4123 suam
3356 4070 3575 4141 gloriam
3611 4073 3670 4126 in

2083 4158 2286 4214 Christo
2311 4161 2459 4228 Jesu,
2493 4159 2751 4214 modicum
2781 4177 2958 4230 passos
2989 4161 3096 4232 ipse
3120 4161 3370 4231 perﬁciet,
3394 4163 3670 4232 conﬁrma.

2082 4252 2173 4316 bit,
2205 4251 2583 4322 salidabitque;
2613 4252 2696 4306 cui
2726 4260 2800 4306 est
2839 4252 3000 4306 virtus
3043 4261 3090 4306 et
3121 4261 3344 4321 potestas
3387 4255 3437 4306 in
3479 4254 3668 4308 saecula

2082 4345 2405 4398 steculorum.
2433 4345 2588 4397 Amen
2617 4343 2659 4414 (l
2694 4342 2838 4398 Petr.
2864 4359 2917 4411 v,
2952 4343 3018 4398 10
3044 4352 3089 4397 et
3121 4341 3228 4414 11).
3268 4342 3502 4398 Jo:ini;es
3536 4360 3668 4399 vero

2080 4437 2245 4509 885
2277 4437 2576 4507 apestolus,
2609 4435 2750 4506 quod
2799 4437 3023 4490 victoria
3068 4443 3376 4490 sanctorum
3407 4450 3540 4505 opus
3570 4436 3664 4490 Dei

387 4531 553 4604 ejus(l
570 4527 922 4592 Thestht,“
943 4537 990 4582 et
1006 4529 1981 4605 seqq.).AdCorinlhiosquoquescri-
2010 4540 2061 4599 Ι)
2086 4532 2155 4582 sit
2185 4528 2470 4583 habitantis
2501 4527 2552 4581 in
2584 4527 2784 4580 sanctis
2805 4566 2819 4587 ,
2852 4527 2921 4579 ita
2966 4527 3203 4595 loquitur
3239 4543 3251 4578 :
3297 4524 3394 4578 Vos
3445 4541 3509 4579 ea:
3555 4525 3664 4578 Deo

388 4622 541 4685 bens,
573 4631 628 4676 et
656 4620 895 4673 omnium
929 4619 1184 4675 virtutum
1217 4620 1586 4692 proﬁcientem
1628 4641 1975 4694 perseveran-

388 4716 518 4773 tiam
551 4711 644 4766 Dei
674 4709 876 4765 donum
907 4725 1030 4766 esse
1057 4713 1447 4769 commendans
1476 4731 1490 4769 :
1522 4714 1748 4785 Gratias,
1782 4720 1975 4787 inquit,

388 4820 484 4874 ago
515 4803 630 4859 Deo
657 4817 770 4858 meo
798 4817 996 4873 semper
1025 4819 1121 4872 pro
1149 4803 1288 4859 vobis
1309 4805 1363 4860 in
1383 4807 1552 4877 gratia
1573 4805 1689 4874 Dei,
1717 4825 1830 4879 qua:
1854 4811 1978 4864 data

462 5001 629 5084 {Sicf
661 5012 763 5054 ms.
796 4997 904 5054 Jol.
935 5006 990 5054 et
1019 4997 1217 5055 Leonis
1247 5000 1436 5057 editio.
1475 5002 1581 5058 Alii
1630 5020 1758 5062 vero
1784 5047 1800 5073 ,
1845 5007 1978 5074 Quia

387 5077 772 5198 uaguliigciol.
823 5149 878 5196 et
924 5138 1056 5194 edit.
1103 5139 1321 5208 Leonis,
1350 5153 1397 5197 et
1423 5147 1644 5216 operari.
1677 5147 1895 5212 Cameri,
1935 5160 1980 5202 et

390 5216 776 5356 pereﬁilei’eeediti
812 5280 1129 5356 addiderant
1156 5283 1306 5349 olim,
1335 5285 1469 5351 vitae,
1500 5301 1607 5356 quo
1647 5298 1836 5343 carent
1872 5305 1972 5342 ms.

393 5354 649 5442 3l‘rili't‘msigt
678 5361 731 5408 et
761 5351 925 5408 editio
969 5351 1184 5420 Leonis,
1220 5356 1386 5410 immo
1425 5367 1480 5411 et
1518 5351 1696 5412 textus
1747 5369 1976 5430 uterque

397 5425 909 5551 ξ”ειρὲίιέιι..’.Ιοιὶειιιεἰει
941 5511 1001 5550 ιιι
1043 5495 1096 5548 in
1144 5505 1295 5567 textu
1323 5496 1586 5566 Apostoli,
1619 5500 1671 5553 in
1700 5501 1800 5554 die.
1849 5501 1978 5567 Qua:

400 5567 530 5642 alias
559 5576 677 5622 erat
703 5567 860 5642 Iec:i_o
888 5566 992 5642 loci
1015 5567 1174 5634 hujus
1213 5566 1265 5619 in
1307 5567 1693 5624 Leonislibris.
1729 5566 1980 5642 [tientque

400 5638 761 5710 addit_nos_tri_,
794 5638 935 5710 circa
964 5638 1133 5710 liuent
1153 5647 1272 5706 post
1303 5649 1502 5693 textum
1536 5641 1806 5710 Apostoli.

476 5719 498 5742 ε
531 5706 670 5760 Editi
698 5707 852 5782 altas,
881 5709 1262 5775 inseparabites.
1297 5710 1394 5765 Ms.
1428 5706 1676 5769 Joliensis
1706 5724 1758 5770 et
1784 5713 1981 5770 Leonis

2086 4622 2226 4687 estis,
2258 4620 2431 4690 ﬁlioli,
2463 4629 2513 4674 et
2540 4619 2731 4672 vicistis
2760 4617 3039 4682 mundum;
3081 4618 3327 4687 quoniam
3372 4620 3540 4689 major
3588 4626 3668 4672 est

2058 4716 2171 4792 'qui
2201 4722 2240 4749 ω
2270 4713 2323 4766 in
2352 4711 2491 4766 vobis
2514 4719 2608 4777 est,
2631 4726 2786 4782 quam
2815 4712 2901 4779 qui
2928 4712 2979 4763 in
3005 4709 3195 4762 mundo
3217 4708 3258 4778 (l
3288 4707 3448 4761 Joan.
3478 4723 3555 4772 tv,
3580 4707 3666 4773 4).

2087 4807 2215 4860 Item
2248 4805 2388 4858 idem
2426 4821 2439 4856 :
2474 4801 2637 4857 Omne
2681 4802 2818 4867 quod
2872 4813 3049 4855 natum
3096 4811 3167 4854 est
3205 4815 3270 4855 ex
3323 4797 3455 4867 Deo,
3507 4797 3666 4853 vincit

2085 5007 2270 5071 editio,
2296 5010 2686 5076 insuperabiles.

2162 5077 2181 5116 ί
2216 5080 2314 5133 Ms.
2347 5079 2619 5145 Jolicnsis,
2644 5082 2901 5135 (estimati.

2159 5159 2182 5196 Β
2214 5150 2313 5203 Ms.
2344 5149 2471 5213 Jul.,
2505 5162 2551 5205 et
2583 5154 2792 5221 integer,
2820 5164 2874 5204 ut
2907 5154 2957 5205 in
2986 5159 3128 5204 textu
3153 5151 3359 5206 Graeco.

2156 5225 2185 5256 ιι
2215 5221 2358 5275 Alias
2387 5221 2438 5275 in
2473 5222 2671 5284 Leone,
2707 5224 2885 5288 faciat.

2162 5287 2179 5328 ί
2212 5289 2298 5346 Sic
2326 5306 2426 5345 ms.
2459 5287 2731 5352 Joliensis.
2767 5308 2820 5346 ut
2853 5293 2988 5361 apud
3021 5291 3356 5360 Apostolum.
3391 5293 3493 5348 Alii
3515 5293 3668 5349 codi-

2084 5377 2172 5418 ces
2215 5362 2383 5416 nostri
2418 5365 2669 5418 omittunt
2700 5374 2751 5418 et
2778 5364 3016 5417 secundo
3045 5366 3184 5418 loco.

2157 5433 2170 5482 i
2210 5436 2302 5486 Ms.
2333 5433 2607 5501 Joliensis,
2639 5451 2802 5488 sermo
2831 5433 2947 5486 Dei.

2152 5502 2177 5572 1f
2207 5504 2295 5557 Sic
2324 5519 2426 5556 ius.
2464 5505 2595 5570 101.,
2627 5517 2678 5558 ut
2724 5506 2776 5558 in
2826 5505 3105 5572 Apostolo.
3138 5503 3332 5559 Czeteri
3355 5546 3368 5564 ,
3401 5503 3538 5556 Dens
3568 5516 3663 5556 est.

2157 5570 2176 5610 1
2209 5573 2302 5626 Ms.
2328 5574 2602 5642 Joliensis,
2650 5574 2830 5629 Petrus
2861 5570 2995 5628 vero.
3035 5575 3288 5644 Idemque
3309 5576 3474 5642 addit,
3510 5579 3668 5628 Amen

2085 5656 2202 5714 post
2227 5646 2431 5714 aliqunt
2460 5646 2642 5708 verba,
2675 5659 2730 5700 ut
2762 5646 2955 5700 Leonis
2986 5647 3171 5699 editio.

2155 5717 2313 5768 “1M3.
2345 5716 2452 5770 Jol.
2485 5718 2690 5786 ett-dit.
2715 5717 2932 5782 Leonis,
2960 5720 3012 5770 in
3039 5717 3180 5770 nobis
3208 5727 3300 5779 cst.
