4040 6178
347 240 453 298 685

1227 244 1317 299 DE
1365 241 1752 299 VOCATIONE
1790 239 2060 296 OMNIUM
2099 240 2406 297 GENTlUM
2450 240 2650 295 LIBER
2688 238 2751 295 ll.

3513 236 3623 297 686

347 358 627 424 mundum;
646 368 694 412 et
710 358 818 413 liter:
844 366 915 413 est
941 360 1159 413 victoria
1178 374 1295 430 que
1317 360 1470 413 vincit
1490 360 1771 425 mundum,
1802 358 1931 428 ﬁdes
1957 360 2012 419 Α
2034 355 2209 412 libero
2249 355 2474 412 arbitrio
2500 354 2819 424 gloriantem
2842 395 2858 418 ,
2889 354 3031 408 illam
3062 354 3419 410 invictissime
3462 357 3622 413 reniti

348 458 524 504 nostra
564 447 812 519 (lloan.
849 465 901 514 ν,
933 451 1013 519 4).
1046 450 1103 504 In
1128 449 1421 518 Evangelio
1446 460 1624 503 autem
1643 448 1934 504 secundum

346 542 573 606 Lucam,
611 541 781 595 Deum
811 541 961 604 dare,
996 550 1020 576 ει
1052 550 1110 593 ιιι
1154 541 1205 593 in
1260 541 1363 594 lide
1393 548 1770 608 perseveratur
1795 578 1814 605 ,
1864 540 1937 593 ita

347 631 614 701 promitur
647 648 661 684 :
694 628 843 684 Dixit
874 639 1045 683 autem
1067 628 1219 683 Jesus
1254 629 1409 683 Petro
1436 647 1453 685 :
1487 630 1694 697 Simon,
1727 630 1936 694 Simon,

344 738 461 775 ecce
491 720 721 776 Satanas
746 721 1020 792 postulauit
1045 730 1097 773 ut
1120 737 1206 774 vos
1237 719 1264 759 δ
1290 731 1519 773 cerneret
1544 722 1677 775 sicut
1693 720 1934 773 triticum.

348 813 464 887 Ego
492 822 670 868 autem
699 814 877 885 rogavi
906 830 997 881 pro
1028 822 1096 879 te,
1126 812 1312 879 Petre,
1336 829 1401 867 ne
1422 812 1629 882 deﬁciat
1654 811 1780 879 fides
1804 822 1891 865 tua
1918 825 1937 864 :

344 919 399 962 et
427 919 480 963 tu
510 924 782 962 conversus
808 908 1059 971 conﬁrma
1097 908 1282 976 fratres
1313 914 1450 971 tuos,
1486 916 1509 945 ο
1537 915 1585 960 et
1607 921 1735 974 roga
1763 920 1826 958 ne
1855 906 1937 958 in-

348 1000 492 1052 tretis
518 1000 572 1052 in
598 997 931 1051 tentationem
958 996 1109 1068 (Luc.
1143 1011 1277 1059 xstt,
1306 996 1369 1051 5t
1403 1004 1451 1049 et
1477 993 1633 1066 seq.).
1676 995 1731 1049 In
1765 994 1940 1049 Eran-

345 1090 492 1157 gelio
518 1104 733 1158 quoque
754 1088 1000 1153 Joannis,
1017 1088 1085 1143 de
1102 1088 1292 1142 ovibus
1312 1087 1534 1152 Christi,
1552 1103 1671 1156 qua:
1690 1087 1758 1142 de
1779 1103 1940 1141 manu

347 1182 517 1250 ipsius
548 1197 578 1235 a
608 1182 758 1235 nullo
788 1177 815 1217 ἀ
847 1181 1146 1251 rapiantur,
1172 1180 1289 1234 haec
1313 1180 1544 1250 legimus
1572 1180 1755 1234 dicere
1780 1179 1940 1233 Veri-

350 1281 516 1326 tatem
551 1288 565 1324 :
602 1272 707 1325 Sed
736 1287 822 1325 vos
849 1287 954 1324 non
986 1271 1217 1338 creditis,
1250 1272 1371 1340 quia
1404 1287 1505 1325 non
1537 1273 1656 1325 estis
1681 1271 1746 1324 de
1767 1270 1942 1325 ovibus

346 1362 496 1417 meis.
534 1361 665 1416 Oves
688 1376 815 1416 mea:
838 1378 1007 1415 rocem
1030 1378 1197 1417 meam
1219 1362 1459 1426 audiunt,
1480 1371 1529 1416 et
1549 1378 1640 1433 ego
1663 1362 1778 1416 novi
1798 1362 1940 1424 illas,

350 1461 401 1506 et
428 1465 707 1522 sequantur
734 1470 833 1519 me,
863 1463 910 1508 et
949 1463 973 1491 ε
1011 1470 1103 1525 ego
1140 1455 1295 1508 vitam
1330 1464 1574 1510 teternant
1613 1455 1681 1508 do
1718 1453 1825 1509 illis
1848 1498 1861 1521 ,
1895 1464 1941 1507 et

355 1560 460 1597 non
488 1546 727 1615 peribunt
766 1545 821 1598 in
853 1556 1099 1599 internum
1120 1586 1135 1611 ,
1168 1562 1259 1599 nec
1285 1547 1549 1616 quisquam
1578 1546 1739 1617 rapiet
1767 1563 1853 1599 eas
1882 1547 1945 1599 de

354 1650 513 1687 manu
544 1651 654 1688 mea
682 1634 863 1705 (.loan.
884 1652 941 1701 χ,
964 1635 1037 1689 26
1053 1646 1098 1689 et
1116 1636 1270 1707 seq.).
1302 1637 1432 1691 ltem
1462 1637 1514 1690 in
1542 1637 1735 1693 eodem
1768 1636 1945 1691 Evan-

2037 446 2360 501 sententiam
2390 445 2618 500 dicentis
2640 444 2885 513 Apostoli
2917 461 2931 498 :
2962 443 3089 509 Quis
3119 445 3254 498 enim
3279 454 3327 500 te
3347 445 3630 507 discernit?

2042 538 2182 604 Quid
2208 547 2379 593 autem
2409 538 2563 592 habes
2593 537 2732 606 quod
2758 552 2858 591 non
2886 538 3166 606 accepisti?
3193 536 3258 592 Si
3285 547 3455 591 autem
3480 553 3628 593 acce-

2040 631 2161 695 pisti
2179 672 2193 697 ,
2216 630 2341 701 quid
2360 630 2602 701 gloriaris
2628 628 2776 697 quasi
2802 644 2904 683 non
2930 628 3183 694 acceperis
3214 627 3257 699 (1
3279 626 3401 684 Cor.
3428 643 3506 696 tv,
3530 628 3623 700 7)‘l

2038 719 2207 790 igitur
2232 719 2572 789 profunditas
2600 718 2743 773 illius
2771 718 3106 787 quaestionis,
3128 732 3292 787 quam
3328 716 3625 773 secundum

2039 812 2457 866 admirationem
2494 809 2741 880 Apostoli
2771 807 3235 878 impenetrabilem
3276 805 3625 872 conﬁtemur,

2041 918 2140 972 per
2168 903 2325 959 liberi
2355 902 2566 958 arbitrii
2593 899 2621 939 ιι
2651 903 2790 957 velle
2830 911 2884 957 et
2913 902 3056 957 nolle
3087 917 3193 957 non
3237 901 3627 968 solvitur.Quia

2042 994 2171 1049 licet
2196 994 2325 1049 insit
2352 994 2554 1048 homini
2587 994 2784 1048 bonum
2828 993 2994 1057 nolle,
3019 1000 3201 1047 tamen
3233 992 3338 1047 nisi
3360 991 3625 1048 donatum

2043 1104 2149 1143 non
2181 1087 2340 1143 habet
2389 1087 2401 1125 ί
2432 1089 2629 1142 bonum
2668 1088 2805 1142 velle
2831 1104 2845 1140 :
2874 1096 2930 1141 et
2960 1086 3089 1141 illud
3136 1085 3406 1141 contraxit
3432 1093 3628 1141 natura

2042 1194 2140 1249 per
2179 1179 2426 1248 culpam,
2469 1178 2571 1233 hoc
2618 1179 2811 1246 recipit
2857 1186 3047 1231 natura
3092 1193 3188 1247 per
3230 1177 3481 1246 gratiam.
3520 1177 3629 1232 Sed

2042 1272 2168 1341 quid
2211 1270 2345 1326 illud
2387 1271 2457 1326 sit
2484 1270 2627 1340 quod
2677 1270 2793 1323 haec
2822 1269 3009 1323 eadem
3049 1281 3240 1322 natura
3288 1268 3342 1323 in
3379 1267 3632 1324 omnibus

2044 1361 2356 1417 hominibus
2386 1372 2511 1416 ante
2555 1358 3084 1416 reconciliationemi
3126 1372 3251 1427 rea,
3289 1360 3346 1414 in
3375 1359 3632 1415 omnibus

2044 1455 2274 1523 misera,
2321 1470 2426 1509 non
2472 1455 2527 1509 in
2570 1452 2822 1508 omnibus
2867 1451 3210 1522 iustiﬁcetur,
3248 1461 3304 1507 et
3331 1466 3362 1507 a
3404 1466 3634 1521 pereun-

2046 1548 2186 1603 tibus
2218 1548 2451 1617 quadam
2482 1547 2567 1602 sui
2597 1554 2750 1618 parte
2795 1544 3120 1601 discernitur
3166 1545 3234 1599 ab
3260 1559 3328 1599 eo
3359 1544 3449 1615 qui
3496 1546 3632 1598 venit

2045 1654 2269 1708 quaerere
2297 1648 2345 1693 et
2382 1639 2582 1692 salvare
2617 1637 2757 1707 quod
2808 1636 3030 1704 perierat
3063 1633 3217 1706 (Luc.
3244 1650 3359 1699 ιιι,
3389 1634 3500 1708 10),
3534 1634 3636 1690 ιω-

352 1726 521 1796 gelio,
552 1728 621 1781 de
650 1727 732 1781 his
760 1742 897 1797 quos
927 1727 1086 1782 Pater
1110 1726 1201 1781 dat
1230 1728 1368 1783 Filio
1387 1768 1403 1794 ,
1435 1730 1524 1798 qui
1554 1740 1607 1782 et
1632 1744 1821 1783 omnes
1851 1745 1940 1784 ve-
1980 1728 2022 1786 Β
2053 1744 2214 1784 manu
2242 1744 2405 1784 sensu
2434 1743 2659 1797 prorsus
2687 1742 2793 1780 non
2821 1734 3002 1796 potest
3042 1724 3304 1794 indagari.
3332 1725 3635 1793 Quantum-

354 1818 511 1870 niunt
539 1815 606 1870 ad
636 1815 854 1883 Filium,
882 1826 938 1872 et
964 1832 1194 1887 quorum
1224 1817 1405 1873 nullus
1440 1821 1599 1888 perit,
1631 1818 1745 1872 huic
1771 1820 1944 1888 ipsius

354 1908 569 1961 Domini
606 1922 704 1962 ore
731 1907 1026 1962 dicuntur:
1064 1906 1227 1962 Omne
1270 1910 1409 1978 quod
1455 1910 1541 1962 dat
1585 1910 1711 1963 mihi
1744 1908 1903 1963 Pater
1927 1948 1942 1975 ,

353 2002 491 2053 uenit
513 2002 581 2053 ad
609 2016 704 2065 me,
724 2009 770 2054 et
788 2017 903 2054 eum
930 1998 949 2038 ί
977 2003 1065 2071 qui
1089 2002 1223 2055 venit
1240 2002 1307 2056 ad
1321 2019 1399 2056 me
1416 2019 1519 2056 non
1544 2004 1751 2075 ejiciam
1776 2005 1944 2073 (oras:

356 2091 480 2159 quia
504 2091 743 2144 descendi
769 2092 834 2146 de
859 2080 1004 2158 ctelo,
1023 2108 1124 2145 non
1148 2103 1200 2146 ut
1226 2094 1414 2163 faciam
1436 2094 1746 2149 voluntatem
1763 2112 1944 2160 meam,

354 2182 449 2235 sed
474 2182 783 2236 voluntatem
814 2184 930 2253 ejus
958 2182 1046 2249 qui
1073 2183 1211 2236 misit
1238 2200 1316 2238 me
1335 2182 1543 2249 Patris;
1566 2193 1621 2237 ut
1651 2200 1798 2240 omne
1812 2186 1947 2255 quod

357 2273 497 2327 dedit
524 2273 670 2338 mihi,
696 2289 799 2326 non
824 2273 1038 2344 perdam
1057 2290 1120 2327 ea:
1143 2290 1202 2328 eo
1221 2275 1525 2345 quidquam,
1549 2276 1637 2329 sed
1656 2285 1949 2332 resuscltem

356 2366 490 2419 illud
514 2366 569 2419 in
596 2366 867 2419 novissimo
897 2365 981 2419 die
1005 2364 1181 2438 (Joan.
1220 2382 1297 2432 v1,
1321 2366 1388 2422 57
1414 2377 1461 2421 et
1484 2366 1636 2438 seq.).

929 2497 1157 2555 CAPUT
1195 2497 1367 2555 XXV.

361 2590 706 2655 Questionem
735 2605 829 2642 cur
858 2588 1027 2662 potius
1058 2591 1140 2644 hic
1164 2607 1319 2662 quam
1350 2589 1440 2645 ille
1461 2591 1680 2660 accipiat
1701 2594 1942 2661 gratiam,

433 2678 556 2784 θεῖε.
583 2660 1053 2730 impenetrabilem,
1104 2660 1195 2716 nec
1239 2676 1388 2733 posse
1427 2677 1489 2715 ea:
1528 2660 1709 2716 libero
1734 2666 1948 2719 arbitrio

433 2750 488 2784 so
510 2749 579 2784 ut.

430 2749 579 2786 sonu.

430 2821 594 2876 Multa
630 2832 758 2876 sunt
797 2822 905 2878 alia
938 2822 1007 2879 in.
1041 2821 1428 2879 canonicarum
1458 2823 1603 2878 serie
1644 2800 1950 2893 Scriptura-

356 2927 513 2976 rum,
555 2927 675 2981 qua:
714 2912 948 2967 vitandae
991 2912 1320 2983 prolixitatis
1356 2913 1535 2967 studio
1585 2916 1945 2983 prmterimus,

354 3003 615 3070 quoniam
667 3017 787 3070 qua:
827 3003 1251 3073 assumpsimus,
1294 3015 1395 3057 nec
1443 3017 1614 3071 pauca
1658 3015 1815 3070 sunt,
1847 3020 1948 3060 nec

2046 1823 2183 1877 libet
2209 1822 2353 1876 enim
2387 1818 2674 1889 impiorum
2704 1817 3009 1886 malignitas
3037 1824 3343 1883 accusetur,
3372 1817 3635 1872 resistens

2045 1914 2230 1984 gratiae
2261 1912 2389 1977 Dei;
2415 1910 2670 1980 numquid
2690 1907 2716 1946 ι
2751 1909 3119 1977 probabuntur
3147 1922 3298 1976 eam,
3321 1907 3518 1977 quibus
3550 1918 3636 1963 est

2045 2004 2273 2069 collata,
2310 2000 2617 2058 meruisse?
2650 2007 2742 2053 aut
2771 1998 2860 2052 illa
2888 1997 3058 2052 virtus
3103 1997 3320 2067 gratiae,
3364 2012 3485 2067 quze
3527 1997 3634 2053 sibi

2047 2110 2183 2165 quos
2210 2094 2372 2149 voluit
2401 2091 2670 2157 subdidit,
2701 2098 3020 2145 convertere
3050 2102 3145 2143 eos
3168 2088 3262 2157 qui
3306 2089 3636 2144 inconverti-

2048 2186 2184 2242 biles
2210 2199 2557 2256 permansere
2587 2198 2695 2238 non
2729 2181 2940 2252 potuit?
2960 2180 3121 2236 Tales
3150 2180 3367 2236 luerunt
3393 2180 3483 2251 qui
3509 2191 3637 2235 sunt

2047 2278 2261 2332 attracti
2282 2318 2296 2343 ,
2321 2276 2511 2346 quales
2539 2274 2593 2330 hi
2616 2274 2707 2346 qui
2734 2274 2789 2328 in
2811 2287 2906 2326 sua
2933 2272 3131 2327 duritia
3154 2279 3283 2326 sunt
3310 2271 3506 2329 relicti.
3525 2270 3635 2327 Sed

2051 2369 2157 2422 illis
2188 2370 2374 2423 tribuit
2417 2368 2587 2438 gratia
2620 2366 2889 2436 stupenda
2932 2364 3072 2434 quod
3114 2362 3313 2431 voluit,
3355 2362 3476 2419 istis
3507 2360 3638 2421 Ire-

2050 2460 2239 2514 tribuit
2280 2460 2481 2514 veritas
2523 2456 2669 2528 justa
2718 2458 2859 2527 quod
2910 2456 3124 2521 debuit,
3154 2463 3211 2510 ut
3246 2454 3508 2525 judicium
3539 2454 3636 2512 Dei

2053 2552 2224 2620 magis
2253 2548 2604 2606 inscrutabile
2628 2548 2701 2603 sit
2723 2549 2775 2602 in
2807 2548 3070 2604 electioi;e
3094 2546 3303 2618 gratiae,
3333 2562 3496 2618 quam
3524 2548 3635 2604 IIIin

2050 2643 2405 2697 retributione
2428 2639 2675 2710 justitiaz.
2702 2638 3079 2695 Veiun‘ttamen
3110 2652 3180 2695 ne
3208 2639 3299 2693 illa
3330 2653 3453 2709 pars
3478 2637 3636 2707 lidei,

2050 2748 2154 2804 qua
2197 2734 2283 2802 pie
2322 2733 2593 2790 credimus
2634 2730 2807 2787 Deum
2846 2731 3006 2797 velle,
3053 2741 3113 2785 ut
3157 2744 3350 2787 omnes
3390 2730 3640 2789 homines

2049 2826 2295 2882 veritatis
2342 2824 2617 2895 agnitione
2661 2824 2963 2889 salventur,
2993 2839 3091 2894 per
3120 2822 3223 2893 hoc
3270 2824 3413 2895 quod
3462 2824 3531 2880 de
3559 2823 3640 2880 el-

2051 2916 2279 2973 fectibus
2323 2918 2514 2987 gratia:
2555 2914 2837 2971 evidenter
2886 2913 3213 2979 ostenditur,
3245 2914 3511 2970 inﬁrmata
3553 2914 3640 2970 vi-

2051 3010 2272 3076 deatur;
2302 3006 2655 3064 annitendum
2676 3019 2781 3072 est,
2803 3006 3095 3062 auxiliante
3123 3004 3365 3073 Christo,
3392 3017 3449 3061 ut
3478 3006 3639 3064 nobis

353 3092 615 3158 obscura,
657 3106 758 3148 nec
802 3093 939 3147 levia
970 3111 982 3143 :
1011 3092 1207 3163 quibus
1252 3092 1572 3162 plenissime
1618 3093 1947 3159 declaratur,
1975 3088 2021 3152 C
2053 3101 2321 3156 stabilitas
2363 3098 2522 3171 hujus
2549 3097 2882 3155 deﬁnitionis
2922 3106 3200 3168 appareat.
3244 3097 3352 3154 Sed
3380 3099 3503 3169 quia
3544 3113 3640 3155 ne.

355 3184 539 3238 omnia
571 3198 692 3252 quze
721 3182 791 3237 ad
840 3185 1252 3253 promerendam
1286 3184 1449 3238 vitam
1491 3191 1750 3239 aeternam
1781 3188 1947 3255 perti-

354 3283 509 3340 nent,
536 3276 703 3347 886
725 3275 843 3330 sine
874 3277 1045 3347 gratia
1079 3276 1177 3331 Dei
1204 3292 1304 3333 nec
1333 3275 1612 3341 inchoari,
1637 3292 1739 3334 nec
1759 3279 1947 3349 augeri

354 3382 544 3437 posse,
575 3382 675 3423 nec
703 3367 930 3438 perlici;
959 3380 1012 3423 et
1039 3377 1227 3424 contra
1256 3383 1473 3424 omnem
1512 3379 1538 3418 ε
1558 3369 1850 3426 elationem
1877 3372 1946 3428 de

434 3519 461 3548 ι
483 3508 669 3565 Colon.
691 3511 881 3577 editio,
900 3515 1023 3566 utin
1043 3513 1249 3569 virtute.
1274 3513 1402 3567 Mss.
1420 3513 1669 3569 Juliensis
1691 3522 1744 3567 et
1760 3512 1946 3570 Camb.

354 3591 413 3634 et
442 3581 569 3662 edit.
592 3582 825 3703 ILeonis,
854 3584 1127 3655 promitur,
1158 3585 1276 3637 loco
1300 3585 1444 3639 vocis
1472 3586 1809 3656 promittitur,
1829 3601 1948 3654 qua:

357 3660 447 3703 est
474 3667 525 3703 tn
556 3668 583 3703 a
612 3668 693 3703 tts.

357 3654 525 3704 estin
556 3654 693 3705 altis.

435 3719 462 3758 δ
488 3721 583 3774 Ms.
615 3721 897 3786 Joliensis,
937 3734 994 3777 ut
1019 3739 1106 3777 vos
1143 3723 1413 3779 cribraret.
1450 3723 1557 3777 Alii
1589 3739 1809 3789 omnes,
1838 3743 1947 3780 cer-

355 3800 524 3845 neret.
563 3789 783 3845 Cernere
826 3808 1002 3847 autem
1036 3809 1132 3862 pro
1158 3811 1418 3847 secernere
1441 3804 1489 3847 et
1523 3795 1752 3850 cribrare
1793 3811 1947 3851 usur-

356 3865 479 3928 pari
510 3872 633 3916 tunc
672 3863 886 3916 solitum
929 3865 1282 3917 observarunt
1322 3865 1558 3918 editores
1587 3880 1616 3918 a
1646 3865 1947 3921 Lovanien-

357 3932 511 3984 sibus
538 3947 726 3986 omnes
751 3950 763 3985 :
791 3934 931 4001 apud
958 3934 1185 3988 Plinium
1212 3947 1424 4005 queque
1446 3935 1762 3992 eodemhoc
1780 3952 1943 3993 sensu

359 4011 671 4069 Usurpatnr.

439 4082 462 4109 ε
488 4072 542 4125 ln
573 4073 774 4138 Leone,
803 4084 850 4128 et
872 4085 1034 4129 orate.

410 4142 461 4221 ’ά
491 4142 562 4196 Ita
610 4158 715 4198 ms.
760 4145 985 4200 loliens.
1033 4153 1087 4200 et
1129 4144 1324 4201 Leonis
1369 4146 1555 4202 editio.
1595 4146 1828 4216 Caneri,
1861 4164 1944 4202 ra-

360 4224 593 4279 piantur.

442 4290 466 4318 ⁸
488 4282 679 4357 vocem
710 4300 803 4354 ego
834 4284 1035 4338 addunt
1059 4301 1158 4340 ms.
1182 4285 1287 4341 Jol.
1314 4296 1367 4341 et
1398 4286 1591 4341 Leonis
1614 4287 1745 4341 edit.
1772 4289 1947 4357 inquo

366 4365 467 4423 pro
496 4353 562 4423 do
592 4356 685 4415 eis,
713 4353 763 4407 in
797 4370 965 4423 marg.
999 4357 1131 4408 dabo
1160 4359 1231 4409 eis
1262 4357 1397 4409 alias
1437 4358 1629 4409 lectum
1662 4353 1942 4412 scribitur.

444 4418 464 4459 ί
489 4422 587 4477 Ms.
610 4424 740 4490 Jol.,
768 4427 853 4495 qui
880 4418 1089 4480 acuerit.
1113 4428 1257 4480 Alius
1293 4428 1370 4480 sic
1396 4428 1592 4482 lectum
1625 4429 1675 4480 in
1707 4427 1906 4483 Leone.

2052 3193 2304 3248 cessaris:
2349 3191 2716 3262 inquisitionis
2746 3192 3018 3261 negotium
3049 3205 3156 3245 non
3190 3190 3364 3247 levem
3413 3205 3640 3261 operam

2050 3284 2157 3339 sibi
2216 3284 2390 3353 poscit
2441 3282 2709 3353 impendi,
2758 3292 3065 3338 secuturam
3107 3282 3526 3354 disputationem
3571 3284 3643 3340 ab

2054 3376 2287 3432 exordio
2316 3376 2539 3431 alterius
2558 3375 2846 3431 voluminis
2876 3374 3218 3431 inchoemus.

2127 3527 2153 3566 ε
2177 3517 2303 3572 Mss.
2333 3516 2658 3573 Camberon.
2681 3524 2736 3572 et
2762 3515 2872 3573 Jol.
2897 3529 3021 3571 cum
3051 3512 3247 3570 Leonis
3272 3514 3430 3581 edit.,
3459 3514 3641 3570 elatio-

2054 3604 2189 3642 nem.
2224 3588 2347 3651 Alii,
2378 3588 2697 3642 electionem.

2124 3655 2154 3694 ¹ι
2181 3658 2311 3711 Mss.
2357 3658 2596 3722 Thuan.,
2619 3656 2806 3711 Camb.
2855 3666 2910 3710 et
2951 3654 3086 3718 101.,
3132 3654 3259 3708 uelle
3295 3662 3343 3708 et
3374 3655 3534 3709 nolle.
3568 3658 3642 3712 At

2053 3727 2281 3781 aliorum
2332 3727 2621 3782 lectionem
2669 3726 3101 3794 anteponendam
3148 3725 3510 3793 probatqnod
3552 3740 3636 3782 se-

2052 3796 2275 3875 quitur_:
2300 3806 2355 3875 et
2383 3796 2519 3875 illud
2563 3797 2819 3875 contrusit
2860 3794 3429 3875 naturanperfulpam
3454 3810 3475 3849 :
3498 3797 3642 3864 quod

2053 3864 2159 3922 non
2189 3868 2257 3921 ad
2291 3867 2432 3919 aliud
2465 3882 2626 3935 quam
2654 3866 2718 3920 ad
2748 3866 2936 3919 bonum
2965 3864 3106 3919 nolle
3135 3864 3325 3935 referri
3355 3875 3552 3929 potest.

2129 3936 2146 3975 ί
2176 3938 2319 3991 Editi
2346 3931 2597 4005 Prosperi
2615 3977 2631 4002 ,
2657 3936 2850 3989 donum
2879 3936 3067 3988 bonum
3086 3931 3235 4005 uelle.
3270 3934 3457 4005 Melius
3484 3938 3646 3991 ornit-

2048 4009 2181 4063 titur
2201 4023 2302 4061 vox
2330 4002 2520 4060 donum
2556 4002 2608 4062 in
2638 4021 2736 4060 ms.
2762 4004 2987 4060 Joliensi
3009 4014 3063 4060 et
3089 4002 3325 4059 editione
3351 4004 3566 4062 Leonis.

2128 4078 2142 4129 i
2183 4079 2309 4132 Mss.
2342 4079 2530 4132 Camb.
2563 4089 2617 4133 et
2639 4076 2767 4141 Joh,
2793 4088 2846 4132 et
2875 4076 3008 4131 edit.
3042 4074 3235 4141 Leon.,
3266 4074 3497 4143 habent,
3526 4092 3642 4131 rea.

2063 4149 2205 4204 Editi
2236 4150 2576 4215 Pr0speriani
2592 4189 2605 4213 ,
2637 4148 2797 4201 mala.

2128 4218 2152 4257 ¹ί
2182 4220 2307 4274 Mss.
2333 4218 2545 4273 Thuan.
2575 4227 2630 4273 et
2651 4217 2867 4281 Camb.,
2900 4216 3208 4285 probabunt.

2132 4289 2150 4328 1
2179 4291 2268 4345 Sic
2298 4304 2427 4343 mss.
2454 4286 2646 4343 Camb.
2683 4299 2738 4344 et
2769 4288 2873 4344 Jol.
2902 4284 2970 4343 et
3004 4286 3135 4343 Leo.
3171 4284 3313 4342 Editi
3358 4287 3639 4361 Prosperi.

2057 4360 2256 4414 tribuit.

2129 4440 2167 4466 ιι
2193 4431 2292 4484 Ms.
2321 4430 2559 4495 Thuan.,
2583 4428 2637 4482 in
2664 4427 3019 4483 redhibitione.

1288 4653 1763 4761 LIBER
1839 4654 2716 4766 SECUNDUS.

775 4927 937 4999 337
979 4926 1207 4983 CAPUT
1248 4927 1535 4984 PRIMUM.

366 5036 497 5093 Tria
534 5054 641 5092 esse
677 5038 728 5091 in
766 5040 863 5091 hac
888 5039 1166 5103 quaestione
1212 5050 1379 5101 certa,
1418 5039 1577 5093 Deum
1620 5040 1749 5095 velle
1781 5058 1959 5093 omnes

442 5109 607 5161 salvos
639 5109 781 5175 fieri,
812 5110 1156 5179 cognitionem
1186 5111 1415 5163 veritatis
1438 5120 1482 5162 et
1512 5109 1730 5163 salutem
1758 5127 1866 5165 esse
1895 5129 1957 5165 ea:

438 5180 625 5249 gratia,
649 5187 695 5232 et
716 5177 923 5251 judicia
943 5177 1039 5233 Dei
1066 5196 1174 5234 esse
1204 5180 1635 5251 impenetrabilia.

439 5294 681 5349 Remotis
727 5294 1099 5365 abdicatisque
1148 5293 1404 5349 omnibus
1460 5296 1959 5352 concertationibus

1984 4935 2033 4993 υ
2060 4938 2173 4993 tas,
2203 4927 2304 4982 tria
2338 4944 2459 4983 esse
2491 4925 2838 4999 perspicuum
2882 4935 2996 4995 est,
3040 4925 3239 4996 quibus
3264 4923 3320 4979 in
3352 4925 3457 4982 hac
3501 4943 3652 4998 qum-

2063 5022 2258 5086 stione,
2282 5020 2348 5077 de
2369 5036 2471 5091 qua
2496 5020 2793 5075 secundum
2823 5020 3075 5073 volumen
3108 5019 3429 5088 incipimus,
3456 5022 3654 5077 debeat

2061 5113 2340 5170 inhmreri.
2377 5113 2584 5183 Unum,
2616 5122 2769 5183 “quo
2800 5111 3159 5180 proﬁtendum
3192 5119 3277 5166 est
3315 5110 3484 5166 Deum
3515 5114 3656 5170 velle

2063 5220 2257 5260 omnes
2286 5205 2533 5262 homines
2572 5205 2754 5261 salvos
2795 5205 2913 5260 ﬁeri
2933 5244 2949 5268 ,
2977 5214 3031 5259 et
3059 5202 3115 5259 in
3144 5204 3481 5272 agnitionem
3507 5207 3655 5262 veri-

2068 5296 2195 5352 tatis
2223 5299 2446 5363 venire;
2476 5298 2739 5363 alterum,
2765 5311 2872 5366 quo
2912 5295 3268 5350 dubitandum
3314 5311 3421 5350 non
3454 5307 3539 5353 est
3587 5306 3656 5358 a.l

367 5398 502 5448 quas
533 5381 1014 5454 intemperantittm
1042 5384 1465 5452 diSputationum
1501 5386 1673 5457 gignit
1700 5387 1961 5442 animosi-
2062 5389 2279 5459 ipsamb
2322 5389 2686 5462 cognitionem
2727 5388 2973 5445 veritatis
3018 5398 3074 5444 et
3115 5389 3523 5461 perceptionem
3567 5408 3656 5445 sa-

441 5548 467 5577 ⁸
492 5541 637 5594 Editi
683 5540 961 5609 Prosperi,
1001 5541 1172 5611 quod;
1200 5549 1255 5594 et
1297 5541 1465 5604 infra,
1508 5542 1742 5595 Alterum
1778 5541 1955 5611 quod;

369 5620 423 5662 et
453 5628 657 5679 rursus,
683 5610 910 5665 Tertium
936 5615 1090 5679 quod.
1129 5610 1224 5664 Ubi
1260 5627 1389 5665 mss.
1429 5612 1755 5670 Catnberon.
1784 5610 1838 5669 et
1866 5612 1957 5669 lo-

373 5680 582 5749 liensis,
611 5696 710 5738 nec
739 5698 844 5738 non
873 5682 1040 5739 Leon.
1064 5682 1197 5737 edit.
1229 5683 1452 5751 habent,
1478 5698 1598 5752 quo.

2135 5545 2161 5583 ι)
2183 5546 2351 5628 βψιί,
2376 5547 2740 5619 cognitionem.
2762 5544 2890 5600 Mss.
2907 5544 3090 5601 Cunb.
3112 5557 3165 5601 et
3182 5544 3291 5603 Jol.
3312 5562 3434 5604 cum
3448 5546 3649 5619 bone,

2064 5627 2406 5688 agnitionem.
