4040 6178
432 217 534 274 687

1058 217 1116 272 S.
1158 215 1494 272 PROSPERI
1535 217 1860 285 AQUlTANl
1902 217 2131 274 OPERA
2172 216 2494 275 ΙΝΟΕΒΤᾹΞ
2535 216 3060 276 AUCTORITATIS.

3595 216 3695 275 688

428 339 582 401 lutis,
617 351 722 390 non
767 336 880 390 suis
923 347 1244 404 quemquam
1298 333 1538 402 meritis,
1574 335 1668 389 διιά
1700 350 1802 404 cpe
1849 344 2008 404 atque
2039 339 2088 398 Α
2115 335 2348 389 humano
2382 345 2588 390 tantum
2623 336 2931 391 viderentur
2969 351 3135 406 opere
3179 336 3516 409 peragenda,
3569 337 3696 393 Ecce

428 445 591 502 opere
616 429 811 484 divina:
852 426 1043 498 gratia:
1086 427 1403 497 pervenire;
1437 428 1654 482 tertium
1693 443 1802 497 quo
1841 427 2008 482 conﬁ.

428 523 643 580 tendum
675 529 761 576 est
785 518 1123 574 altitudinem
1150 518 1478 588 iudiciorum
1522 518 1615 574 Dei
1643 517 1896 572 humanae
1929 519 2011 572 in-

426 611 737 682 telligentiae
765 610 1153 681 penetrabilem
1176 626 1298 666 esse
1325 625 1428 666 non
1447 625 1633 681 posse;
1658 620 1715 666 et
1736 625 1832 665 cur
1856 619 1883 648 ι
1900 625 2009 664 non

424 718 614 759 omnes
645 702 893 756 homines
923 701 1121 765 salvet,
1151 702 1242 770 qui
1275 717 1461 756 omnes
1492 701 1738 755 homines
1765 701 1878 756 vult
1903 702 2011 754 sal-

424 807 521 848 vos
548 792 693 859 ﬁeri,
729 809 836 847 non
878 801 1130 861 oportere
1159 791 1186 830 b
1206 793 1432 862 disquiri
1464 810 1475 844 :
1506 793 1760 862 quoniam
1792 794 1838 847 si
1863 793 2008 861 quod

423 884 677 954 cognosci
709 900 815 940 non
846 894 1040 952 potest,
1068 901 1174 938 non
1199 895 1491 953 queratur,
1521 887 1661 939 inter
1691 886 1921 954 primam
1953 893 2008 938 et

421 975 713 1031 secundam
745 975 1117 1030 deﬁnitionem
1151 991 1257 1030 non
1292 976 1594 1030 remanebit
1635 991 1795 1030 causa
1828 986 2008 1030 certa-

419 1068 605 1132 minis,
633 1067 730 1123 sed
778 1082 966 1122 secura
989 1082 1053 1122 ac
1084 1068 1366 1137 tranquilla
1402 1068 1505 1122 ﬁde
1537 1080 1830 1136 utrumque
1862 1085 2002 1137 pra:-

420 1159 710 1223 dicabitur,
755 1169 1041 1229 utrumque
1083 1159 1358 1214 credetur.
1404 1158 1546 1212 Deus
1587 1162 1819 1228 quippe,
1863 1159 2004 1228 apud

419 1266 576 1320 quem
609 1265 717 1304 non
759 1257 844 1305 est
883 1249 1136 1320 iniquitas
1164 1248 1338 1321 (Rom.
1366 1265 1440 1314 ιιι,
1477 1247 1586 1320 14),
1617 1261 1670 1305 et
1696 1251 1849 1319 cujus
1878 1252 2000 1304 uni-

419 1361 590 1400 versae
620 1346 720 1398 vite
765 1344 1140 1398 misericordia
1182 1354 1235 1398 et
1281 1344 1478 1396 veritas
1510 1343 1685 1412 (Psal.
1712 1360 1857 1411 xxxv,
1890 1343 2002 1414 10),

419 1435 657 1490 omnium
701 1436 979 1489 hominum
1027 1435 1198 1487 bonus
1241 1433 1513 1500 conditor,
1540 1433 1718 1502 justus
1748 1443 1830 1489 est
1853 1435 1998 1489 ordi-

418 1538 607 1594 nator;
639 1526 908 1581 neminem
939 1525 1174 1581 indebite
1205 1526 1490 1591 damnans,
1526 1527 1795 1580 neminem
1823 1526 2002 1582 debite

416 1623 675 1686 liberans,
705 1631 884 1675 nostra
920 1620 1160 1690 plectens
1187 1635 1309 1674 cum
1342 1620 1490 1687 punit
1522 1620 1744 1684 noxios,
1778 1633 1872 1672 sua
1904 1620 2001 1672 tri-

2115 443 2226 497 ego,
2271 427 2466 496 inquit,
2498 427 2756 480 vobiscum
2796 443 2908 480 sum
2954 428 3184 482 omnibus
3225 428 3403 482 diebus
3433 444 3594 498 usque
3626 429 3692 481 ad

2115 519 2602 572 consummationem
2649 518 2825 571 δωρειιὶ
2856 516 3073 588 (Matth.
3116 533 3313 586 xxvtu,
3349 517 3462 589 ΞΟ).
3495 517 3550 572 ld
3580 529 3692 588 est,

2111 625 2232 664 cum
2246 609 2863 664 sicutovesintroieritis
2886 609 2937 662 in
2962 609 3193 664 medium
3210 610 3455 678 luporum
3475 610 3689 681 (Matth.

2112 718 2166 768 ι,
2201 701 2314 771 16),
2349 701 2516 756 nolite
2541 701 2610 755 de
2635 711 2812 755 vestra
2845 700 3154 756 inﬁrmitate
3185 700 3473 771 trepidare,
3502 704 3598 758 sed
3627 705 3691 760 de

2111 809 2227 847 mea
2264 803 2531 863 potestate
2559 794 2725 863 889
2751 793 3024 858 conﬁdite,
3043 795 3132 863 qui
3165 809 3261 849 vos
3290 808 3459 864 usque
3478 795 3545 850 ad
3566 811 3692 851 con-

2113 887 2527 938 summationem
2570 883 2752 937 sa2culi
2805 884 2857 937 in
2890 883 3035 937 omni
3067 883 3168 938 hoc
3197 899 3364 954 opere
3404 900 3508 941 non
3539 887 3690 942 dere-

2110 977 2389 1045 linquam:
2430 974 2576 1029 fnon
2623 974 2729 1029 hoc
2768 985 2825 1028 ut
2869 974 3001 1028 nihil
3054 975 3362 1044 patiamini,
3393 977 3521 1043 sed,
3550 980 3684 1045 quod

2109 1070 2275 1120 multo
2320 1067 2490 1133 majus
2529 1076 2642 1131 est,
2677 1067 3016 1134 praestiturus
3051 1073 3109 1119 ut
3156 1066 3298 1120 nulla
3350 1069 3684 1123 smvientium

2107 1159 2430 1213 crudelitate
2460 1159 2811 1226 superemini.
2844 1157 2900 1212 ln
2933 1174 3050 1212 mea
3085 1160 3226 1213 enim
3260 1169 3523 1227 petestate
3555 1177 3684 1232 prce-

2105 1249 2375 1316 dicabitis,
2400 1257 2456 1303 et
2485 1265 2577 1317 per
2603 1264 2689 1303 me
2719 1249 2805 1302 ﬁet
2833 1258 2889 1302 ut
2915 1247 3057 1304 inter
3084 1251 3533 1312 contradicentes,
3553 1253 3686 1306 inter

2106 1342 2343 1396 furentes
2362 1339 2591 1395 Abrahae
2616 1340 2709 1394 ﬁlii
2739 1340 2804 1394 de
2834 1341 3100 1409 lapidibus
3121 1342 3447 1396 suscitentur
3469 1341 3681 1411 (Matth.

2105 1450 2184 1502 ιιι,
2206 1435 2284 1506 9).
2318 1436 2432 1504 Ego
2475 1435 2763 1490 insinuabo
2791 1435 2930 1503 quod
2962 1435 3148 1500 docui,
3179 1451 3278 1502 ego
3323 1437 3511 1490 faciam
3545 1436 3682 1506 quod

2103 1530 2350 1599 promisi.
2379 1529 2610 1583 Tradent
2635 1530 2766 1583 enim
2793 1544 2877 1581 vos
2907 1529 2959 1581 in
2983 1528 3230 1588 conciliis.
3255 1537 3304 1583 et
3333 1530 3386 1582 in
3414 1531 3684 1600 synagogis

2100 1622 2209 1674 suis
2237 1620 2576 1692 ﬂagellabant
2603 1636 2714 1682 vos,
2741 1629 2787 1672 et
2818 1629 2937 1673 ante
2963 1635 3107 1690 reges
3136 1631 3181 1671 et
3214 1619 3459 1688 praesides
3486 1620 3684 1672 stabitis

415 1717 586 1771 buens
614 1729 736 1768 cum
769 1713 895 1767 facit
920 1713 1094 1782 justos
1121 1730 1132 1765 τ
1160 1722 1216 1768 ut
1246 1715 1552 1767 obstruazur
1576 1725 1637 1764 es
1669 1712 1996 1779 loquentium
2031 1701 2077 1759 Β
2104 1721 2312 1783 prapter
2338 1727 2438 1776 me,
2466 1712 2519 1764 in
2559 1712 2902 1765 testimonium
2931 1709 3036 1764 illis
3065 1718 3113 1763 et
3143 1710 3396 1780 gentibus.
3435 1708 3561 1763 Cum
3589 1728 3683 1761 au-

413 1808 597 1878 iniqua
629 1806 745 1878 (Ps.
777 1821 912 1871 an,
946 1805 1056 1874 12),
1086 1815 1138 1859 et
1164 1804 1494 1874 justiﬁeetur
1520 1805 1662 1858 Deus
1693 1805 1745 1858 in
1787 1819 1995 1858 sermo-

413 1901 572 1955 nibus
602 1898 716 1953 suis
743 1907 797 1953 et
824 1897 1000 1951 vincat
1041 1911 1162 1951 eum
1193 1897 1462 1966 judicatur
1494 1896 1668 1968 (Psal.
1697 1912 1746 1961 ι.,
1776 1895 1855 1967 6).
1888 1895 1998 1951 Nec

411 1990 650 2046 damnati
689 1989 835 2060 justa
868 1987 1228 2058 querimonia,
1275 2001 1374 2042 nec
1416 1987 1695 2056 justiﬁeati
1723 2003 1884 2041 verax
1912 1997 1997 2042 est

413 2082 748 2152 arrogantia,
774 2080 820 2136 si
846 2079 924 2135 vel
958 2079 1050 2134 ille
1072 2079 1217 2133 dicat
1245 2093 1352 2133 non
1381 2078 1644 2133 meruisse
1671 2093 1728 2133 se
1757 2093 1992 2148 poenam,

412 2174 498 2230 vel
525 2174 625 2229 iste
650 2181 857 2228 asserat
888 2173 1154 2227 meruisse
1179 2186 1239 2226 se
1268 2171 1517 2241 gratiam.

909 2286 1078 2357 338
1115 2284 1341 2341 CAPUT
1380 2284 1451 2340 ιι.

477 2377 750 2449 Scriptura
779 2378 923 2431 docet
953 2378 1120 2431 Deum
1148 2375 1277 2516 vigila.
1303 2393 1476 2430 omnes
1496 2377 1725 2431 homines
1754 2377 1921 2431 salvos

1201 2464 1294 2501 ert.

1201 2464 1294 2501 ενι.

474 2543 623 2600 Sicut
646 2551 826 2598 autem
857 2556 920 2597 ea
951 2555 1076 2611 quae
1098 2540 1164 2595 ad
1193 2539 1682 2595 manifestationem
1711 2541 1894 2610 gratiae
1925 2556 1990 2594 ex

406 2635 605 2691 divinis
651 2632 1005 2705 proferuntur
1045 2631 1273 2702 eloquiis
1311 2631 1458 2687 nulla
1507 2639 1733 2701 possunt
1764 2641 1785 2670 ε
1815 2632 1989 2686 disse-

406 2726 559 2784 rendi
587 2734 704 2781 arte
725 2724 946 2790 violari,
975 2733 1034 2779 ut
1064 2724 1361 2794 perspicuae
1388 2732 1857 2792 consonantesque
1885 2718 1912 2758 ἀ
1935 2722 1990 2777 in

407 2832 554 2879 tanta
581 2821 970 2879 numerositate
986 2819 1271 2876 sententiae
1295 2820 1361 2874 ad
1381 2818 1598 2889 aliquod
1623 2833 1802 2888 pravae
1825 2817 1991 2873 inter-

406 2916 721 2986 pretationis
769 2913 1057 2970 trahantur
1097 2912 1403 2978 incertum;
1449 2913 1522 2965 ita
1550 2911 1713 2967 etiam
1742 2910 1888 2981 quod
1922 2909 1990 2966 de

2101 1812 2204 1856 tem
2236 1802 2442 1856 tradent
2465 1819 2573 1869 vos,
2598 1803 2758 1856 nolite
2793 1802 3019 1874 cogitare
3044 1803 3298 1872 quomodo
3323 1812 3414 1854 aut
3441 1803 3563 1870 quid
3605 1801 3682 1854 lo-

2098 1897 2349 1968 quamini.
2380 1896 2504 1951 Non
2551 1897 2682 1950 enim
2720 1911 2806 1949 vos
2846 1896 2964 1949 estis
2990 1896 3075 1964 qui
3105 1894 3407 1965 loquimini,
3439 1894 3530 1948 sed
3561 1894 3683 1961 Spi-

2097 1990 2227 2042 ritus
2255 1987 2434 2042 Patris
2485 1989 2636 2042 vestri
2675 1988 2764 2056 qui
2792 1987 3020 2057 loquitur
3045 1987 3097 2039 in
3127 1987 3284 2039 vobis.
3321 1985 3510 2039 Tradet
3549 1987 3680 2040 enim

2097 2084 2260 2150 frater
2305 2080 2516 2148 fratrem
2556 2080 2608 2132 in
2646 2088 2891 2143 mortem,
2925 2089 2971 2130 et
3019 2088 3162 2146 pater
3206 2078 3401 2145 ﬁlium,
3429 2086 3476 2130 et
3505 2079 3678 2132 insur-

2097 2180 2215 2242 gent
2260 2171 2358 2239 ﬁlii
2385 2171 2438 2223 in
2486 2178 2742 2239 parentes,
2776 2178 2824 2222 et
2869 2177 3032 2221 morte
3061 2184 3143 2221 cos
3174 2167 3412 2237 officient,
3448 2177 3495 2221 et
3539 2168 3682 2221 eritis

2097 2263 2216 2315 odio
2260 2261 2493 2315 omnibus
2533 2261 2822 2315 hominibus
2871 2269 3081 2329 propter
3127 2276 3308 2313 nomen
3353 2277 3541 2314 nteant.
3581 2259 3680 2324 Qui

2096 2364 2264 2406 autem
2311 2353 2702 2419 perseveraverit
2743 2368 2900 2421 usque
2943 2353 2994 2405 in
3037 2352 3224 2420 ﬁnem,
3264 2351 3348 2404 hic
3375 2352 3548 2406 salvus
3583 2355 3680 2405 erit

2099 2446 2315 2516 (Matth.
2336 2444 2579 2514 x,l7—‘22)
2594 2445 3017 2514 .Apparuitergo.
3036 2453 3092 2496 ut
3107 2443 3500 2511 Aposmlusait,
3513 2445 3677 2514 gratia

2097 2545 2122 2583 8
2141 2537 2411 2590 salvatoris
2440 2537 2600 2588 nostri
2627 2533 2724 2589 Dei
2749 2535 2979 2588 omnibus
3002 2535 3291 2588 hominibus
3316 2535 3447 2606 (Tit.
3474 2553 3530 2602 ιι,
3563 2535 3676 2605 11);

2094 2635 2148 2682 et
2179 2635 2355 2681 tamen
2388 2626 2616 2680 ministri
2660 2626 2847 2695 gratia:
2875 2626 3000 2680 odio
3029 2622 3181 2681 erant
3225 2628 3474 2682 omnibus
3505 2629 3678 2682 homi-

2095 2716 2277 2772 nibus.
2311 2716 2378 2770 Et
2406 2731 2527 2770 cum
2557 2716 2649 2769 alii
2688 2725 2870 2771 essent
2899 2717 2986 2786 qui
3019 2717 3275 2783 oderant,
3306 2718 3396 2771 alii
3426 2718 3516 2788 qui
3540 2719 3677 2773 odiis

2094 2807 2529 2878 persequentium
2555 2806 2957 2876 premebantur,
2982 2817 3170 2862 neutra
3193 2817 3369 2862 tamen
3394 2822 3521 2878 pars
3545 2824 3678 2862 nun-

2092 2899 2381 2967 eupatione
2431 2898 2670 2952 omnium
2727 2896 2998 2952 hominum
3056 2897 3412 2966 privabatnr:
3445 2898 3676 2954 habente

404 3010 700 3065 salvatione
726 3008 968 3063 omnium
999 3006 1273 3061 hominum
1301 3007 1352 3060 in
1376 3004 1570 3060 eodem
1594 3003 1987 3074 Scripturarum

2096 2989 2304 3060 quidem
2332 2987 2523 3043 salutis
2546 3003 2655 3042 sua:
2678 2988 2934 3043 damnum
2973 2988 3256 3044 rebellium
3285 2990 3548 3058 portione,
3577 2989 3677 3046 sed

403 3114 630 3170 corpore
674 3099 964 3168 reperitur,
1007 3096 1150 3152 nulla
1198 3093 1470 3151 contraria
1518 3071 1987 3164 argumentatione
2014 3071 2059 3134 C
2092 3077 2736 3170 obtinente‘plenitudinis
2764 3093 2984 3170 censum
3014 3078 3246 3134 ﬁdelium
3276 3080 3553 3148 dignitate.
3589 3081 3678 3134 Di-

405 3191 776 3247 temerandum
827 3198 1024 3255 est;ut
1050 3198 1250 3260 quanto
1301 3187 1404 3242 hoc
1453 3186 1627 3256 ipsum
1685 3185 1989 3242 difﬁciliore

403 3281 682 3337 intellectu
726 3280 960 3350 capitur,
995 3289 1147 3334 tanto
1178 3278 1281 3334 ﬁde
1311 3278 1668 3332 laudabiliore
1707 3277 1984 3332 credatur.

404 3372 590 3441 Magna
621 3370 766 3426 enim
799 3369 1058 3426 fortitudo
1101 3378 1184 3425 est
1223 3367 1628 3435 consensionis,
1670 3369 1755 3424 cui
1786 3367 1851 3422 ad
1897 3384 1986 3424 se-

401 3464 668 3534 quendam
695 3463 980 3520 veritatem
1005 3461 1303 3518 auetoritas
1343 3460 1564 3529 sufﬁcit,
1597 3461 1758 3516 etiam
1791 3461 1988 3516 latente

402 3554 632 3611 ratione.
686 3554 919 3609 Proinde
962 3554 1248 3623 vigilanter
1276 3553 1682 3608 consideremus
1730 3552 1990 3622 praedica-

404 3648 607 3703 toribus
652 3646 929 3716 Evangelii
982 3645 1110 3718 quid
1143 3660 1173 3699 a
1202 3645 1433 3700 Domino
1469 3644 1743 3714 iubeatur.
1780 3645 1986 3699 Secun-

402 3738 529 3794 dum
560 3737 865 3792 Mattlneum
895 3737 1099 3806 quippe
1126 3735 1206 3791 sic
1248 3735 1323 3790 ait
1351 3752 1368 3791 :
1402 3734 1532 3788 Data
1562 3745 1633 3790 est
1664 3733 1789 3788 mihi
1820 3738 1989 3789 omnis

404 3840 628 3897 potestas
649 3831 700 3884 in
721 3830 847 3884 coelo
868 3839 916 3883 et
937 3831 990 3883 in
1013 3839 1168 3883 terra.
1197 3828 1388 3882 Euntes
1409 3844 1552 3898 ergo,
1568 3837 1590 3864 ε
1609 3827 1786 3881 docete
1814 3844 1989 3884 omnes

400 3933 592 3993 gentes,
623 3923 940 3990 baptizantes
967 3937 1052 3974 eos
1097 3921 1150 3973 in
1181 3921 1386 3974 nomine
1413 3918 1586 3973 Patris
1605 3959 1619 3984 ,
1665 3927 1712 3972 et
1742 3915 1906 3986 Filii,
1939 3928 1988 3972 et

402 4016 630 4087 Spiritus
671 4012 834 4067 sancti
853 4053 868 4076 ,
897 4011 1129 4065 docentes
1159 4027 1244 4066 eos
1275 4025 1476 4065 servare
1523 4010 1694 4062 omnia
1721 4025 1988 4078 qucecum-

398 4126 496 4180 que
519 4106 762 4161 mandavi
789 4107 948 4160 vobis.
979 4105 1042 4158 Et
1061 4120 1176 4159 ecce
1196 4104 1451 4160 vobiscum
1479 4124 1592 4161 sum
1619 4108 1851 4162 omnibus
1879 4108 1989 4162 die-

399 4203 492 4253 bus
523 4213 682 4266 usque
718 4197 786 4249 ad
813 4199 1304 4250 consummationem
1334 4197 1513 4249 steculi
1543 4197 1758 4267 (Matth.
1790 4213 1980 4266 xxvut,

401 4294 464 4350 l8
491 4301 539 4345 et
575 4287 729 4360 seq).
762 4287 1074 4345 Secundum
1109 4287 1346 4342 Marcum
1376 4303 1504 4342 vero
1531 4289 1736 4344 eisdem
1771 4300 1987 4361 aposto-

403 4384 466 4439 lis
515 4385 587 4439 ita
636 4384 836 4440 dicitur
866 4399 878 4435 :
908 4383 989 4436 Ite
1033 4383 1089 4436 in
1135 4381 1306 4436 orbem
1359 4383 1681 4450 universum,
1712 4385 1984 4455 prwdicate

404 4475 738 4545 Evangelium
783 4473 1034 4527 universis
1077 4481 1366 4538 creature;
1405 4482 1454 4529 et
1497 4476 1587 4545 qui
1633 4475 1907 4530 crediderit
1934 4487 1983 4531 et

401 4566 687 4637 baptizatus
717 4565 895 4634 fuerit,
920 4566 1026 4635 ipse
1055 4563 1226 4618 salvus
1255 4565 1342 4633 ﬁet
1366 4582 1386 4631 ;
1414 4565 1499 4635 qui
1528 4582 1646 4620 vero
1689 4584 1789 4621 non
1818 4569 1982 4622 credi-

399 4657 552 4724 derit,
584 4656 915 4709 damnabitur
943 4655 1135 4725 (Μαῖα.
1179 4671 1297 4724 xvt,
1343 4655 1456 4728 15).
1499 4657 1768 4729 Numquid
1798 4661 1851 4715 in
1880 4661 1983 4717 hac

397 4749 764 4820 praceptione
791 4747 1023 4802 ullarum
1057 4746 1330 4802 nationum
1362 4748 1664 4805 ullorumve
1703 4750 1981 4807 hominum

401 4841 540 4897 facta
563 4841 819 4896 discretio
854 4839 979 4895 est?
1007 4838 1286 4894 Neminem
1318 4841 1510 4896 merito
1541 4843 1782 4912 excepit,
1811 4845 1981 4898 nemi-

401 4949 527 4990 nem
582 4948 780 5002 genere
829 4933 1137 5004 separavit,
1187 4933 1454 4988 neminem
1528 4934 1837 4991 conditione
1867 4936 1980 4990 dis-

402 5027 574 5081 tinxit.
601 5025 680 5081 Ad
705 5041 893 5081 omnes
921 5039 1141 5094 prorsus
1181 5025 1429 5080 homines
1455 5026 1677 5082 missum
1699 5035 1782 5082 est
1811 5027 1983 5082 Evan-

391 5117 594 5185 geliutn
618 5118 793 5172 crucis
815 5116 1034 5172 Christi.
1057 5117 1122 5171 Et
1151 5132 1216 5171 ne
1246 5116 1648 5186 prmdicantium
1681 5120 1979 5175 ministeria

470 5335 493 5359 ·
520 5323 608 5377 Sic
636 5337 766 5378 mss.
807 5322 994 5378 Camb.
1023 5331 1078 5377 et
1112 5322 1217 5379 Jol.
1251 5335 1374 5377 cum
1414 5321 1617 5378 Leone.
1659 5322 1802 5378 Editi
1825 5364 1840 5388 ,
1873 5339 1976 5379 non

395 5410 569 5447 carnes
597 5395 782 5457 satret,
811 5394 897 5462 qui
933 5409 1106 5447 omnes
1135 5393 1241 5448 uult
1269 5393 1433 5448 salvos
1477 5393 1608 5462 fieri.

466 5463 492 5502 ιι
515 5465 614 5518 Ms.
643 5462 917 5535 .loliensis,
943 5464 1156 5535 inquiri.

472 5545 494 5572 ε
523 5537 576 5588 In
602 5535 758 5587 editis
791 5534 875 5588 hic
903 5533 1020 5589 erat
1045 5547 1151 5589 Vox
1193 5537 1292 5592 ista
1311 5576 1325 5599 ,
1352 5535 1570 5589 ratione.
1601 5533 1791 5591 Melius
1821 5537 1976 5593 abest

398 5620 423 5659 ι
455 5619 583 5658 mss.
613 5605 797 5658 Camb.
824 5614 878 5658 et
903 5605 1007 5660 Jol.
1034 5616 1087 5660 et
1109 5606 1238 5660 edit.
1268 5607 1482 5664 Leonis.

463 5672 488 5711 ά
512 5675 610 5731 Ms.
643 5673 919 5746 Joliensis,
944 5685 994 5730 et
1019 5675 1073 5728 in
1101 5685 1264 5730 tanta.

2089 3171 2165 3225 cit
2190 3170 2332 3224 enim
2360 3168 2594 3224 Joannes
2623 3170 2920 3239 apestolus,
2946 3169 3052 3225 Sed
3081 3180 3128 3224 et
3152 3171 3196 3222 si
3220 3173 3334 3240 qus's
3362 3174 3674 3240 peccaverit,

2090 3261 2394 3314 advocatum
2426 3261 2665 3315 habemus
2695 3262 2834 3330 apud
2858 3259 3069 3314 Patrem
3091 3259 3268 3315 Iesum
3290 3261 3549 3318 Christum
3571 3266 3675 3336 ju-

2091 3364 2260 3420 stum;
2290 3361 2338 3406 et
2376 3353 2485 3424 ipse
2515 3363 2590 3407 est
2619 3353 2920 3423 propitiatio
2949 3370 3041 3420 pro
3072 3355 3292 3423 peccatis
3329 3355 3538 3420 nostris,
3567 3371 3674 3410 non

2089 3461 2185 3516 pro
2215 3445 2399 3500 nostris
2433 3453 2603 3498 autem
2631 3453 2863 3512 tantum,
2886 3446 2975 3500 sed
3004 3447 3157 3500 etiam
3187 3462 3282 3517 pro
3309 3448 3461 3503 totius
3495 3450 3671 3501 mundi

2089 3535 2147 3608 (ι
2175 3535 2334 3590 Joan.
2367 3551 2427 3600 ιι,
2456 3536 2531 3604 1).

2709 3626 2940 3683 CAPUT
2976 3627 3065 3684 Ill.

2092 3716 2437 3772 lnscrutabile
2463 3734 2570 3773 esse
2597 3734 2691 3793 cur
2723 3719 2864 3793 Deus
2879 3721 3131 3793 iudicarit
3155 3723 3492 3793 quorumdam
3521 3738 3668 3778 voca-

2598 3791 2788 3844 tionem
2814 3791 3177 3857 di/ferendam.

2160 3924 2338 3996 Magni
2386 3936 2564 3981 autem
2601 3935 2658 3982 et
2701 3927 3080 3983 inenarrabilis
3120 3930 3437 3984 sacramenti
3476 3938 3674 4002 mys:e~

2088 4015 2226 4072 rium
2259 4028 2363 4083 est,
2407 4017 2550 4086 quod
2589 4018 3056 4088 prmdicatoribus,
3091 4020 3283 4089 quibus
3323 4021 3524 4077 dictum
3563 4032 3669 4089 est,

2087 4107 2171 4164 Ite
2197 4113 2250 4162 in
2277 4110 2443 4164 orbem
2466 4111 2779 4180 universum,
2813 4122 2860 4166 et
2891 4113 3168 4181 prwdicate
3192 4113 3533 4183 Evangelium
3558 4115 3675 4167 uni-

2085 4217 2241 4256 versa:
2262 4213 2507 4256 creatura:
2547 4201 2738 4271 (Marc.
2766 4219 2878 4268 xvi,
2915 4204 3003 4273 15)
3031 4220 3045 4269 ;
3072 4205 3262 4259 iisdem
3297 4208 3441 4275 prius
3470 4206 3671 4262 dictum

2085 4293 2282 4362 fuerat,
2316 4293 2381 4347 In
2405 4296 2536 4348 viam
2558 4297 2786 4364 gentium
2810 4313 2873 4350 ne
2897 4297 3142 4364 abieritis,
3168 4300 3290 4352 etin
3316 4300 3540 4353 civitates
3571 4299 3675 4355 Sa-

2087 4386 2462 4440 maritanorum
2494 4404 2557 4441 ne
2578 4387 2900 4455 introieritis,
2933 4389 3024 4443 sed
3047 4392 3216 4461 potius
3238 4391 3304 4444 ite
3327 4391 3394 4442 ad
3423 4407 3536 4444 oues
3561 4407 3675 4460 qua:

2089 4477 2348 4547 perierunt
2370 4479 2553 4532 domus
2567 4478 2737 4532 Israel
2752 4479 2968 4551 (Matth.
2988 4497 3046 4547 ι,
3069 4482 3145 4550 5).
3162 4481 3418 4547 Quamvis
3439 4485 3581 4537 enim
3605 4485 3672 4536 ad

2089 4572 2329 4624 omnium
2357 4570 2633 4626 hominum
2678 4572 3010 4627 vocationem
3040 4574 3385 4642 Evangelium
3415 4573 3676 4643 dirigere-

2089 4669 2198 4732 tur,
2225 4677 2520 4732 omnesque
2558 4662 2818 4717 Dominus
2842 4663 3022 4718 salvos
3047 4665 3159 4718 ﬁeri
3184 4677 3237 4719 et
3264 4664 3317 4718 in
3347 4663 3674 4734 agnitionem

2090 4755 2330 4810 veritatis
2357 4757 2518 4810 vellet
2550 4755 2734 4812 venire
2764 4755 2960 4822 (lTim.
2986 4772 3048 4823 ιι,
3071 4757 3166 4826 4);
3214 4771 3319 4811 non
3359 4765 3538 4811 tamen
3570 4756 3672 4811 sibi

2090 4848 2552 4916 dispensationum
2600 4862 2816 4903 suarum
2865 4847 3159 4902 abstulerat
3207 4856 3553 4917 potestatem,
3616 4854 3674 4900 ut

2089 4939 2245 4992 aliter
2271 4953 2432 5008 quam
2466 4938 2680 4994 occulto
2706 4939 2957 5007 justeque
2993 4937 3200 5006 judicio
3231 4945 3510 5005 statuerat,
3543 4951 3672 4990 eon-

2088 5031 2194 5086 silii
2236 5031 2318 5085 sui
2368 5031 2504 5086 ordo
2531 5031 2861 5085 decurreret.
2909 5028 3066 5084 Unde
3097 5029 3271 5083 locum
3320 5044 3427 5083 non
3473 5027 3672 5082 habent

2089 5123 2486 5177 contumacium
2517 5135 2790 5176 murmura
2819 5121 3184 5190 querelarum,
3214 5124 3338 5190 quia
3359 5119 3500 5190 quod
3531 5119 3671 5174 Deus

2153 5334 2174 5395 ξ
2204 5324 2303 5379 Ms.
2331 5324 2603 5391 Joliensis,
2637 5324 2812 5378 docete
2839 5336 3033 5394 gentes,
3067 5325 3377 5395 baptizantes
3400 5341 3505 5378 eas.

2153 5391 2172 5430 ¹
2203 5395 2368 5461 Editi,
2395 5412 2494 5449 non
2515 5397 2581 5448 ad
2603 5395 2718 5448 hoc.
2757 5391 2858 5449 Ms:
2893 5391 3147 5450 Joliensis
3172 5404 3225 5449 et
3254 5395 3381 5457 Leo,
3418 5413 3516 5447 non
3550 5394 3663 5461 hoc,

2077 5465 2289 5538 scilicet
2318 5466 2663 5538 prtestt'tttrus,
2683 5466 2824 5536 quod
2855 5474 3040 5537 postea
3061 5467 3323 5535 sequitur.
3355 5464 3453 5519 Ms.
3472 5465 3662 5519 Camn.

2077 5535 2226 5600 dein,
2255 5535 2586 5607 separemini.

2152 5617 2176 5654 ε
2202 5607 2279 5662 lta
2312 5603 2449 5660 'mss.
2502 5605 2826 5663 Camberon.
2877 5615 2934 5662 et
2957 5604 3184 5663 Joliens.
3231 5614 3286 5662 et
3329 5605 3460 5663 Leo.
3494 5603 3662 5672 Editi,

2081 5679 2320 5736 salutaris
2348 5677 2463 5732 Dei.
