3972 6176
305 291 408 352 689

1191 286 1281 342 DE
1319 283 1709 343 VOCATIONE
1747 283 2013 342 ΟΜΝΗ]ὶί
2053 281 2362 338 GENTIUM
2403 280 2604 336 LIBER
2635 282 2702 337 ll.

3459 284 3566 341 690

306 408 424 464 ﬁeri
465 405 651 469 voluit,
689 413 903 461 constat
933 419 1040 460 non
1091 402 1247 460 aliter
1275 403 1394 460 ﬁeri
1433 403 1686 459 debuisse
1726 416 1886 473 quam
1914 409 1966 470 Α
1993 413 2068 455 sae
2087 399 2196 455 sint
2216 399 2398 456 vivere
2436 399 2794 465 voluntatem,
2828 415 2934 454 nou
2967 401 3040 454 ita
3066 414 3127 455 se
3159 409 3333 456 tamen
3371 411 3571 457 aeterna

307 497 494 551 voluit.
529 496 835 550 Posteriore
872 511 1003 551 vero
1031 503 1294 564 tempore.
1343 509 1463 550 cum
1491 495 1600 564 jam
1634 493 1890 548 Dominus

307 587 462 644 Iesus
485 587 537 640 in
572 585 664 640 Dei
708 584 881 639 Patris
909 585 1080 654 gloria
1112 584 1441 649 consideret,
1487 594 1543 640 et
1575 583 1891 654 prasdicato-

308 693 397 735 res
452 677 602 732 verbi
655 685 908 744 suscepto
968 676 1182 743 negmio
1229 676 1589 738 deservirent,
1645 675 1889 729 volentes

307 767 536 839 apostoli
577 765 949 836 evangelizare
987 766 1405 837 890verbum
1454 767 1508 821 in
1556 767 1702 827 Asia.
1752 767 1892 819 vetiti

310 869 428 914 sunt
466 858 529 912 ab
561 857 764 928 Spiritu
806 867 1003 924 sancto,
1047 867 1100 910 et
1138 857 1490 925 disponentes
1517 858 1594 911 ire
1624 859 1674 911 iu
1709 856 1893 928 Bithy-

311 957 480 1020 niam,
523 950 775 1021 prohibiti
820 960 944 1003 sunt
993 950 1061 1003 ab
1105 950 1308 1018 Spiritu
1349 949 1477 1004 Jesu
1527 949 1664 1020 (Act.
1717 965 1823 1015 xvt,
1860 949 1892 1003 6

311 1053 355 1098 et
403 1041 460 1112 7)
492 1061 503 1096 :
534 1057 638 1096 non
688 1043 872 1110 utique
916 1050 1107 1110 negata
1154 1041 1260 1094 illis
1300 1041 1511 1108 populis
1564 1041 1755 1110 gratia,
1798 1040 1890 1094 sed

313 1146 572 1206 quantum
627 1134 908 1203 apparuit,
965 1132 1258 1187 retardata.
1317 1131 1450 1187 Nam
1482 1142 1508 1170 α
1552 1133 1892 1203 postmodum

314 1229 480 1284 etiam
501 1226 641 1295 apud
671 1226 816 1295 ipsos
848 1224 978 1279 ﬁdes
1012 1223 1644 1298 Cbristianalconvaluit.

384 1320 515 1388 Qua:
537 1328 717 1371 autem
739 1317 898 1369 l'ucrit
917 1315 1229 1370 dilicrendte
1251 1316 1548 1372 vocationis
1577 1331 1760 1382 causa,
1789 1332 1894 1372 non

315 1413 518 1476 claret;
557 1422 612 1464 et
644 1421 820 1463 tamen
866 1407 944 1461 rei
985 1415 1151 1476 gesta:
1180 1406 1438 1462 docemur
1466 1410 1713 1478 exemplo
1755 1413 1897 1477 quod

317 1505 459 1558 inter
479 1501 776 1572 generalia,
807 1498 892 1552 vel
919 1498 1200 1568 promissi,
1237 1500 1324 1554 vel
1348 1515 1534 1570 opera,
1575 1501 1661 1555 vel
1697 1517 1899 1570 prmce-

317 1607 432 1664 pta,
467 1592 716 1662 quaedam
759 1596 897 1644 Deus
944 1607 974 1644 a
1022 1592 1404 1646 communibus
1442 1605 1666 1662 excepta
1699 1593 1897 1658 causis,

317 1686 613 1740 occultiore
642 1682 792 1736 novit
819 1681 1069 1736 ordinare
1101 1683 1327 1738 ratione.
1352 1682 1552 1749 Credo,
1575 1693 1634 1738 ut
1662 1686 1901 1755 interpo-

1988 491 2262 547 Creatoris
2294 491 2508 548 bonitas
2534 491 2562 528 ά
2586 491 2656 545 ab
2680 491 2786 546 illis
2818 490 3126 546 hominibus
3153 492 3366 558 avertit,
3396 501 3457 547 ut
3478 507 3573 548 eos

1991 582 2058 637 ad
2087 583 2521 652 cognoscendum
2548 599 2606 638 se
2632 590 2794 653 atque
2822 582 3191 649 metuendum,
3217 584 3378 638 nullis
3408 584 3548 654 signi

1994 675 2336 731 ﬁcationibus
2393 676 2732 731 admoneret.
2789 677 2995 732 leum
3051 678 3216 749 891
3268 676 3469 747 quippe
3513 689 3578 732 ac

1995 777 2136 822 terra
2167 779 2222 823 et
2254 784 2428 834 mare,
2475 772 2758 839 omnisque
2797 780 3042 825 creatura
3069 785 3191 840 qua:
3221 769 3389 825 videri
3418 779 3577 840 atque

1994 857 2218 929 intelligi
2262 868 2459 929 potest,
2490 859 2555 914 ad
2591 862 2730 914 hanc
2771 863 3041 931 praecipue
3071 862 3330 931 disposita
3360 873 3444 918 est
3474 864 3577 917 hu-

1994 952 2136 1004 mani
2159 953 2374 1020 generis
2406 952 2712 1018 utilitatem,
2743 963 2798 1006 ut
2829 963 3019 1009 natura
3053 954 3330 1009 rationalis
3355 954 3423 1011 de
3446 971 3580 1011 con-

2002 1045 2356 1112 templatione
2387 1053 2466 1098 tot
2498 1046 2823 1113 specierum,
2855 1046 2924 1100 de
2962 1047 3346 1114 experimentis
3368 1057 3448 1102 tot
3483 1049 3581 1104 bo-

1997 1149 2216 1199 norum,
2256 1135 2323 1190 de
2355 1135 2699 1204 perceptione
2739 1146 2818 1190 tot
2850 1153 3159 1202 munerum,
3205 1137 3270 1190 ad
3301 1138 3502 1192 cultum
3526 1145 3582 1194 et

1998 1224 2344 1280 dilectionem
2386 1228 2468 1281 sui
2499 1227 2836 1282 imbueretur
2862 1233 3120 1293 auctoris,
3166 1230 3423 1297 implente
3460 1244 3579 1284 em-

1999 1319 2086 1372 nia
2111 1318 2314 1388 Spiritu
2347 1319 2441 1373 Dei
2476 1320 2526 1371 in
2557 1333 2665 1388 quo
2704 1319 2956 1385 vivimus,
2995 1330 3048 1374 et
3079 1335 3377 1386 movemur,
3409 1329 3463 1373 et
3488 1335 3582 1374 su-

2000 1425 2120 1463 mus
2147 1409 2284 1478 (Act.
2312 1425 2441 1473 xvtt,
2468 1410 2580 1480 28).
2606 1410 2870 1478 Quoniam
2902 1412 2999 1466 etsi
3035 1412 3186 1484 longe
3223 1421 3304 1466 est
3347 1428 3380 1465 a
3403 1428 3586 1484 pecca-

2002 1502 2192 1554 toribus
2242 1500 2382 1555 salus
2411 1501 2527 1569 (Ps.
2558 1517 2744 1566 CXVIII,
2783 1504 2934 1574 155),
2980 1506 3263 1572 praesentia
3294 1515 3474 1561 tamen
3500 1521 3586 1560 sa-

2003 1590 2130 1645 lutis
2152 1591 2320 1660 ipsius
2349 1607 2413 1646 ac
2441 1592 2645 1647 virtute
2674 1593 2804 1646 nihil
2833 1609 3059 1647 vacuum
3091 1604 3192 1650 est.
3220 1595 3405 1663 Igitur,
3447 1595 3587 1650 sicut

2004 1682 2132 1737 dicit
2170 1682 2458 1752 Propheta,
2505 1682 2865 1737 Misericordia
2902 1684 3111 1739 Domini
3142 1687 3294 1755 plena
3335 1696 3410 1740 est
3449 1695 3588 1740 terra

319 1775 439 1832 sitis
466 1774 785 1844 quibusdam
828 1772 1353 1838 obumbrationibus,
1385 1788 1447 1828 ea
1473 1790 1594 1844 qua:
1639 1777 1900 1830 secretius
1934 1785 1977 1844 Β
2006 1772 2182 1845 (Psal.
2209 1789 2377 1842 χχχιι,
2403 1773 2459 1844 5)
2485 1791 2500 1826 :
2529 1789 2648 1842 qua:
2685 1775 2849 1829 nullis
2877 1791 3128 1846 umquam
3157 1777 3390 1839 sarculis,
3426 1777 3587 1831 nullis

321 1871 544 1934 micant,
573 1865 872 1920 mirabilius
901 1866 1241 1920 innotescant
1275 1884 1289 1920 :
1322 1882 1389 1922 ne
1421 1868 1779 1938 negligentior
1811 1869 1902 1923 ﬁat

325 1962 474 2016 acies
501 1962 569 2014 de
594 1959 848 2014 facilitate
879 1959 1158 2026 cernendi,
1190 1969 1244 2014 et
1273 1960 1671 2029 quodammodo
1700 1962 1905 2017 dormi-

323 2065 402 2111 tet
441 2055 693 2118 assuetis,
734 2055 778 2107 si
827 2069 932 2106 nou
975 2055 1240 2108 excitetur
1287 2055 1540 2108 insolitis.
1586 2055 1692 2109 llas
1723 2067 1902 2110 autem

324 2143 776 2213 incognoscibiles
800 2142 1247 2196 illuminationum
1278 2142 1584 2209 dilationes,
1613 2146 1752 2199 inter
1773 2159 1906 2215 quas

323 2237 510 2307 utique
542 2234 695 2290 multi
743 2234 798 2288 in
841 2234 1158 2289 inﬁdelitate
1189 2234 1465 2302 deliciunt,
1501 2251 1604 2289 non
1637 2238 1807 2290 solum
1853 2239 1904 2290 in

325 2329 538 2400 populis
557 2326 940 2382 remotioribus
979 2327 1288 2394 impiorum,
1321 2326 1415 2381 sed
1446 2329 1605 2381 etiam
1638 2329 1688 2381 in
1721 2329 1902 2381 civitas

325 2425 468 2476 tibus
496 2419 732 2474 ﬁdelium
763 2433 857 2486 per
888 2416 1146 2486 plurimas
1177 2417 1366 2472 dOIIlOS
1402 2434 1464 2471 ae
1498 2417 1733 2471 familias
1757 2418 1906 2471 novi-

326 2531 446 2570 mus
495 2513 632 2575 licri,
680 2512 812 2566 dum
851 2511 1174 2565 Christiana:
1221 2509 1366 2579 ﬁdei,
1423 2510 1584 2565 etiam
1619 2509 1710 2579 qui
1753 2509 1909 2564 Citri-

326 2608 488 2662 stiani
543 2605 704 2659 futuri
759 2613 881 2656 sunt
936 2603 1310 2655 adversantur.
1365 2599 1514 2654 Multi
1562 2599 1705 2654 enim
1765 2598 1906 2669 qttod

326 2704 560 2756 oderunt
589 2695 866 2762 amabunt,
890 2694 1029 2762 quod
1074 2708 1178 2747 non
1211 2693 1475 2761 recipiunt
1518 2690 1907 2760 praedicabunt.

327 2794 394 2849 Et
425 2794 549 2862 quis
574 2791 712 2844 inter
757 2789 872 2841 haec
893 2785 919 2823 ι’
952 2785 1192 2855 querulis
1223 2793 1317 2837 aut
1356 2783 1584 2837 curiosis
1613 2793 1797 2836 notum
1829 2782 1909 2836 l'a-

328 2884 458 2946 ciet,
489 2897 590 2935 cur
633 2879 807 2932 adhuc
851 2876 940 2931 Sol
971 2875 1194 2944 justitia:
1223 2873 1445 2944 (Malae.
1492 2890 1564 2939 tv,
1589 2874 1644 2943 Ξ)
1687 2874 1912 2943 quibus-

329 2973 452 3026 dam
480 2969 728 3040 gentibus
754 2984 860 3022 uon
895 2967 1121 3030 oriatur,
1154 2973 1208 3018 et
1232 2981 1259 3018 a
1292 2966 1592 3018 tenebrosis
1634 2965 1909 3030 cordibus,

329 3066 495 3119 etiam
531 3076 672 3115 nunc
702 3061 876 3113 radios
907 3073 1037 3113 suos
1059 3059 1258 3112 veritas
1307 3058 1595 3112 revelauda
1637 3058 1912 3112 contineat

2005 1864 2444 1934 generationibus
2491 1863 2684 1928 defuit,
2741 1879 2972 1933 eamque
3001 1865 3428 1936 providentiam,
3480 1883 3587 1938 qua

2005 1956 2410 2011 universitatem
2439 1970 2619 2009 rerum
2652 1955 2999 2011 administrat
3025 1966 3080 2011 et
3106 1958 3367 2021 continet,
3399 1973 3589 2027 regen-

2006 2050 2089 2104 dis
2111 2049 2427 2119 alendisque
2455 2049 2664 2103 naturis
2694 2063 2911 2118 semper
2953 2048 3236 2118 impendit,
3268 2049 3586 2118 dispositum

2008 2141 2212 2195 habens
2242 2155 2310 2195 ex
2351 2139 2806 2196 incommutabilis
2827 2140 3132 2195 aeternitate
3160 2139 3394 2204 consilii,
3427 2142 3450 2171 °
3473 2140 3590 2210 qui-

2008 2231 2108 2287 bus
2127 2231 2362 2302 quidque
2391 2232 2726 2302 temporibus
2754 2231 3126 2298 distribuerat,
3157 2243 3214 2287 et
3243 2232 3590 2287 multiformis

2008 2324 2194 2394 gratia:
2237 2338 2349 2378 suae
2399 2323 2778 2378 inscrutabiles
2826 2324 3337 2393 investigabilesque
3377 2337 3591 2378 mensu-

2008 2431 2118 2482 ras,
2173 2430 2272 2486 per
2316 2430 2438 2485 quae.
2474 2415 2614 2469 dona
2656 2429 2722 2469 ac
2760 2424 3098 2470 sacramenta
3132 2416 3388 2471 variaret.
3438 2414 3591 2470 Sicut

2009 2507 2152 2563 enim
2185 2507 2286 2561 ista
2316 2506 2505 2576 gratia:
2531 2506 2768 2577 largitas,
2800 2523 2919 2574 qua:
2941 2509 2994 2561 in
3021 2521 3209 2562 omnes
3239 2504 3466 2576 'gentes
3496 2521 3592 2561 no-

2007 2599 2230 2652 vissime
2273 2607 2299 2645 8
2347 2597 2599 2661 elﬁuxit,
2649 2612 2754 2652 non
2804 2605 3030 2652 evacuat
3083 2613 3200 2652 eam
3255 2613 3376 2667 qua:
3431 2612 3594 2666 super

2010 2705 2172 2743 unum
2192 2689 2354 2744 lsrael
2384 2689 2485 2742 sub
2511 2689 2630 2758 lege
2652 2687 2681 2725 ιι
2701 2689 2926 2756 roravit,
2955 2705 3053 2743 nec
3075 2699 3370 2757 prassentcs
3395 2689 3593 2745 divitia:

2011 2782 2170 2838 ﬁdem
2212 2781 2498 2850 praeteritas
2528 2781 2791 2850 abrogant
2831 2782 3102 2849 parcitati,
3145 2783 3215 2836 ita
3261 2796 3361 2837 nec
3405 2782 3471 2836 de
3502 2782 3592 2836 illa

2011 2887 2138 2928 cura
2189 2873 2281 2926 Dei
2314 2887 2434 2941 qua:
2465 2872 2893 2941 patriarcharum
2927 2871 3048 2926 ﬁliis
3094 2873 3307 2943 proprie
3339 2873 3595 2940 pratside-

2013 2965 2125 3029 bat,
2155 2962 2556 3032 conjiciendum
2588 2969 2670 3017 est
2693 2962 3053 3032 gubernacula
3073 2963 3267 3018 divina:
3292 2962 3596 3018 misericor-

2012 3056 2115 3111 dia:
2139 3057 2351 3110 caeteris
2380 3054 2688 3110 hominibus
2715 3055 2881 3110 fuisse
2919 3054 3213 3110 subtracta.
3242 3054 3344 3121 Qui
3376 3053 3590 3124 quidem

333 3155 493 3225 (δίῳ.
514 3169 565 3216 v,
590 3153 643 3221 ﬁ)
663 3152 685 3204 ?
707 3152 814 3204 Cur
843 3150 1150 3219 corrigendi
1181 3160 1286 3202 tam
1314 3148 1400 3201 diu
1431 3149 1674 3201 sinantur
1702 3163 1903 3215 errare,
1934 3150 1980 3212 C
2013 3147 2065 3200 in
2096 3146 2555 3214 comparationem
2598 3145 2893 3200 electorum
2933 3146 3186 3200 videntur
3231 3146 3445 3214 abiecti,
3492 3147 3586 3200 sed

333 3254 393 3299 et
426 3243 568 3314 quod
617 3242 836 3297 senibus
881 3247 932 3294 in
975 3241 1079 3295 ﬁne
1128 3239 1488 3308 pra-Staudum
1533 3246 1637 3303 est,
1669 3254 1763 3306 per
1803 3249 1908 3292 tam

332 3337 550 3404 leugam
604 3349 708 3387 non
761 3333 1023 3385 tribuatur
1071 3330 1324 3384 artatem?
1374 3331 1479 3382 (iur
1535 3329 1658 3383 ﬁliis
1697 3330 1806 3397 jam
1857 3331 1912 3384 in

329 3428 608 3481 Christum
648 3423 1015 3484 credentibus,
1062 3437 1163 3476 nec
1209 3421 1334 3475 dum
1378 3420 1599 3474 credant
1630 3421 1911 3490 parentes?

331 3516 405 3572 Et
433 3531 669 3582 rursum,
702 3529 730 3567 a
757 3514 1023 3582 religiosis
1051 3512 1360 3582 parentibus
1385 3513 1604 3567 soboles
1622 3528 1781 3581 prava
1800 3512 1915 3565 dis-

333 3610 568 3663 cordet?
597 3607 729 3662 Cum
763 3615 940 3659 tamen
987 3605 1134 3670 Deo,
1181 3606 1270 3673 qui
1312 3604 1586 3658 initiorum
1629 3604 1782 3670 lidei,
1833 3606 1915 3659 in-

333 3701 707 3769 crementique
737 3700 959 3767 largitor
1004 3705 1109 3764 est,
1155 3696 1450 3751 secundum
1492 3697 1660 3766 ipsius
1704 3712 1909 3764 praece-

333 3803 489 3866 ptum
529 3791 767 3862 quotidie
799 3805 894 3858 pro
939 3789 1188 3844 omnibus
1230 3790 1562 3857 supplicetur
1591 3806 1603 3840 :
1634 3797 1691 3842 ut
1724 3799 1746 3827 ο
1777 3799 1832 3843 et
1869 3790 1912 3843 si

332 3885 577 3951 exaudit,
627 3894 750 3938 nota
807 3883 876 3937 sit
926 3882 1095 3952 gratia
1151 3881 1548 3944 miserationis;
1601 3889 1654 3935 et
1711 3881 1754 3934 si
1808 3895 1912 3935 non

333 3979 579 4046 exaudit,
617 3976 1227 4046 intelligaturjudicium
1258 3973 1520 4029 veritatis.

949 4087 1174 4143 CAPUT
1217 4089 1304 4143 IV.

334 4183 407 4239 In
443 4183 712 4254 prteteritis
741 4181 941 4254 sarculis
980 4196 1172 4249 semper
1204 4181 1477 4254 admonuit
1517 4180 1690 4233 divina
1719 4179 1916 4254 bonitas

411 4251 638 4306 homines
685 4254 761 4305 sui
819 4252 983 4305 cultus
1026 4267 1115 4321 per
1165 4251 1414 4303 elementa
1455 4255 1627 4304 :sicut
1669 4253 1917 4320 populum

410 4326 578 4379 Israel
609 4323 934 4393 peculiariter
961 4339 1048 4392 per
1075 4322 1233 4392 legem
1263 4331 1306 4374 et
1336 4323 1629 4391 praphetas.

409 4435 516 4491 Sed
553 4450 619 4489 ne
665 4435 718 4488 iu
751 4433 1038 4502 praeteritis
1082 4432 1298 4501 quidem
1342 4433 1554 4486 sicculis
1582 4433 1698 4486 haec
1729 4432 1914 4487 eadem

2013 3253 2301 3305 rumquam
2348 3245 2475 3291 sunt
2517 3252 2546 3290 a
2589 3236 2889 3292 manifestis
2935 3237 3272 3307 occultisque
3317 3237 3589 3290 beneﬁaiis

2011 3330 2264 3385 abdicati.
2298 3329 2545 3398 Legimus
2587 3331 2730 3384 enim
2786 3327 2801 3366 ί
2838 3331 2889 3383 in
2936 3329 3157 3384 Actibus
3198 3330 3593 3399 apostolorum,

2013 3424 2236 3480 Paulum
2286 3433 2341 3477 et
2377 3423 2673 3477 Barnabam
2718 3423 2992 3492 apostolos
3037 3423 3324 3493 Lycaoniis
3379 3422 3593 3477 dicere:

2023 3517 2153 3582 Viri,
2184 3517 2310 3587 quid
2341 3516 2449 3571 hwc
2487 3518 2695 3587 facitis?
2720 3527 2766 3571 et
2804 3534 2896 3570 nos
2937 3517 3175 3572 mortales
3202 3535 3377 3572 sumus
3407 3517 3596 3571 similes

2013 3609 2151 3664 vobis
2188 3609 2438 3674 homines,
2471 3609 2833 3661 annuntiantes
2881 3609 3017 3661 vobis
3048 3608 3110 3660 ab
3154 3609 3234 3661 Itis
3284 3608 3430 3660 uanis
3470 3623 3596 3659 con-

2016 3701 2138 3755 uerti
2183 3700 2251 3752 ad
2282 3699 2445 3752 Deum
2481 3701 2669 3765 vivum,
2699 3700 2788 3768 qui
2818 3700 2937 3766 fecit
2977 3699 3180 3764 caelum,
3227 3707 3273 3751 et
3315 3707 3522 3761 terram,
3550 3707 3601 3750 et

2015 3807 2175 3855 mare,
2206 3801 2249 3843 et
2282 3789 2454 3842 omnia
2493 3804 2605 3858 qua:
2651 3789 2706 3840 in
2737 3789 2809 3841 eis
2837 3795 2977 3850 sunt,
3014 3789 3103 3858 qui
3133 3788 3186 3839 in
3211 3787 3480 3857 prmterilis
3510 3801 3601 3856 ge-

2019 3881 2363 3936 nerationibus
2406 3878 2603 3932 dimisit
2646 3894 2821 3932 omnes
2851 3888 3023 3949 gentes
3070 3878 3272 3949 ingredi
3303 3879 3410 3930 uias
3453 3895 3598 3931 suas.

2019 3973 2085 4026 Et
2122 3973 2324 4041 quidem
2374 3988 2473 4023 non
2521 3971 2630 4023 sine
2672 3971 2962 4024 testimonio
3006 3972 3330 4039 semetipsum
3371 3972 3599 4042 reliquit,

2023 4063 2035 4115 i
2075 4064 2412 4134 benefaciens,
2443 4063 2505 4116 de
2533 4065 2657 4115 caelo
2690 4062 2818 4115 dans
2859 4063 3059 4127 pluvias
3086 4072 3132 4117 et
3164 4072 3392 4134 tempora
3423 4062 3604 4132 fructi-

2019 4162 2152 4228 fera,
2195 4157 2412 4227 impleas
2461 4154 2573 4208 cibo
2611 4165 2659 4208 et
2697 4157 2874 4209 la’titia
2921 4158 3080 4210 corda
3126 4165 3291 4210 uestra
3320 4156 3458 4226 (Act.
3492 4170 3602 4225 xlv,

2022 4250 2089 4304 H
2111 4258 2158 4303 et
2185 4251 2338 4319 seq).

2093 4341 2246 4409 Quod
2291 4348 2374 4394 est
2402 4348 2579 4395 autem
2629 4340 2730 4393 hoc
2775 4339 3164 4401 testimonium,
3199 4339 3341 4410 quod
3391 4354 3606 4407 semper

2024 4431 2249 4486 Domino
2299 4431 2614 4498 deservivit,
2667 4439 2721 4486 et
2772 4447 3060 4501 numquam
3102 4433 3168 4486 de
3199 4432 3318 4501 ejus
3365 4432 3607 4485 bonitate

331 4529 510 4599 gratia
555 4527 696 4595 (quae
729 4534 846 4592 post
891 4523 1102 4577 Domini
1143 4524 1311 4576 nostri
1339 4522 1467 4576 Jesu
1500 4523 1694 4576 Christi
1738 4540 1920 4576 resur-
1951 4525 1998 4584 D
2025 4525 2304 4591 conticuit,
2347 4525 2448 4577 nisi
2497 4524 2610 4592 ipsa
2652 4525 2815 4578 totius
2863 4524 3048 4578 mundi
3082 4524 3452 4579 inenarrabilis
3494 4525 3606 4593 pul-

332 4617 633 4675 rectionem
658 4615 855 4683 ubique
871 4613 1061 4668 diﬁ'usa
1090 4622 1191 4675 est,
1219 4624 1274 4666 et
1299 4612 1366 4666 de
1396 4628 1496 4680 qua
1527 4614 1783 4680 scriptum
1809 4624 1913 4679 est,

333 4708 635 4762 “luxerunt
673 4706 1052 4757 coruscationes
1092 4715 1192 4756 tua:
1226 4704 1334 4756 orbi
1363 4703 1702 4776 terrtalPsal.
1732 4721 1913 4770 Lxxvt,

335 4797 470 4869 19])
507 4797 672 4852 defuit
707 4795 925 4849 mundo.
956 4794 1209 4861 Quamvis
1237 4795 1379 4848 enim
1426 4795 1641 4862 speciali
1687 4811 1811 4849 cura
1841 4806 1920 4849 nt-

331 4907 445 4962 que
489 4888 818 4958 indulgentia
862 4887 959 4941 Dei
1009 4886 1269 4955 populum
1309 4885 1660 4941 Israeliticum
1708 4897 1920 4942 constet

330 4986 595 5048 electum,
635 4996 930 5049 omnesque
959 4980 1076 5034 aliae
1122 4981 1371 5034 nationes
1409 4994 1534 5033 suas
1562 4981 1679 5033 vias
1713 4979 1918 5048 ingredi

329 5077 478 5151 (Act.
511 5073 756 5143 xlv,15),
790 5073 893 5129 hoc
922 5084 1023 5139 est,
1057 5071 1354 5126 secundum
1385 5073 1658 5141 propriam
1690 5072 1919 5141 permis—

407 5244 433 5272 ι
463 5232 624 5294 Editi,
664 5240 862 5303 postea.
903 5229 1025 5284 Mss.
1058 5228 1167 5285 Jol.
1217 5238 1270 5284 et
1305 5227 1520 5292 Catub.,
1571 5230 1912 5297 postmodum.

325 5307 425 5364 Sic
453 5306 503 5356 ilt
541 5303 740 5356 Leone.

406 5376 434 5414 ι’
461 5376 560 5428 BL.
593 5372 942 5435 Cantheron.,
972 5371 1220 5439 querulus
1250 5380 1338 5423 aut
1366 5369 1619 5422 curiosus.

409 5457 434 5485 ε
464 5443 628 5507 Ειιίιί,
659 5444 751 5496 etsi
778 5442 1040 5495 exaudiat.
1073 5441 1264 5495 Melius
1288 5455 1385 5494 HIS.
1421 5441 1672 5494 Joliensis
1704 5451 1754 5494 et
1783 5439 1914 5493 cdit.

325 5517 551 5576 Leonis.

403 5586 431 5624 ἀ
464 5584 658 5638 Leonis
680 5583 871 5645 editio,
892 5582 956 5634 ab
983 5582 1102 5635 ullis
1133 5581 1443 5634 hominibus.

405 5657 555 5709 eliis.
607 5653 879 5714 Joliensis,
924 5652 1104 5720 quibus
1152 5667 1359 5720 qumque
1417 5653 1745 5722 temporibus.
1814 5652 1908 5705 Ms.

325 5729 680 5792 CRUIIDCIOII.,
710 5723 832 5792 quid
855 5725 1030 5792 quibus
1052 5724 1377 5791 temporibus.

2024 4618 2293 4682 cbritudo,
2328 4626 2383 4671 et
2411 4616 2850 4671 inenarrabilium
2884 4617 3266 4674 beneﬁciorum
3298 4618 3414 4690 ejus
3458 4619 3608 4673 dives

2026 4717 2082 4763 et
2103 4708 2345 4762 ordinata
2373 4707 2610 4776 largitio,
2635 4722 2732 4776 per
2759 4723 2882 4778 qua:
2912 4709 3164 4766 humanis
3190 4711 3445 4765 cordibus
3463 4726 3610 4779 quat—

2025 4802 2146 4855 dam
2178 4811 2392 4854 aeterna:
2425 4799 2557 4868 legis
2586 4799 2780 4854 tabula:
2825 4802 3232 4870 praebebantur,
3266 4811 3323 4856 ut
3367 4803 3418 4856 in
3457 4802 3606 4870 pagi,

2024 4891 2106 4946 nis
2133 4891 2543 4956 elementorum,
2593 4902 2658 4944 ae
2699 4891 3067 4948 voluminibus
3098 4904 3421 4962 temporum,
3459 4907 3608 4945 com-

2025 4985 2203 5039 munis
2226 4992 2279 5037 et
2313 4981 2522 5051 publica
2553 4982 2750 5037 divina;
2793 4985 3148 5040 institutionis
3177 4986 3424 5040 doctrina
3458 4984 3600 5053 ivge-

2027 5074 2211 5129 retur?
2259 5072 2465 5127 leum
2515 5087 2646 5143 ergo
2691 5085 2991 5146 cunctaque
3040 5077 3301 5144 cmlesﬁa,
3357 5089 3504 5128 mare
3554 5079 3602 5126 e’.

2098 5228 2116 5307 ξ
2149 5230 2260 5287 Vox
2304 5235 2451 5301 bare,
2486 5241 2656 5307 gentes
2680 5275 2693 5295 ,
2723 5235 2796 5307 ab
2829 5234 2961 5289 edit.
3005 5235 3165 5307 Duae.
3210 5245 3263 5290 et
3290 5235 3480 5292 Colon.
3513 5251 3608 5290 ex-

2022 5301 2246 5424 luiderat.
2301 5308 2354 5360 in
2408 5301 2735 5362 Lo'vauieni
2789 5314 2846 5361 et
2890 5319 2992 5359 ms.
3037 5305 3260 5361 Joliensi
3308 5323 3373 5365 ae
3424 5308 3601 5363 Leone

2042 5384 2236 5424 t‘atlttr.

2042 5384 2236 5438 t‘gtlttr.

2095 5452 2118 5512 ti
2150 5444 2249 5497 Ms.
2282 5447 2626 5512 Camberoo.,
2656 5445 2846 5499 illumil-

2094 5508 2118 5587 if
2147 5513 2277 5587 Mss.
2310 5508 2629 5572 Camberon.
2663 5528 2716 5568 ct
2748 5517 2987 5587 _Tltua_n.,
3017 5517 3260 5587 erogavit.

2101 5581 2250 5659 {Alii
2287 5587 2427 5652 libri,
2455 5589 2506 5640 in
2532 5587 2691 5640 Actis.
2717 5585 2844 5640 Mss.
2884 5581 3135 5642 Canibcr.
3171 5597 3223 5644 et
3249 5587 3355 5644 Jol.
3386 5597 3439 5643 et
3465 5585 3601 5659 Leo,

2020 5653 2074 5706 in
2101 5652 2332 5709 Artibus.

2097 5724 2109 5772 i
2145 5725 2241 5777 Ms.
2276 5726 2546 5789 Jolicnsis,
2589 5727 2903 5796 benefaciens
2936 5731 3027 5782 eis.
