4040 6178
407 329 510 390 691

1035 325 1096 383 S.
1136 322 1468 382 PROSPERI
1507 321 1835 392 AQUlTANl
1872 318 2104 377 OPERA
2149 313 2472 371 ΙΝΟΕΒΤᾸΞ
2513 306 3035 387 AUCTORlTATiS.

3568 298 3669 356 691
3739 320 3751 333 ο

412 454 577 511 terra,
625 439 912 509 omniaque
940 453 1059 509 qua:
1089 439 1141 493 in
1187 439 1268 494 eis
1316 445 1463 504 sunt,
1515 450 1755 492 consono
1794 434 1993 504 speciei
2022 435 2069 495 Α
2101 428 2265 500 893
2292 434 2561 481 structura
2602 423 2906 487 conveniat,
2958 434 3067 475 non
3111 416 3252 473 idem
3298 422 3474 469 tamen
3525 410 3674 467 locus

412 548 523 587 suae
563 530 1025 599 ordinationisque
1079 537 1345 586 concentu
1393 529 1830 598 protestabantur
1868 525 1990 595 glo-

413 626 546 678 riam
574 623 692 688 Dei,
741 630 795 676 et
823 621 1207 692 praedicatione
1250 628 1506 689 perpetua
1536 619 1873 689 majestatcm
1912 615 1993 671 sui

414 714 772 784 loquebantur
815 714 1091 777 auctoris;
1139 718 1196 766 et
1236 720 1413 766 tamen
1442 709 1709 764 maximus
1740 721 1995 763 numerus

413 806 716 870 hominum,
742 804 910 875 892
936 812 962 840 ⁸
985 803 1075 873 qui
1101 802 1214 857 vias
1246 800 1539 856 voluntatis
1576 815 1691 855 suae
1716 799 1995 854 ambulare

414 896 710 966 permissus
738 904 845 963 est,
895 909 1000 949 non
1031 892 1318 959 intellexit,
1349 906 1450 946 nec
1488 899 1706 947 secutus
1752 890 1893 945 hanc
1921 889 1998 944 le-

414 1004 537 1059 gem
567 995 672 1053 est,
700 995 757 1043 et
780 986 919 1043 odor
945 988 1093 1050 vitaz,
1121 984 1214 1057 qui
1241 984 1481 1054 Spirabat
1505 984 1570 1038 ad
1605 983 1792 1050 vitam,
1824 982 1998 1037 factus

416 1089 501 1136 est
545 1081 595 1135 ei
641 1077 782 1135 odor
811 1079 1000 1134 mortis
1041 1077 1107 1132 ad
1153 1084 1385 1133 mortem
1434 1074 1502 1147 (ll
1531 1074 1651 1131 Cor.
1696 1090 1758 1139 tt,
1788 1071 1910 1144 l6);
1944 1079 2001 1126 ut

416 1171 579 1227 etiam
611 1168 665 1224 in
697 1167 799 1223 illis
830 1168 1131 1223 visibilibns
1161 1165 1485 1222 testimoniis
1512 1164 1819 1219 disceretur
1856 1161 1999 1232 quod

417 1261 596 1316 littera
622 1258 914 1325 occideret,
936 1258 1157 1329 spiritus
1181 1265 1363 1312 autem
1386 1253 1762 1324 viviﬁcaretﬂl
1778 1256 1896 1315 Cor,
1915 1268 2000 1318 ttt,

422 1352 500 1422 6).
530 1350 683 1419 Quod
731 1365 862 1421 ergo
903 1349 957 1404 in
990 1348 1153 1404 Israel
1184 1363 1281 1418 per
1309 1347 1746 1402 constitutionem
1780 1346 1910 1414 legis
1949 1338 2003 1398 et

419 1442 734 1513 prophetica
761 1441 971 1511 eloquia
995 1441 1308 1510 gerebatur,
1339 1437 1515 1493 hocin
1539 1435 1807 1491 universis
1831 1436 2005 1489 natio-

422 1532 586 1587 nibus
634 1534 796 1587 totius
842 1544 1108 1587 creaturae
1157 1528 1465 1586 testimonia
1504 1536 1558 1584 et
1607 1525 1863 1582 bonitatis
1907 1525 2004 1582 Dei

424 1624 684 1680 miracula
713 1638 931 1694 semper
958 1631 1204 1693 egerunt.

1046 1710 1272 1767 CAPUT
1311 1710 1377 1765 ν.

2094 533 2197 591 est,
2241 535 2341 575 nec
2385 519 2526 574 idem
2573 532 2699 572 usus
2747 514 2990 570 omnium
3031 512 3264 581 lapidum
3302 526 3313 562 :
3347 509 3486 561 sicut
3532 515 3588 560 et
3625 506 3674 559 in

2097 627 2205 667 uno
2248 626 2474 679 corpore
2524 625 2630 664 non
2683 606 2863 663 omnia
2915 603 3154 659 membra
3199 599 3450 656 eumdem
3499 604 3677 651 actum

2098 705 2299 759 habent
2322 702 2502 774 (Rom.
2535 716 2630 764 xtt,
2663 702 2743 767 4),
2782 709 2804 736 ο
2833 698 3046 753 dicente
3082 693 3364 764 Apostolo,
3398 689 3558 744 Nunc
3587 705 3683 741 au-

2099 804 2195 849 tem
2246 796 2411 867 posuit
2466 790 2608 846 Deus
2650 790 2907 855 membra,
2956 796 3005 841 et
3059 782 3457 851 unumquodque
3510 793 3678 834 eorum

2097 888 2224 941 sicut
2253 884 2411 939 voluit
2441 882 2485 955 (Ι
2514 879 2635 936 Cor.
2668 896 2765 948 xit,
2794 879 2905 950 18).

2705 1030 2931 1087 CAPUT
2962 1028 3072 1085 VII.

2102 1148 2230 1204 Cum
2259 1165 2404 1202 omne
2438 1149 2627 1201 bonum
2658 1161 2721 1199 ea:
2740 1145 2906 1215 gratia
2938 1143 3029 1196 Dei
3058 1143 3144 1204 sit,
3178 1140 3443 1215 imparitas
3472 1139 3676 1215 merito-

2174 1235 2291 1272 rum
2318 1235 2409 1271 nec
2446 1220 2500 1271 in
2538 1210 2757 1270 liberum
2778 1214 3047 1268 arbitrium
3082 1220 3157 1266 est
3190 1210 3478 1281 referenda,
3512 1225 3603 1262 nec
3633 1211 3685 1261 in

2176 1289 2435 1360 querelam
2458 1295 2530 1342 est
2554 1285 2805 1340 vocanda.

2174 1426 2303 1481 Haec
2327 1439 2456 1480 vero
2499 1422 2741 1477 membra
2772 1420 2916 1475 unde
2958 1428 3105 1488 apta,
3151 1416 3293 1473 unde
3325 1415 3501 1479 utilia,
3548 1414 3689 1469 unde

2104 1520 2213 1573 sint
2247 1518 2494 1588 pulchra,
2525 1516 2665 1571 idem
2706 1514 2895 1569 doctor
2923 1510 3145 1581 exponit
3191 1511 3411 1565 dicens:
3444 1506 3573 1561 Ideo
3602 1522 3689 1560 no-

2106 1621 2215 1665 tum
2233 1610 2371 1663 vobis
2397 1609 2531 1677 facio
2556 1606 2695 1678 quod
2719 1621 2869 1659 nemo
2889 1606 2944 1659 in
2973 1604 3176 1673 Spiritu
3197 1601 3293 1656 Dei
3322 1602 3548 1671 loquens,
3570 1599 3692 1652 dicit

2106 1702 2379 1756 anathema
2398 1698 2546 1755 Jesu.
2571 1697 2636 1751 Et
2654 1714 2799 1751 nemo
2821 1706 2985 1768 potest
3007 1697 3176 1749 dicere
3194 1693 3468 1746 Dominum
3487 1688 3687 1752 Iesum,

427 1803 527 1873 Qui
554 1804 686 1857 inter
711 1810 883 1875 gentes
906 1800 1017 1856 Deo
1043 1799 1385 1875 placuerunt,
1398 1799 1582 1871 spiritu
1608 1797 1729 1868 ﬁdei
1751 1806 1799 1852 ct
1828 1797 2009 1868 gratia:
2037 1793 2211 1869 Βηίεὶ
2240 1794 2294 1845 in
2320 1790 2524 1860 Spiritu
2552 1798 2747 1843 sancto.
2779 1787 3067 1841 Divisiones
3094 1799 3213 1838 vero
3236 1783 3519 1853 gratiarum
3552 1788 3691 1843 sunt,

1023 1871 1143 1926 sunt
1180 1871 1407 1924 discreti.

499 1985 607 2043 Sed
637 2001 758 2042 cum
790 1986 843 2040 in
876 1985 969 2040 illo
996 1984 1215 2054 populo,
1240 1983 1323 2038 cui
1354 1993 1582 2053 utraque
1612 1980 1847 2037 eruditio
1868 1995 2011 2051 pras-

427 2078 549 2143 luit,
590 2092 752 2134 nemo
795 2076 899 2131 nisi
930 2076 1100 2147 gratia
1130 2074 1460 2145 iustiﬁcatus
1506 2073 1582 2129 sit
1618 2088 1716 2144 per
1758 2072 2008 2141 Spiritum

428 2168 579 2237 ﬁdei,
602 2169 726 2240 quis
754 2168 989 2239 ambigat
1024 2182 1121 2223 eos
1147 2169 1239 2238 qui
1268 2167 1337 2222 de
1370 2166 1797 2237 quibuscumque
1838 2167 2014 2220 natio-

430 2258 590 2315 nibus
639 2258 972 2330 quibuslibet
1031 2257 1360 2328 temporibus
1418 2257 1529 2313 Deo
1580 2258 1795 2327 placere
1827 2266 2016 2327 potue-

431 2357 581 2415 runt,
611 2349 804 2418 spiritu
829 2349 1014 2420 gratiae
1046 2348 1140 2404 Dei
1169 2348 1336 2403 luisse
1364 2345 1392 2386 δ
1424 2346 1725 2403 discretos?
1757 2347 1886 2413 Quae
1913 2347 2015 2401 etsi

430 2439 649 2510 parcior
689 2450 814 2495 ante
838 2449 999 2510 atque
1027 2437 1292 2495 occultior
1320 2436 1441 2503 luit,
1476 2438 1639 2493 nullis
1684 2446 1865 2492 tamen
1911 2452 2016 2492 sre-

433 2530 573 2586 culis
619 2544 681 2586 se
728 2531 971 2600 negavit,
1017 2533 1219 2585 virtute
1266 2544 1394 2596 una,
1435 2530 1738 2599 quantitate
1780 2528 2015 2597 diversa,

434 2620 665 2679 consilio
690 2620 1146 2688 incommutabili,
1172 2635 1339 2690 opere
1370 2620 1709 2675 multiformi.

1041 2732 1267 2790 CAPUT
1329 2731 1415 2788 Vl.

498 2823 627 2883 Non
653 2824 910 2893 omnibus,
936 2825 1091 2882 etiam
1120 2841 1279 2965 nu’nc,
1309 2824 1485 2879 eadem
1518 2839 1755 2880 mensura
1778 2823 1961 2896 gratia:

1091 2911 1184 2950 con
1212 2906 1368 2949 ertur.

1091 2911 1184 2950 con
1190 2906 1368 2950 fertur.

511 2984 648 3042 Nam
672 2995 729 3042 et
757 2985 811 3041 in
843 2984 931 3041 his
958 2984 1150 3040 diebus
1176 2984 1370 3053 quibus
1396 2990 1564 3038 totum
1596 2982 1854 3038 mundum
1886 2981 2020 3037 inel-

444 3076 686 3135 l'abilium
713 3077 980 3133 donorum
1012 3074 1232 3130 ﬂumina
1276 3074 1473 3145 rigant,
1514 3089 1620 3128 non
1660 3074 1800 3130 idem
1835 3073 2025 3128 modus

2110 1884 2246 1937 idem
2262 1890 2428 1937 autem
2451 1880 2714 1950 Spiritus;
2731 1886 2776 1933 et
2796 1878 3068 1931 divisiones
3090 1874 3523 1929 ministrationum
3548 1878 3692 1935 sunt,

2110 1976 2247 2029 idem
2271 1984 2442 2029 autem
2469 1973 2755 2037 Dominus;
2784 1981 2831 2025 et
2858 1970 3132 2023 divisiones
3160 1968 3515 2038 Operationum
3553 1971 3694 2031 sunt,

2113 2067 2249 2120 idem
2278 2081 2397 2121 vero
2429 2063 2586 2129 Deus,
2617 2063 2703 2133 qui
2730 2070 2969 2130 aperatur
2995 2060 3166 2114 omnia
3196 2060 3249 2111 in
3279 2058 3535 2111 omnibus.
3571 2055 3699 2111 Uni-

2115 2159 2297 2227 cuique
2319 2166 2491 2209 autem
2512 2153 2668 2207 datur
2687 2152 3037 2223 manifestatio
3060 2149 3289 2218 Spiritus
3307 2149 3375 2202 ad
3395 2147 3665 2201 utilitatem
3680 2162 3700 2201 :

2116 2249 2208 2301 alii
2239 2247 2446 2318 quidem
2474 2262 2562 2315 per
2606 2244 2861 2314 Spiritum
2889 2243 3042 2296 datur
3084 2255 3250 2295 sermo
3289 2238 3572 2310 sapientiae,
3612 2236 3702 2291 alii

2117 2354 2282 2393 sermo
2328 2337 2553 2393 scientia:
2602 2336 2884 2389 secundum
2936 2333 3172 2388 eumdem
3226 2330 3503 2401 Spiritum,
3554 2329 3702 2383 alteri

2120 2428 2249 2498 ﬁdes
2271 2429 2323 2481 in
2348 2428 2523 2482 eodem
2549 2426 2773 2496 Spiritu.
2801 2423 2822 2463 τ
2851 2423 2942 2479 alii
2969 2424 3136 2496 gratia
3156 2424 3433 2477 sanitatum
3455 2422 3510 2475 in
3530 2421 3702 2475 eodem

2122 2522 2346 2593 Spiritu,
2390 2521 2485 2575 alii
2514 2530 2541 2569 κ
2589 2521 2910 2591 operationes
2934 2520 3198 2587 virtutum,
3239 2516 3334 2571 alii
3363 2516 3702 2588 prophetatio,

2122 2616 2215 2669 alii
2242 2615 2484 2668 discretio
2506 2613 2796 2686 spirituum,
2821 2612 2915 2666 alii
2938 2627 3123 2684 genera
3162 2611 3477 2682 linguarum,
3505 2609 3597 2662 alii
3624 2609 3705 2661 iu-

2124 2706 2418 2775 terpretatio
2444 2721 2754 2761 sermonum.
2781 2704 2906 2759 Hinc
2925 2714 3098 2758 autem
3119 2704 3290 2758 omnia
3316 2712 3560 2774 operatur
3578 2715 3706 2754 unus

2124 2809 2275 2867 atque
2328 2796 2465 2852 idem
2519 2797 2783 2865 Spiritus,
2841 2795 3075 2849 dividens
3125 2795 3343 2864 singulis
3397 2803 3551 2865 prout
3604 2792 3709 2846 vult

2128 2888 2168 2960 (l
2210 2888 2329 2943 Cor.
2375 2902 2482 2955 ιιι,
2522 2888 2557 2943 5
2602 2885 2789 2959 seqq.).
2837 2886 2964 2941 Πεεο
2992 2884 3249 2955 magistro
3278 2887 3515 2955 gentium
3564 2890 3709 2937 tanta

2127 2978 2267 3045 luco,
2307 2986 2453 3032 tanta
2488 2976 2758 3032 evidentia
2801 2975 3151 3045 praedicante,
3184 2970 3215 3011 ιι
3252 2988 3373 3042 qua:
3401 2975 3559 3035 ratio,
3592 2987 3709 3041 qua:

2131 3083 2292 3123 causa
2319 3066 2592 3123 dubitandi
2622 3075 2725 3130 est,
2759 3081 2825 3120 an
2853 3065 3092 3121 omnium
3120 3063 3274 3119 nobis
3303 3066 3562 3118 virtutum
3592 3078 3711 3133 ger-

444 3172 720 3241 omnibus,
770 3187 872 3228 nec
910 3172 1098 3227 eadem
1146 3185 1395 3225 mensura
1441 3170 1736 3225 confertur.
1775 3168 2030 3236 Quamvis
2058 3173 2103 3235 ί]
2137 3176 2258 3216 men
2286 3176 2353 3215 ex
2384 3159 2496 3214 Deo
2525 3160 2634 3214 sit?
2660 3158 2743 3213 vel
2771 3159 2911 3227 quis,
2943 3154 2958 3194 ί
2996 3157 3095 3210 nisi
3126 3156 3616 3226 insipientissimus,
3644 3155 3713 3208 de

447 3267 592 3323 enim
625 3281 723 3337 per
752 3264 1028 3320 ministros
1052 3263 1201 3319 verbi
1238 3272 1294 3319 et
1336 3265 1523 3334 gratiae
1559 3263 1650 3318 Dei
1682 3261 1868 3317 eadem
1900 3277 2032 3316 cun-

447 3359 553 3412 ctis
593 3354 794 3411 veritas
836 3353 1179 3419 nrmdicetur,
1212 3354 1399 3409 eadem
1437 3352 1745 3407 cohortatio
1774 3350 2034 3406 adhibea-

450 3458 561 3517 tur,
594 3446 691 3503 Dei
724 3456 905 3502 tamen
931 3447 1261 3517 agricultura
1280 3454 1387 3513 est,
1420 3445 1516 3500 Dei
1544 3444 1852 3510 aediﬁcatio,
1880 3445 2034 3512 cujus

451 3541 626 3597 virtus
679 3540 1025 3596 invisibiliter
1087 3540 1237 3610 agit,
1297 3547 1356 3593 ut
1400 3540 1734 3594 incremento
1790 3538 2038 3607 proliciat

453 3634 596 3704 quod
630 3634 926 3689 asdilicatur
958 3644 1051 3688 aut
1080 3633 1301 3688 colitur.
1345 3630 1495 3687 Sicut
1526 3639 1811 3684 attestatur
1836 3628 2036 3684 Paulus

456 3726 761 3798 apostolus,
811 3726 1039 3781 dicens:
1072 3724 1211 3792 Quid
1253 3723 1409 3795 igitur
1446 3730 1521 3777 est
1568 3720 1800 3789 Apollo?
1844 3731 1865 3760 ο
1915 3720 2037 3792 quid

456 3834 574 3873 vero
599 3816 834 3872 Paulus?
850 3815 874 3854 ά
899 3816 1123 3870 ministri
1138 3819 1247 3888 ejus
1266 3815 1349 3869 cui
1367 3813 1675 3879 credidistis,
1691 3822 1738 3865 et
1770 3812 2041 3880 unicuique

458 3912 585 3967 sicut
609 3910 856 3966 Dominus
886 3911 1046 3965 dedit.
1079 3908 1193 3982 Ego
1226 3908 1482 3980 plantavi,
1513 3905 1697 3976 Apollo
1724 3907 1928 3976 rigavit,
1951 3905 2042 3959 sed

459 4000 600 4057 Deus
623 4002 991 4057 incrementum
1018 4001 1176 4054 dedit.
1212 4000 1395 4068 Itaque
1429 4014 1587 4068 neque
1618 3998 1709 4069 qui
1742 3999 1939 4066 plantat
1964 4010 2041 4055 est

461 4092 681 4164 aliquid,
721 4108 885 4162 neque
926 4092 1017 4163 qui
1065 4092 1223 4162 rigat,
1273 4090 1364 4144 sed
1412 4090 1499 4157 qui
1546 4089 1908 4142 incrementum
1954 4089 2044 4141 dat

464 4184 626 4237 Deus.
681 4183 783 4248 Qui
825 4183 1024 4254 plantat
1072 4189 1242 4234 autem
1285 4191 1330 4234 et
1376 4181 1465 4243 qui
1498 4180 1655 4251 rigat,
1704 4195 1864 4232 unum
1898 4190 2039 4233 sunt.

468 4273 830 4344 Unusquisque
864 4283 1036 4327 autem
1079 4273 1341 4343 prapriam
1387 4272 1667 4326 mercedem
1705 4273 1912 4339 accipiet
1960 4289 2041 4327 se-

469 4367 694 4423 cundum
713 4381 865 4421 suum
893 4365 1140 4421 laborem.
1165 4363 1263 4418 Dei
1287 4365 1419 4417 enim
1442 4379 1614 4417 sumus
1635 4364 1920 4435 adjutores,
1947 4362 2045 4417 Dei

465 4456 790 4533 agricultura
826 4458 969 4524 estis,
1000 4454 1096 4512 Dei
1132 4455 1412 4525 adiﬁcatio
1448 4454 1568 4509 estis
1600 4454 1642 4526 (Ι
1670 4453 1791 4509 Cor.
1826 4469 1907 4522 ιιι,
1942 4462 1973 4513 4
1996 4463 2046 4508 et

465 4548 622 4621 seq.).
650 4549 1006 4620 Agriculturae
1036 4562 1166 4617 ergo
1196 4546 1354 4616 hujus
1401 4554 1562 4616 atque
1590 4545 1962 4600 aediﬁcationis
1991 4545 2042 4599 in
2072 4544 2125 4604 D

467 4649 678 4697 tantum
694 4639 920 4711 quisque
940 4639 1171 4708 adiutor,
1201 4647 1258 4694 et
1281 4638 1562 4709 operarius
1584 4652 1648 4692 ac
1674 4637 1919 4693 minister
1940 4644 2043 4698 est.

467 4734 525 4788 in
568 4738 827 4801 quantum
855 4729 1147 4801 unicuique
1187 4729 1447 4785 Dominus
1481 4729 1712 4785 dederit.
1760 4728 1828 4783 Et
1870 4728 1925 4783 bi
1953 4727 2045 4798 qui

470 4822 845 4880 ministrorum
887 4822 1070 4877 labore
1099 4822 1443 4887 excoluntur,
1482 4820 1551 4876 ad
1592 4835 1715 4876 eum
1762 4820 2050 4889 proﬁciunt

469 4914 717 4984 modum,
740 4912 811 4971 sd
833 4928 996 4989 quem
1036 4913 1159 4969 illos
1202 4913 1528 4969 incrementi
1570 4920 1761 4969 auctor
1785 4912 2049 4967 evexerit.

470 5008 530 5066 In
560 5022 693 5081 agro
711 5007 860 5063 enim
891 5005 1099 5061 Domini
1120 5019 1226 5059 non
1256 5003 1560 5071 uniformis,
1592 5019 1692 5059 nec
1719 5018 1823 5057 una
1847 5003 2051 5072 planta-

468 5102 552 5173 sio
579 5109 684 5159 est.
714 5099 779 5155 Et
795 5095 1041 5171 quamvis
1074 5096 1130 5153 in
1171 5112 1336 5153 unum
1363 5095 1615 5152 decorem
1658 5094 1826 5150 totius
1867 5093 2052 5164 templi

549 5273 574 5301 ι
598 5260 696 5318 Ms.
722 5257 1070 5330 Camberon.,
1092 5260 1214 5330 quia
1240 5256 1499 5330 vinclis.
1527 5254 1656 5330 .lol.,
1676 5251 1939 5330 quietius.

550 5332 724 5389 ιιιει.
747 5330 936 5387 Camb.
967 5340 1023 5386 et
1049 5323 1325 5394 Ioliensis,
1353 5328 1594 5381 directos.
1626 5323 1753 5386 Alii,
1784 5323 2052 5376 discretos.

554 5414 577 5472 τ
604 5404 701 5458 Bis.
726 5399 837 5458 Jol.
858 5401 991 5472 quid
1010 5410 1186 5472 autem
1208 5395 1443 5472 Paulus?

550 5470 578 5512 ά
605 5474 659 5527 In
690 5472 822 5528 edit.
854 5470 1074 5535 Leonis,
1099 5470 1348 5525 minister.

554 5554 579 5613 ἐ
611 5544 711 5598 Ms.
740 5542 1014 5605 Joliensis,
1041 5542 1216 5613 igitur.

558 5612 577 5652 ί
613 5617 736 5669 lianc
772 5628 895 5684 pars
939 5600 1349 5684 loci'apostolici
1380 5607 1592 5684 additur
1618 5618 1852 5684 ex__ms_s_.
1897 5600 2061 5684 Cum:

483 5686 675 5740 beron.
704 5672 1045 5751 et'Joliensi,
1074 5672 1129 5738 ei
1156 5679 1391 5736 editione
1433 5677 1646 5733 Leonis.
1681 5675 1961 5731 Exciderat
1993 5672 2063 5727 ab

484 5755 643 5811 editis
666 5753 939 5822 Prosperi.

2134 3255 2433 3310 dill‘erentia
2482 3254 2787 3308 divinorum
2841 3267 3119 3306 munerum
3174 3256 3565 3319 conqueratur,
3621 3255 3714 3301 aut

2134 3345 2432 3416 imparibus
2451 3344 2827 3399 ascribendum
2862 3343 3068 3398 meritis
3094 3341 3405 3405 arbitretur,
3429 3339 3574 3410 quod
3605 3352 3711 3394 non

2136 3436 2413 3505 aequaliter
2441 3435 2508 3489 de
2534 3437 2763 3503 superna
2793 3433 3119 3488 liberalitate
3146 3432 3465 3487 confertur?
3494 3431 3549 3488 Si
3569 3431 3713 3485 enim

2138 3526 2253 3581 hinc
2307 3525 2615 3580 distributio
2667 3524 2959 3580 secundum
3018 3522 3435 3592 praecedentium
3492 3537 3713 3589 onerum

2138 3617 2328 3670 merita
2374 3615 2387 3666 l
2443 3615 2772 3685 proveniret,
2805 3630 2911 3669 non
2944 3616 3182 3682 ipsorum
3212 3614 3475 3668 donorum
3505 3613 3711 3667 catalo-

2139 3722 2263 3777 gum
2309 3706 2400 3760 tali
2427 3706 2772 3760 conclusione
2800 3704 3093 3773 Apostolus
3132 3706 3465 3767 terminaret,
3501 3714 3556 3755 ut
3582 3703 3721 3756 dice-

2142 3808 2242 3859 ret,
2271 3794 2400 3850 Ha’c
2425 3806 2595 3849 autem
2623 3795 2793 3848 omnia
2822 3804 3064 3862 aperatur
3092 3811 3220 3847 unus
3248 3803 3403 3863 atque
3431 3792 3565 3846 idem
3598 3792 3722 3861 Spi-

2141 3889 2292 3952 ritus,
2346 3887 2572 3940 dividens
2618 3887 2833 3956 singulis
2882 3894 3035 3953 prout
3089 3885 3194 3937 vult
3244 3882 3405 3954 (Ibid.
3456 3881 3567 3951 il).
3624 3882 3719 3935 Ubi

2143 3978 2326 4047 utique
2357 3977 2400 4031 si
2436 3977 2745 4031 meritorum
2776 3988 2967 4029 causas
2992 3974 3253 4028 voluisset
3297 3971 3546 4041 intelligi,
3577 3970 3723 4024 dice-

2142 4077 2245 4134 ret,
2276 4066 2527 4120 Dividens
2550 4066 2774 4135 singulis
2805 4073 2964 4133 prout
2992 4073 3299 4127 merentur;
3332 4059 3481 4116 'sicut
3512 4061 3723 4132 planta-

2144 4161 2352 4215 toribus
2387 4157 2413 4196 ι
2450 4167 2543 4213 aut
2579 4158 2901 4226 rigatoribus
2939 4156 3215 4226 praemium
3249 4154 3558 4209 devotionis
3601 4167 3728 4220 spo-

2145 4254 2354 4325 pondit,
2400 4253 2604 4319 dicens,
2649 4251 3004 4322 Unusquisque
3044 4260 3213 4303 autem
3250 4249 3510 4320 propriam
3539 4261 3727 4300 merce-

2146 4349 2261 4402 dem
2290 4345 2503 4415 accipiet
2529 4343 2807 4399 sccundum
2837 4358 2986 4397 suum
3013 4339 3235 4396 laborem
3280 4338 3321 4411 (l
3377 4338 3494 4393 Cor.
3527 4353 3603 4401 ttt,
3642 4336 3723 4405 8).

2632 4518 2801 4591 391'.
2835 4516 3063 4574 CAPUT
3105 4514 3239 4573 vut.

2158 4635 2441 4705 Unicuique
2463 4634 2573 4689 sine
2599 4636 2778 4705 merito
2807 4633 2978 4696 datur,
3008 4633 3146 4684 unde
3176 4628 3444 4705 tendatad
3474 4626 3729 4705 meritum,

2225 4716 2271 4760 et
2292 4722 2325 4759 a
2346 4696 2513 4776 gratia
2521 4707 2636 4776 jam
2656 4704 3204 4776 donafo‘eatspectatur,
3229 4709 3284 4751 ut
3310 4698 3363 4751 id
3384 4696 3521 4769 quod
3540 4696 3735 4765 accepit

2222 4772 2405 4847 augeat
2433 4772 2691 4844 per'illum
2720 4774 2805 4841 qui
2825 4772 2914 4825 dat
2939 4774 3324 4826 incrementum.

2224 4912 2390 4968 Datur
2416 4922 2545 4980 ergo
2570 4905 2856 4976 unicuique
2895 4905 3012 4960 sine
3056 4902 3251 4957 merito
3291 4898 3431 4956 unde
3460 4896 3639 4953 tendat
3669 4895 3735 4949 ad

2155 5003 2430 5065 meritum,
2459 5009 2513 5055 et
2542 4997 2700 5053 datur
2722 5006 2846 5050 ante
2874 4995 3036 5049 ullum
3066 4994 3305 5049 laborem
3337 4992 3482 5046 unde
3512 4989 3734 5058 quisque

2158 5092 2462 5152 mercedem
2508 5089 2735 5162 accipiat
2774 5087 3069 5145 secundum
3098 5100 3253 5141 suum
3293 5082 3555 5138 laborem.
3582 5078 3737 5147 Quod

2228 5258 2254 5297 κ
2286 5246 2454 5313 Alias,
2479 5243 2728 5316 operatio,
2756 5249 2817 5297 ut
2843 5240 3085 5310 Vulgata.
3108 5236 3202 5291 bis.
3232 5233 3340 5289 Jol.
3377 5242 3432 5288 et
3460 5232 3590 5297 Leo,
3622 5245 3744 5298 ορεο

2163 5322 2409 5383 rationes,
2440 5314 2721 5383 utGraacg.
3168 5376 3187 5383 _
3229 5375 3260 5383 __
3364 5372 3379 5383 ,
3477 5380 3485 5383 Α
3552 5371 3573 5383 .
3706 5370 3718 5381 .

2238 5371 2285 5427 δ’
2318 5371 2408 5445 sui
2465 5399 2596 5440 mss.
2652 5381 2976 5437 Camlieron.
3043 5387 3099 5434 et
3161 5372 3384 5431 Joiiensi
3439 5371 3749 5445 etULeonis

2166 5440 2533 5516 editioT’Alias
2560 5453 2714 5521 editi,
2742 5469 2843 5522 qua
2865 5452 3077 5518 ratione,
3100 5464 3205 5518 qua
3228 5460 3385 5500 causa
3412 5440 3745 5498 dubitandum

2168 5540 2244 5586 est
2270 5532 2293 5584 ἶ)

2245 5598 2261 5637 ί
2298 5600 2397 5655 Ms.
2424 5597 2699 5661 Joliensis,
2727 5595 2843 5665 quis
2870 5587 3340 5665 insipientissimus.

2244 5671 2258 5720 l
2428 5652 2702 5731 Jolieusis,
2732 5652 2835 5717 non
2861 5652 3031 5731 ipsum
3055 5652 3637 5731 donorumcatalogunt.

2242 5738 2269 5778 ιι
2300 5741 2426 5796 Mss.
2456 5724 2781 5795 Caniberon.
2810 5742 2866 5788 et.
2885 5724 3164 5796 'Jolicnsis,
3190 5738 3237 5783 et
3266 5724 3595 5799 rigatoribus.
