4040 6178
366 297 473 350 693

1261 286 1348 341 DE
1388 278 1778 340 VOCATIONE
1815 276 2085 334 OMNIUM
2124 274 2438 333 GENTIUM
2477 275 2679 336 LIBER
2720 275 2784 331 ll.

3524 268 3627 326 694

365 410 434 463 ita
478 422 617 473 esse,
662 409 824 462 etiam
873 414 898 441 ι
945 418 1011 460 ex
1062 400 1305 458 doctrina
1346 398 1668 469 evangelicze
1707 394 1947 451 veritatis
1972 388 2261 460 Aquidem
2299 389 2575 460 profectus
2612 390 2681 446 ab
2722 390 2815 445 illo
2851 399 2951 457 est,
2991 390 3079 461 qui
3121 392 3212 448 dat
3240 393 3637 451 incrementum

369 501 720 572 agnoscitur:
775 499 863 553 ubi
913 511 1011 566 per
1060 494 1513 563 comparationem
1560 491 1755 544 dicitur
1803 484 1948 557 quod

2052 479 2232 550 (lCor.
2262 495 2341 545 tu,
2416 479 2508 551 7);
2553 480 2650 536 sed
2684 490 2825 536 terra
2857 482 3067 544 vivens,
3092 480 3118 519 ι
3162 492 3219 538 et
3244 484 3542 550 rationalis,
3581 497 3638 539 et

366 569 517 647 homo
548 608 752 660 peregre
779 590 1104 661 proﬁciscens
1140 586 1330 641 vocavit
1372 601 1543 640 servos
1571 599 1709 645 suos,
1751 590 1796 635 et
1841 588 1951 632 tra-
2047 569 2117 626 de
2141 572 2326 641 gratia!
2346 570 2458 641 iam
2488 573 2658 628 imbre
2690 571 2936 639 fecunda,
2967 570 3126 629 habet
3154 575 3296 644 quod
3321 576 3391 630 ab
3411 577 3527 647 ipsa
3549 592 3634 631 ex-

365 685 497 736 didit
526 682 631 736 illis
668 681 1005 734 substantiam
1046 694 1218 744 suam,
1245 686 1293 732 et
1334 676 1424 730 uni
1451 676 1590 730 dedit
1616 675 1839 744 quinque
1866 683 1948 725 ta-

365 776 524 837 lenta,
564 772 657 824 alii
683 781 853 825 autem
878 769 1004 834 duo,
1046 768 1137 822 alii
1165 783 1281 822 vero
1310 783 1487 829 unum,
1516 763 1543 804 δ
1566 764 1837 833 unicuique
1872 777 1952 816 se-

365 864 591 918 cundum
620 863 881 932 propriam
919 860 1156 914 virtutem
1177 856 1391 930 (Matth.
1426 872 1552 922 xxv,
1583 853 1648 910 M
1669 863 1717 909 et
1753 852 1861 919 lii),
1897 850 1948 905 id

365 964 470 1019 est,
493 950 791 1007 secundum
818 950 1089 1019 propriam
1119 958 1172 1002 et
1193 948 1489 1001 naturalem
1514 943 1945 1014 pos~ibilitatem,

366 1058 476 1098 non
502 1051 681 1097 autem
703 1040 998 1096 secundum
1026 1038 1298 1107 proprium
1331 1035 1581 1091 meritum
1605 1052 1616 1087 :
1651 1035 1773 1102 quia
1802 1033 1949 1087 aliud

365 1144 453 1191 est
486 1145 511 1173 α
543 1148 697 1203 posse
725 1132 959 1201 operari,
989 1130 1134 1185 aliud
1162 1128 1407 1199 operari;
1436 1136 1491 1183 et
1512 1127 1655 1182 aliud
1682 1137 1764 1181 est
1793 1140 1949 1195 posse

364 1224 570 1281 habere
590 1223 931 1287 charitatem,
960 1220 1104 1275 aliud
1134 1220 1331 1275 habere
1360 1219 1700 1283 cbaritatem,
1725 1226 1778 1271 et
1804 1216 1951 1271 aliud

366 1329 454 1375 est
498 1333 746 1387 capacem
778 1331 901 1373 es.~e
943 1315 1311 1382 continentiae,
1356 1314 1602 1383 iustitiae,
1647 1312 1946 1382 sapientiae,

366 1410 513 1464 aliud
545 1425 672 1464 vero
696 1423 816 1463 esse
844 1408 1230 1469 continentem,
1259 1404 1484 1474 justum,
1528 1409 1691 1473 atque
1732 1401 1950 1470 sapien-

370 1511 501 1556 tem.
543 1499 657 1554 Non
707 1501 886 1565 itaque
915 1497 1092 1551 omnis
1134 1495 1457 1565 reparabilis
1503 1502 1804 1564 reparatur,
1852 1506 1952 1547 nec

366 1592 545 1647 omnis
575 1589 831 1646 sanabilis
860 1589 888 1626 ά
918 1602 1083 1643 sanus
1110 1598 1214 1654 est,
1242 1588 1365 1657 quia
1395 1585 1755 1656 reparabilem
1784 1594 1836 1638 et
1859 1600 1951 1640 sa-

367 1683 605 1739 nabilem
643 1697 785 1749 esse,
820 1682 888 1736 de
935 1689 1121 1735 natura
1162 1688 1278 1745 est;
1323 1690 1625 1747 reparatum
1669 1686 1847 1733 autem
1896 1686 1952 1733 et

2048 671 2339 734 spectetur,
2369 666 2440 722 ad
2463 664 2517 722 id
2543 665 2684 737 quod
2709 665 2916 736 accepit
2944 665 3270 737 augendum.

2664 823 2893 883 CAPUT
2930 824 3015 880 lx.

2054 936 2283 994 Variola:
2317 954 2410 1012 per
2432 939 2630 995 diversa
2652 947 2884 1012 tempora
2906 942 3086 1012 gratiae
3110 956 3269 995 causa
3300 957 3333 996 α
3360 941 3506 998 nobis
3539 959 3639 997 non

2607 1018 2683 1065 est
2710 1010 3084 1081 investiganda.

2126 1143 2218 1199 llis
2245 1154 2410 1212 recte,
2453 1153 2511 1199 ιιι
2550 1143 2806 1209 arbitror,
2840 1154 3097 1212 quantum
3143 1145 3397 1207 Dominus
3427 1147 3633 1213 tribuit,

2063 1238 2425 1305 pertractatis,
2458 1237 2523 1291 ad
2564 1236 2615 1290 id
2663 1236 2803 1290 unde
2845 1236 3089 1305 digressa
3121 1249 3200 1292 est
3244 1238 3538 1307 disputatio
3567 1256 3643 1293 rc-

2052 1338 2343 1382 vertamur.
2364 1327 2443 1381 Ad
2464 1326 2951 1382 considerationem
2973 1328 3173 1383 scilicet
3190 1320 3653 1399 differentiarum,

2052 1420 2247 1489 quibus
2273 1420 2468 1475 divinas
2492 1420 2679 1489 gratia:
2704 1434 2869 1488 opera
2895 1435 2956 1474 ac
2984 1423 3122 1474 dona
3155 1423 3353 1476 variata
3378 1433 3522 1477 sunt.
3553 1424 3642 1478 Al-

2053 1509 2223 1565 titudo
2249 1510 2446 1580 quippe
2494 1510 2803 1565 divitiarum
2849 1511 3125 1579 sapientia:
3154 1523 3208 1566 et
3235 1514 3478 1568 scientiae
3508 1514 3640 1581 Dei,

2054 1602 2206 1671 cujus
2246 1602 2610 1657 inscrutabilia
2637 1612 2761 1657 sunt
2788 1602 2987 1673 judicia
3016 1613 3069 1658 et
3109 1602 3512 1675 investigabiles
3541 1606 3644 1660 vite

2056 1692 2235 1762 (Rom.
2271 1706 2339 1760 xt,
2371 1694 2485 1763 55),
2521 1689 2541 1731 ι
2575 1695 2655 1749 sic
2697 1708 2914 1760 semper
2945 1695 3367 1750 misericordiam
3400 1713 3552 1751 suam
3590 1707 3643 1753 et

366 1790 561 1830 sanum
591 1788 731 1838 esse,
767 1783 790 1810 ο
822 1773 889 1828 de
917 1772 1085 1842 gratia
1111 1781 1214 1826 est.
1250 1772 1495 1841 Denique
1525 1770 1612 1825 isti
1638 1770 1832 1840 quibus
1860 1784 1952 1823 se-

2062 1782 2311 1852 iustitiam
2342 1790 2687 1851 temperavit,
2718 1793 2773 1839 ut
2800 1784 3161 1839 secretissima
3204 1787 3393 1841 :eterni
3436 1788 3644 1846 consilii

367 1866 605 1921 cundum
651 1864 925 1920 modulum
957 1862 1270 1933 capacitatis
1303 1879 1436 1929 sure,
1464 1877 1621 1932 quem
1653 1862 1706 1916 in
1736 1860 1815 1916 eis
1841 1861 1952 1915 dis-

370 1957 607 2011 tributor
651 1955 966 2011 substantiae
997 1954 1344 2023 praevidebat,
1387 1954 1569 2022 dispar
1610 1952 1847 2007 creditus
1873 1958 1957 2006 est

372 2063 629 2103 numerus
669 2048 1016 2113 talentorum,
1063 2062 1172 2101 non
1216 2045 1394 2099 meriti
1440 2043 1953 2109 remunerationem,

370 2141 469 2194 sed
499 2139 678 2206 operis
721 2153 979 2209 accepere
1028 2138 1334 2193 materiam.
1365 2135 1425 2190 lu
1454 2150 1555 2205 qua
1584 2134 1813 2190 duorum
1842 2149 1958 2188 sero

372 2246 561 2286 vorum
589 2229 995 2299 vigilantissima
1036 2228 1295 2283 industria
1337 2244 1442 2283 non
1486 2228 1663 2284 solum
1707 2225 1956 2296 gloriosis

374 2322 621 2376 laudibus
650 2323 981 2388 ItoneStatur,
1007 2319 1103 2376 sed
1133 2321 1295 2377 etiam
1328 2321 1381 2375 in
1408 2328 1606 2376 aeterna
1638 2318 1850 2375 Domini
1875 2319 1956 2373 sui

373 2413 567 2484 gaudia
610 2415 811 2469 intrare
863 2412 1172 2483 praecipitur
1213 2410 1403 2485 (lbitl.,
1428 2410 1494 2465 21
1547 2420 1595 2466 et
1636 2411 1753 2483 25).
1788 2410 1957 2466 Tertii

378 2520 512 2563 vero
543 2507 747 2575 pigrum
770 2506 938 2560 Otium
969 2514 1024 2560 et
1042 2503 1309 2560 desidiosa
1336 2502 1573 2574 nequitia
1598 2503 1676 2559 sic
1714 2503 1955 2572 punitur,

377 2607 438 2650 ut
482 2605 539 2652 et
576 2596 982 2666 vituperationis
1008 2594 1367 2650 dedecoretur
1389 2594 1700 2663 opprobrio,
1732 2603 1787 2650 et
1827 2608 1958 2664 por-

378 2689 527 2745 tione
563 2701 724 2758 quam
767 2696 1048 2757 acceperat
1091 2696 1317 2742 exuatur
1360 2684 1550 2758 (Ibid.,
1586 2686 1657 2742 26
1684 2694 1732 2741 et
1769 2686 1955 2756 seqq.).

380 2780 580 2850 Dignus
618 2779 760 2834 enim
801 2786 920 2833 erat
949 2778 1174 2847 perdere
1222 2778 1465 2833 inutilem
1513 2778 1693 2847 ﬁdem,
1726 2779 1815 2847 qui
1852 2795 1959 2834 non

377 2880 699 2927 exercuerat
723 2870 1062 2926 charitatem.
1087 2870 1241 2926 Unde
1266 2881 1321 2927 et
1353 2869 1373 2910 ί
1402 2872 1453 2926 in
1478 2872 1824 2943 subsequenti
1846 2888 1963 2929 ser-

378 2980 562 3029 mone,
598 2979 706 3033 quo
745 2963 1084 3033 apertissime
1128 2965 1434 3020 declaratur
1465 2965 1627 3021 futuri
1676 2965 1844 3021 forma
1870 2967 1961 3037 ju-

377 3055 526 3120 dicii,
557 3054 779 3111 sedente
808 3055 943 3111 Filio
978 3056 1212 3111 hominis
1249 3058 1302 3111 in
1334 3056 1463 3112 sede
1505 3057 1799 3127 maiestatis
1826 3073 1958 3127 sum,

379 3155 407 3195 ι
430 3156 556 3202 ante
594 3164 751 3218 quem
785 3148 922 3204 facta
966 3151 1382 3218 congregatione
1420 3123 1658 3205 omnium
1698 3123 1957 3222 gentium,
1991 3123 2036 3185 C

379 3238 472 3293 alii
494 3235 521 3275 ¹¹
551 3239 805 3295 dicuntur
831 3241 897 3295 ad
924 3240 1223 3307 dexteram,
1252 3240 1345 3296 alii
1369 3243 1433 3295 ad
1463 3243 1737 3297 sinistram
1761 3249 1964 3300 consti-

382 3331 597 3397 tuendi;
625 3330 852 3387 laudatis
881 3333 1086 3388 dextris
1117 3335 1183 3387 de
1218 3335 1471 3405 operibus
1501 3333 1800 3399 charitatis,
1830 3336 1962 3391 nihil

378 3422 525 3477 aliud
569 3424 800 3480 sinistris
839 3426 1108 3495 obiicitur,
1135 3443 1295 3496 quam
1328 3427 1708 3482 misericordiae
1733 3427 1965 3483 benevo-

376 3514 668 3584 lentiteque
698 3517 969 3586 neglectus
998 3516 1211 3589 (Matth.
1248 3533 1377 3584 xxv,
1414 3518 1479 3572 51
1509 3526 1558 3572 et
1587 3518 1772 3590 seqq).
1804 3522 1964 3576 Acce-

377 3615 573 3675 perant
592 3621 722 3678 ergo
761 3609 920 3662 etiam
954 3608 1041 3663 isti
1072 3608 1250 3676 ﬁdem,
1283 3608 1376 3664 sed
1404 3624 1509 3663 non
1537 3615 1723 3665 sectati
1753 3611 1963 3666 fuerant

377 3699 759 3767 dilectionem;
806 3716 905 3756 nec
931 3701 1000 3756 de
1029 3716 1135 3756 non
1164 3711 1395 3771 servato,
1440 3701 1534 3757 sed
1573 3702 1640 3759 de
1669 3718 1775 3758 non
1803 3712 1962 3760 aucto

377 3805 608 3847 munere
648 3791 1061 3847 damnabantur.
1107 3792 1361 3860 Quamvis
1406 3792 1549 3847 enim
1598 3794 1778 3848 omnia
1820 3794 1958 3851 bona

376 3879 523 3935 dona
551 3881 659 3935 sint
690 3883 804 3946 Dei,
840 3878 858 3920 ί
889 3898 917 3935 a
946 3882 1057 3938 Deo
1098 3889 1274 3938 tamen
1315 3884 1559 3953 quaedam
1591 3885 1749 3940 etiam
1794 3886 1960 3958 895

374 3987 491 4026 non
525 3973 685 4041 petita
715 3974 1044 4043 tribuuntur,
1069 3984 1125 4028 ιιι
1157 3990 1253 4045 per
1282 3976 1392 4044 ipsa
1415 3989 1535 4046 quas
1564 3988 1781 4045 accepta
1811 3988 1956 4048 sunt,

374 4077 445 4117 ea
498 4078 616 4133 qua:
664 4065 901 4119 nondum
957 4076 1083 4121 sunt
1135 4066 1330 4121 donata
1385 4078 1713 4136 quaerantur.
1759 4069 1958 4125 Semen

371 4153 581 4222 quippe
608 4156 749 4224 quod
787 4157 986 4225 jaeitur
1015 4159 1067 4211 in
1099 4166 1295 4212 terram
1328 4174 1432 4213 non
1461 4160 1529 4214 ob
1559 4160 1660 4216 hoc
1682 4160 1879 4215 seritur
1906 4170 1962 4216 ut

370 4244 555 4312 ipsum
584 4248 755 4302 solum
780 4256 1015 4317 maneat,
1046 4249 1139 4304 sed
1167 4259 1224 4322 ιιι
1254 4250 1480 4306 fructum
1506 4251 1797 4320 atterendo,
1825 4254 1962 4309 mul-

374 4334 544 4403 tiplcx
587 4346 749 4408 atque
784 4353 1129 4394 numerosum
1177 4341 1248 4395 sit
1285 4338 1465 4411 (Joan.
1506 4357 1601 4410 xu,
1638 4341 1754 4413 24).
1792 4342 1808 4395 i
1862 4342 1959 4400 Cui

455 4592 483 4621 λ
508 4585 595 4640 Sic
624 4601 744 4641 cum
783 4602 914 4641 mss.
946 4586 1134 4644 Camb.
1160 4600 1215 4644 et
1237 4588 1341 4644 Jol.
1369 4588 1532 4643 editio
1558 4587 1771 4645 Leonis.
1814 4591 1961 4648 Alias

373 4654 538 4729 editi,
565 4658 867 4729 evangelica:
896 4660 1122 4713 veritatis
1151 4660 1454 4714 testimonio.

458 4724 484 4763 δ
513 4727 567 4780 ln
598 4724 711 4781 ms:
740 4727 963 4783 Joltensi
1007 4732 1201 4783 absunt
1230 4734 1359 4795 haec,
1394 4730 1659 4798 unicuique
1684 4733 1962 4787 secundum

376 4799 649 4867 propriam
669 4800 935 4866 virtutem;
960 4808 1015 4855 et
1040 4801 1196 4863 infra,
1224 4811 1272 4854 et
1301 4799 1603 4855 naturalem.

460 4877 484 4904 α
513 4867 609 4921 Ms.
640 4867 771 4939 Jol.,
816 4887 907 4942 per
943 4887 996 4926 se
1032 4872 1324 4944 operari....
1361 4888 1452 4944 per
1488 4886 1543 4924 se
1583 4869 1764 4926 habere
1790 4869 1965 4926 chari-

379 4945 560 4990 tatem.

458 5004 483 5043 ά
518 5008 588 5060 Ita
630 5023 758 5064 mss.
801 5010 988 5065 Camb.
1021 5020 1074 5065 et
1106 5010 1212 5066 Jol.
1252 5027 1372 5066 cum
1404 5011 1532 5066 edit.
1582 5011 1797 5066 Leonis.
1831 5012 1959 5080 Alii,

375 5088 601 5131 sanatus
635 5088 746 5146 est;
789 5089 845 5135 et
875 5088 1058 5150 postea
1086 5081 1244 5136 iidem
1284 5091 1331 5135 et
1359 5098 1540 5137 sanum
1567 5098 1703 5146 esse;
1733 5084 1818 5137 ubi
1846 5084 1957 5148 alii,

374 5156 433 5203 ιι
463 5157 701 5202 sanatum
726 5166 853 5205 esse.

464 5227 489 5291 ξ
512 5217 705 5291 Colon.
734 5221 920 5291 editio,
950 5222 1015 5275 de
1036 5221 1203 5291 gratia
1227 5220 1341 5276 Dei.

463 5285 485 5326 ¹
518 5290 629 5364 Ms.
653 5290 790 5364 _Jo_l.,
819 5293 871 5364 in
897 5285 1216 5363 subsequenti
1244 5293 1489 5364 parabole
1509 5309 1672 5348 sermo
1700 5309 1819 5364 quo.
1852 5304 1962 5349 etc.

459 5368 485 5403 ε
516 5359 612 5414 Ms.
645 5359 1065 5435 Joliensis,ante
1082 5359 1253 5434 quem:
1280 5364 1403 5424 Alii,
1422 5374 1537 5418 ante
1560 5359 1731 5435 quam}
1759 5362 1961 5417 Prioris

384 5427 673 5503 lectionem
706 5427 941 5503 praeponi
969 5427 1156 5487 suadet
1183 5435 1509 5503 evangelista
1532 5427 1736 5501 dicens,
1766 5444 1812 5488 et
1838 5452 1957 5488 con-

381 5502 732 5575 gregabuntur
758 5502 875 5557 ante
894 5521 1008 5558 eum
1038 5520 1208 5558 omnes
1236 5502 1426 5575 gentes.

462 5567 491 5607 Β
516 5571 603 5625 Sic
637 5587 738 5646 ms.
762 5575 1013 5630 .Ioliensis
1050 5587 1102 5629 et
1137 5567 1329 5629 Leonis
1370 5575 1500 5631 edit.
1534 5575 1638 5632 Alii
1681 5578 1831 5646 editi,
1866 5578 1963 5633 du-

383 5650 594 5711 cuntur,
624 5644 728 5711 vel,
765 5655 819 5699 ut
848 5646 1194 5705 recentiores.
1224 5645 1499 5699 ducantur.

469 5708 487 5751 ί
512 5712 637 5769 Mss.
665 5708 919 5771 Jolieusis
944 5726 999 5774 ct
1024 5716 1232 5779 Catnb.,
1262 5718 1379 5770 ideo
1408 5728 1594 5773 tamen.

2057 1873 2351 1940 voluntate,
2400 1875 2630 1929 noluerit
2658 1876 2713 1930 in
2752 1876 3003 1930 omnibus
3038 1885 3077 1912 ω
3110 1879 3438 1947 temporibus
3482 1895 3644 1951 super

2058 1979 2244 2019 omnes
2264 1965 2664 2035 generationes,
2689 1974 2782 2020 aut
2805 1980 2969 2036 super
2990 1981 3179 2021 omnes
3201 1968 3445 2025 homines
3468 1986 3645 2041 mqua-

2058 2052 2138 2109 les
2159 2053 2423 2110 donorum
2454 2070 2673 2110 suorum
2702 2070 2826 2111 esse
2853 2072 3156 2112 mensuras.
3190 2058 3464 2129 Siquidem
3489 2062 3646 2118 aliter

2060 2158 2155 2199 eos
2177 2145 2393 2216 jnverit,
2427 2160 2562 2217 quos
2590 2146 2657 2201 ad
2681 2147 3114 2216 cognoscendum
3146 2163 3225 2214 se,
3258 2150 3380 2206 οωιί
3411 2160 3464 2207 et
3487 2160 3645 2208 terra:

2059 2246 2088 2274 ιι
2136 2237 2463 2294 testimoniis
2490 2238 2874 2303 conveniebat;
2907 2238 3066 2295 aliter
3113 2239 3255 2307 illm,
3302 2243 3498 2313 quibus
3540 2259 3646 2300 non

2062 2329 2232 2383 Solum
2280 2329 2674 2384 elementorum
2723 2328 3002 2397 famulatu,
3053 2328 3146 2383 sed
3197 2329 3359 2385 etiam
3400 2330 3647 2389 doctrina

2061 2418 2216 2488 legis,
2250 2419 2627 2487 prophetarum
2679 2417 2934 2481 oraculis,
2981 2425 3007 2455 °
3052 2420 3430 2475 miraculorum
3458 2422 3643 2492 signis,

2062 2519 2115 2564 et
2145 2508 2459 2579 angelorum
2485 2508 2957 2578 cooperationibus
2999 2511 3347 2577 consulebat;
3380 2519 3436 2565 et
3476 2513 3648 2566 multo

2063 2601 2233 2670 magis
2253 2598 2409 2653 aliter
2428 2598 2853 2655 misericordiam
2877 2613 3028 2654 suam
3049 2600 3316 2655 universis
3340 2599 3649 2658 hominibus

2063 2688 2441 2757 declaraverit,
2488 2689 2698 2758 quando
2738 2688 2908 2744 Filius
2934 2689 3027 2744 Dei
3078 2690 3246 2744 factus
3273 2702 3353 2745 est
3382 2690 3523 2747 illius
3552 2693 3651 2748 lto-

2065 2781 2245 2849 minis,
2281 2791 2338 2835 ut
2375 2780 2706 2836 inveniretur
2744 2779 2812 2835 ab
2856 2778 2936 2834 eis
2982 2780 3073 2850 qui
3124 2796 3249 2835 eum
3292 2797 3401 2837 non
3443 2798 3651 2854 quaere-

2066 2873 2214 2939 bant,
2262 2881 2315 2927 et
2352 2878 2631 2942 appareret
2666 2869 2751 2925 liis
2798 2868 2889 2939 qui
2917 2868 3069 2924 illum
3100 2884 3204 2925 non
3248 2870 3652 2941 interrogabant

2070 2964 2206 3038 (Ira.
2254 2981 2377 3031 va,
2410 2964 2487 3035 1);
2519 2972 2573 3019 et
2601 2978 2706 3017 non
2739 2962 2789 3017 in
2818 2977 2924 3017 uno
2955 2970 3161 3017 tantum
3192 2965 3390 3034 papqu
3417 2975 3444 3015 Ρ
3476 2965 3650 3022 honor

2067 3058 2375 3114 Israeliticae
2423 3057 2604 3126 stirpis
2648 3056 2963 3120 excelleret,
3005 3056 3102 3112 sed
3145 3065 3176 3108 οι
3222 3058 3273 3111 in
3306 3058 3452 3112 omni
3491 3069 3652 3128 gente

2067 3166 2187 3220 qua:
2218 3160 2302 3205 est
2329 3148 2425 3203 sub
2456 3150 2613 3211 etefo,
2640 3147 3048 3216 multiplicatum
3078 3146 3306 3202 Abrahae
3335 3164 3519 3203 semen
3544 3150 3652 3204 ori-

2069 3254 2236 3305 retur,
2270 3252 2293 3279 τ
2338 3240 2498 3310 inque
2530 3239 2802 3293 literedum
2843 3238 3246 3294 successionem
3276 3254 3381 3293 non
3408 3240 3500 3294 lilii
3532 3256 3650 3296 car-

2071 3332 2175 3401 nis,
2200 3331 2292 3387 sed
2324 3331 2419 3385 lilii
2448 3329 2818 3400 promissionis
2846 3328 3107 3384 intrarent
3141 3327 3281 3402 (Act.
3306 3344 3415 3397 xtv,
3453 3328 3569 3402 15);
3596 3341 3650 3385 et

2069 3436 2262 3498 quanta
2295 3426 2348 3481 in
2379 3423 2671 3495 prteteritis
2698 3423 2910 3479 sarculis
2936 3438 3099 3493 super
3123 3432 3350 3479 caeteras
3381 3424 3649 3489 nationes,

2071 3528 2212 3573 tanta
2238 3533 2377 3572 nunc
2402 3517 2617 3573 essetin
2643 3527 2801 3588 gente
2827 3516 3007 3571 Judaaa
3031 3518 3263 3586 parcitas
3285 3518 3498 3584 gratiae;
3524 3533 3645 3572 cum

2069 3620 2247 3666 tamen
2273 3608 2572 3664 introducta
2605 3608 2934 3677 plenitudine
2977 3608 3216 3677 gentium
3247 3605 3512 3679 (Romam,
3536 3610 3648 3679 25),

2068 3701 2227 3756 etiam
2268 3701 2505 3769 ipsorum
2538 3699 2771 3753 ariditati
2803 3697 3112 3752 earumdem
3141 3699 3461 3768 rigationum
3493 3700 3653 3755 inun-

2068 3793 2214 3849 datio
2244 3791 2587 3861 spondentur.
2627 3790 2757 3858 Qua:
2788 3789 2966 3859 itaque
2992 3804 3168 3844 causa:
3195 3789 3301 3845 sint
3330 3791 3521 3846 barum
3547 3793 3648 3849 sub

2067 3884 2251 3940 eadem
2273 3885 2441 3953 gratia
2466 3880 2987 3945 diSsimilitudinum,
3017 3895 3203 3950 qumve
3231 3882 3485 3950 rationes,
3520 3900 3647 3938 sau-

2067 3976 2169 4030 ctis
2215 3972 2509 4043 Scripturis
2552 3987 2659 4026 non
2702 3971 3065 4041 loquentibus,
3091 3974 3210 4043 quis
3258 3973 3538 4044 loquetur?
3585 3978 3651 4032 Et

2068 4082 2186 4123 cum
2236 4067 2291 4122 in
2334 4066 2413 4121 eis
2458 4064 2683 4120 scientia
2733 4064 2879 4119 Pauli
2927 4065 3156 4133 apostoli
3209 4081 3238 4120 a
3286 4067 3650 4139 disputatione

2069 4170 2302 4216 transeat
2333 4160 2398 4214 ad
2428 4167 2703 4227 stuporem
2734 4156 2911 4228 (Rom.
2946 4171 3012 4218 XI,
3033 4156 3148 4226 53),
3180 4158 3333 4229 cujus
3360 4161 3463 4214 erit
3503 4168 3650 4215 tanta

2068 4249 2436 4323 prmsumptio,
2482 4248 2571 4318 qui
2608 4247 2775 4318 896
2801 4247 2916 4301 hmc
2945 4246 3263 4303 disserendo
3302 4256 3325 4285 ⁸
3376 4251 3650 4305 existimet

2069 4344 2381 4418 aperienda,
2409 4341 2586 4414 potius
2606 4355 2764 4411 quam
2785 4340 3002 4397 silentio
3025 4342 3292 4399 miranda.

2139 4593 2153 4643 l
2189 4592 2265 4647 Ita
2293 4605 2396 4645 ms.
2426 4588 2678 4645 Joliensis
2706 4603 2828 4643 cum
2857 4587 3054 4659 Leone.
3088 4585 3212 4651 Alii,
3249 4586 3350 4653 Qui
3369 4590 3595 4659 quidem.

2136 4660 2163 4701 ¹ι
2196 4661 2367 4717 Voces
2398 4660 2515 4727 has,
2546 4669 2593 4714 et
2623 4660 2909 4723 rationalis,
2935 4658 3139 4712 addunt
3163 4673 3294 4713 mss.
3321 4658 3645 4717 Camberon.

2064 4746 2118 4789 et
2154 4733 2262 4789 Jol.
2294 4740 2455 4799 atque
2483 4731 2612 4784 edit.
2649 4730 2864 4784 LeOuis.
2903 4732 2954 4782 In
2990 4730 3072 4783 his
3111 4739 3284 4783 tamen
3321 4746 3449 4786 mss.
3484 4737 3640 4788 omit-

2064 4807 2213 4869 titur,
2241 4812 2290 4857 ει
2317 4802 2382 4857 de
2405 4803 2569 4872 gratia
2588 4802 2705 4871 jam
2733 4800 2891 4855 imbre
2917 4801 3173 4871 fecunda;
3201 4801 3395 4870 quibus
3426 4818 3531 4858 neu
3557 4821 3647 4859 ca-

2063 4885 2182 4930 rent
2211 4873 2299 4926 alii
2325 4874 2465 4926 libri.

2142 4943 2156 4982 ι
2197 4943 2286 4999 Sic
2334 4957 2461 4996 mss.
2496 4940 2685 4996 Camb.
2714 4948 2769 4995 et
2796 4940 2903 4996 Jol.
2940 4957 3063 4997 cum
3089 4942 3222 4997 edit.
3255 4940 3473 4997 Leonis.
3503 4942 3647 5000 Editi

2062 5015 2217 5075 alias,
2248 5014 2322 5066 sic
2353 5029 2509 5083 per...
2540 5024 2586 5066 et
2610 5012 2890 5083 judicium.

2137 5094 2175 5121 ω
2200 5083 2324 5139 Mss.
2354 5079 2543 5138 Camb.
2574 5079 2627 5136 et
2652 5081 2754 5136 Jol.
2783 5082 3007 5145 addunt,
3037 5079 3384 5151 (corporibus;
3405 5099 3524 5154 quae
3545 5101 3644 5142 vox

2063 5155 2337 5210 exciderat
2366 5154 2434 5207 ab
2462 5154 2620 5208 editis
2651 5154 3041 5222 Presperianis.

2135 5233 2161 5261 η
2195 5225 2292 5279 Ms.
2325 5223 2596 5288 Joliensis,
2625 5225 2935 5278 testimonio.

2137 5302 2162 5332 ο
2191 5296 2288 5349 Ms.
2318 5294 2590 5358 Joliensis,
2620 5296 2928 5364 mirabilinm
2956 5292 3133 5364 signis.

2135 5375 2162 5414 ι)
2195 5366 2390 5420 Vocem
2427 5364 2561 5418 lianc
2590 5364 2755 5417 honor
2787 5362 3067 5415 habuimus
3095 5377 3159 5415 ex
3199 5376 3302 5417 ms.
3333 5362 3557 5421 Joliensi
3585 5379 3641 5424 et

2064 5435 2195 5493 edit.
2241 5436 2456 5491 Leonis.
2489 5436 2617 5502 Qua:
2644 5434 2936 5503 supplenda
2979 5435 3233 5501 probatur
3259 5448 3322 5487 ex
3353 5439 3493 5493 serie
3519 5453 3641 5495 ora-

2067 5508 2248 5561 tionis.

2136 5588 2165 5628 ει
2198 5576 2347 5645 Apud
2393 5574 2646 5645 Leonem,
2676 5572 2731 5645 in
2751 5571 2889 5624 omni
2908 5587 3111 5645 genere.

2140 5657 2161 5685 ν
2195 5641 2268 5699 Ita
2301 5661 2401 5698 IIIS.
2429 5643 2534 5697 Jol.
2564 5658 2683 5695 cum
2711 5641 2921 5695 Leone.
2944 5642 3069 5705 Alii,
3098 5642 3151 5694 in
3180 5659 3353 5712 quam.

2140 5724 2160 5751 ⁸
2194 5716 2317 5770 Mss.
2343 5715 2529 5770 Camb.
2561 5722 2615 5767 ct
2641 5712 2913 5778 Jolicusis,
2944 5715 3181 5769 a‘stimet.
