4040 6178
414 195 521 255 695

1037 312 1267 369 CAPUT
1307 312 1377 368 Χ.

415 405 669 463 Omnibus
708 402 914 459 seculis
960 403 1317 457 misericordia
1369 403 1463 457 Dei
1500 411 1551 457 et
1592 417 1809 472 corpora
1842 400 1993 467 aluit,

989 485 1038 529 et
1064 487 1249 529 mentes
1260 474 1419 546 jurit.

482 585 757 644 Patienter
785 585 947 656 igitur
974 596 1028 641 et
1065 585 1437 654 mquauimiter
1467 583 1744 652 ignoretur
1773 588 1878 635 tam
1912 594 1996 635 re-

411 684 616 733 motum
636 676 702 730 ab
722 677 954 730 humana
979 685 1005 713 ι
1035 676 1339 746 cognitione
1368 684 1660 728 secretum.
1688 672 1799 728 Nec
1820 682 1995 726 tamen

410 766 439 807 δ
470 768 594 839 quia
627 775 901 836 nequeunt
929 765 1108 819 clausa
1140 764 1432 834 penetrari,
1457 763 1576 818 ideo
1602 762 1764 818 etiam
1787 776 1996 817 resera-

412 866 592 926 torutp
638 865 722 911 est
750 853 1158 924 prmtereundns
1200 854 1471 906 introitus.
1523 852 1999 907 Manifestavcrunt

410 946 556 1001 enim
600 946 899 1001 divinorum
933 946 1268 1015 eloquiurum
1317 948 1498 999 multae
1544 942 1911 1003 auctoritates.
1943 951 1999 997 et

412 1039 665 1094 continua
689 1038 925 1092 omnium
946 1037 1262 1090 smculorum
1288 1037 1655 1105 experimenta
1675 1034 1996 1101 docuerunt,

367 1121 371 1129 ’
409 1128 610 1198 justam
658 1128 754 1183 Dei
798 1128 1238 1192 misericordiam,
1289 1127 1802 1198 misericordemque
1834 1127 1997 1197 justi-

414 1220 544 1275 tiam
576 1233 675 1273 nec
706 1218 917 1272 alendis
947 1232 1195 1287 umquam
1223 1218 1538 1286 corporibus
1567 1215 1866 1281 hominum,
1900 1229 1999 1270 nec

412 1306 672 1362 docendis
694 1306 1048 1377 juvandisque
1072 1321 1259 1361 eorum
1284 1305 1552 1383 mentibus
1572 1306 1827 1361 defuisse.
1843 1305 1997 1362 Sem-

414 1415 513 1471 per
543 1400 741 1456 etenim
774 1400 905 1469 pluit
932 1416 1086 1471 super
1120 1399 1276 1453 bonos
1302 1409 1349 1453 et
1381 1398 1566 1465 malos,
1599 1413 1810 1468 semper
1837 1400 1997 1455 solent

414 1505 565 1542 suum
597 1488 719 1542 oriri
742 1489 861 1557 fecit
889 1504 1044 1561 super
1060 1491 1231 1558 justas
1253 1496 1302 1542 et
1325 1487 1773 1559 injustos(llattlt.
1801 1502 1855 1556 ν,
1878 1486 1993 1558 45),

416 1594 633 1648 semper
661 1579 852 1633 vitales
881 1592 1038 1632 auras
1070 1578 1316 1647 prrebuit,
1348 1593 1564 1647 semper
1588 1578 1693 1633 diei
1726 1586 1781 1633 et
1824 1579 1995 1632 noctis

1048 197 1105 253 S.
1148 194 1482 253 PROSPERI
1519 188 1848 261 AQUITANI
1884 187 2118 247 OPERA
2156 186 2479 245 lNCER’l’E
2519 184 3041 243 AUCTORITATIS.

3576 183 3681 243 696

2022 314 2073 371 Α
2104 313 2287 361 autem
2316 303 2573 359 decorem
2601 316 2706 356 non
2733 301 2913 354 statim
2935 307 2994 355 ut
3019 297 3251 355 eduntur
3268 307 3559 368 acctptunt,
3586 300 3683 357 sed

2100 398 2266 453 certis
2291 405 2346 451 et
2376 393 2635 451 ordinatis
2668 393 3032 463 provehantur
3052 391 3350 462 augmentis
3367 432 3383 459 ,
3414 390 3591 449 donec
3616 392 3686 451 ad

2102 492 2395 561 perfectam
2438 490 2525 545 sui
2557 489 2776 545 habitus
2806 488 3158 558 quantitatem
3206 503 3303 557 per
3339 487 3683 545 succedenti:

2099 583 2201 639 sibi
2232 585 2561 639 incrementa
2592 582 2945 652 perveniant;
2977 583 3052 638 ita
3081 589 3136 637 et
3154 582 3360 636 semina
3383 582 3683 637 charisma-

2107 685 2216 730 tum
2252 675 2554 745 plantteque
2582 676 2840 729 virtutum
2862 716 2875 738 ,
2909 688 3014 728 non
3053 674 3104 727 in
3136 674 3284 727 omni
3330 687 3464 743 agro
3502 674 3682 731 cordis

2101 767 2321 822 humani
2359 776 2527 821 totum
2575 765 2676 821 hoc
2712 766 2937 836 pariter,
2976 765 3117 836 quod
3163 774 3289 819 sunt
3326 763 3499 819 futura
3523 806 3539 831 ,
3583 780 3681 821 na-

2099 866 2345 921 scuntur,
2368 870 2469 910 nec
2493 855 2646 911 facile
2669 855 2938 923 reperitur
2963 857 3015 909 in
3040 854 3275 911 exordio
3303 856 3606 925 maturitas,
3628 864 3683 912 et

2100 946 2155 1002 in
2187 947 2530 1002 inchoatione
2558 947 2840 1016 perfectio.
2881 948 3092 1001 Exserit
3124 946 3342 1015 quidem
3374 948 3681 1017 frequenter

2101 1046 2294 1105 potens
2320 1046 2375 1092 et
2407 1037 2720 1092 misericors
2755 1038 2898 1091 Deus
2939 1036 3210 1091 mirabiles
3240 1036 3374 1090 istos
3402 1050 3515 1090 suae
3555 1052 3681 1105 ope-

2099 1129 2325 1183 rationis
2356 1128 2606 1194 effectus,
2648 1140 2699 1183 et
2724 1129 3044 1199 quibusdam
3069 1129 3339 1183 mentibus
3361 1144 3467 1184 non
3492 1143 3682 1201 exspe-

2099 1228 2240 1274 ctata
2256 1219 2590 1289 profectuum
2608 1235 2780 1281 mora,
2801 1227 2968 1274 totum
2990 1219 3149 1273 simul
3173 1219 3429 1289 quidquid
3452 1221 3681 1274 collatu-

2100 1326 2191 1365 rus
2228 1318 2345 1373 est,
2377 1310 2602 1365 invehit.
2634 1309 2690 1364 ln
2727 1309 2959 1364 Abrahae
2994 1310 3188 1364 lumbis
3219 1309 3347 1364 Levi
3379 1310 3682 1365 sanctifica-

2100 1410 2187 1457 tur
2218 1402 2373 1473 (Iieb.
2406 1418 2498 1468 vtt,
2535 1402 2649 1472 10),
2682 1412 2737 1457 et
2772 1401 2932 1456 simul
2962 1418 3082 1456 cum
3118 1417 3183 1455 eo
3205 1403 3397 1456 dutnus
3426 1407 3601 1457 Aaron
3629 1412 3683 1458 et

2100 1493 2453 1548 sacerdotalis
2505 1494 2640 1548 ordo
2690 1493 3027 1548 benedicitur
3077 1491 3225 1563 (Gen.
3277 1509 3398 1556 xtv,
3431 1492 3555 1557 l9).
3626 1495 3680 1549 ln

2100 1584 2248 1638 lsnac
2298 1584 2366 1638 de
2409 1584 2828 1653 repromissione
2861 1592 3155 1652 concepto,
3204 1594 3258 1639 et
3299 1595 3486 1638 contra
3530 1600 3681 1654 spem

364 1704 370 1711 -
417 1668 814 1725 vicissitudines
840 1668 1186 1736 ministravit,
1216 1669 1514 1724 ubertatem
1541 1669 1702 1738 agris,
1739 1669 1964 1738 inultipli
2029 1672 2074 1732 Β
2100 1675 2280 1744 (liam.
2307 1691 2378 1739 tv,
2408 1676 2496 1745 l8)
2523 1676 2788 1729 sterilium
2805 1690 2993 1730 senum
3017 1676 3416 1740 nato,ornnium
3443 1677 3681 1745 gentium

416 1763 682 1818 cationem
711 1761 1028 1828 seminibus,
1060 1760 1441 1816 fecunditatem
1466 1762 1793 1832 generandis
1823 1761 1997 1815 lmini-

417 1856 573 1909 nibus
599 1869 814 1923 semper
838 1865 861 1893 ο
888 1852 1168 1922 impendit.
1192 1853 1258 1907 Et
1278 1852 1323 1906 si
1343 1853 1557 1922 quando
1580 1851 1780 1922 aliquid
1807 1852 1996 1906 herum

418 1945 632 2013 minuit,
682 1943 930 2013 benignis
984 1928 1411 2012 correptionibus
1463 1943 1798 1996 aversioncm
1854 1941 2000 1995 desi-

418 2035 668 2103 diamque
700 2034 843 2089 male
883 2033 1146 2087 utentium
1185 2032 1493 2102 Castigavit;
1528 2043 1585 2086 ut
1624 2032 2000 2087 miserationes

425 2125 541 2194 ejus
569 2132 878 2194 qumrerent
922 2126 972 2178 in
1014 2123 1274 2188 adversis,
1307 2123 1461 2191 cujus
1496 2123 1754 2192 justitiam
1785 2138 1891 2177 non
1932 2125 2000 2177 ti-

420 2227 671 2273 muerant
698 2218 752 2271 in
776 2217 1048 2271 secundis.
1070 2216 1306 2285 Denique
1334 2218 1376 2270 si
1401 2215 1466 2269 ad
1491 2215 1601 2283 ipsa
1632 2213 1815 2268 mundi
1845 2229 2003 2269 exor-

419 2308 507 2363 dia
530 2322 890 2372 recnrramus,
919 2308 1275 2376 inveniemus,
1304 2306 1543 2361 omnium
1571 2316 1883 2361 sanctorum
1910 2306 1999 2376 qui

419 2398 677 2454 diluvium
723 2409 1143 2466 praecesserunt,
1187 2399 1278 2452 Dei
1325 2398 1581 2467 Spiritum
1623 2396 1788 2452 fuisse
1830 2408 2003 2453 recto-

420 2505 559 2553 rem,
591 2498 808 2560 propter
848 2490 987 2558 quod
1023 2498 1079 2544 et
1114 2490 1205 2543 lilii
1251 2490 1342 2543 Dei
1385 2491 1640 2543 nominati
1672 2501 1843 2545 sunt:
1871 2504 2003 2559 quo-

420 2582 589 2650 niam,
632 2584 770 2637 sicut
818 2584 889 2636 ait
926 2582 1242 2652 Apostolus,
1299 2582 1620 2653 Quicumque
1664 2581 1869 2653 Spiritu
1904 2584 2005 2638 Dei

318 2710 329 2715 -
421 2684 669 2747 aguntur,
706 2674 760 2728 Iti
806 2675 906 2745 ﬁlii
943 2684 1061 2729 sunt
1100 2674 1197 2729 Dei
1246 2676 1421 2745 (Rom:
1456 2691 1568 2742 vut,
1608 2674 1719 2745 M).
1765 2675 1838 2730 Et
1882 2690 2004 2732 cum

424 2765 612 2831 iidem,
654 2766 893 2834 neglecta
932 2765 1274 2821 observantia
1323 2773 1557 2836 patrum,
1595 2766 1796 2822 illicitis
1826 2782 1884 2821 se
1916 2782 2005 2822 re-

424 2859 718 2928 proborum
746 2856 1032 2913 connubiis
1060 2858 1425 2923 miscuissent,
1456 2866 1618 2929 atque
1647 2859 1717 2913 ob
1744 2859 2005 2913 nefariam

424 2949 738 3007 societatem
780 2949 925 3020 digni
954 2949 1275 3005 exterminio
1309 2949 1703 3020 judicarentur,
1745 2947 2006 3006 Dominus

2105 1769 2317 1822 vacatio
2339 1810 2353 1831 ,
2387 1777 2439 1822 et
2482 1776 2588 1821 tota
2617 1767 2818 1822 CltriSti
2850 1766 3023 1822 forma
3066 1766 3454 1837 prmconditur.
3485 1768 3681 1835 Jacob,

2101 1860 2247 1913 nullo
2264 1859 2452 1912 merito
2471 1858 2813 1925 suffragante,
2834 1857 3065 1913 dilectus
3084 1859 3389 1927 priusquam
3408 1867 3681 1925 nascatur,

2100 1951 2316 2019 eligitur
2342 1948 2656 2021 (Mutarim,
2684 1948 2740 2013 2;
2764 1948 2913 2003 Rom.
2943 1964 3019 2015 lx,
3056 1948 3167 2017 l3).
3190 1947 3441 2003 Jeremize
3465 1949 3680 2019 dicitur,

2101 2038 2414 2109 Priusquam
2447 2049 2493 2093 te
2523 2042 2797 2109 formarem
2820 2038 2875 2091 in
2906 2048 3071 2104 utero,
3106 2039 3221 2091 novi
3260 2046 3309 2091 te
3351 2054 3369 2092 :
3420 2047 3469 2092 et
3516 2041 3683 2109 prius-

2100 2146 2256 2199 quam
2297 2131 2467 2185 exires
2514 2130 2579 2183 de
2619 2130 2792 2194 vulva,
2820 2129 3132 2199 sanctiﬁcavi
3176 2140 3223 2182 te
3252 2128 3471 2196 (Jerem.
3506 2145 3559 2198 t,
3605 2132 3680 2201 5).

2113 2217 2353 2272 Joannes
2370 2217 2514 2270 intra
2535 2218 2819 2272 Elizabeth
2843 2228 3250 2273 matrtswscera
3270 2220 3475 2289 Spiritu
3495 2231 3681 2277 sancto

2115 2309 2358 2378 repletus
2374 2308 2612 2362 exsultat
2645 2308 2794 2373 (Luc.
2821 2326 2860 2373 t,
2896 2310 3009 2378 44),
3038 2318 3094 2363 et
3123 2319 3183 2363 ut
3208 2311 3393 2366 nullus
3421 2312 3567 2367 inter
3586 2329 3680 2368 na-

2118 2408 2201 2454 tos
2220 2400 2510 2454 mulierum
2536 2401 2710 2471 major
2729 2401 2798 2455 sit
2817 2400 3024 2471 (Matth.
3051 2417 3124 2465 ιι,
3149 2401 3261 2468 11),
3316 2404 3470 2476 prius
3519 2405 3681 2459 sentit

2118 2488 2272 2543 initia
2301 2489 2486 2555 gratia:
2515 2505 2678 2558 quam
2709 2499 2942 2546 naturae.

2180 2581 2287 2639 Sed
2313 2598 2431 2637 cum
2464 2593 2512 2637 et
2546 2582 2648 2636 alia
2673 2582 2927 2637 similium
2955 2581 3405 2636 documentorum
3435 2579 3678 2648 exempla

2107 2687 2214 2727 non
2246 2673 2445 2738 desint,
2475 2689 2593 2740 quae
2616 2672 2900 2727 brevitatis
2930 2671 3107 2727 studio
3129 2672 3489 2740 prmterimus,
3517 2672 3683 2725 multo

2111 2776 2286 2821 tamen
2330 2767 2594 2829 crebrior,
2626 2767 2904 2836 multoque
2934 2766 3270 2821 numerosior
3309 2779 3434 2835 pars
3467 2765 3557 2820 illa
3586 2765 3682 2818 ho-

2110 2857 2313 2911 minutn
2344 2868 2447 2921 est,
2480 2859 2562 2913 cui
2594 2858 2954 2926 particulatim
2981 2856 3237 2927 quidquid
3265 2872 3499 2927 superna
3527 2857 3685 2927 largi-

2112 2958 2194 3003 tas
2220 2948 2424 3015 donat,
2456 2949 2745 3015 accrescit;
2802 2959 2860 3005 ut
2906 2948 3354 3005 conferendarum
3404 2964 3681 3003 munerum

424 3039 518 3103 ait,
550 3037 669 3093 Non
709 3039 1018 3110 permanebit
1048 3038 1278 3109 Spiritus
1300 3056 1439 3094 meus
1474 3040 1527 3093 in
1562 3038 1849 3096 hominibus
1877 3041 2010 3108 istis,
2038 3033 2084 3096 C
2119 3054 2328 3107 causae,
2358 3039 2424 3094 de
2454 3040 2537 3094 his
2583 3055 2703 3109 quin
2728 3050 2855 3095 sunt
2879 3040 3098 3110 collata,
3129 3040 3426 3110 pariantur.
3458 3038 3682 3105 Quirhm

424 3131 667 3199 quoniam
692 3147 810 3184 caro
842 3141 957 3184 sunt
990 3130 1195 3203 (Gencs.
1223 3147 1295 3198 Vl,
1328 3132 1405 3202 5).
1437 3130 1591 3188 Unde
1616 3142 1839 3202 apparet
1864 3132 2005 3201 illud

431 3224 530 3277 i-te
555 3224 804 3291 populus,
829 3224 982 3292 cujus
1006 3226 1384 3293 generationes
1411 3225 1644 3280 discreto
1674 3224 1864 3278 ordine
1885 3238 2007 3277 eum

426 3329 691 3368 annorum
718 3329 945 3370 numero
969 3315 1305 3386 digeruntur,
1332 3317 1588 3386 spiritalis
1604 3324 1757 3370 antea
1785 3314 1918 3382 fuit;
1945 3330 2008 3371 ea

429 3404 615 3472 utique
665 3404 938 3460 voluntate
983 3406 1069 3459 cui
1113 3396 1345 3474 spiritus
1390 3417 1609 3461 sanctus
1650 3406 2004 3475 praesidebat:

428 3494 510 3549 sic
547 3494 864 3563 impendens
906 3495 1287 3550 moderaminis
1320 3497 1399 3550 sui
1441 3498 1701 3566 regimen,
1743 3505 1801 3551 ut
1842 3497 2009 3551 decli-

437 3586 599 3641 nandi
632 3585 698 3639 ad
731 3586 854 3639 vitia
885 3602 989 3640 non
1020 3587 1281 3641 adimeret
1330 3595 1648 3657 potestatem
1680 3605 1693 3640 :
1727 3602 1829 3657 qua
1857 3596 2009 3657 potes

433 3686 571 3732 state
622 3676 707 3731 hic
747 3677 974 3747 populus
1011 3677 1056 3731 si
1099 3691 1205 3731 non
1254 3686 1518 3746 uteretur,
1547 3693 1655 3732 non
1685 3679 2014 3746 relinqueret

432 3767 623 3834 Deum,
653 3783 751 3823 nec
778 3768 1171 3838 relinqueretur
1196 3783 1225 3821 a
1259 3768 1391 3834 Deo,
1417 3778 1666 3837 essetque
1694 3768 1783 3823 ille
1811 3768 1877 3822 de
1905 3783 2012 3837 quo

431 3857 631 3914 dictum
669 3867 774 3926 est,
819 3858 972 3913 Felix
1011 3860 1099 3930 qui
1138 3861 1303 3929 potuit
1354 3859 1665 3932 transgredi,
1700 3867 1749 3913 et
1791 3876 1893 3913 non
1936 3868 2013 3913 est

433 3963 782 4023 transgressus
825 3951 1017 4019 (Eccli.
1060 3967 1208 4017 xxxi,
1250 3952 1362 4018 l0).
1403 3950 1667 4018 Quamdiu
1704 3966 1832 4020 ergo
1871 3951 2012 4021 apud

436 4041 604 4097 Deum
637 4040 853 4109 mansit,
883 4054 943 4095 ea
968 4041 1241 4095 voluntate
1273 4043 1472 4096 mansit
1494 4056 1653 4110 quam
1679 4041 1822 4095 Dens
1846 4040 2015 4110 inspi-

432 4132 572 4188 ravit
612 4141 666 4186 et
696 4131 853 4185 rexit.
912 4129 1243 4195 Pratparatur
1272 4134 1426 4199 enim,
1460 4134 1599 4187 sicut
1622 4133 1881 4203 scriptum
1910 4142 2012 4199 est,

433 4223 667 4278 uoluntas
693 4238 726 4277 a
753 4220 974 4277 Domino
998 4222 1181 4294 (Prov.
1212 4240 1325 4290 Vttt,
1359 4241 1460 4279 sec.
1495 4223 1697 4295 LXX).

940 4336 1103 4407 397
1143 4333 1371 4390 CAPUT
1413 4335 1503 4389 XI.

2111 3142 2327 3200 accepta
2371 3132 2510 3195 fide,
2546 3130 2840 3187 diffidentia
2892 3146 2997 3185 non
3045 3140 3265 3195 carent,
3314 3145 3469 3198 quam
3505 3133 3686 3195 utique

2113 3224 2289 3277 inesse
2331 3223 2430 3276 sibi
2474 3230 2732 3285 noierat,
2783 3223 2870 3291 qui
2902 3221 3145 3286 dicebat,
3204 3222 3398 3283 Credo,
3431 3219 3680 3285 Domine,

2112 3315 2303 3387 adjuva
2348 3314 2754 3369 incredulitatem
2801 3331 2961 3368 nteant
2990 3312 3177 3384 (Marc,
3232 3330 3314 3377 Ix,
3354 3309 3473 3380 ‘23).
3519 3311 3682 3377 Quam

2112 3424 2213 3464 nec
2260 3409 2336 3462 illi
2374 3408 2564 3463 abesse
2588 3410 2798 3478 penitus
2826 3425 2853 3461 a
2881 3409 2992 3461 suis
3024 3407 3217 3460 animis
3246 3405 3569 3468 sentiebant,
3599 3403 3683 3470 qui

2111 3501 2393 3565 dixerunt,
2434 3501 2575 3570 Auge
2603 3500 2743 3553 nobis
2773 3499 2928 3568 ﬁdem
2973 3498 3123 3567 (Luc.
3174 3512 3303 3559 xvu.
3345 3496 3424 3565 5).
3460 3496 3684 3561 Quidam

2113 3592 2258 3661 quod
2289 3590 2519 3647 credunt
2548 3607 2653 3643 non
2689 3590 3014 3658 intelligunt,
3044 3595 3098 3640 ct
3125 3586 3272 3640 multi
3301 3600 3488 3640 eorum
3521 3585 3609 3636 diu
3636 3586 3684 3635 in

2114 3695 2225 3736 suae
2257 3680 2617 3749 simplicitatis
2645 3680 2859 3732 modulo
2887 3678 3215 3731 detinentur.
3246 3675 3391 3729 Multi
3425 3689 3559 3728 vero
3583 3680 3687 3726 cito

2117 3772 2427 3828 intellectus
2458 3773 2632 3825 lumen
2660 3768 2948 3838 accipiunt.
2976 3769 3143 3838 898
3172 3767 3287 3835 |p~a
3321 3774 3499 3819 autem
3533 3765 3687 3819 intel-

2116 3863 2330 3933 ligentia
2361 3878 2465 3915 non
2492 3861 2545 3914 in
2570 3861 2819 3914 omnibus
2848 3860 3092 3912 eumdem
3124 3858 3280 3910 habet
3310 3856 3571 3924 vigorem,
3599 3862 3688 3907 aut

2117 3956 2348 4011 similem
2382 3954 2711 4007 facultatem.
2757 3952 2821 4005 Et
2864 3950 3114 4019 plurimi,
3144 3966 3261 4001 cum
3291 3958 3343 4001 et
3373 3947 3477 4000 fide
3507 3954 3562 4000 et
3610 3946 3688 3998 in-

2119 4048 2337 4101 tellecta
2364 4044 2646 4098 videantur
2668 4042 2872 4104 ornati,
2908 4041 3150 4095 laborant
3186 4049 3363 4091 tamen
3393 4035 3688 4105 indigentia

2116 4139 2425 4203 charitatis,
2475 4146 2529 4192 et
2556 4136 2638 4191 his
2667 4152 2782 4205 quae
2823 4135 2929 4188 fide
2973 4141 3028 4188 et
3058 4132 3329 4186 intellectu
3368 4129 3555 4184 vident
3598 4142 3691 4182 nc-

2118 4242 2320 4298 queunt
2349 4230 2658 4284 inhaerere:
2711 4227 2965 4297 quoniam
3013 4222 3343 4293 perseverari
3394 4221 3446 4274 in
3476 4234 3545 4275 eo
3587 4233 3689 4272 non

2118 4333 2316 4392 potest,
2347 4322 2485 4391 quod
2510 4337 2614 4375 non
2643 4329 2756 4375 toto
2781 4318 2942 4373 corde
2962 4316 3218 4386 diligitur.
3252 4315 3453 4366 Donum
3479 4325 3691 4379 quoque

437 4423 746 4479 Hominibus
796 4426 901 4493 fere
945 4400 1195 4497 paid—(uim
1236 4437 1286 4480 et
1338 4427 1686 4493 particulatim
1730 4429 1971 4481 accrescit
1995 4468 2010 4494 ,
2044 4405 2095 4465 D
2119 4412 2285 4482 ῙΡδῖυε
2312 4413 2590 4467 Charilaus
2628 4426 2732 4464 "0“
2762 4423 2977 4477 semper
3006 4405 3271 4497 ei“§"'0di
3303 4411 3507 4497 imum
3538 4400 3690 4497 (Ιυίψ

650 4500 786 4566 quod
815 4513 1037 4567 srpcrna
1067 4498 1279 4568 largitas
1304 4498 1375 4550 eis
1405 4498 1530 4550 dare
1560 4498 1800 4553 decrevit.

504 4588 609 4642 Sed
639 4588 798 4658 hujus
841 4589 1248 4659 praeparationis
1276 4604 1382 4644 non
1410 4602 1548 4643 unus
1584 4603 1799 4658 semper
1824 4603 2014 4659 prove-

434 4687 574 4747 ctus,
594 4694 692 4734 nec
722 4695 827 4734 una
858 4694 1109 4737 mensura
1131 4691 1234 4736 est.
1259 4680 1523 4749 Quoniam
1552 4681 1733 4735 multis
1758 4681 1932 4736 modis
1958 4691 2015 4737 et

436 4772 916 4828 innumerabilibus
960 4772 1311 4841 differentiis,
1362 4774 1548 4843 gratia:
1594 4789 1754 4842 opera
1794 4784 1847 4828 et
1873 4775 2013 4829 dona

436 4866 741 4932 variantur,
774 4864 937 4936 inque
973 4866 1104 4935 ipsis
1145 4866 1373 4935 singulis
1400 4864 1692 4935 generibus
1725 4880 2009 4919 munerum

437 4957 724 5013 dissimiles
750 4966 875 5012 sunt
912 4956 1115 5026 gradus
1143 4965 1197 5013 et
1223 4957 1457 5027 impares
1486 4957 1829 5026 quantitates.
1863 4956 2012 5011 Sicut

438 5052 585 5104 enim
615 5050 667 5104 in
698 5048 1030 5119 germinibus
1062 5049 1347 5104 herbarum
1377 5059 1537 5119 atque
1569 5048 1864 5118 lignorum,
1896 5064 2013 5117 quae

439 5149 583 5197 terra
616 5141 891 5211 producit,
924 5155 1029 5195 non
1065 5155 1168 5195 una
1193 5141 1434 5210 species,
1474 5156 1573 5195 nec
1603 5155 1766 5193 unum
1810 5141 1860 5193 in
1893 5156 2013 5194 om-

440 5235 600 5290 nibus
622 5250 792 5306 genus
819 5246 931 5301 est;
973 5234 1065 5289 sed
1098 5234 1305 5304 singula
1336 5248 1562 5303 quaeque
1594 5233 1645 5285 in
1674 5232 1756 5285 sui
1794 5233 2016 5286 seminis

441 5323 643 5393 forma,
670 5336 724 5381 et
749 5325 801 5381 in
824 5340 934 5382 sure
962 5327 1144 5397 Stirpis
1166 5326 1420 5396 qualitate
1452 5326 1763 5395 gignuntur,
1800 5324 2014 5394 plenum

514 5550 660 5633 {Sic
684 5565 811 5633 mss.
839 5551 1024 5607 Camb.
1052 5560 1104 5606 et
1133 5550 1233 5607 Jol.
1280 5564 1339 5603 ac
1370 5548 1562 5605 Leonis
1591 5546 1717 5603 edit.
1750 5546 1891 5604 Editi
1917 5562 2012 5599 n0-

441 5627 563 5689 ltri,
588 5627 907 5692 cogitatione.

2114 4504 2239 4572 quid
2269 4504 2333 4556 ad
2360 4502 2750 4572 plenitudinem
2780 4500 2947 4567 ipsius
2976 4496 3204 4566 pertinet
3225 4534 3239 4559 ,
3275 4492 3432 4546 simul
3462 4506 3490 4543 a
3520 4492 3690 4559 perci-

2116 4596 2293 4666 piente
2322 4603 2577 4649 sumatur.
2606 4593 2697 4647 Est
2723 4593 2863 4646 enim
2897 4605 3047 4643 amor
3071 4588 3156 4658 qui
3183 4596 3352 4655 potest
3378 4582 3485 4637 alio
3507 4597 3687 4636 amore

2114 4686 2387 4756 superari,
2420 4693 2476 4738 et
2518 4698 2663 4752 saepe
2705 4682 2922 4736 dilectio
2966 4677 3151 4733 Deiex
3185 4674 3365 4729 nnmdi
3400 4672 3685 4727 dilectione

2117 4781 2428 4842 marcescit;
2480 4776 2580 4830 nisi
2626 4774 2691 4829 ad
2731 4790 2851 4828 enm
2904 4772 3200 4829 fervorem.
3248 4766 3454 4835 Spiritu
3508 4775 3686 4817 saneto

2119 4870 2505 4937 inflammante,
2541 4867 2847 4937 proiecerit,
2876 4864 2963 4934 qui
2995 4862 3142 4916 nullo
3170 4856 3441 4927 exstingui
3473 4855 3687 4926 frigore-

2117 4961 2267 5016 nullo
2316 4960 2482 5029 possit
2534 4969 2719 5027 tepore
2772 4956 3047 5026 languere.
3080 4951 3210 5006 Cum
3264 4950 3444 5017 itaque
3485 4949 3537 5001 in
3593 4946 3691 5001 hoc

2119 5051 2459 5109 inenarrabili
2492 5050 2635 5105 dono
2664 5049 2781 5116 Dei,
2814 5047 3050 5101 omnium
3074 5057 3282 5098 summa
3313 5042 3609 5101 donorum,
3640 5049 3688 5092 et

2117 5144 2361 5215 quaedam
2394 5149 2708 5197 cunctarum
2739 5139 2808 5193 sit
2839 5137 2948 5195 vita
2970 5135 3245 5197 virtutum,
3276 5130 3341 5185 ad
3374 5130 3478 5184 hoc
3498 5136 3684 5184 caetera

2119 5234 2490 5296 conferuntur,
2540 5240 2593 5284 ut
2641 5230 2835 5284 habeat
2880 5226 3075 5281 anima:
3117 5223 3284 5278 ﬁdelis
3322 5219 3551 5276 intentio
3596 5233 3686 5285 per

2121 5342 2239 5396 qua:
2269 5325 2333 5379 ad
2365 5322 2654 5394 perlectam
2688 5319 3001 5376 charitatem
3026 5317 3195 5387 possit
3214 5313 3364 5372 eniti.
3398 5311 3529 5380 Quae
3555 5322 3678 5380 quo-

2193 5544 2218 5581 ι’
2250 5544 2346 5599 Ms.
2385 5542 2652 5603 .loliensis,
2687 5539 2803 5606 quia
2827 5554 3095 5608 nequeant.

2198 5627 2216 5650 '
2250 5616 2372 5670 Mss.
2405 5614 2587 5667 Camb.
2614 5621 2667 5666 ct
2697 5610 2823 5674 10L,
2856 5608 3121 5677 impertiit.
