4040 6178
274 233 367 289 697

1111 230 1201 287 DE
1245 229 1635 288 VOCATIONE
1677 227 1942 284 OMNIUM
1988 228 2299 285 CENTlUM
2339 229 2542 285 LIBER
2584 229 2648 286 II.

3409 229 3518 293 698

272 354 401 407 niam
432 362 534 401 non
562 346 735 399 solum
761 359 825 400 ex
855 344 990 413 Deo,
1016 343 1111 400 sed
1137 345 1297 400 etiam
1324 345 1462 398 Deus
1490 352 1571 398 est
1598 342 1641 414 (ἰ
1671 338 1830 395 Joan.
1862 343 1910 401 Α
1940 349 2164 408 tantem,
2187 342 2435 413 dignatur
2460 345 2720 399 Dominus
2749 353 2972 412 paterno
2995 347 3240 416 mitigare
3264 346 3512 414 consilio,

269 458 334 504 tv,
363 440 436 509 8),
464 437 686 491 stabiles
725 445 777 490 et
810 445 1218 505 perseverantes
1252 442 1412 504 atque
1442 434 1830 502 insuperabiles

268 532 414 594 facit,
441 543 571 598 quos
604 526 823 581 flumine
854 534 880 562 η
910 540 1023 579 sua:
1055 525 1339 594 voluptatis
1377 525 1696 593 impleverit.
1728 522 1828 590 Qui

273 634 433 676 autem
479 621 697 672 istarum
745 632 1005 688 aquarum
1060 616 1400 670 dulcedinem
1451 613 1725 679 nesciunt,
1777 622 1833 667 et

272 712 430 766 adhuc
450 709 517 767 de
533 710 717 763 mundi
737 710 894 776 hujus
910 708 1238 763 torrentibus
1258 707 1464 773 bibttnt,
1489 716 1580 760 aut
1604 709 1763 759 etiam
1785 704 1831 758 si

270 803 454 873 aliquid
479 801 806 870 primoribus
845 800 1009 855 labris
1035 800 1104 854 de
1134 800 1256 853 vitae
1279 798 1431 853 fonte
1455 807 1829 868 gustaverunt,

270 894 550 949 ltinebriari
583 904 759 947 tamen
788 906 952 946 aureo
982 890 1273 961 Babylonis
1302 889 1470 945 calice
1496 889 1835 944 delectantur

270 987 440 1059 (Apoc.
470 1001 583 1051 xxv,
613 985 668 1050 8,
698 994 746 1038 ct
778 1000 883 1049 xvi,
918 984 984 1039 19
1006 988 1066 1054 );
1111 998 1210 1038 suo
1244 997 1464 1053 prorsus
1494 982 1835 1051 decipiuntur

267 1076 500 1141 arbitrio,
524 1091 617 1130 sua
640 1077 915 1130 voluntate
938 1075 1189 1129 labuntur
1221 1089 1234 1125 :
1264 1082 1319 1128 et
1347 1074 1393 1128 si
1424 1073 1479 1128 in
1508 1072 1608 1127 hac
1628 1072 1834 1127 desidia

269 1180 631 1240 perseverant,
660 1168 760 1237 ipsi
785 1186 845 1224 se
874 1169 1087 1238 hisquae
1108 1183 1367 1237 accepere
1392 1167 1708 1236 dispoliant.
1737 1165 1837 1219 Fa-

267 1261 361 1316 cile
377 1260 520 1314 enim
542 1260 792 1329 quaelibet
810 1261 949 1314 bona
974 1260 1090 1314 sine
1106 1258 1369 1314 cbaritate
1386 1265 1609 1327 possunt
1629 1256 1803 1325 perire
1818 1299 1832 1325 ,

267 1368 379 1424 qua:
395 1365 502 1407 non
518 1351 870 1422 possuntsine
884 1351 1145 1407 charitate
1157 1350 1466 1421 prodesseﬂ
1482 1350 1598 1406 Cor.
1619 1364 1738 1416 xm,
1752 1346 1835 1419 4).

861 1481 1088 1541 CAPUT
1126 1481 1241 1536 ΧΠ.

267 1575 461 1629 Divina
480 1574 856 1629 constitutionis
881 1591 982 1628 non
1010 1582 1084 1627 est
1112 1582 1288 1628 nostra
1309 1590 1341 1626 a
1364 1571 1474 1625 Deo
1500 1570 1720 1632 aversio,
1750 1569 1839 1623 sed

330 1647 553 1717 propria:
580 1647 887 1711 voluntatis;
917 1646 1130 1712 ideoque
1160 1643 1325 1698 meriti
1373 1643 1589 1696 hominis
1634 1658 1740 1695 esse
1795 1640 1838 1692 si

330 1718 534 1775 steterit,
565 1718 681 1784 quia
708 1716 886 1769 cadere
918 1716 1102 1783 potuit.

332 1806 457 1861 Haec
508 1816 686 1860 autem
717 1806 1023 1861 summatim
1057 1804 1395 1874 breviterque
1423 1801 1738 1872 perstricta,
1768 1800 1836 1855 ad

267 1895 316 1952 id
342 1897 587 1964 valeant,
613 1908 667 1951 ut
693 1898 991 1953 certissime
1028 1895 1337 1950 noverimus
1364 1893 1565 1949 nullum
1599 1892 1833 1947 fidelium

268 2004 295 2043 a
326 1990 433 2044 Deo
476 2005 582 2043 non
613 1989 981 2044 discedentem
1021 1988 1273 2056 relinqui,
1320 2001 1492 2055 neque
1523 1983 1837 2053 cujusquam

267 2083 471 2136 ruinam
501 2096 569 2135 ex
597 2081 778 2135 divina
799 2095 920 2151 esse
946 2080 1330 2135 constitutione
1360 2078 1672 2147 dispositam
1699 2094 1714 2133 :
1741 2075 1836 2131 sed

267 2174 463 2237 multis,
501 2172 592 2241 qui
617 2172 727 2241 jam
761 2171 963 2241 judicio
997 2172 1220 2225 rationis
1256 2178 1500 2235 utuntur,
1534 2168 1656 2223 ideo
1696 2168 1835 2223 libe-

266 2281 375 2319 rum
398 2279 525 2319 esse
546 2263 846 2330 discedere,
877 2272 932 2316 ut
960 2277 1067 2316 non
1090 2260 1404 2316 discessisse
1434 2260 1506 2316 sit
1528 2258 1836 2329 praemium;

266 2369 317 2414 et
345 2368 397 2413 ut
440 2357 588 2430 quod
619 2372 724 2412 non
772 2365 949 2428 potest
993 2356 1097 2412 nisi
1138 2366 1467 2426 cooperante
1508 2354 1710 2424 Spiritu
1744 2353 1839 2408 Dei

266 2451 395 2519 fieri,
422 2452 545 2520 ejus
571 2460 592 2488 ε
618 2450 827 2504 meritis
847 2449 1159 2518 deputetur,
1193 2448 1347 2517 cujus
1366 2447 1419 2501 id
1448 2447 1623 2516 potuit
1650 2444 1844 2499 volun-

266 2550 367 2596 tate
391 2557 503 2597 non
532 2540 669 2595 ﬁeri.
700 2540 831 2609 Qua:
850 2541 1099 2595 voluntas
1125 2541 1178 2594 in
1208 2539 1363 2593 malis
1394 2537 1693 2592 actionibus
1721 2538 1835 2591 sola

263 2650 378 2691 esse
409 2644 634 2706 potest,
689 2636 740 2689 in
775 2633 929 2689 bonis
958 2642 1135 2689 autem
1182 2633 1294 2688 sola
1326 2647 1447 2687 esse
1486 2646 1593 2686 non
1641 2636 1838 2700 potest.

263 2727 518 2795 Quamvis
538 2727 683 2781 enim
709 2723 737 2763 ἀ
765 2725 1058 2782 secundum
1082 2735 1326 2779 naturam
1350 2724 1421 2778 sit
1449 2723 1587 2793 ejus,
1612 2732 1671 2777 ut
1700 2723 1840 2777 bona

261 2820 356 2887 sit;
386 2821 577 2876 vitium
623 2829 832 2883 tamen,
865 2819 1009 2891 quod
1051 2835 1145 2888 per
1175 2819 1366 2873 malam
1399 2818 1727 2871 voluntatem
1760 2818 1841 2869 in-

261 2912 386 2967 cidit
413 2912 470 2967 in
506 2920 777 2978 naturam,
807 2924 913 2966 non
944 2916 1151 2965 natura;
1179 2915 1463 2978 superatur
1491 2907 1720 2973 virtute,
1746 2905 1841 2964 sed

257 3005 458 3076 gratias.

748 3095 915 3167 399
949 3088 1177 3150 CAPUT
1216 3092 1352 3148 Xlll.

256 3185 555 3245 Bonitatem
584 3184 683 3242 Dei
708 3205 809 3242 non
847 3189 1016 3241 solum
1042 3187 1266 3251 sanctis,
1304 3185 1394 3239 sed
1411 3196 1457 3239 et
1499 3185 1667 3256 impiis
1695 3184 1839 3238 insti-

605 3259 804 3312 tuendis
830 3256 1043 3324 alluisse
1072 3267 1188 3311 ante
1216 3256 1488 3311 diluvium.

323 3374 635 3446 Regebatur
679 3388 809 3443 ergo
852 3374 1058 3444 primus
1100 3374 1186 3428 ille
1213 3374 1446 3444 populus
1488 3374 1583 3429 Dei
1629 3374 1836 3444 Spiritu

258 3463 377 3529 Dei,
426 3473 485 3519 et
517 3478 549 3516 a
576 3463 848 3519 maledicti
877 3478 941 3517 ac
971 3463 1320 3533 pra-damnati
1360 3464 1540 3533 populi
1580 3466 1836 3521 societate

255 3571 315 3610 ac
341 3557 591 3612 moribus
621 3570 718 3625 per
747 3556 1104 3611 eruditionem
1131 3544 1300 3610 sancti
1334 3555 1566 3625 Spiritus
1593 3556 1835 3611 abstine-

254 3649 359 3715 bat,
391 3649 715 3704 custodiens
742 3648 1122 3704 discretionem
1150 3651 1232 3703 sui
1262 3666 1288 3702 a
1322 3649 1681 3719 permixtione
1711 3666 1831 3705 car-

253 3741 445 3793 nalium
475 3760 489 3795 :
518 3756 747 3809 quorum
772 3741 912 3794 mala
939 3741 1139 3794 tamdiu
1164 3740 1414 3795 sustinuit
1438 3742 1691 3807 patientia
1715 3742 1833 3806 Dei,

248 3831 502 3899 quamdiu
559 3830 707 3898 boni,
750 3845 849 3899 per
876 3829 927 3885 id
976 3831 1117 3899 quod
1147 3845 1243 3886 eos
1294 3844 1404 3885 non
1456 3831 1830 3899 imitabantur,

249 3920 460 3987 placere
518 3929 809 3990 potuerunt
858 3920 999 3976 :ubi
1026 3937 1155 3977 vero
1200 3922 1361 3976 etiam
1404 3922 1529 3977 boni
1568 3922 1832 3977 malorum

247 4010 557 4066 imitatione
600 4012 840 4082 corrupti
883 4022 1036 4078 sunt,
1068 4021 1123 4068 et
1154 4023 1175 4052 ο
1208 4029 1300 4083 per
1324 4016 1687 4070 voluntarium
1734 4017 1833 4072 de-

249 4103 443 4157 fectum
480 4106 535 4156 in
584 4105 827 4160 eamdem
861 4107 1154 4174 nequitiam
1189 4104 1209 4144 ί
1251 4108 1582 4177 conspiravit
1618 4111 1835 4164 univer-

246 4196 376 4249 sitas
408 4214 424 4251 :
459 4212 602 4267 quos
624 4236 639 4260 ,
667 4208 889 4266 excepta
919 4197 1031 4252 Noe
1058 4199 1249 4266 domo,
1294 4215 1400 4254 una
1431 4201 1679 4270 impietas
1705 4218 1833 4272 pro-

247 4283 486 4349 fanavit,
512 4288 778 4341 sententia
813 4302 913 4341 una
938 4287 1157 4342 delevit.
1189 4288 1407 4344 Bonitas
1436 4300 1613 4344 autem
1647 4290 1742 4346 Dei
1766 4307 1835 4348 ne

244 4377 321 4431 illi
353 4381 582 4447 quidem
616 4382 752 4447 parti
784 4380 971 4445 defuit,
1003 4396 1123 4450 qua:
1153 4382 1203 4435 in
1229 4382 1489 4437 charitate
1520 4399 1625 4437 non
1648 4385 1828 4451 stetit,

244 4477 298 4521 et
331 4472 399 4523 ah
445 4471 610 4525 initio
645 4471 761 4539 sui,
806 4487 1013 4527 veneno
1048 4473 1298 4528 diabolici
1334 4474 1515 4529 livoris
1554 4476 1828 4532 intumuit.
1859 4460 1910 4518 Ῑ)

243 4560 557 4633 Principem
589 4565 732 4619 enim
755 4565 929 4634 gentis
957 4565 1155 4633 impiae,
1185 4567 1355 4621 sancti
1400 4567 1582 4621 fratris
1623 4570 1830 4625 meritis

243 4658 580 4715 invidentem
598 4699 613 4727 ,
657 4659 967 4730 caedemque
993 4659 1110 4730 ejus
1135 4660 1440 4730 parricidali
1469 4662 1632 4718 corde
1662 4665 1833 4720 medi-

309 4828 335 4856 ι
369 4819 507 4876 Mss.
544 4817 652 4873 Jol.
681 4828 733 4873 et
763 4818 977 4887 Camb.,
1018 4836 1127 4875 sum
1160 4823 1466 4888 voluntatis,
1506 4833 1561 4880 et
1585 4826 1664 4880 sic
1702 4829 1830 4884 olim

240 4888 289 4942 in
327 4890 542 4944 Leone.
572 4892 639 4942 At
670 4890 779 4949 alii,
814 4907 921 4943 sua:
948 4891 1242 4956 voluptatis.

309 4958 339 5031 lt
370 4958 774 5031 Sicrmsalol.
815 4970 875 5031 et
908 4960 1038 5013 edit.
1074 4961 1302 5031 Lovan.,
1342 4962 1507 5018 Duac.
1547 4973 1600 5019 et
1638 4966 1831 5023 Colon.

239 5038 293 5082 et
324 5030 532 5084 Leonis
567 5030 751 5092 editio,
777 5030 1012 5083 inebrioti
1042 5040 1233 5086 tamen.

315 5112 337 5138 ο
376 5101 449 5154 Ita
488 5116 623 5152 tttss.
655 5100 889 5165 Thuan.,
918 5101 1104 5156 Camb.
1135 5113 1186 5155 et
1208 5102 1312 5157 Jol.
1338 5113 1391 5158 et
1422 5103 1620 5161 Leonis
1641 5107 1829 5164 editio.

243 5170 382 5241 Editi
420 5172 701 5238 Prosperi,
729 5187 905 5223 eorum
936 5174 1213 5226 meritis....
1240 5190 1475 5241 quarunt.

310 5240 336 5277 ά
368 5241 389 5295 1
418 5256 449 5293 a
512 5255 642 5293 mss.
689 5241 1015 5295 Cntnberon.
1070 5254 1123 5294 et
1163 5243 1269 5297 Jol.
1322 5254 1375 5297 et
1407 5246 1598 5299 Leonis
1644 5248 1830 5303 editio.

244 5309 384 5365 Editi
416 5325 560 5364 vero
588 5311 836 5377 Prosperi
859 5352 874 5376 ,
897 5313 1175 5365 secundum
1205 5326 1441 5367 naturam
1465 5316 1530 5369 sit
1559 5315 1755 5371 homini
1782 5330 1839 5373 ut

242 5382 388 5455 bona:
412 5383 480 5433 sit
528 5380 838 5455 voluntatis;
886 5383 1059 5435 vitium
1108 5394 1302 5455 tamen,
1348 5386 1603 5455 quodper
1645 5390 1838 5443 malum

240 5454 566 5526 voluntatertt
589 5454 734 5504 irruit
756 5453 809 5505 in
832 5462 1087 5506 naturam.
1113 5454 1213 5507 Ms.
1242 5455 1393 5509 Catn.
1430 5453 1608 5511 tamen
1642 5459 1834 5526 habet,

240 5522 425 5578 incidit
454 5523 509 5574 in
534 5526 755 5576 ruinam.
1548 5582 1553 5587 ,

313 5601 338 5629 °
371 5594 518 5646 Editi
556 5592 758 5657 nostri,
786 5609 877 5664 per
922 5594 1215 5648 voluntatis.
1246 5594 1372 5648 Mss.
1404 5596 1591 5651 Camb.
1626 5607 1681 5655 ct
1726 5599 1836 5655 Jol.

239 5674 307 5720 ac
326 5664 536 5719 Lectos
572 5664 735 5719 editio
760 5666 1046 5734 pos'erior,
1074 5682 1163 5735 per
1184 5667 1550 5721 volunta'imn.

1935 433 2122 488 dicens
2166 435 2231 488 ad
2279 435 2408 490 Cain
2437 477 2453 501 ,
2514 437 2582 491 Ut
2627 438 2753 507 quid
2783 439 2942 493 tristis
2973 444 3138 509 factus
3161 440 3255 494 es?
3299 437 3366 493 Ut
3393 437 3518 509 quid

1934 525 2155 578 concidit
2202 526 2369 579 vultus
2415 528 2580 582 tuus?
2625 526 2815 581 Nonne
2864 529 2908 581 si
2936 539 3067 583 recte
3111 526 3335 594 offeras,
3384 538 3520 582 recte

1933 624 2100 667 auten
2132 631 2232 668 non
2264 615 2485 680 dividas,
2517 617 2772 685 peccasti?
2796 618 3013 685 quiesce.
3053 617 3129 671 Ad
3172 627 3221 671 te
3258 619 3395 671 enim
3420 620 3518 671 erit

1935 706 2197 760 conversio
2222 709 2365 777 ejus,
2395 716 2443 762 et
2474 717 2529 762 tu
2574 708 2917 763 dominaberis
2961 712 3074 780 ejus
3103 707 3257 778 (Gen.
3306 724 3384 776 tv,
3435 709 3511 779 6).

1936 795 2178 865 Depone,
2209 797 2416 866 inquit,
2444 807 2614 853 ortam
2641 799 2710 855 de
2732 800 2949 855 invidia:
2971 801 3314 858 annulatione
3344 802 3515 856 tristi-

1937 888 2092 956 tiam,
2123 899 2177 944 et
2205 888 2449 946 ﬂammas
2478 891 2588 947 odii
2618 893 2847 948 crudelis
2881 893 3161 963 esstingue
3195 911 3208 946 :
3240 892 3373 948 nihil
3422 892 3516 949 tibi

1938 981 2073 1037 Abel
2118 983 2335 1049 nocuit,
2372 997 2472 1038 nec
2500 984 2631 1039 mihi
2678 986 2942 1055 placeudo
2974 996 3025 1041 te
3080 986 3234 1040 laesit.
3288 986 3518 1054 Despcxi

1939 1087 2160 1127 munera
2193 1083 2280 1127 tua
2311 1087 2433 1128 meo
2456 1072 2682 1145 judicio,
2713 1090 2821 1129 non
2851 1075 2997 1130 illius
3021 1082 3164 1129 voto.
3197 1075 3342 1144 Opu~
3374 1075 3517 1130 enim

1940 1165 2141 1220 bonum
2176 1165 2509 1236 negligenter
2537 1166 2714 1236 egisti.
2746 1167 2911 1222 Recta
2952 1167 3139 1222 fuisset
3167 1168 3367 1221 oblatio
3397 1177 3514 1234 tua,

1940 1254 1989 1309 si
2028 1254 2216 1311 fuisset
2242 1266 2391 1312 recta
2435 1256 2714 1313 discretio.
2752 1257 2940 1314 Sciens
2970 1257 3055 1312 cui
3084 1257 3344 1325 offerres,
3381 1257 3520 1313 scire

1940 1348 2207 1405 debueras
2248 1350 2375 1420 quid
2415 1364 2665 1405 voveres.
2712 1348 2829 1404 Non
2877 1349 3036 1421 digne
3076 1351 3216 1405 inter
3244 1365 3329 1404 me
3365 1358 3419 1405 et
3469 1358 3521 1404 te

1942 1438 2197 1505 divisisti,
2233 1441 2484 1509 quoniam
2516 1440 2611 1494 tibi
2652 1440 2909 1495 elcctiora
2937 1441 3188 1496 servaSti.
3221 1440 3365 1495 Tuus
3393 1456 3522 1511 ergo

1943 1532 2031 1586 hic
2074 1547 2231 1586 error
2254 1541 2364 1595 est,
2394 1540 2650 1601 tuumque
2691 1544 2992 1602 peccatum.
3026 1531 3287 1599 Quiesce,
3333 1539 3388 1587 et
3415 1532 3523 1589 noli

1942 1624 1995 1677 in
2021 1623 2293 1679 insontem
2322 1624 2542 1679 fratrem
2566 1625 2770 1680 moveri
2808 1641 2820 1677 :
2846 1625 2913 1679 ad
2943 1632 2996 1679 te
3030 1625 3205 1693 potius
3252 1633 3338 1677 tua
3366 1623 3523 1692 culpa

1866 1713 1912 1772 Β
1939 1727 2245 1772 revocetur.
2272 1716 2395 1772 Noli
2425 1729 2645 1787 peccato
2685 1732 2907 1787 regnum
2945 1716 3000 1770 in
3030 1725 3082 1771 te
3112 1715 3276 1781 dare,
3328 1714 3422 1770 sed
3468 1725 3523 1769 tu

1940 1808 2120 1877 potius
2158 1811 2209 1863 in
2240 1809 2413 1879 ipsum
2448 1825 2603 1866 sume
2629 1810 2987 1866 dominatum.
3018 1808 3337 1864 Ptenitendo
3375 1808 3520 1862 enim

1939 1914 2040 1955 nec
2084 1900 2135 1955 in
2165 1901 2343 1971 majus
2380 1902 2587 1958 facinus
2617 1903 3008 1973 progredicris,
3039 1912 3096 1959 et
3146 1901 3213 1956 ab
3236 1916 3303 1958 eo
3334 1902 3387 1955 in
3417 1915 3523 1970 quo

1938 2000 1992 2049 te
2017 1992 2170 2049 doles
2209 1994 2571 2064 displicuisse,
2608 1997 2982 2052 mundaberis.

2008 2084 2143 2140 Cum
2164 2100 2296 2156 ergo
2324 2086 2448 2142 talia
2477 2087 2541 2141 ad
2562 2086 2692 2142 Cain
2716 2088 3032 2158 loqueretur
3054 2087 3196 2142 Deus
3214 2127 3231 2153 ,
3262 2085 3521 2155 numquid

1938 2177 2246 2247 ambiguum
2277 2186 2358 2234 est
2383 2178 2616 2234 voluisse
2642 2195 2762 2234 eum
2782 2220 2797 2245 ,
2831 2190 2887 2236 et
2917 2179 3197 2250 (quantum
3224 2178 3291 2233 ad
3318 2187 3343 2226 Β
3374 2178 3523 2232 illum

1941 2269 2190 2325 medendi
2222 2270 2437 2325 modum
2481 2269 2809 2342 sufficiebat)
2832 2271 3033 2341 egisse,
3065 2280 3123 2324 ut
3148 2268 3277 2325 Cain
3319 2269 3387 2323 ab
3433 2269 3524 2322 illo

1939 2359 2233 2429 impietatis
2255 2361 2436 2417 furore
2464 2362 2842 2432 resipisceret?
2876 2362 2982 2417 Sed
3025 2361 3229 2420 malitia
3275 2364 3525 2436 pertinax

1939 2451 2063 2506 inde
2091 2451 2227 2506 facta
2260 2463 2341 2507 est
2379 2453 2820 2527 inexcusabilior,
2855 2460 3001 2514 Unde
3025 2460 3211 2530 debuit
3238 2472 3359 2514 esse
3405 2472 3525 2513 cor-

1939 2544 2163 2598 rectior.
2194 2543 2262 2597 Et
2304 2544 2488 2614 utique
2512 2550 2828 2617 pratscicbat
2880 2550 3021 2606 Deus
3055 2552 3120 2605 ad
3154 2564 3312 2620 quem
3364 2549 3524 2603 finem

1939 2633 2266 2691 insanientis
2301 2650 2447 2696 essm
2477 2655 2829 2711 progressora
2876 2644 3184 2711 conceptio.
3226 2640 3411 2709 Neque
3458 2654 3524 2696 ex

1940 2739 2008 2781 eo
2036 2726 2180 2800 quod
2202 2730 2315 2785 falli
2341 2732 2567 2786 scientia
2590 2731 2771 2786 divina
2802 2746 2910 2786 non
2943 2739 3176 2800 poterat,
3201 2726 3525 2785 necessitate

1944 2821 2201 2892 peccandi
2225 2822 2513 2893 urgebatur
2530 2822 2738 2878 facinus
2758 2822 3073 2878 voluntatis.
3098 2820 3143 2877 Α
3164 2820 3318 2892 cujus
3340 2818 3524 2889 utique

1916 2915 2244 2971 'intentione
2295 2916 2459 2986 900
2507 2925 2669 2986 atque
2718 2917 2915 2973 etl'ectu
2973 2918 3148 2987 potuit
3185 2912 3526 2970 incolumitas

1946 3007 2079 3062 Abel
2114 3006 2284 3061 illaesa
2315 3006 2568 3074 defendi;
2619 3008 2726 3064 nisi
2773 3009 3061 3079 placuisset
3091 3007 3202 3062 Deo
3252 3021 3374 3061 cum
3412 3019 3525 3060 ma-

1868 3086 1914 3151 C
1946 3109 2048 3163 gna
2075 3095 2231 3149 laude
2261 3097 2535 3165 patientia:
2561 3112 2673 3152 sum
2703 3138 2720 3164 ,
2751 3106 2810 3151 ut
2842 3096 3152 3165 temporalis
3195 3094 3344 3149 furor
3375 3093 3522 3163 impii

1943 3184 2095 3241 fieret
2127 3194 2419 3256 perpetuus
2447 3190 2619 3242 honor
2658 3189 2808 3257 justi.
2865 3188 3103 3244 Posteris
3139 3202 3269 3243 vero
3316 3188 3470 3241 istius
3496 3181 3525 3224 ιι

1942 3280 2243 3349 parricidas,
2274 3281 2518 3349 quamvis
2547 3282 2601 3335 in
2649 3282 3009 3352 progenitoris
3040 3280 3124 3336 sui
3174 3280 3413 3335 moribus
3443 3280 3526 3334 vi-

1940 3381 2129 3427 verent
2151 3413 2165 3437 ,
2197 3369 2213 3408 ί
2250 3387 2542 3442 numquam
2590 3389 2650 3428 se
2676 3374 2912 3427 divinam
2943 3374 3236 3428 bonitatem
3264 3386 3523 3441 negasse,

1939 3463 2060 3532 quis
2088 3479 2196 3518 non
2227 3463 2389 3519 facile
2413 3465 2683 3533 advertat,
2709 3467 2753 3520 si
2792 3466 3101 3521 consideret
3146 3477 3405 3535 quantum
3446 3465 3526 3517 eis

1940 3555 2201 3622 prodesse
2231 3556 2469 3623 potuerit
2490 3565 2595 3609 tam
2628 3556 2785 3625 longa
2810 3557 3063 3625 patientia
3086 3556 3214 3620 Dei,
3241 3564 3346 3608 tam
3374 3553 3527 3609 dives

1944 3643 2211 3699 bonorum
2245 3647 2623 3715 temporalium
2655 3648 2834 3715 copia,
2866 3659 2917 3701 et
2946 3646 3316 3716 multiplicata:
3337 3644 3526 3699 fecun-

1942 3735 2127 3789 ditatis
2151 3745 2257 3790 tam
2294 3750 2580 3790 numerosa
2613 3737 2961 3805 propagatio?
2996 3736 3126 3801 Qua:
3172 3734 3428 3790 beneﬁcia
3460 3734 3525 3788 li-

1936 3837 2020 3881 cet
2049 3826 2329 3880 obduratis
2361 3825 2498 3880 nihil
2547 3827 2771 3887 remedii
2805 3836 2858 3880 et
2889 3825 3285 3881 emendationis
3330 3823 3525 3879 attule-

1938 3917 2071 3982 rint;
2109 3916 2340 3985 probant
2368 3925 2546 3971 tamen
2597 3917 2934 3972 aversioucm
2966 3931 3152 3971 eorum
3186 3931 3294 3969 non
3325 3915 3522 3971 divina:

1937 4007 2104 4063 fuisse
2133 4008 2555 4075 constitutionis,
2587 4009 2679 4063 sed
2714 4011 2946 4079 propria:
2978 4008 3295 4063 voluntatis.

2523 4139 2751 4196 CAPUT
2792 4140 2931 4195 XIV.

1860 4280 1871 4285 π
1935 4251 2003 4307 1η
2032 4252 2247 4319 diluvio,
2274 4261 2321 4306 et
2353 4262 2527 4322 postea
2556 4269 2713 4324 urqrre
2741 4254 2808 4306 ad
2837 4252 3114 4317 Christum,
3150 4254 3371 4309 revelata
3401 4263 3522 4306 sunt

2007 4340 2163 4396 Opera
2206 4325 2392 4377 divina:
2419 4325 2620 4396 gratim,
2655 4338 2697 4376 et
2731 4325 3039 4378 Christiana:
3066 4327 3247 4396 gratia:
3276 4326 3524 4377 miracula

2008 4395 2319 4464 prtesignata
2346 4411 2364 4458 ;
2390 4395 2482 4447 etsi
2510 4396 2827 4447 abundantia
2849 4397 3050 4464 gratim,
3069 4395 3189 4464 qua:
3209 4410 3344 4447 nunc
3372 4410 3525 4446 mun-

2009 4468 2131 4517 dunt
2161 4466 2315 4534 rigat,
2344 4466 2460 4534 pari
2483 4465 2721 4535 largitate
2750 4481 2849 4518 non
2885 4465 3059 4534 ﬂuxit.

2010 4575 2064 4630 ln
2097 4579 2507 4632 conservatione
2551 4589 2732 4633 autem
2772 4578 2887 4633 Noe
2919 4578 3257 4650 ﬁliorumque
3295 4579 3415 4650 ejus
3468 4587 3524 4636 et

1937 4684 2166 4724 nuruum
2199 4666 2356 4739 (Gen.
2387 4667 2504 4739 vn),
2530 4670 2583 4724 in
2613 4669 2807 4740 quibus
2828 4670 3067 4725 omnium
3092 4671 3331 4742 gentium
3359 4672 3522 4727 semi-

2016 4827 2038 4865 ¹
2072 4827 2168 4881 Ms.
2197 4828 2474 4895 Jolie’n’sis,
2508 4828 2859 4895 conspirabat.

2013 4906 2037 4943 8
2064 4898 2173 4951 Vox
2199 4901 2345 4953 illum
2374 4914 2476 4952 non
2494 4900 2687 4966 legitur
2706 4901 2757 4953 in
2777 4900 3181 4956 mss.Tbuaneo
3203 4911 3255 4958 et
3274 4902 3518 4968 Joliensi,

1941 4971 2267 5041 necinnllis
2294 4969 2614 5041 OperumS.
2647 4971 2917 5025 Ambrosii
2957 4972 3281 5026 editionibus
3320 4974 3520 5041 quibus

1942 5040 2060 5092 libri
2104 5039 2173 5091 de
2202 5040 2497 5095 Vocatione
2526 5040 2776 5095 Gentium
2818 5041 3006 5096 inserti
3046 5052 3191 5097 sunt.
3222 5043 3276 5097 In
3313 5039 3516 5097 Lovau.

1941 5108 2186 5185 Prosperi
2212 5110 2481 5185 editione
2530 5111 2747 5185 duobus
2792 5113 2945 5166 uncis
2981 5112 3029 5185 (_
3146 5113 3233 5185 Μ)
3268 5113 3516 5185 inclusa,

1938 5180 2088 5251 quad
2135 5180 2309 5233 dubiae
2337 5182 2675 5237 auctoritatis
2702 5225 2715 5244 ,
2747 5180 3069 5237 notatur.'ln
3107 5180 3228 5237 aliis
3267 5182 3519 5251 Prosperi

1941 5249 2092 5323 lbi-is
2123 5260 2174 5323 et
2200 5266 2338 5323 nova
2363 5251 2599 5323 editione
2625 5253 2818 5307 Leonis
2846 5254 3057 5323 legitur.
3086 5252 3226 5319 Quid
3252 5268 3383 5308 vero
3405 5249 3521 5307 dis-

1939 5319 2176 5393 criminis
2209 5321 2261 5374 in
2292 5336 2454 5375 sensn
2487 5321 2648 5391 hujus
2675 5319 2960 5378 sententia
2985 5323 3166 5393 gignat
3194 5323 3309 5379 hinc
3336 5324 3519 5379 lectio-

1940 5392 2022 5442 nis
2055 5391 2288 5444 varietas
2318 5407 2422 5444 non
2452 5393 2606 5446 facile
2632 5404 2712 5447 est
2737 5393 2986 5447 definire.

2011 5456 2039 5495 ιι
2060 5462 2148 5514 Sic
2177 5476 2309 5515 mss.
2335 5461 2521 5517 Camb.
2555 5473 2607 5518 ct
2633 5464 2737 5519 Jol.
2762 5474 2817 5518 et
2837 5463 3008 5517 Leon.
3034 5462 3164 5518 edit.
3187 5463 3331 5519 Editi
3356 5463 3516 5533 alias,

1940 5530 2239 5599 fratricida.

1966 5545 2239 5583 ratrtctaaa.

2017 5603 2031 5636 ι
2066 5600 2165 5654 Ms.
2193 5599 2444 5657 Joliensis
2468 5648 2482 5672 ,
2515 5619 2791 5673 numquam
2842 5602 3005 5659 Deum
3048 5603 3272 5662 divinam
3310 5607 3513 5663 bonitao

1944 5681 2036 5724 tem
2063 5688 2287 5738 negasse.
