4040 6178
513 174 619 233 ε99

1149 172 1204 231 S.
1246 172 1582 230 PROSPERI
1621 172 1951 241 AQUITANI
1983 172 2214 231 OPERA
2252 172 2577 230 INCERTIE
2620 172 3143 233 AUCTORITATIS.

3673 180 3775 237 7ὐο

514 291 723 347 narium
766 291 1172 361 disponebatnr,
1221 301 1422 362 quanta
1451 290 1649 346 divina:
1691 292 1879 361 gratia:
1927 305 2093 361 Opera
2123 296 2171 353 A
2205 300 2227 328 ο
2255 301 2537 360 acceperat
2559 291 2611 346 in
2641 306 2706 347 eo
2730 293 2977 360 corporis
3009 291 3273 356 membro,
3297 306 3391 362 per
3420 291 3563 362 quod
3592 309 3772 350 semen

518 383 746 437 revelata
779 382 907 449 sint,
950 392 1135 437 sancta
1161 381 1436 451 Scriptura
1472 380 1813 445 manifestat,
1864 381 1989 435 dum
2038 382 2089 436 in

520 475 609 529 illa
655 474 912 528 miranda:
938 474 1250 541 capacitatis
1272 488 1426 539 arca,
1462 473 1701 527 universi
1740 473 1954 542 generis
1980 473 2097 526 ani-

521 566 759 630 malium,
792 573 1045 634 quantum
1078 572 1106 602 ι
1135 563 1461 634 reparationi
1486 572 1566 617 sat
1594 572 1733 625 erat.
1766 564 2089 632 receptrice,

516 668 903 729 congregatura
935 660 1001 713 ad
1032 674 1093 714 se
1135 673 1294 713 omne
1324 657 1595 714 hominum
1646 672 1814 726 genus
1850 656 2090 711 Ecclesia

518 751 813 820 figuratur:
844 750 968 806 dttm
999 767 1095 820 per
1116 752 1317 821 lignum
1343 758 1398 806 et
1428 767 1617 819 aquam
1646 751 1944 820 redemptio
1965 766 2090 804 cru-

518 842 594 894 cis
622 840 853 905 Christi,
884 850 940 895 et
965 841 1171 895 ablutio
1199 841 1622 910 regenerationis
1649 841 1889 904 aperitur
1920 857 1932 892 :
1960 839 2085 893 dum

517 933 569 987 in
601 932 685 986 his
715 934 801 1002 qui
825 948 887 986 ex
916 933 1003 988 illa
1036 932 1220 987 mundi
1249 933 1545 987 vastatione
1569 931 1756 985 Salvati
1788 941 1936 998 sunt,
1969 946 2089 984 om-

518 1025 663 1079 nium
705 1026 942 1094 gentium
987 1024 1264 1095 plenitudo
1309 1022 1671 1085 benedicitur;
1716 1021 1841 1077 dum
1889 1022 2086 1076 donum

518 1116 858 1172 fecunditatis
898 1118 1141 1183 iteratur,
1169 1126 1224 1172 et
1253 1117 1370 1171 solo
1414 1114 1441 1154 δ
1476 1131 1573 1170 esu
1605 1114 1983 1170 sufl'ocatorum
2038 1126 2092 1171 et

518 1208 796 1278 sanguinis
825 1208 1143 1273 interdicto,
1175 1207 1395 1261 libertas
1435 1206 1628 1261 edendi
1664 1206 1804 1274 quod
1838 1206 2094 1275 placuerit

519 1307 761 1365 augetur,
801 1296 1095 1367 salutisque
1125 1296 1383 1351 securitas
1416 1297 1470 1349 in
1518 1297 1827 1351 testimonio
1854 1298 2095 1351 versico—

522 1387 655 1441 loris
689 1403 843 1442 arcus
877 1429 892 1455 ,
942 1388 1043 1443 hoc
1072 1397 1156 1443 est
1184 1432 1199 1456 ,
1233 1390 1281 1442 in
1333 1389 1485 1457 signo
1514 1388 1863 1443 multiformis
1912 1390 2097 1459 gratiae

519 1488 866 1534 consecratur
909 1478 1061 1549 (Gen.
1118 1479 1217 1548 Ix).
1249 1479 1380 1546 Qua:
1427 1480 1608 1549 utique
1638 1481 1893 1551 mysteria
1934 1490 2095 1550 atque

519 1579 852 1624 sacramenta
895 1584 1000 1622 non
1035 1571 1192 1623 unius
1240 1578 1443 1623 tantum
1484 1569 1700 1623 familim
1745 1570 2097 1636 paucissimos

2200 383 2589 452 procreationis
2617 391 2998 451 perventurum
3035 383 3247 437 eratad
3291 398 3410 438 eam
3439 398 3680 449 carnem,
3718 385 3774 440 in

2198 489 2302 543 qua
2339 476 2457 529 sine
2485 474 2691 529 carnali
2730 475 2937 530 semine
2967 474 3061 529 Dei
3105 473 3303 541 Pilius,
3356 475 3497 530 Deus
3538 474 3777 531 Verbum

2196 581 2323 622 caro
2347 566 2519 633 fieret,
2544 581 2607 620 ac
2631 566 2697 621 de
2725 566 2955 621 Abrahae
2988 568 3099 621 filia
3134 566 3306 621 Maria
3336 566 3556 638 Virgine
3588 582 3775 624 nasce-

2199 666 2373 723 retur;
2402 658 2689 727 assumptis
2711 659 2957 712 omnibus
2981 658 3033 712 in
3058 658 3214 728 hujus
3236 657 3532 713 nativitatis
3551 673 3771 715 censor--

2201 750 2350 813 tium,
2375 750 2463 819 qui
2489 750 2539 802 in
2563 747 2784 804 Christo
2815 747 2834 787 ί
2872 764 2969 819 per
2994 750 3255 819 Spiritum
3281 761 3522 805 sanctum
3553 765 3768 820 regene-

2198 843 2297 896 rati
2322 841 2462 910 quod
2492 840 2763 896 Abraham
2790 842 3041 911 credidit,
3086 841 3469 898 credidissent.
3517 844 3641 897 Hrec
3673 857 3765 895 au-

2200 942 2305 988 tem
2341 932 2472 988 fides
2511 943 2794 1002 antequam
2819 935 3024 988 veniret
3047 933 3148 989 hoc
3170 950 3354 989 semen
3382 935 3449 989 de
3477 951 3584 1004 quo
3602 935 3767 989 Abra-

2200 1026 2281 1080 hae
2302 1026 2498 1081 dictum
2530 1038 2631 1091 est,
2666 1025 2732 1080 In
2752 1028 2941 1081 semine
2968 1034 3056 1081 tuo
3080 1028 3437 1081 benedicentur
3462 1045 3631 1081 omnes
3647 1044 3770 1098 gen.

2199 1129 2265 1172 tes
2294 1129 2439 1172 terra:
2468 1118 2624 1189 (Gen.
2655 1134 2749 1183 xu,
2781 1119 2836 1189 5)
2860 1161 2874 1185 ,
2908 1121 3045 1173 intra
3074 1119 3233 1174 unius
3275 1120 3459 1187 stirpis
3510 1119 3766 1189 pupulum

2198 1210 2581 1265 continebatur
2622 1210 2835 1279 vigente
2858 1211 2997 1280 apud
3030 1226 3193 1266 veros
3225 1210 3496 1266 Israelitas
3540 1227 3634 1280 spe
3683 1226 3770 1264 re-

2197 1303 2522 1372 demptionis
2543 1312 2760 1357 nostra).
2805 1301 3069 1369 Quoniam
3098 1301 3198 1355 etsi
3234 1300 3450 1355 fuerunt
3480 1315 3547 1354 ex
3575 1298 3770 1353 alieni-

2198 1396 2351 1465 genis
2373 1433 2388 1460 ,
2438 1408 2573 1465 quos
2600 1395 2933 1462 temporibus
2974 1393 3109 1462 legis
3158 1393 3361 1447 veritas
3394 1392 3671 1446 illustrare
3690 1391 3771 1444 di-

2199 1496 2357 1559 gnata
2387 1488 2477 1551 sit,
2503 1495 2680 1541 tamen
2700 1494 2806 1541 tam
2843 1485 2995 1554 pauci
3026 1484 3273 1548 fuerunt,
3298 1493 3356 1536 ut
3384 1483 3475 1537 vix
3506 1492 3533 1531 ε
3574 1497 3773 1551 cogno-

2200 1589 2381 1636 scatur
2400 1595 2467 1635 an
2495 1581 2711 1636 fuerint.
2742 1578 2929 1648 Neque
2974 1579 3047 1634 ob
3076 1578 3179 1632 hoc
3204 1575 3232 1615 ιι
3270 1575 3615 1631 excusabiles
3671 1575 3773 1629 sint

521 1668 647 1713 “mc
693 1658 963 1727 homines.
1017 1659 1111 1714 50d
1138 1659 1190 1714 in
1223 1661 1351 1729 ίΡείε
1383 1676 1571 1715 omnes
1618 1677 1803 1715 eorum
1850 1672 2094 1731 Ροδῑθτοδ
2127 1668 2170 1728 Β
2200 1672 2466 1735 nationes,
2489 1686 2606 1741 qua:
2632 1670 2880 1725 alienatae
2905 1684 2931 1722 a
2956 1667 3377 1723 conversatione
3410 1664 3595 1730 Israel,
3625 1679 3773 1739 spem

521 1747 863 1815 imbuebant;
896 1759 951 1803 ut
980 1749 1122 1819 quod
1151 1750 1438 1805 eruditioni
1463 1751 1874 1820 impendebatur
1900 1766 2095 1821 paren-

519 1851 657 1910 tum,
689 1843 971 1911 proficeret
1000 1842 1237 1898 scientite
1270 1844 1521 1897 filiorum.
1556 1845 1673 1899 Jam
1704 1859 1834 1898 vero
1871 1859 2100 1913 procur-

522 1945 677 1989 rente
704 1933 950 1988 humana:
991 1934 1387 2004 propagationis
1436 1945 1757 2004 augmento,
1807 1949 1928 1989 cum
1983 1936 2101 2005 ipsa

526 2024 832 2081 mortalium
890 2026 1248 2078 numerositas
1291 2023 1361 2079 de
1408 2026 1518 2079 suis
1565 2025 2100 2093 multiplicationibus

524 2115 861 2185 superbiret,
897 2124 950 2170 et
971 2114 1265 2171 secundum
1295 2116 1545 2170 elationis
1573 2131 1685 2171 sua:
1717 2117 2055 2173 altitudinem
2084 2158 2101 2185 ,

526 2208 666 2264 caelo
692 2218 913 2275 cuperet
941 2209 1137 2263 molem
1181 2207 1483 2261 immodicae
1524 2218 1546 2246 ο
1595 2210 1977 2264 exstructionis
2023 2210 2103 2264 in-

520 2314 707 2356 serere
735 2298 891 2375 (Gen.
914 2298 1022 2366 xr);
1056 2314 1213 2369 quam
1251 2300 1512 2355 mirabilis
1562 2314 1693 2369 erga
1743 2300 2101 2356 cohibendam

525 2394 663 2448 hanc
688 2392 1027 2447 insolentiam
1060 2391 1157 2446 fuit
1202 2391 1399 2447 divinae
1445 2406 1672 2447 censura
1700 2394 1953 2460 justitim?
1983 2408 2103 2465 quae

521 2498 682 2539 unam
705 2484 915 2539 illorum
941 2484 1259 2554 populorum
1283 2485 1550 2553 loquelam
1576 2484 1716 2539 notis
1737 2485 1842 2539 sibi
1866 2486 2101 2541 invicem

521 2573 1002 2646 significationibus
1052 2584 1473 2642 consonantem,
1526 2576 1862 2647 septuaginta
1891 2585 1947 2631 et
1974 2576 2105 2631 dua-

522 2682 641 2721 rum
675 2667 837 2738 901
866 2666 1166 2736 linguarum
1195 2666 1459 2721 varietate
1485 2667 1728 2722 confudit
1755 2684 1771 2721 :
1800 2676 1858 2722 ut
1880 2676 1934 2722 et
1961 2668 2105 2723 inter

521 2757 769 2812 dissonas
795 2771 955 2812 voces
1002 2755 1341 2826 operantium
1367 2768 1627 2827 pereunte
1664 2757 1981 2825 concordia,
2026 2759 2105 2813 in-

524 2864 670 2904 sanae
712 2847 1006 2903 molitionis
1053 2847 1300 2903 machina
1341 2849 1665 2913 solveretur,
1712 2857 1766 2903 et
1815 2848 2104 2904 habitando

522 2940 639 2996 orbi
683 2950 944 2996 terrarum
999 2938 1156 2995 daret
1202 2941 1408 2996 incolas
1456 2940 1615 2995 malae
1667 2942 2103 3011 congregationis

2202 1779 2307 1818 non
2330 1763 2610 1829 habentes,
2632 1772 2684 1817 et
2713 1764 2828 1818 sine
2856 1763 2968 1817 Deo
2999 1763 3049 1816 in
3090 1761 3193 1815 hoc
3221 1760 3421 1815 mundo
3455 1758 3676 1830 (Ephes.
3713 1773 3768 1821 n,

2205 1858 2315 1925 l2),
2359 1856 2461 1911 sub
2510 1856 2826 1925 ignorantiae
2864 1853 3106 1911 tenebris
3151 1853 3450 1921 perierunt,
3492 1852 3616 1921 quia
3667 1848 3774 1903 ba‘e

2203 1947 2528 2002 abundantia
2552 1946 2739 2015 gratim
2757 1961 2875 2016 quze
2911 1962 3054 1999 nunc
3076 1945 3385 1999 universum
3419 1942 3678 1995 mundum
3707 1940 3771 1994 τεο

2203 2052 2310 2113 gat,
2348 2041 2459 2112 pari
2481 2050 2638 2095 antea
2666 2039 2914 2109 largitate
2941 2053 3045 2093 non
3071 2037 3248 2092 fluxit.

2803 2238 3030 2296 CAPUT
3068 2238 3189 2295 XV.

2208 2376 2428 2431 Meliora
2454 2392 2553 2429 non
2575 2375 2718 2429 nasci
2742 2391 2877 2429 nunc
2896 2373 3126 2445 ingenia,
3149 2387 3302 2445 quam
3327 2382 3447 2425 ante
3471 2371 3663 2445 Christi
3687 2371 3777 2424 ad-

2276 2459 2514 2511 ventum;
2555 2447 2681 2516 quin
2726 2447 2887 2516 immo
2910 2442 3133 2516 tempore
3173 2442 3418 2516 adventus
3456 2443 3656 2516 Christi
3695 2445 3777 2494 in-

2275 2526 2421 2572 venta
2448 2528 2520 2573 est
2544 2512 2782 2586 iniquitas
2810 2512 3088 2584 robustior,
3110 2523 3164 2567 ut
3184 2512 3352 2584 gratia
3371 2512 3465 2567 Dei
3482 2514 3780 2579 manifesta-

2276 2598 2436 2642 retur.

2276 2746 2527 2818 Adhibita
2576 2746 2720 2801 enim
2774 2758 2988 2814 semper
3025 2752 3107 2799 est
3160 2740 3430 2797 universis
3477 2737 3784 2794 hominibus

2204 2840 2447 2911 quaedam
2478 2853 2725 2908 superna:
2753 2851 3005 2892 mensura
3033 2834 3290 2890 doctrina)
3338 2846 3482 2902 quae,
3513 2832 3613 2886 etsi
3656 2845 3783 2898 par-

2205 2932 2366 2986 rioris
2416 2931 2832 2998 occultiorisque
2875 2929 3039 2999 902
3093 2926 3277 2995 gratia:
3327 2922 3461 2988 fuit,
3522 2920 3542 2961 ί
3585 2920 3785 2975 sufficit

521 3042 821 3102 Opportuna
850 3031 1135 3101 dispersio.
1164 3032 1220 3086 In
1251 3033 1357 3086 isto
1396 3041 1575 3087 autem
1613 3047 1780 3102 opere
1809 3032 2101 3102 provide"-
2130 3043 2175 3105 ρ
2208 3032 2407 3089 tamen,
2438 3023 2577 3077 sicut
2596 3021 2855 3076 Dominus
2871 3019 3151 3089 judicavit,
3174 3015 3492 3087 quibusdam
3519 3014 3585 3068 ad
3610 3028 3785 3105 reme?

522 3125 609 3179 tite
632 3126 726 3179 Dei
752 3124 1249 3195 praeordinabantur
1266 3125 1523 3179 miracula
1542 3128 1730 3195 gratim
1751 3125 2097 3191 Christianm,

522 3234 641 3288 quae
671 3233 884 3273 omnem
918 3218 1056 3273 hanc
1078 3219 1470 3289 dispersionem
1495 3218 1545 3271 in
1570 3218 1711 3271 illius
1732 3217 2102 3271 aedificationis

522 3318 641 3363 erat
668 3306 697 3344 ά
751 3316 1060 3377 COaptatura
1088 3349 1103 3375 ,
1148 3324 1460 3378 compagem
1490 3349 1504 3372 ,
1560 3309 1612 3361 in
1643 3324 1745 3377 qua
1789 3325 1936 3362 omne
1970 3326 2103 3377 genu

522 3400 744 3469 ﬂectitur
774 3400 900 3464 Deo,
922 3410 968 3453 et
996 3400 1158 3453 omnis
1185 3400 1364 3469 lingua
1387 3400 1661 3469 conﬁtetur
1687 3401 1924 3468 quoniam
1950 3399 2102 3455 Jesua

521 3494 575 3546 in
600 3490 766 3561 gloria
795 3490 889 3544 Dei
917 3488 1090 3543 Patris
1117 3499 1187 3543 est
1219 3488 1445 3559 (Philip.
1469 3503 1525 3554 ιι,
1557 3488 1642 3555 10,
1675 3490 1785 3560 11).

594 3583 743 3639 Hanc
763 3583 1097 3638 latitudinem
1129 3586 1338 3652 gratim,
1365 3582 1419 3636 in
1441 3582 1775 3651 plenitudine
1807 3582 2101 3651 disposito-

521 3692 643 3732 rum
678 3686 979 3745 temporum
1026 3674 1362 3739 revelandae,
1395 3672 1532 3728 facta
1562 3673 1628 3726 ad
1671 3673 1942 3729 Abraham
1975 3690 2099 3743 pro-

522 3767 707 3823 missio
734 3766 867 3832 Dei,
909 3766 1077 3836 signis
1122 3765 1232 3834 jam
1290 3764 1740 3819 luculentioribus
1796 3764 2097 3829 Indicabat,

523 3858 739 3927 quando
767 3857 962 3926 duplex
995 3857 1112 3924 ejus
1141 3855 1438 3919 successio,
1474 3855 1569 3909 filii
1607 3855 1815 3909 scilicet
1844 3857 2020 3909 carnis
2050 3867 2102 3910 et

527 3950 616 4002 filii
638 3947 1014 4019 promissionis
1043 3948 1220 4018 (Rom.
1248 3963 1324 4014 ιχ,
1353 3946 1433 4018 8),
1464 3947 1792 4001 multitudini
1814 3963 2100 4002 arenarum

523 4039 937 4107 comparabatur
967 4048 1019 4093 et
1041 4039 1305 4103 siderum,
1333 4047 1386 4093 et
1410 4039 1491 4092 vir
1518 4052 1686 4093 senex
1717 4053 1815 4107 per
1843 4054 2099 4094 annOsam

524 4131 710 4186 uxoris
734 4130 1091 4195 sterilitatem,
1119 4130 1186 4183 ab
1220 4145 1317 4198 spe
1364 4131 1474 4197 jam
1509 4129 1676 4198 prolis
1715 4130 1948 4195 alienus,
1979 4144 2104 4185 cre-

523 4224 688 4280 debat
728 4220 986 4279 laudabili
1029 4221 1133 4277 ﬁde
1168 4237 1263 4291 per
1309 4236 1527 4291 germen
1562 4221 1721 4274 unius
1751 4221 1845 4275 filii
1894 4230 2101 4290 patrem

526 4318 762 4372 futurum
784 4330 908 4371 esse
938 4330 997 4370 se
1025 4315 1243 4381 mundi,
1274 4314 1608 4384 prospiciens
1637 4313 1784 4368 illum
1813 4312 1865 4365 in
1895 4312 2103 4367 semine

2206 3116 2376 3184 dium,
2406 3116 2654 3170 omnibus
2682 3112 2750 3167 ad
2777 3111 3142 3167 testimonium
3176 3126 3189 3162 :
3222 3118 3281 3162 ut
3310 3122 3413 3161 non
3445 3105 3645 3175 dubie,
3684 3104 3785 3159 sed

2205 3206 2479 3262 evidenter
2505 3212 2778 3273 appareat,
2808 3200 2953 3272 quod
2997 3200 3100 3255 nisi
3146 3198 3234 3253 ubi
3263 3196 3553 3251 abundavit
3595 3208 3786 3263 pecca-

2206 3310 2339 3367 tum,
2365 3295 2825 3366 superabundaret
2852 3302 2907 3348 et
2932 3292 3134 3363 gratia;
3168 3304 3308 3345 nunc
3329 3303 3543 3359 quoque
3568 3287 3784 3339 univer-

2206 3405 2322 3445 sum
2370 3402 2537 3459 genus
2585 3387 2873 3441 humanum
2922 3383 3113 3439 similis
3161 3381 3463 3435 obca'caret
3512 3378 3783 3445 impietas.

2209 3480 2223 3532 i
2263 3481 2341 3536 An
2374 3480 2532 3548 forte,
2563 3489 2622 3533 ut
2647 3478 2888 3547 plerique
2914 3475 3178 3545 garriunt,
3210 3471 3435 3527 meliora
3456 3483 3614 3541 quam
3639 3477 3784 3521 veteo

2202 3593 2323 3631 rum
2367 3575 2576 3644 ingenia
2622 3572 2822 3627 nostris
2864 3569 3077 3625 saeculis
3105 3575 3221 3621 orta
3264 3574 3390 3619 sunt
3415 3604 3432 3628 ,
3462 3573 3517 3617 et
3544 3561 3786 3630 aptiores

2204 3667 2401 3723 divinis
2447 3665 2606 3720 donis
2648 3661 2676 3701 ιι
2722 3660 2929 3717 animas
2974 3668 3220 3729 tempora
3262 3665 3510 3711 extrema
3553 3666 3787 3721 pepere-

2205 3761 2361 3816 runt?
2390 3757 2541 3827 Quod
2570 3756 2733 3812 etiam
2764 3753 2808 3808 si
2840 3754 2910 3807 ita
2939 3760 3105 3814 esset,
3137 3749 3205 3804 ad
3233 3747 3528 3803 bonitatem
3560 3744 3611 3797 id
3645 3743 3787 3796 refe-

2207 3853 2430 3907 rendum
2457 3856 2601 3905 esset
2628 3847 2886 3911 auctoris,
2917 3844 3008 3910 qui
3049 3839 3305 3897 vocandis
3335 3836 3404 3891 ad
3433 3836 3597 3889 vitam
3628 3842 3787 3886 teter-

2207 3959 2327 3998 nam
2349 3940 2582 4012 populis,
2601 3952 2663 3993 ea
2681 3950 2798 4007 quae
2811 3950 2917 3989 non
2935 3933 3315 3996 reniterentur,
3333 3926 3496 3984 corda
3517 3926 3784 3979 ﬁnxisset.

2206 4034 2310 4089 Sed
2357 4031 2487 4086 nihil
2528 4042 2754 4100 prorsus
2780 4034 3032 4081 novatum
3064 4030 3150 4077 est
3194 4022 3246 4076 in
3293 4018 3642 4090 generatione
3667 4031 3787 4069 car-

2207 4125 2350 4185 nali,
2382 4137 2483 4178 nec
2526 4118 2839 4191 generosior
2888 4117 3004 4170 avis
3047 4114 3314 4168 minorum
3362 4118 3482 4164 orta
3510 4107 3789 4162 successio

2206 4225 2289 4271 est
2319 4230 2335 4269 :
2361 4228 2482 4269 cum
2522 4210 2702 4281 potius
2753 4209 2807 4262 in
2850 4205 3154 4260 hominibus
3200 4201 3339 4256 illius
3381 4198 3636 4268 temporis
3680 4209 3791 4262 quo

2208 4305 2392 4362 mundi
2446 4302 2771 4370 Redemptor
2817 4297 3075 4359 advenit,
3129 4299 3329 4363 quanto
3376 4298 3498 4344 erat
3547 4303 3789 4356 propago

524 4421 652 4470 suo,
687 4408 852 4463 immo
895 4379 1235 4475 conSpiciens
1259 4379 1289 4471 ,U
1314 4379 1420 4474 qui
1450 4403 1586 4459 dixit
1614 4421 1629 4459 :
1679 4403 1940 4457 Abraham
1968 4403 2101 4456 diem
2128 4407 2175 4466 ι)
2205 4399 2426 4465 tardior,
2463 4401 2611 4449 tanto
2641 4392 2710 4446 sit
2735 4389 2988 4459 iniquitas
3018 4388 3232 4441 inventa
3264 4382 3553 4437 robustior.
3579 4379 3791 4434 Proha-

526 4512 694 4550 meum
720 4498 864 4563 uidit,
913 4504 963 4552 et
993 4499 1196 4568 gavisus
1222 4506 1296 4549 est
1328 4493 1511 4566 (Joan.
1536 4509 1662 4561 vui,
1691 4492 1807 4566 56).
1837 4495 1950 4561 Qua
1994 4494 2100 4548 fide

526 4589 794 4645 Abraham
824 4604 945 4643 cum
971 4589 1375 4657 justificaretur,
1397 4587 1634 4643 nondum
1660 4587 1970 4641 mandatum
1996 4586 2104 4639 cir-

526 4678 871 4735 cumcisionis
899 4689 1209 4749 acceperat;
1260 4679 1355 4733 sed
1397 4693 1518 4732 cum
1550 4685 1694 4733 esset
1732 4677 1786 4731 in
1840 4675 2103 4745 praeputio

527 4772 781 4837 naturali,
814 4780 1060 4842 reputata
1084 4780 1167 4827 est
1205 4772 1335 4826 fides
1377 4771 1494 4841 ejus
1534 4771 1600 4824 ad
1623 4770 1883 4839 justitiam
1918 4768 2093 4838 (ll-nn.

526 4880 604 4933 tv,
640 4863 749 4937 10).
783 4863 851 4919 Et
878 4863 1067 4919 eadem
1106 4863 1242 4919 fides
1287 4862 1622 4935 signaculum
1675 4860 2105 4917 circumcisionis

594 5054 623 5082 ⁸
670 5044 745 5099 Ita
774 5059 877 5098 ms.
906 5043 1181 5108 Joliensis,
1210 5050 1267 5098 et
1294 5041 1460 5098 editio
1484 5038 1701 5095 Leonis.
1737 5036 1883 5091 Alias
1902 5076 1918 5100 ,
1948 5049 2103 5104 repa-

526 5117 740 5171 rationic
764 5115 964 5170 aderat.

595 5185 623 5224 δ
652 5187 778 5242 Mss.
827 5185 1041 5239 Thuan.
1085 5191 1141 5239 et
1194 5181 1384 5237 Camb.
1439 5186 1627 5234 carent
1674 5190 1808 5229 voce
1840 5174 1941 5228 hac
1989 5187 2100 5226 esu.

526 5257 625 5338 bis.
658 5272 787 5313 vero
815 5255 1092 5320 Joliensis,
1123 5264 1169 5308 et
1195 5256 1304 5308 solo
1335 5250 1584 5319 au/I'ocato
1605 5256 1651 5301 et
1672 5245 1921 5314 sanguine
1944 5245 2103 5297 inter-

525 5328 841 5453 dwclobfelius
870 5395 1229 5451 exstructionis
1250 5409 1312 5447 ex
1346 5404 1447 5445 ms.
1478 5388 1587 5445 Jol.
1618 5396 1673 5443 et
1696 5385 1875 5441 Leone
1898 5423 1914 5447 ρ
1941 5397 2100 5453 fluam

525 5476 679 5520 antea
709 5469 761 5521 in
792 5468 972 5531 editis,
995 5467 1365 5520 instructionis.
1429 5532 1449 5535 _
1776 5525 1814 5535 _
1982 5523 2015 5535 ,,

594 5535 622 5572 ά
647 5537 737 5592 Sic
768 5554 896 5592 mss.
918 5523 1109 5592 Camb.
1133 5548 1185 5593 et
1211 5535 1313 5591 lci.
1344 5548 1405 5589 ac
1429 5532 1595 5587 Leon.
1628 5528 1759 5585 edit.
1776 5523 1920 5580 Editi
1944 5523 2099 5590 olim,

531 5618 789 5663 νοεαιυνα.

2209 4491 2283 4544 vit
2335 4489 2439 4542 hoc
2488 4481 2699 4540 Iudaici
2751 4479 2948 4534 furoris
2998 4476 3285 4545 impietas;
3339 4481 3395 4527 et
3443 4485 3603 4540 quam
3655 4476 3788 4536 apta

2205 4576 2494 4647 Evangelia
2537 4573 2736 4629 Christi
2788 4569 2947 4624 fuerit
2990 4568 3078 4623 illa
3121 4562 3431 4637 generatio,
3462 4575 3569 4617 non
3608 4561 3788 4615 solum

2205 4669 2410 4741 populi,
2444 4666 2540 4721 sed
2565 4666 2726 4719 etiam
2758 4661 3057 4716 scribarum
3095 4667 3149 4712 et
3187 4654 3490 4727 principum
3520 4668 3585 4707 ac
3606 4666 3789 4705 sacer-

2205 4762 2389 4816 dotum
2410 4756 2573 4813 corda
2592 4755 2911 4810 docuerunt.
2930 4751 3136 4817 Quibus
3159 4761 3346 4816 parum
3372 4744 3471 4798 fuit
3499 4743 3550 4797 in
3572 4742 3788 4812 Agnum

2210 4849 2305 4907 Dei
2326 4849 2603 4904 tollentem
2629 4841 2650 4883 ι
2677 4851 2957 4914 peccatum
2981 4839 3165 4894 mundi
3189 4835 3371 4909 (Joan.
3395 4833 3566 4905 t,29),
3597 4846 3787 4888 contra

2282 5035 2306 5064 ο
2338 5020 2676 5092 Mss.Camb.
2711 5016 3055 5092 etloliensis,
3080 5014 3292 5092 accepit.
3321 5082 3332 5092 .

2285 5095 2304 5135 ί
2333 5095 2430 5149 Ms.
2459 5091 2567 5146 ⁴101.
2605 5098 2753 5144 caret
2784 5090 2865 5140 his
2894 5087 3093 5148 verbis,
3118 5082 3207 5154 per
3236 5082 3491 5154 Spiritum
3509 5088 3793 5154 _snnctum.

2285 5100 2304 5135 ί
2333 5100 2430 5149 Ms.
2459 5100 2567 5146 Jol.
2605 5100 2753 5144 caret
2784 5100 2865 5140 nis
2894 5100 3093 5148 verbis,
3118 5100 3206 5154 per
3236 5100 3271 5137 δ
3318 5100 3491 5134 ηἠιιηι
3531 5100 3792 5131 sanctum.

2281 5175 2307 5213 ις
2341 5164 2477 5219 Editi
2521 5162 2678 5228 alias,
2709 5166 3099 5230 cognoscantur.
3135 5154 3234 5209 Ms.
3267 5100 3372 5207 Ῐυι.
3404 5161 3458 5206 et
3508 5149 3659 5214 Leo.,
3701 5162 3792 5199 co-

2207 5244 2503 5308 θηρδςςιευὶ·
2534 5300 2569 5308 -.
2678 5300 2691 5308 .
2970 5296 3011 5308 ..

2281 5305 2309 5343 ιι
2339 5306 2439 5358 Ms.
2466 5300 2745 5368 Joliensis,
2776 5295 3089 5368 excusabiles
3114 5302 3255 5348 sunt.

2287 5376 2303 5415 ί
2340 5377 2439 5429 Ms.
2471 5367 2748 5434 Joliensis,
2777 5367 3000 5434 suﬂecil.

2268 5436 2302 5498 ’1
2342 5446 2440 5499 Ms.
2465 5442 2807 5506 Camberon.,
2837 5440 2989 5491 Ante.

2283 5514 2307 5555 ιι
2336 5516 2433 5571 Ms.
2465 5511 2739 5577 Joliensis,
2768 5511 2985 5562 animos.

2285 5584 2305 5626 λ
2331 5586 2458 5641 Mss.
2479 5581 2670 5638 Camb.
2703 5573 2754 5636 et
2776 5581 2907 5641 Jol..
2931 5584 3144 5647 peccata
3171 5573 3369 5629 tumuli.
