3972 6176
231 200 319 257 701
1099 191 1186 249 DE
1218 190 1608 249 VOCATIONE
1648 189 1921 248 OMNIUM
1958 191 2267 250 GEN'l‘lUM
2305 193 2506 250 LIBER
2534 191 2599 248 tt.
3370 195 3475 253 m

231 306 639 369 testiﬁcationem
667 305 805 377 legis
832 347 848 373 ,
891 314 1079 364 contra
1109 308 1327 364 oracula
1371 307 1780 379 prophetarum,
1809 308 1863 368 Α
1888 305 2009 373 bus,
2040 315 2098 363 et
2146 322 2341 365 vocare
2382 325 2488 365 non
2531 317 2731 380 justas,
2766 312 2859 367 sed
2910 319 3224 382 peccatores
3253 310 3472 383 (Matth.

229 410 399 460 contra
425 399 726 455 divinarum
764 399 1138 469 experimenta
1184 401 1466 465 virtutum,
1497 397 1782 454 seditioni-
1886 412 1962 464 ts,
1996 397 2127 471 12)?
2152 401 2414 466 Quoniam
2437 404 2674 473 gentium
2702 404 2944 473 papulas,
2974 406 3060 473 qui
3087 404 3292 458 sedebat
3324 406 3377 458 in
3402 413 3477 458 te-

228 497 338 560 bus,
360 490 719 556 contumeliis,
750 492 943 559 sputis,
967 491 1157 561 alapis,
1193 490 1453 560 colaphis,
1488 488 1783 558 lapidibus,
1886 489 2076 557 nebris,
2108 491 2274 545 lucem
2304 492 2428 549 vidit
2455 508 2717 565 magnam,
2750 504 2797 546 et
2836 494 3125 547 sedentibus
3155 495 3207 547 in
3248 493 3471 548 tenebris

228 585 412 656 ﬂagris,
467 591 520 638 et
549 581 617 636 ad
647 590 978 651 postremum
1022 582 1201 637 crucis
1226 583 1512 637 atrocitate
1533 581 1784 644 servisse;
1886 591 1933 635 et
1962 582 2144 635 umbra
2170 584 2370 652 mortis,
2402 582 2495 639 lux
2517 594 2631 639 orta
2648 595 2723 640 est
2746 584 2849 640 illis
2879 584 3015 656 (Isa.
3040 602 3116 649 ιι,
3144 585 3227 658 2).
3256 585 3474 641 Freme-

226 679 315 735 nisi
338 676 490 731 etiam
520 683 686 730 testes
706 673 1124 730 resurrectionis
1145 675 1260 744 ejus
1279 673 1467 730 eadem
1495 686 1788 743 perseque-
1886 672 2017 729 bant
2042 684 2258 743 gentes,
2290 676 2668 731 irascebantur
2699 676 2877 746 pOpuli
2897 722 2911 745 ,
2956 676 3261 732 saeviebant
3297 692 3471 747 reges,

226 776 393 824 rentur
416 763 638 818 insania.
669 762 839 830 Quam
870 763 1117 833 Apostoli
1145 764 1359 834 quando
1384 778 1414 817 a
1446 761 1787 832 pontiﬁcibus
1885 773 1943 821 et
1970 752 2269 835 potestates
2298 768 2763 838 contradicebant,
2789 770 3207 839 superstitiones
3232 779 3285 825 et
3308 770 3473 826 totius

225 855 460 927 ﬁngcllati
486 863 633 917 sunt,
665 852 1019 909 ostenderunt
1052 854 1104 908 in
1142 854 1349 923 psalmo
1378 852 1634 907 Davidico
1662 868 1787 921 pro-
1886 857 2070 913 mundi
2102 858 2508 915 reluctabautur
2539 875 2778 915 errores.
2827 861 2932 917 Sed
2963 860 3032 917 de
3058 861 3472 927 resistentibus,

226 948 497 1016 phetatam,
531 943 774 999 dicentes
807 960 821 997 :
852 941 1093 1010 Domine,
1125 953 1180 997 tu
1202 959 1255 999 es
1277 944 1365 1015 qui
1387 942 1551 1013 fecisti
1578 943 1782 1008 calum,
1884 945 2212 1015 furentibus,
2250 950 2719 1019 persequentibus,
2753 951 3009 1020 populum
3043 966 3198 1005 suum
3225 951 3474 1007 Christus

224 1051 265 1092 et
280 1048 476 1100 terram,
505 1045 551 1091 et
580 1052 740 1105 mare,
770 1046 817 1090 et
838 1038 1009 1091 omnia
1036 1052 1151 1107 qua:
1181 1036 1233 1089 in
1262 1037 1333 1089 eis
1362 1043 1506 1102 sunt,
1537 1036 1627 1105 qui
1654 1034 1781 1105 Spi-
1883 1038 2135 1107 augebat,
2177 1047 2235 1094 et
2266 1054 2360 1109 per
2388 1040 2605 1095 vincula
2636 1054 2700 1096 ac
2722 1040 2983 1112 supplicia
3012 1053 3321 1112 mortesque
3342 1057 3473 1098 san-

222 1131 316 1183 ritu
339 1137 511 1183 saneto
542 1142 632 1197 per
656 1144 711 1182 os
744 1129 906 1193 patris
923 1129 1083 1183 nostri
1115 1128 1281 1181 David
1320 1129 1464 1198 pueri
1486 1129 1564 1181 tui
1606 1125 1784 1180 dixisti
1883 1136 2091 1184 ctorutn
2123 1131 2482 1187 roborabatur
2514 1132 2669 1199 ﬁdes,
2706 1134 2957 1190 vincebat
3002 1136 3224 1201 veritas,
3267 1151 3473 1207 perque

224 1218 328 1290 (Ps.
361 1218 530 1287 HJ):
567 1215 739 1285 Quare
764 1220 1084 1288 [reticuerunt
1110 1229 1305 1288 gentes,
1332 1227 1380 1273 et
1408 1219 1587 1290 populi
1617 1221 1781 1273 medi-
1886 1220 2197 1276 universum
2230 1222 2490 1277 mundum
2519 1232 2546 1261 ⁸
2584 1223 2878 1280 Dominicm
2923 1230 3122 1295 segetis
3149 1226 3472 1296 multiplica-

223 1311 308 1364 tati
350 1318 467 1363 sunt
498 1310 714 1364 inania?
756 1312 1040 1365 Astiterunt
1070 1328 1213 1381 reges
1243 1320 1420 1373 terrm,
1452 1322 1499 1365 et
1529 1312 1782 1384 principes
1884 1308 2041 1365 batur
2068 1309 2308 1366 ubertas.
2338 1312 2507 1366 Tanta
2535 1313 2680 1368 enim
2705 1312 2941 1383 desuper
2964 1315 3304 1384 praebebatur
3342 1332 3471 1372 con-

222 1409 540 1454 convenerunt
569 1400 622 1453 in
651 1416 809 1454 unum
835 1402 1080 1455 adversus
1112 1400 1416 1469 Dominum,
1459 1410 1507 1455 et
1534 1403 1782 1459 adversus
1881 1401 2076 1456 stantia
2106 1401 2254 1469 ﬁdei,
2304 1402 2502 1459 ﬁducia
2534 1404 2687 1474 spei,
2741 1405 2999 1460 fortitudo
3051 1407 3382 1477 tolerantiae,
3413 1419 3471 1465 ut

220 1490 463 1548 Christum
492 1492 622 1560 ejus.
666 1490 1017 1545 Convencrunt
1045 1492 1178 1545 enim
1220 1508 1332 1546 vere
1359 1492 1412 1545 in
1441 1493 1641 1547 civitate
1684 1495 1781 1547 ista
1884 1489 1975 1546 ille
2001 1490 2140 1561 ignis
2161 1492 2491 1561 dilectionis,
2520 1510 2681 1565 quem
2712 1493 2767 1550 in
2799 1496 3056 1553 cordibus
3080 1498 3318 1554 ﬁdelium
3349 1499 3471 1570 Spi-

218 1584 438 1636 adversus
464 1592 702 1635 sanctum
727 1579 923 1635 Filium
970 1592 1110 1635 tuum
1135 1580 1334 1646 Iesum,
1367 1598 1514 1651 quem
1543 1585 1734 1638 unxisti
1759 1627 1773 1651 ,
1883 1580 2019 1636 ritus
2048 1590 2270 1639 sanctus
2298 1584 2645 1651 accenderat,
2677 1586 2828 1641 nullo
2856 1588 3022 1642 modo
3047 1589 3117 1643 ab
3153 1589 3468 1658 Opprimen-

220 1671 429 1728 Herodes
462 1684 511 1726 et
551 1672 769 1727 Pontius
818 1672 1017 1726 Pilatus
1047 1690 1163 1727 cum
1205 1674 1436 1745 gentibus
1481 1684 1528 1729 et
1573 1679 1778 1748 populis
1809 1667 1852 1729 Β
1883 1670 2026 1725 tibus
2052 1681 2233 1741 posset
2262 1674 2559 1743 exstingui:
2592 1690 2714 1730 cum
2744 1684 2798 1731 et
2826 1677 2915 1746 qui
2945 1678 3345 1742 cruciabantur,
3374 1696 3468 1735 ve-

216 1763 385 1829 lsrael,
408 1767 580 1834 facere
604 1782 717 1834 qua:
745 1780 930 1819 manus
958 1773 1046 1819 tua
1075 1774 1121 1820 et
1145 1766 1415 1820 consilium
1448 1766 1776 1823 decreverunt
1879 1760 2187 1817 hemenlius
2218 1763 2644 1831 inardescerent,
2670 1775 2725 1820 et
2753 1766 2845 1837 qui
2871 1768 3188 1836 smviebant,
3217 1770 3467 1826 eamdem

217 1858 474 1926 parum.
527 1872 600 1923 ιν,
652 1858 720 1912 2t
765 1857 954 1929 seqq.).
1004 1857 1166 1928 Igitur
1204 1859 1270 1913 ad
1320 1860 1771 1917 manifestandam
1876 1870 2036 1925 quam
2090 1858 2564 1927 persequebantur
2605 1859 2872 1914 ﬂammam
2901 1876 3044 1931 smpe
3096 1864 3463 1934 conciperent,

214 1949 418 2016 gratiam
451 1946 548 2001 Dei
576 1963 695 2017 qua:
736 1961 803 2002 ex
834 1956 1039 2003 (sterno
1077 1947 1193 2018 ejus
1244 1948 1774 2021 incommutabiliquc
1875 1960 1979 2011 qua
2003 1946 2191 2002 beatus
2222 1948 2501 2017 aposmlus
2524 1949 2720 2005 Paulus
2741 1950 2962 2020 ignitus,
2985 1951 3218 2008 ﬁdenter
3245 1954 3465 2009 ferven-

212 2038 420 2093 consilio
455 2039 513 2093 in
542 2040 772 2095 salutem
815 2041 1054 2095 omnium
1084 2041 1325 2111 gentium
1359 2040 1770 2113 disponebatnr,
1876 2045 2065 2107 terque
2089 2037 2338 2094 dicebat:
2365 2038 2649 2109 Iustiﬁcati
2677 2042 2834 2113 igitur
2855 2059 2917 2097 ea:
2935 2043 3058 2112 ﬁde,
3084 2061 3261 2115 pacem
3276 2044 3467 2100 habea-

214 2144 306 2182 ncn
330 2130 530 2197 priora,
546 2129 698 2199 quasi
726 2131 1020 2200 incapacia,
1051 2130 1320 2188 declinata
1342 2144 1467 2188 sunt
1496 2141 1770 2204 tempora;
1874 2144 1989 2183 mus
2007 2126 2036 2168 ι)
2058 2129 2126 2182 ad
2149 2129 2311 2184 Deum
2329 2147 2418 2202 per
2441 2130 2721 2187 Dominum
2744 2143 2974 2189 nostrum
2991 2132 3170 2190 Iesum
3184 2135 3464 2199 Christum.

211 2221 291 2277 sed
317 2221 410 2278 ista
426 2224 628 2288 electa,
655 2238 778 2294 qua:
801 2224 939 2280 tales
959 2224 1185 2295 populos
1207 2224 1513 2291 ediderunt,
1542 2241 1771 2296 quorum
1873 2234 1965 2289 per
1986 2234 2133 2290 quem
2159 2226 2207 2274 et
2236 2236 2496 2275 accessum
2530 2221 2769 2277 habemus
2800 2233 2823 2262 ο
2856 2224 2960 2292 ﬁde
2989 2225 3044 2278 in
3075 2227 3295 2296 gratiam
3315 2228 3467 2280 istam

212 2314 341 2369 {eros
367 2322 421 2371 et
446 2314 758 2370 voluntaria
792 2315 1048 2387 iniquitas
1074 2331 1183 2371 non
1209 2316 1530 2374 consulendi
1553 2319 1759 2386 all'ectul

1903 2325 1927 2361 η
1950 2325 2053 2380 qua
2073 2317 2289 2374 stamus,
2304 2309 2329 2348 ἀ
2354 2319 2399 2366 et
2418 2310 2768 2383 gloriamurin
2795 2331 2886 2383 spe
2906 2315 3085 2385 gloria:
3098 2317 3326 2385 ﬁliorum
3345 2316 3462 2372 Dei.

211 2405 293 2461 sed
321 2407 620 2463 intentione
642 2408 901 2464 “viandi
932 2408 1253 2480 persistere;
1290 2408 1470 2466 facere
1495 2425 1614 2476 qua;
1659 2427 1772 2465 ma-
1876 2398 1999 2453 Non
2022 2398 2188 2454 solum
2216 2403 2513 2470 autem,sed
2542 2412 2587 2457 et
2613 2403 2905 2475 gloriamur
2926 2406 2978 2459 in
3004 2406 3421 2461 tribulationibus
3443 2424 3464 2473 ;

212 2510 299 2550 nus
324 2496 411 2552 Dei
437 2509 494 2553 et
522 2497 807 2552 consilium
830 2497 1188 2554 decreverunt
1214 2497 1329 2553 ﬁeri
1353 2516 1365 2552 :
1393 2510 1450 2554 ut
1474 2499 1774 2556 mirabilior
1871 2491 2083 2545 εείεηιεε
2109 2493 2249 2562 quod
2276 2492 2537 2547 tribulatio
2565 2496 2867 2565 patientiam
2898 2505 3178 2566 operatur.
3218 2499 3466 2569 patientia

209 2598 336 2645 esset
357 2589 535 2661 gratia
575 2597 633 2646 et
664 2590 900 2659 potentia
924 2590 1045 2658 Dei,
1073 2606 1191 2661 quae
1235 2590 1305 2647 de
1336 2600 1442 2647 tam
1473 2592 1624 2648 duris
1655 2592 1759 2647 ani-

1903 2580 2039 2652 mﬁ,
2082 2591 2252 2635 autem
2284 2582 2652 2651 probationem,
2701 2584 2939 2654 probatio
2985 2602 3100 2640 vero
3147 2604 3307 2658 spem,
3350 2604 3465 2653 spes

208 2677 315 2746 mis,
341 2688 445 2735 tam
476 2681 785 2737 tenebrosis
808 2680 1102 2748 mentibus,
1125 2690 1231 2737 tam
1261 2682 1491 2739 inimicis
1515 2683 1759 2739 cordibus

1908 2680 2042 2726 utem
2070 2689 2173 2727 non
2203 2674 2477 2745 confundit
2501 2690 2521 2729 :
2548 2677 2670 2745 quia
2698 2674 2923 2731 charitas
2952 2675 3051 2731 Dei
3089 2678 3278 2747 di/fusa
3306 2689 3381 2733 est
3410 2680 3463 2733 in

210 2765 437 2825 tecjuibi
461 2769 725 2840 populum
757 2769 991 2838 ﬁdelem,
1035 2771 1337 2838 subditum,
1367 2784 1635 2839 sanctum,
1679 2775 1771 2843 qui
1872 2762 2111 2816 cordibus
2155 2764 2341 2818 nostris
2381 2780 2472 2836 per
2501 2765 2756 2837 Spiritum
2801 2775 3059 2831 sanctum,
3096 2768 3182 2832 qui
3210 2768 3362 2821 datus
3391 2779 3465 2823 est

206 2872 299 2914 non
323 2875 414 2930 per
436 2860 765 2929 sapientiam
810 2860 972 2931 hujus
1000 2861 1184 2917 mundi
1233 2865 1484 2932 pervenit
1508 2864 1670 2936 903
1701 2864 1759 2919 ad

1909 2853 2015 2906 abis
2047 2853 2226 2922 (Rom.
2260 2870 2314 2918 v,
2346 2855 2371 2909 1
2406 2864 2454 2909 et
2474 2853 2664 2927 seqq.).
2697 2855 3007 2912 Etiterum:
3042 2858 3169 2925 Quis
3198 2876 3289 2912 nos
3315 2876 3466 2930 sepa—

206 2948 367 3007 tamen
390 2954 676 3024 sapientia;
704 2952 835 3009 Dei;
887 2953 980 3008 sed
1001 2968 1097 3023 ρει-
1128 2955 1274 3009 illius
1300 2958 1530 3019 donum,
1562 2958 1629 3010 de
1660 2973 1767 3026 quo
1870 2942 2005 2997 rabit
2051 2959 2081 2996 a
2112 2943 2364 2999 charitate
2404 2943 2636 3000 Christi?
2666 2946 2945 3012 tribulatio,
2991 2965 3056 3001 an
3089 2951 3349 3019 angustia,
3396 2967 3463 3002 an

207 3050 414 3097 testatur
439 3043 682 3099 Joannes
710 3044 1012 3113 apostolus,
1033 3044 1221 3099 dicens
1247 3061 1260 3097 :
1291 3044 1496 3099 Scimus
1522 3047 1644 3114 quia
1676 3044 1759 3099 Fi-

1903 3035 2175 3098 tcrsecutio,
2219 3051 2285 3088 an
2325 3035 2505 3105 fames,
2552 3053 2620 3090 an
2663 3036 2894 3100 nuditas,
2947 3054 3012 3089 an
3044 3039 3348 3108 periculum,
3396 3055 3463 3091 an

206 3129 291 3185 lius
320 3131 413 3188 Dei
442 3136 602 3197 venit,
637 3143 682 3188 ct
705 3135 845 3187 dedit
882 3134 1024 3189 nobis
1050 3150 1283 3205 sensum,
1319 3144 1373 3189 ut
1401 3153 1759 3207 cognoscamut

1907 3124 2114 3179 (adius?
2157 3125 2305 3182 Sicut
2352 3129 2601 3200 scriptum
2639 3140 2711 3182 est
2755 3128 2927 3201 (Psal.
2964 3145 3116 3195 xutt,
3155 3128 3276 3198 Ἡ),
3330 3131 3464 3196 Quta

203 3235 359 3276 verum
410 3222 614 3291 Deum,
648 3234 694 3278 et
724 3228 881 3279 simus
907 3224 960 3279 in
984 3240 1097 3279 vero
1130 3223 1271 3279 Filio
1300 3229 1412 3299 ejus
1446 3227 1499 3296 (l
1529 3226 1684 3282 Joan.
1714 3244 1759 3295 v,

1905 3224 2073 3286 ropter
2109 3226 2156 3270 te
2186 3218 2556 3285 mortiﬁcamur
2596 3228 2701 3272 tota
2744 3219 2825 3272 die
2848 3235 2869 3273 :
2906 3228 2929 3256 ε
2966 3220 3245 3273 existimati
3286 3236 3462 3273 sumus

202 3307 300 3383 20).
337 3313 431 3367 cui
477 3316 794 3369 testimonio
832 3317 1110 3384 apostolus
1149 3316 1345 3371 paulus
1384 3329 1650 3377 οοηεοηεη
1681 3322 1767 3374 di.
1867 3310 1997 3361 sicut
2026 3325 2138 3362 oves
2167 3311 2456 3364 occisionis.
2506 3309 2611 3366 Sed
2655 3312 2708 3364 in
2759 3312 2837 3365 his
2876 3312 3109 3365 omnibus
3151 3328 3454 3384 superamus

202 3417 315 3458 cens
348 3419 363 3458 :
395 3404 617 3460 Gratias
645 3417 849 3475 agentes
880 3405 1046 3470 Patri,
1077 3409 1165 3477 qui
1218 3409 1401 3478 dignos
1431 3426 1522 3463 nos
1570 3411 1685 3480 fecit
1715 3413 1766 3464 in
1868 3414 1956 3470 per
1985 3415 2100 3451 eum
2136 3401 2223 3467 qui
2259 3400 2437 3454 dilexit
2468 3418 2579 3455 nos.
2612 3399 2788 3455 Certus
2823 3419 2935 3456 sum
2968 3403 3102 3456 enim
3142 3404 3264 3471 quia
3302 3421 3461 3474 neque

200 3509 372 3564 partem
401 3499 564 3553 sortis
586 3509 880 3553 sanctorum
907 3501 961 3553 in
987 3500 1199 3569 lumine,
1234 3502 1323 3572 qui
1351 3502 1538 3571 eripuit
1588 3519 1678 3556 nos
1707 3504 1759 3557 dt

1903 3505 2027 3554 tors,
2079 3507 2239 3561 neque
2286 3493 2407 3557 vita,
2459 3508 2618 3561 neque
2658 3494 2851 3563 angeli,
2903 3509 3063 3561 neque
3112 3494 3459 3563 principatus.

201 3592 399 3643 tenebris
427 3600 472 3645 et
502 3591 574 3644 de
600 3601 849 3663 potestate
877 3593 1221 3658 tenebrarum,
1244 3602 1292 3646 et
1317 3594 1578 3647 transtulit
1607 3595 1659 3647 in
1688 3610 1759 3648 re-

1926 3597 2085 3651 neque
2111 3582 2375 3647 instantia,
2402 3600 2563 3653 neque
2581 3584 2782 3653 futura,
2815 3601 2972 3655 neque
2998 3585 3269 3655 fortitudo,
3299 3602 3460 3650 neque

199 3695 338 3748 gnum
366 3678 398 3733 Ι·
418 3680 497 3733 ilii
536 3682 823 3735 dilectionis
852 3697 959 3736 sua:
1004 3682 1228 3753 (Coloss.
1264 3698 1303 3749 ι,
1336 3682 1445 3757 1⁸2).
1472 3684 1540 3739 Ει
1571 3686 1759 3741 iterum

1903 3673 2107 3739 ltitudo,
2138 3690 2298 3742 neque
2325 3676 2665 3744 profundum,
2698 3692 2860 3745 neque
2886 3684 3119 3730 creatura
3149 3677 3252 3728 alia
3273 3679 3459 3746 poterit

197 3772 321 3825 idem
356 3791 370 3828 :
400 3772 634 3829 Eramus
677 3775 831 3839 enim,
875 3774 1069 3843 inquit,
1100 3773 1376 3844 aliquando
1431 3777 1759 3848 insipientes.

1905 3777 1959 3815 os
1985 3778 2221 3830 separare
2250 3780 2281 3816 a
2320 3763 2568 3816 clmritate
2606 3764 2723 3829 Dei,
2766 3779 2878 3831 quae
2903 3774 2975 3817 est
3015 3764 3067 3817 in
3099 3763 3302 3818 Christo
3330 3764 3458 3819 Iesu

197 3862 447 3931 increduli,
482 3874 737 3934 errantes,
763 3867 1032 3920 servientes
1058 3866 1325 3921 desideriis
1346 3877 1393 3920 et
1424 3868 1759 3940 voluptatibus

1903 3853 2090 3905 Domino
2125 3862 2302 3906 nostro
2333 3852 2511 3925 (Rom.
2541 3868 2656 3916 vnt,
2688 3854 2802 3923 55).
2836 3853 2961 3907 Haec
2988 3854 3224 3908 charitas
3253 3854 3447 3908 diﬁ‘usa

195 3957 359 4021 variis,
382 3958 436 4011 in
459 3958 667 4011 malitia
692 3967 738 4011 et
766 3957 963 4011 invidia
994 3968 1233 4028 agentes,
1266 3958 1505 4025 odibiles,
1534 3959 1759 4013 odicntet

1904 3960 1965 3999 er
1992 3944 2247 4012 Spiritum
2278 3956 2544 4013 sanctum,
2573 3945 2695 3999 fecit
2717 3957 2768 3999 ut
2791 3946 3019 4000 mundus
3043 3945 3279 3999 ﬁdelium
3309 3961 3454 4000 mun-

198 4046 412 4103 invicem.
438 4046 571 4104 Cum
601 4060 770 4103 autem
800 4049 1079 4121 benignitas
1109 4059 1159 4103 el
1200 4049 1494 4105 humanitas
1523 4054 1759 4123 apparuit

1907 4051 1991 4089 ttm
2022 4037 2263 4090 vinceret
2294 4035 2598 4105 impiorum.
2636 4037 2762 4091 llaec
2789 4036 3016 4091 Neronis
3046 4036 3443 4103 crudelitatem,

197 4132 470 4193 Saluatoris
491 4141 677 4208 nostri,
711 4157 811 4193 non
843 4156 905 4194 ex
924 4140 1157 4212 operibus
1168 4141 1393 4211 justititc
1414 4158 1527 4212 qua:
1549 4144 1759 4212 fecimus

1903 4125 2159 4180 Domitiani
2209 4125 2468 4192 furorem,
2519 4125 2918 4196 multorumque
2960 4136 3079 4193 post
3106 4141 3198 4180 eos
3238 4124 3451 4180 Princi-

198 4239 308 4293 nos,
336 4229 421 4282 sed
449 4229 735 4283 secundum
786 4246 933 4283 suam
980 4231 1389 4284 misericordiam
1444 4230 1613 4286 salvas
1674 4250 1766 4287 nos
1870 4231 1994 4285 βαίη
2035 4225 2061 4264 ⁸
2105 4216 2313 4271 rabiem
2362 4217 2600 4285 ςιοτῖοεο
2642 4217 3109 4272 innumerabilium
3162 4228 3455 4288 martyrum

197 4312 322 4382 fecit,
345 4334 435 4387 ρετ
458 4318 724 4372 lavacrum
746 4320 1140 4388 τεθεηεναιίοηί,
1167 4318 1393 4387 spira“,
1416 4322 1766 4390 summque",
1870 4306 1976 4360 ﬁne
2003 4306 2275 4372 confudit,
2307 4306 2541 4362 donante
2588 4307 2805 4362 Christo
2846 4307 3198 4361 imitatorihus
3229 4309 3358 4370 suis,
3393 4307 3461 4361 de

197 4406 365 4473 elfudit
396 4411 449 4464 in
474 4427 569 4465 nos
596 4412 795 4464 abunde
813 4428 901 4483 per
920 4410 1099 4465 Iesum
1136 4411 1397 4465 Christum
1440 4412 1759 4469 Salvatorem

1909 4398 2341 4453 ersecutionibus
2390 4414 2577 4469 regum
2623 4410 2943 4455 internarum
2977 4408 3257 4452 stemmata
3295 4412 3456 4453 coro-

194 4509 430 4569 nostrum,
464 4510 518 4555 ut
533 4501 811 4573 justiﬁeati
837 4504 1005 4572 gratia
1026 4502 1212 4572 ipsius,
1239 4501 1464 4557 Iitcredes
1493 4504 1654 4558 simus
1681 4522 1761 4560 se—

194 4591 408 4646 cundum
432 4610 579 4665 spem
599 4595 714 4649 vita:
737 4603 940 4649 cateruas
965 4594 1091 4665 (Titi
1121 4610 1202 4661 ιιι,
1236 4596 1270 4650 5
1296 4594 1488 4667 seqq.).

255 4683 505 4743 Potuitne
548 4688 793 4757 plenius,
840 4688 1185 4751 luculentius,
1227 4689 1411 4744 verius
1455 4691 1718 4760 explicari
1744 4732 1759 4756 ,

193 4787 302 4841 quas
331 4780 527 4833 merita
578 4779 854 4835 hominum
893 4777 1144 4834 Christus
1188 4778 1494 4846 invenerit,
1542 4788 1600 4836 et
1627 4795 1764 4851 quos

192 4865 285 4922 sibi
316 4883 495 4926 mores
522 4870 836 4941 subiecerit,
870 4884 992 4941 quas
1019 4872 1087 4925 ad
1117 4885 1177 4926 se
1198 4870 1363 4925 corda
1402 4874 1758 4939 converterit,

191 4960 397 5026 quando
418 4962 575 5018 venit
603 4962 807 5019 mederi
838 4978 943 5019 non
972 4961 1142 5028 sanis,
1176 4960 1271 5017 sed
1320 4961 1461 5017 male
1506 4959 1760 5017 habenti-

258 5132 283 5160 ι
310 5122 400 5180 Sic
427 5138 532 5180 ms.
561 5124 812 5181 Joliensis
838 5138 961 5179 cum
993 5123 1125 5179 edit.
1143 5122 1359 5179 Leonis.
1392 5120 1533 5176 Editi
1576 5130 1758 5187 antea,

194 5190 443 5265 Dominici
472 5196 589 5264 agri
617 5198 816 5265 segetis.

255 5262 283 5302 δ
314 5265 401 5319 Sic
431 5261 711 5320 reétitutu's
742 5266 890 5318 locus
919 5278 984 5319 ex
1027 5262 1224 5318 Leonis
1268 5262 1426 5332 libro,
1455 5261 1613 5332 juxta
1645 5270 1761 5315 tes-

194 5340 297 5405 t_um
323 5344 617 5405 utrumque
647 5334 910 5405 Apostoli.
954 5332 1055 5405 bis.
1082 5332 1214 5395 Jol.,
1245 5331 1640 5405 ad__Doininum
1670 5347 1761 5405 per

196 5402 466 5457 Dominum
494 5400 725 5458 nostrum
747 5400 926 5459 Iesum
953 5401 1235 5458 Christum.
1271 5401 1410 5458 Editi
1432 5411 1588 5456 antea
1617 5401 1758 5457 omi-

194 5483 367 5527 Serant
389 5473 559 5527 Deum
598 5491 701 5542 per.

264 5554 284 5611 ε
310 5544 437 5597 Mss.
461 5543 716 5599 Ioliensis
737 5553 787 5600 et
812 5543 1046 5608 Thuan.,
1071 5543 1217 5611 ﬁdei.

261 5610 287 5650 ἀ
315 5616 560 5671 Antehac
591 5615 737 5683 editi,
770 5614 876 5671 Sed
900 5622 947 5669 et
992 5614 1298 5683 gloriamur.
1351 5611 1457 5668 Sed
1497 5611 1756 5668 omissum

1870 4504 2082 4544 narum.

2457 4622 2686 4678 CAPUT
2725 4620 2863 4677 XVI.

1980 4733 2128 4799 Quod
2154 4732 2387 4788 Christus
2416 4750 2508 4805 pro
2532 4736 2765 4787 omnibus
2790 4734 2959 4805 impiis
2988 4744 3219 4788 mortuus
3246 4735 3336 4789 sit.

1937 4870 2092 4926 Nulla
2128 4869 2289 4940 igitur
2331 4870 2468 4924 ratio
2498 4869 2779 4925 dubitandi
2810 4878 2914 4938 est,
2963 4870 3148 4926 Iesum
3180 4868 3453 4925 Christum

1868 4962 2153 5018 Dominum
2182 4969 2423 5016 nostrum
2463 4976 2558 5031 pro
2587 4962 2766 5032 impiis
2803 4970 2858 5017 et
2887 4960 3265 5033 peccatoribus
3300 4977 3449 5015 mor-

1867 5120 1922 5177 in
1954 5135 2056 5175 ms.
2086 5118 2311 5175 Ioliensi
2356 5127 2413 5174 ct
2440 5118 2643 5187 Leone,
2676 5132 2776 5174 nec
2820 5118 2874 5173 in
2904 5117 3147 5188 Apostoli
3183 5125 3329 5171 textu
3363 5114 3452 5170 hic

1875 5192 2102 5257 legitur,
2132 5190 2225 5244 sed
2257 5189 2417 5257 paulo
2449 5189 2608 5243 infra.

1940 5270 1967 5299 ο
1995 5263 2091 5314 Ms.
2123 5260 2400 5327 Joliensis,
2432 5260 2673 5314 wstimali
2693 5274 2889 5312 sumus.

1944 5329 1964 5369 ί
1998 5331 2096 5386 Ms.
2127 5330 2406 5396 Joliensis,
2440 5346 2602 5399 neque
2645 5329 2893 5381 instantia
2924 5342 3099 5399 neque,
3127 5330 3327 5399 futura,
3362 5341 3454 5378 nc-

1865 5416 1963 5473 que
1986 5399 2181 5473 angeli,
2215 5415 2374 5470 neque
2406 5396 2724 5471 principatus
2738 5438 2767 5473 _,_
2804 5412 2964 5466 neque
3008 5396 3264 5460 altitudo,
3297 5410 3455 5462 neque

1867 5467 2206 5542 profundunt.
2241 5467 2416 5542 neque
2432 5478 2668 5542 creatura
2696 5467 2800 5542 alia
2814 5502 2828 5517 .

1939 5534 1973 5589 ι’
1998 5542 2128 5596 Mss.
2160 5534 2345 5596 Camb.
2375 5546 2432 5594 et
2473 5536 2581 5593 Iol.
2611 5546 2667 5593 et
2707 5535 2907 5593 Leonis
2939 5534 3072 5592 edit.
3113 5535 3339 5605 addunt,
3371 5553 3453 5594 ra-

1867 5609 2025 5665 biem.
