3972 6176
475 280 580 338 ἳοῗ)

1104 272 1161 329 S.
1202 270 1537 328 PROSPERI
1576 269 1903 338 AQL‘II‘ANI
1941 269 2169 326 OPERA
2210 268 2532 327 INCERTA‘]
2572 267 3101 327 AUCTORITATIS.

3627 267 3735 331 τοι

473 403 642 457 tuum,
672 404 703 444 a
741 401 964 458 quorum
994 398 1216 438 numero
1239 392 1265 420 ι
1308 384 1352 437 si
1383 383 1581 452 aliquis
1625 382 1759 436 liber
1798 382 2046 436 inventus
2075 385 2123 442 Α
2149 398 2264 450 qua:
2301 391 2376 437 est
2416 382 2554 436 circa
2597 380 2848 451 Cyrenen,
2906 389 2954 435 et
3009 382 3219 436 advena
3266 380 3514 452 Romani,
3561 382 3733 442 Judci

473 494 576 552 est,
633 497 736 535 non
778 487 860 533 est
900 491 994 545 pro
1033 475 1283 529 omnibus
1328 484 1568 528 mortuus
1605 473 1849 528 Christus
1887 490 1902 527 :
1953 472 2047 526 sed

476 584 694 642 prorsus
722 583 816 638 pro
846 566 1094 621 omnibus
1121 574 1365 620 mortuus
1394 572 1478 619 est
1500 562 1529 603 ι)
1575 564 1822 619 Christus
1847 580 1858 615 :
1895 577 2051 617 nemo

474 680 600 733 ergo
627 663 861 716 omnium
904 660 1181 714 hominum
1226 666 1351 713 ante
1395 656 1886 712 reconciliationem
1934 670 2052 724 qua:

475 771 569 824 per
591 752 790 807 Christi
835 750 1147 823 sanguinem
1181 749 1318 804 iacta
1346 756 1451 813 est,
1485 762 1589 803 non
1635 758 1658 786 ο
1687 755 1779 801 aut
1806 756 2054 815 peccator

474 855 567 899 aut
614 844 807 913 impius
836 842 971 896 fuit:
1020 841 1235 895 dicente
1262 839 1560 909 Apostolo:
1599 836 1627 876 ἀ
1674 837 1741 893 Ut
1768 839 1893 909 quid
1922 838 2054 892 enim

477 936 729 996 Christus.
776 950 891 988 cum
929 932 1097 985 adhuc
1128 931 1320 998 infirmi
1351 946 1589 996 essemus,
1629 932 1787 1001 juxta
1833 940 2050 997 tempus,

477 1043 569 1098 pro
595 1025 767 1094 impiis
805 1033 1035 1076 mortuus
1081 1022 1191 1074 est?
1228 1018 1326 1074 Via:
1360 1021 1495 1073 enim
1526 1035 1616 1087 pro
1634 1021 1778 1089 justo
1806 1019 1920 1089 quis
1950 1034 2059 1071 mo-

477 1118 628 1181 ritur,
664 1129 783 1168 nam
818 1129 909 1181 pro
938 1113 1068 1165 bono
1099 1110 1318 1178 forsitan
1357 1110 1471 1179 quis
1503 1110 1689 1162 audeat
1720 1109 1847 1161 mori
1872 1124 1892 1161 :
1921 1123 2059 1160 com-

478 1210 685 1260 mendat
704 1214 871 1258 autem
891 1220 1037 1256 suam
1058 1201 1359 1255 charitatem
1386 1200 1518 1253 Deus
1538 1201 1591 1252 in
1620 1199 1783 1265 nobis,
1815 1198 2059 1269 quoniam

480 1298 525 1352 si
554 1311 670 1349 cum
704 1293 873 1349 adhuc
908 1302 1195 1365 peccatores
1232 1307 1476 1353 essemus,
1516 1289 1746 1344 Christus
1780 1305 1873 1361 pro
1915 1288 2059 1343 nobis

484 1398 713 1441 mortuus
744 1393 839 1452 est,
872 1382 1034 1437 multo
1072 1383 1235 1453 magis
1270 1382 1545 1451 justiﬁcati
1584 1382 1831 1452 sanguine
1876 1381 2058 1451 ipsius,

483 1480 611 1534 salvi
632 1481 816 1532 erimus
836 1478 896 1531 ab
928 1478 1006 1530 ira
1028 1495 1118 1550 per
1144 1478 1333 1548 ipsum.
1369 1477 1432 1531 Si
1458 1476 1594 1530 enim
1621 1493 1736 1529 cum
1761 1476 1957 1529 inimici
1978 1492 2062 1530 cs-

483 1587 672 1636 semus,
713 1571 1025 1625 reconciliati
1060 1588 1236 1625 sumus
1266 1568 1375 1624 Deo
1406 1586 1496 1641 per
1536 1577 1749 1623 mortem
1779 1567 1902 1622 Filii
1929 1570 2058 1638 ejus,

487 1664 648 1719 multo
695 1665 854 1734 magis
894 1665 1209 1718 reconciliati
1253 1664 1382 1717 salvi
1430 1663 1618 1718 erimus
1664 1663 1716 1715 in
1761 1662 1860 1715 vita
1903 1661 2065 1732 ipsius

2152 490 2354 539 quoque
2404 482 2453 528 et
2504 472 2792 544 Proselgti,
2839 471 3009 528 Cretes
3059 481 3109 528 et
3159 473 3353 528 Arabes
3379 515 3397 541 ,
3452 475 3735 534 audientes

2152 580 2340 620 omnes
2378 563 2574 633 linguis
2603 564 2715 619 suis
2754 563 3035 634 praedicari
3087 565 3353 633 magnalia
3402 565 3496 621 Dei
3540 567 3737 637 (Actor.

2154 672 2211 722 tt,
2236 656 2269 713 9
2294 665 2341 710 et
2362 655 2495 727 seq.)
2521 673 2534 711 :
2567 670 2796 726 quorum
2825 653 3129 710 testiﬁcatio
3158 655 3319 711 etiam
3352 656 3406 710 in
3434 670 3531 712 eas
3552 667 3743 728 gentes

2153 764 2273 820 qua:
2302 749 2623 805 remotiores
2659 757 2802 814 sunt,
2837 747 2996 817 longe
3025 747 3238 815 lateque
3267 757 3634 817 procurreret.
3663 749 3740 804 ΑΙ

2156 840 2309 910 Cujus
2338 840 2417 895 rei
2448 838 2699 894 elfecmm
2720 836 2991 893 credimus
3020 836 3355 908 providentia
3386 839 3481 894 Dei
3514 838 3744 894 Romani

2157 931 2310 1002 regni
2339 930 2671 985 latitudinem
2705 937 3060 1000 praeparatam
3085 946 3100 983 :
3126 937 3185 983 ut
3208 928 3454 986 nationes
3484 931 3742 986 vocanda

2156 1021 2223 1078 ad
2252 1022 2510 1077 unitatem
2538 1021 2781 1091 corporis
2801 1020 3021 1085 Christi,
3044 1021 3192 1089 prius
3211 1020 3329 1092 jure
3355 1022 3518 1076 unius
3547 1036 3738 1077 conso-

2157 1115 2430 1170 ciarentur
2455 1122 2481 1161 8
2504 1114 2712 1185 imperii
2738 1130 2752 1169 :
2777 1114 3019 1183 quamvis
3039 1112 3069 1149 δ
3098 1114 3267 1183 gratia
3298 1112 3609 1170 Christiana
3640 1130 3740 1170 non

2158 1215 2411 1263 contenta
2470 1205 2539 1260 sit
2590 1204 2810 1261 eosdem
2858 1205 3059 1260 limites
3109 1205 3311 1260 habere
3352 1219 3493 1275 quos
3542 1207 3737 1271 ltoma;

2162 1299 2467 1367 multosque
2491 1296 2602 1367 jam
2639 1295 2655 1333 ί
2687 1297 2917 1367 populos
2954 1305 3167 1366 sceptro
3205 1297 3382 1351 crucis
3422 1296 3627 1352 Christi
3659 1298 3741 1352 illa

2162 1387 2480 1452 subdiderit,
2509 1400 2645 1457 quos
2674 1387 2837 1439 armis
2882 1387 2993 1441 suis
3040 1385 3142 1440 ista
3190 1400 3295 1440 non
3342 1385 3578 1441 domuit.
3618 1388 3740 1454 Quae

2165 1488 2343 1535 tamen
2382 1493 2476 1547 per
2504 1477 2785 1548 apostolici
2816 1475 3101 1532 sacerdotii
3129 1477 3491 1547 principatum
3523 1478 3743 1547 amplior

2167 1569 2305 1626 l‘acta
2350 1578 2434 1626 est
2468 1582 2593 1624 arce
2618 1567 2894 1638 religionis
2920 1582 3077 1638 quam
3109 1566 3246 1622 solio
3272 1567 3585 1637 potestatis.

2752 1677 2977 1736 CAPUT
3015 1678 3183 1735 XVII.

489 1754 665 1827 (Rom.
696 1769 747 1822 v,
782 1755 814 1808 6
842 1764 888 1808 et
919 1754 1103 1824 seqq.).
1138 1753 1283 1808 Idem
1327 1764 1503 1807 autem
1548 1754 1838 1821 Apostolus
1880 1754 1930 1804 in
1974 1766 2061 1806 se-

2182 1774 2421 1830 Nationes
2469 1774 2647 1844 quibus
2700 1773 2924 1825 nondum
2971 1772 3149 1844 gratia
3202 1769 3497 1844 Salvgtoris
3548 1771 3745 1844 illuxit,

486 1847 661 1900 cunda
700 1845 765 1899 ad
795 1846 1103 1899 Corinthios
1132 1845 1235 1910 ait,
1266 1842 1505 1898 Charitas
1537 1843 1671 1896 enim
1706 1841 1897 1898 Christi
1923 1853 2067 1913 urget

488 1952 602 2002 nos,
639 1937 937 2007 jttdicantes
977 1934 1094 1999 hoc,
1144 1935 1385 2003 quoniam
1426 1936 1472 1988 si
1516 1951 1648 1988 unus
1689 1951 1783 2004 pro
1836 1935 2069 1988 omnibus

489 2038 721 2080 mortuus
751 2036 843 2091 est,
873 2042 994 2098 ergo
1019 2042 1191 2080 onnes
1232 2028 1420 2079 mortui
1446 2038 1563 2079 sunt
1588 2040 1605 2079 :
1634 2034 1681 2079 et
1707 2042 1799 2096 pro
1837 2026 2069 2079 omnibus

490 2127 719 2170 mortuus
745 2124 840 2181 est,
874 2126 922 2168 ut
964 2127 1012 2169 ct
1040 2117 1126 2185 qui
1156 2116 1343 2179 vivunt,
1363 2119 1480 2188 jam
1511 2133 1611 2169 non
1639 2118 1734 2169 sibi
1762 2106 1948 2182 vivant,
1981 2117 2069 2170 sed

490 2206 538 2260 ei
557 2206 643 2276 qui
662 2222 755 2277 pro
781 2207 904 2277 ipsis
937 2218 1166 2260 mortuus
1203 2218 1273 2261 est
1295 2216 1341 2260 et
1372 2209 1646 2260 resurrexit
1669 2206 1736 2277 (ll
1774 2206 1893 2262 Cor.
1929 2226 1978 2276 v,
2005 2209 2071 2263 Η

491 2308 541 2353 et
571 2298 755 2369 καφ).
776 2299 853 2354 De
874 2315 931 2353 se
962 2299 1080 2369 ipsi»
1104 2314 1230 2353 vero
1250 2298 1376 2369 quid
1401 2302 1725 2367 pronuntiet,
1752 2300 2066 2353 audiamus:

493 2390 713 2457 Fidelis,
742 2392 931 2462 inquit,
955 2409 1140 2459 sermo,
1165 2403 1209 2446 et
1241 2395 1380 2446 omni
1401 2394 1689 2463 acceptione
1715 2393 1925 2465 dignus,
1948 2393 2071 2463 quia

494 2483 725 2539 Christus
753 2486 915 2557 905
950 2487 1084 2539 venit
1114 2486 1167 2539 in
1198 2486 1334 2539 hunc
1368 2486 1614 2539 mundum
1646 2497 1935 2556 peccatores
1965 2486 2071 2539 sal-

490 2593 577 2632 ισοξ
604 2578 788 2648 facere,
820 2595 1033 2645 quorum
1062 2579 1257 2650 primus
1288 2595 1380 2648 ego
1405 2595 1552 2646 sum;
1579 2580 1668 2633 sed
1708 2578 1823 2633 ideo
1868 2579 2071 2633 miscri-

492 2668 722 2722 cordiam
763 2681 1065 2723 consecutus
1104 2686 1238 2736 sum,
1280 2678 1333 2721 ut
1373 2671 1426 2723 in
1465 2686 1544 2724 me
1590 2671 1753 2737 primo
1796 2669 2074 2724 ostenderet

496 2759 730 2815 Christus
767 2760 918 2816 Iesus
950 2778 1148 2816 onmem
1188 2763 1510 2833 patientiam,
1556 2763 1625 2816 ad
1663 2762 2071 2832 informationem

495 2868 666 2905 eorurn
690 2852 780 2922 qui
798 2852 1042 2905 credituri
1064 2862 1179 2907 sunt
1208 2854 1284 2907 illi
1311 2854 1361 2906 in
1386 2854 1793 2907 vitnmazternam
1823 2853 2070 2926 (lTimJ,

497 2944 566 3001 15
594 2953 639 2999 et
661 2946 815 3015 seq).

569 3036 695 3093 Sive
720 3052 848 3107 ergo
892 3037 1251 3105 circumcisio,
1296 3038 1408 3092 sive
1454 3037 1797 3108 prteputium,
1846 3048 2072 3109 peccato

2243 1840 2492 1912 disposito
2532 1854 2757 1911 tempore
2784 1840 3039 1896 vocandas
3066 1858 3174 1896 esse
3214 1842 3283 1894 ad
3319 1840 3687 1913 Ecangelium.

2242 1937 2393 2004 Quod
2410 1936 2456 1990 si
2476 1936 2633 1997 forte,
2652 1933 3101 2004 quemadmodum
3120 1934 3376 2004 quasdam
3397 1946 3589 2006 gentes
3609 1937 3624 1986 ἰ
3653 1951 3747 1991 non

2172 2030 2296 2086 olim
2328 2029 2380 2085 in
2410 2030 2737 2085 consortium
2767 2028 2997 2082 ﬁliorum
3030 2027 3126 2082 Dei
3171 2028 3425 2083 novimus
3449 2027 3748 2099 adoptatss,

2174 2123 2243 2176 ita
2273 2124 2434 2177 etiam
2465 2134 2606 2176 nunc
2634 2121 2686 2176 in
2725 2120 2984 2176 extremis
3013 2120 3199 2174 mundi
3231 2120 3473 2189 partibus
3499 2130 3627 2175 sunt
3663 2121 3750 2176 ali-

2172 2228 2295 2284 quae
2318 2212 2560 2267 nationes
2582 2211 2775 2281 quibus
2804 2210 3040 2266 nondum
3070 2212 3236 2280 gratia
3266 2210 3573 2267 Salvatoris
3599 2211 3751 2283 9w

2174 2303 2365 2368 illuxit,
2418 2316 2526 2357 non
2578 2301 2919 2370 ambiglmus,
2967 2301 3128 2357 etiam
3178 2300 3340 2364 circa
3370 2301 3495 2357 illas
3548 2302 3750 2357 occulto

2169 2394 2372 2465 judicio
2415 2393 2508 2448 Dei
2558 2404 2769 2461 tempus
2797 2392 3094 2447 vocationis
3122 2407 3242 2447 esse
3271 2391 3620 2460 dispositum,
3654 2409 3750 2463 quo

2174 2484 2543 2554 Evangelium,
2571 2482 2597 2521 ¹ί
2626 2483 2769 2552 quod
2812 2499 2916 2537 non
2972 2482 3279 2547 audierunt,
3329 2483 3555 2539 audient
3602 2495 3752 2553 atque

2174 2575 2486 2645 suscipiant.
2539 2574 2745 2642 Quibus
2804 2583 2984 2630 tamen
3045 2574 3133 2629 illa
3190 2589 3444 2629 mensura
3491 2575 3751 2646 generalis

2175 2667 2391 2733 auxilii,
2422 2682 2542 2737 qua:
2583 2665 2651 2721 de
2680 2680 2843 2735 super
2889 2667 3143 2722 omnibus
3191 2682 3408 2736 semper
3450 2667 3752 2723 hominibus

2175 2768 2259 2815 est
2280 2758 2522 2829 praebita,
2546 2772 2651 2812 non
2673 2767 2932 2828 negatur:
2955 2758 3200 2830 quamvis
3220 2768 3327 2813 tam
3348 2761 3550 2814 acerbo
3573 2768 3753 2814 natura

2178 2850 2411 2905 humana
2442 2847 2665 2903 vulnere
2695 2850 2929 2903 sauciata
2960 2850 3059 2916 sit,
3090 2859 3151 2903 ut
3177 2850 3243 2904 ad
3273 2850 3642 2920 cognitionem
3667 2850 3755 2906 Dei

2178 2944 2444 2999 neminem
2476 2942 2861 3011 contemplatio
2887 2950 3179 3011 spontanea
3223 2942 3382 3011 plene
3422 2943 3601 2998 valeat
3636 2958 3757 2998 eru-

2178 3034 2321 3099 dire;
2353 3035 2453 3089 nisi
2478 3032 2943 3089 obumbrationem
2969 3032 3147 3086 cordis
3166 3047 3289 3087 vera
3308 3033 3395 3087 lux
3420 3033 3754 3099 diseusserit,

496 3128 874 3183 univcrsaliter
903 3129 1346 3198 concludebatur,
1381 3145 1623 3199 unuSque
1663 3145 1852 3185 omnes
1894 3140 2075 3185 reatus
2100 3122 2145 3183 C
2178 3141 2337 3197 quam
2370 3125 2702 3181 inscrutabili
2723 3124 2932 3194 judicio
2975 3124 3114 3179 Deus
3138 3126 3315 3193 justus
3349 3132 3406 3178 et
3432 3126 3630 3187 bonus.
3658 3143 3757 3181 non

497 3218 879 3285 obstrinxerat,
910 3232 961 3274 et
994 3220 1131 3274 inter
1164 3222 1329 3289 magis
1378 3222 1660 3290 minusque
1691 3220 1887 3291 impios
1918 3237 2075 3277 nemo

496 3320 612 3364 erat
641 3312 730 3381 qui
766 3320 946 3381 posset
983 3313 1184 3382 absque
1222 3314 1416 3366 Christi
1459 3313 1829 3381 redemptione
1857 3312 2075 3366 salvari.

495 3399 624 3468 Qua:
648 3399 947 3471 redemptio
972 3406 1223 3456 universo
1247 3418 1367 3457 sese
1389 3402 1566 3457 intulit
1590 3402 1807 3469 mundo,
1826 3413 1879 3457 et
1904 3404 2078 3457 omni-

492 3492 594 3548 bus
626 3493 929 3548 hominibus
976 3493 1345 3549 indiderenter
1390 3495 1639 3550 innotuit.
1674 3504 1697 3531 θ
1727 3494 2076 3565 Quandoqui-

492 3585 615 3641 dem
649 3586 700 3641 in
731 3586 818 3640 die
845 3585 1294 3657 quinquagesimo
1325 3587 1391 3640 ab
1419 3586 1511 3641 illo
1543 3586 1770 3654 Pascha,
1799 3587 1851 3641 in
1882 3602 1985 3657 quo
2015 3600 2075 3642 se

492 3676 723 3731 hostiam
760 3677 871 3731 Deo
910 3691 1074 3732 verus
1100 3678 1281 3747 Agnus
1310 3675 1577 3732 obtulerat
1603 3690 1725 3730 cum
1769 3676 1994 3746 aposmli
2020 3684 2076 3731 et

492 3766 587 3835 qui
616 3782 737 3821 cum
782 3768 861 3822 eis
893 3767 1171 3822 unanimes
1202 3776 1355 3821 erant
1378 3811 1390 3835 ,
1424 3766 1611 3835 repleti
1641 3766 1841 3836 Spiritu
1888 3775 2074 3821 sancto

490 3857 685 3930 linguis
716 3860 956 3916 omnium
1005 3861 1245 3930 gentium
1295 3860 1664 3930 loquerentur,
1716 3859 2073 3915 conveniebat

418 3936 421 3941 I
494 3949 515 3989 ί
536 3953 709 4008 excita
731 3954 991 4008 miracuio
1013 3953 1209 4008 diversi
1230 3955 1441 4023 generis
1462 3952 1737 4007 hominum
1761 3953 2068 4021 multitudo,

493 4051 555 4097 ut
583 4044 927 4114 Evangelium
950 4042 1148 4099 Christi
1176 4045 1228 4098 in
1255 4044 1332 4098 eis
1360 4045 1449 4114 qui
1480 4044 1724 4108 aderant,
1754 4051 1897 4097 totus
1923 4058 2074 4097 mun-

494 4134 597 4188 dus
626 4135 854 4189 audiret.
878 4134 1262 4191 Conﬂuxerunt
1292 4146 1492 4201 autem,
1524 4138 1658 4191 sicut
1689 4139 1944 4205 scriptum
1970 4144 2073 4202 est,

494 4222 702 4289 Parthi,
734 4234 783 4279 et
814 4225 976 4293 Medi,
1013 4224 1272 4290 Elamittc,
1304 4235 1348 4280 et
1390 4227 1475 4294 qui
1516 4226 1801 4279 inhabitant
1836 4225 2073 4297 Mesopo-

495 4317 722 4381 tamiam,
752 4314 991 4371 Iudicum
1031 4326 1077 4370 et
1123 4316 1523 4385 Cappadociam,
1556 4316 1781 4371 Pontum
1807 4327 1853 4372 et
1877 4318 2074 4384 Asiam,

494 4405 777 4478 Phrygiam
816 4418 861 4461 et
893 4406 1288 4480 Pamphyliam,
1326 4406 1587 4478 Egyptum
1625 4418 1669 4463 et
1710 4418 1881 4479 partes
1908 4408 2085 4479 Libya:

567 4530 593 4558 ἰ
624 4522 749 4577 Mss.
788 4522 971 4577 Camb.
1003 4532 1057 4575 et
1090 4523 1195 4577 Jul.
1238 4537 1300 4575 ac
1336 4521 1499 4575 editio
1530 4521 1723 4575 Leonis
1767 4521 1989 4580 addunt,
2034 4522 2075 4574 si
2106 4526 2156 4583 D

497 4592 705 4655 aliquis,
750 4608 973 4660 quorum
1027 4594 1242 4647 delectu
1293 4594 1487 4659 pendet
1536 4591 1802 4645 sententia
1854 4593 1907 4645 iu
1959 4592 2077 4644 aliis

498 4661 669 4715 libris.
711 4662 1072 4733 Lovanienses
1120 4663 1375 4733 suspicati
1419 4671 1573 4717 erant
1626 4661 1907 4733 legendum
1954 4677 2074 4714 cum

497 4745 658 4784 Setisu
698 4746 858 4795 novo,
897 4731 1080 4785 Nonne
1114 4731 1487 4802 pro—omnibus,
1520 4746 1653 4799 etc.,
1699 4743 1755 4786 ut
1783 4732 1885 4786 loci
1922 4732 2077 4787 intel-

501 4802 673 4855 lectus
701 4803 1079 4864 compleretur.

568 4869 595 4908 δ
628 4870 785 4926 Deest
813 4871 918 4933 hc,
951 4870 1202 4936 Christus,
1237 4873 1288 4927 in
1318 4888 1447 4927 mss.
1480 4872 1667 4927 Camb.
1698 4880 1754 4927 et
1777 4871 1997 4927 Joliensi
2022 4880 2077 4927 et

497 4941 735 4997 editione
760 4941 955 4996 Leonis
982 4958 993 4992 :
1027 4956 1145 5010 quae
1172 4956 1273 4995 vox
1305 4945 1356 4997 in
1383 4944 1501 4997 aliis
1534 4944 1778 4997 habetur.

573 5022 595 5050 ο
624 5012 761 5067 Male
799 5013 850 5065 in
889 5010 1049 5065 editis
1076 5012 1227 5079 alias,
1270 5029 1374 5067 non
1412 5023 1603 5067 autem.
1635 5012 1982 5068 Correximus
2010 5029 2075 5067 ex

499 5098 629 5137 mss.
662 5082 849 5137 Camb.
881 5093 931 5138 et
959 5082 1206 5146 Joliensi,
1234 5098 1297 5137 ac
1322 5085 1519 5138 Leone.

568 5152 594 5187 ά
623 5152 695 5206 Ita
728 5152 923 5207 Leonis
949 5153 1113 5207 editio
1139 5170 1151 5204 :
1173 5155 1321 5221 juxta
1346 5152 1588 5220 Apostoli
1616 5160 1845 5217 textum,
1869 5170 1989 5210 cum
2022 5154 2074 5209 in

498 5220 617 5277 aliis
642 5222 938 5288 codicibus,
962 5224 1247 5290 scribatur,
1273 5222 1333 5278 Si
1362 5224 1516 5277 enim.

574 5301 598 5328 θ
629 5292 726 5346 Ms.
755 5292 1031 5357 Joliensis,
1066 5293 1286 5357 Quando
1316 5294 1369 5348 in
1397 5293 1501 5346 die.

579 5358 596 5399 ί
632 5363 731 5417 Ms.
758 5362 1034 5429 Joliensis,
1058 5366 1300 5418 excitata.

575 5434 778 5502 sAlias
820 5436 972 5501 editi,
1015 5436 1313 5502 impietatis.
1368 5432 1553 5487 Melius
1599 5445 1730 5488 mss.
1781 5433 1969 5488 Camb.
2020 5444 2077 5489 et

503 5498 609 5573 ισοξ.
642 5518 703 5573 ac
733 5504 927 5558 Leonis
958 5498 1140 5565 editio.
1174 5504 1394 5573 imperii.

577 5568 605 5647 ξι
632 5572 731 5647 bis.
760 5573 1030 5647 Joliensis,
1062 5575 1228 5644 gratia
1248 5568 1446 5647 Christi
1451 5578 1566 5647 jam
1580 5583 1958 5647 noncontenta
1985 5576 2073 5629 sit.

584 5638 772 5695 *Ulim
816 5644 963 5715 editi,
1017 5638 1339 5715 populorum.
1394 5638 1522 5703 Mss.
1572 5643 1756 5701 Camb.
1802 5654 1856 5701 et
1886 5646 1991 5700 Jul.
2024 5655 2076 5701 et

507 5701 640 5778 Leo,
669 5713 902 5779 papulas.

2180 3217 2249 3272 ita
2275 3217 2325 3271 iu
2349 3216 2632 3286 przcteritis
2652 3216 2884 3281 sarculis,
2908 3215 3353 3284 quemadmodum
3376 3216 3429 3270 in
3454 3218 3757 3272 novissimis

2183 3307 2370 3362 diebus
2401 3306 2605 3361 effudit.
2633 3306 2787 3363 Unde
2810 3317 2860 3360 et
2899 3308 3082 3360 beatus
3113 3308 3385 3373 apostolus
3411 3306 3611 3361 Paulus
3633 3310 3757 3363 scri-

2180 3396 2314 3453 bens
2334 3396 2765 3462 Colosseusibus,
2790 3397 2885 3465 ait,
2914 3396 3214 3467 Mysterinm
3242 3398 3375 3465 quod
3405 3398 3757 3453 absconditum

2180 3489 2275 3561 fuit
2303 3505 2335 3543 a
2355 3489 2553 3543 seculis
2581 3498 2627 3542 et
2654 3489 3080 3561 generationibus,
3105 3504 3241 3541 nunc
3267 3502 3445 3542 autem
3470 3492 3759 3561 manifesta-

2181 3591 2287 3636 tum
2316 3591 2389 3636 cst
2424 3582 2612 3636 sanctis
2639 3584 2751 3653 ejus
2771 3623 2786 3646 ,
2833 3580 3011 3650 quibus
3056 3579 3215 3635 voluit
3246 3581 3382 3635 Deus
3416 3593 3568 3636 notas
3598 3585 3760 3653 facere

2176 3675 2377 3729 divitias
2422 3672 2600 3745 gloria:
2640 3674 2948 3727 sacramenti
2989 3672 3146 3743 hujus
3192 3670 3213 3709 ι
3256 3673 3309 3727 in
3338 3676 3597 3743 gentibus,
3626 3678 3759 3747 quod

2173 3776 2248 3822 est
2270 3766 2499 3822 Christus
2527 3768 2582 3821 in
2604 3765 2741 3821 vobis
2768 3764 2987 3837 (Coloss.
3015 3781 3054 3831 ι,
3082 3763 3155 3821 26
3179 3773 3227 3819 et
3256 3764 3371 3835 27).

2739 3876 2966 3934 CAPUT
2995 3876 3184 3934 XVIII.

2175 3968 2441 4025 Prioribus
2467 3970 2671 4044 sarculis
2698 3969 3047 4044 absconditam
3077 3971 3234 4040 fuisse
3259 3971 3503 4044 gentibus
3530 3974 3747 4044 gratiam

2531 4039 2749 4102 Christi,
2778 4056 2881 4093 non
2911 4039 3082 4093 tamen
3118 4042 3397 4111 prophetis.

2248 4130 2515 4202 Numquid
2546 4130 2647 4187 hoc
2676 4132 2988 4203 mysterium
3018 4134 3178 4186 etiam
3205 4132 3490 4202 prophetis
3524 4130 3783 4206 incogni-l

2181 4230 2290 4277 tum
2315 4221 2435 4291 luit,
2464 4229 2517 4277 et
2544 4222 2618 4276 illi
2642 4238 2739 4291 per
2759 4237 2894 4292 quos
2915 4222 3148 4293 Spiritus
3175 4234 3391 4278 sanctus
3415 4224 3757 4295 loquebatur,

2180 4329 2240 4368 ea
2274 4327 2498 4383 quorum
2527 4312 2593 4367 ab
2619 4311 2750 4379 ipsis
2779 4322 2819 4349 ω
2846 4312 3006 4367 ﬁebat
3032 4313 3387 4380 denuntiatio,
3414 4316 3758 4371 nesciebant?

2193 4406 2307 4462 Non
2338 4406 2408 4460 ita
2434 4405 2588 4475 plane
2613 4405 3021 4476 intelligendum
3054 4417 3200 4477 puto,
3234 4407 3327 4461 sed
3359 4406 3489 4477 ipsis
3512 4412 3761 4478 gentibus

2256 4520 2271 4571 i
2313 4518 2386 4572 Ita
2418 4520 2611 4582 legitur
2638 4520 2690 4572 in
2722 4536 2850 4574 mss.
2882 4519 3204 4577 Camberon.
3242 4533 3296 4578 et
3335 4524 3443 4579 Jol.
3473 4541 3537 4579 ac
3568 4526 3760 4581 Leonis

2184 4589 2443 4645 editione.
2478 4592 2532 4644 lu
2565 4590 2935 4657 I‘rospet‘ianis
2978 4594 3321 4661 editis,‘quod
3366 4607 3488 4647 ante
3539 4615 3642 4651 non
3673 4614 3762 4650 no-

2182 4672 2338 4724 runt,
2390 4661 2444 4712 in
2494 4662 2833 4714 consortium.
2874 4661 3105 4731 Lovan.,
3157 4666 3317 4717 Duae.
3367 4677 3420 4720 et
3467 4664 3661 4720 Colon.
3712 4671 3759 4721 in

2188 4732 2426 4803 margine
2452 4732 2850 4803 exconjectura
2888 4733 3215 4794 indicarunt,
3246 4736 3381 4803 quod
3414 4754 3519 4789 non
3560 4738 3755 4791 colunt.

2183 4801 2456 4874 lidemque
2496 4800 2697 4874 ibidem
2741 4812 2963 4874 monent
3003 4804 3142 4873 quod
3173 4800 3399 4874 tempore
3432 4806 3543 4862 SS.
3577 4806 3761 4861 Leonis

2183 4881 2229 4943 et
2260 4869 2506 4941 Prosperi
2546 4869 2824 4943 (Leonem
2866 4869 3032 4943 addit'
3056 4874 3229 4927 editor
3269 4869 3503 4943 Uperurn
3541 4876 3757 4942 Leonis,

2184 4941 2505 5015 Prosiierttm
2529 4942 2819 5015 dumtaxat
2837 4941 3371 5015 aliisqiudicantibu's)
3399 4949 3469 5000 ad
3490 4946 3750 5001 Christum

2180 5027 2357 5083 uenere
2399 5010 2540 5083 Scoti
2583 5027 2738 5077 opera
2783 5012 3071 5081 Caelestini;
3118 5027 3168 5068 ut
3199 5017 3251 5069 in
3279 5010 3383 5083 ﬁne
3428 5018 3549 5072 libri
3574 5030 3756 5072 contra

2184 5080 2492 5152 CollatOrem
2520 5081 2729 5152 legitur.

2254 5151 2277 5189 ιι
2312 5152 2384 5206 Ita
2429 5150 2651 5226 legimus
2684 5153 3114 5226 i_n_ms._Joliensi
3146 5165 3201 5209 et
3240 5154 3479 5212 editione
3521 5157 3760 5226 Operum

2178 5221 2396 5278 Leonis.
2433 5224 2485 5296 In
2533 5222 2652 5275 aliis
2693 5223 2843 5277 libris
2872 5224 3145 5293 Prosperi,
3177 5228 3310 5296 quod
3349 5221 3584 5282 nonduin
3611 5230 3760 5282 ride-

2178 5303 2320 5365 runt,
2352 5292 2597 5365 audiant,
2613 5303 2759 5365 atque
2785 5292 3086 5365 suscipiant.

2254 5360 2274 5400 1
2300 5362 2501 5437 Lovan.
2534 5360 2699 5437 editio
2745 5360 2930 5437 habet,
2972 5368 3024 5437 in
3068 5365 3318 5437 gentibus.
3354 5368 3457 5422 Alii
3506 5370 3763 5423 oinittunt

2180 5434 2613 5506 prgepositioncm
2642 5434 2718 5500 in,
2752 5450 2870 5502 qum
2897 5434 3089 5505 legitur
3122 5439 3171 5489 in
3205 5445 3352 5490 testu
3397 5440 3661 5506 Apostoli.
3697 5440 3764 5492 Et

2181 5502 2319 5557 inlra
2351 5517 2453 5555 ms.
2486 5502 2760 5568 Joliensis,
2790 5506 2925 5559 utin
2950 5502 3139 5560 eodem
3175 5516 3342 5573 textu,
3373 5509 3424 5559 in
3448 5502 3612 5572 rubis,
3640 5509 3764 5563 loco

2184 5576 2373 5628 horum
2404 5574 2455 5624 in
2485 5574 2647 5637 nobs,
2676 5576 2944 5642 quomodo
2970 5577 3057 5630 alii
3087 5576 3302 5631 codices
3333 5580 3610 5632 exhibent.

2255 5651 2294 5679 ω
2323 5643 2460 5696 Editi
2488 5645 2640 5709 alias,
2662 5646 2846 5708 ﬁebant
2867 5647 3297 5701 denuntiationes.
3330 5647 3457 5704 Mss.
3486 5646 3677 5705 Camb.
3707 5655 3765 5706 et

2185 5713 2288 5769 τοι.
2321 5722 2370 5769 ct
2402 5712 2594 5769 Leonis
2626 5715 2808 5785 editio,
2835 5725 2891 5772 ut
2919 5718 2971 5773 in
3004 5727 3146 5773 testu
3175 5726 3379 5773 nostro.
