4040 6178
227 392 231 394 ν
278 318 383 381 ³105

1159 320 1248 376 DE
1286 314 1676 377 VOCATIUNE
1714 313 1982 372 OMNIUM
2020 314 2327 405 GENTiUM
2365 318 2569 376 LIBER
2607 322 2668 377 ll.

3426 323 3535 384 706

275 436 644 494 absconditum
665 434 831 493 fuisse
849 435 1188 507 mysterium,
1207 433 1350 505 quod
1368 434 1627 488 Dominus
1643 429 1856 501 quando
1884 433 1926 488 Α
1958 440 2169 486 sanctus
2196 449 2349 504 super
2370 450 2476 502 eos,
2507 436 2634 489 sicut
2662 444 2708 489 et
2732 435 2785 489 in
2814 452 2907 491 nos
2937 436 2989 491 in
3017 438 3184 492 initio.
3218 438 3533 496 Recordatus

274 528 468 594 voluit,
489 538 544 582 et
568 527 762 596 quibus
791 527 983 591 voluit,
1012 525 1291 581 revelavit.
1321 524 1453 579 Nam
1480 524 1548 579 de
1576 521 1857 576 vocatione

273 620 536 689 gentium,
559 633 678 688 quae
700 632 806 672 non
828 627 985 673 erant
1011 617 1237 686 ponulus
1262 616 1377 681 Dei,
1405 626 1458 670 et
1486 613 1682 684 quibus
1712 627 1760 681 p:
1776 612 1859 666 ius

274 725 383 764 non
408 710 664 764 misertus
683 717 786 776 est,
814 722 957 763 nunc
981 718 1157 762 autem
1185 711 1492 772 miseretur,
1521 707 1572 759 in
1604 706 1858 760 Deutero-

274 802 460 856 nomio
489 800 562 855 ita
586 800 784 856 dicitur
810 817 824 853 :
856 799 926 853 Et
947 800 1071 854 vidit
1102 798 1374 864 Dominus,
1398 808 1444 851 et
1464 797 1665 859 selavit,
1690 804 1736 849 et
1757 795 1861 849 ira-

277 904 358 948 tus
402 904 473 948 est
516 902 724 965 propter
758 894 892 947 iram
933 891 1154 960 ﬁliorum
1199 907 1409 946 suorum
1439 898 1488 944 et
1523 889 1773 960 filiarum,
1814 899 1861 943 et

275 984 434 1054 dixit,
466 984 700 1039 Avertam
732 985 915 1055 faciem
955 999 1121 1038 meam
1146 983 1208 1037 ab
1236 986 1338 1045 eis,
1370 992 1419 1038 et
1448 984 1710 1036 ostendam
1737 980 1861 1049 quid

275 1075 374 1128 erit
397 1075 452 1129 in
480 1075 774 1140 novissimo,
804 1075 926 1144 quia
954 1076 1215 1145 generatio
1241 1083 1265 1110 ει
1292 1090 1524 1145 perversa
1544 1080 1639 1135 est,
1673 1072 1768 1141 ﬁlii
1808 1073 1861 1125 in

276 1165 464 1232 quibus
490 1181 591 1219 non
614 1174 686 1220 est
712 1164 844 1235 ﬁdes
871 1166 923 1219 in
953 1166 1076 1220 illis.
1104 1164 1217 1237 Ipsi
1241 1166 1295 1219 in
1318 1167 1481 1218 zelum
1510 1165 1863 1229 compulerunt

277 1273 362 1312 rne
386 1255 416 1297 δ
444 1257 498 1312 in
525 1256 624 1312 hoc
668 1258 808 1329 quod
860 1273 961 1312 non
1000 1266 1072 1311 est
1119 1257 1285 1323 Deus,
1325 1258 1652 1310 irritaverant
1693 1273 1771 1308 me
1808 1257 1863 1310 in

276 1350 434 1404 idolis
453 1350 595 1415 suis;
621 1360 668 1403 et
699 1366 790 1420 ego
816 1350 867 1403 in
908 1349 1075 1404 selum
1103 1348 1324 1402 incitabo
1351 1364 1435 1401 eos
1469 1349 1522 1400 in
1551 1347 1624 1400 eis
1653 1347 1736 1416 qui
1761 1362 1862 1400 non

279 1450 426 1499 eram
462 1458 608 1514 gens,
643 1458 797 1513 super
829 1450 975 1511 gente
1001 1440 1271 1511 insipiente
1305 1439 1519 1493 irritabo
1558 1454 1643 1492 eos
1675 1437 1859 1507 (Deut.

277 1549 451 1598 χχιιι,
481 1532 546 1590 19
575 1543 621 1589 et
643 1532 797 1603 seq.).
837 1531 902 1585 Et
942 1531 1112 1584 David
1138 1530 1253 1585 haec
1278 1530 1344 1584 de
1368 1530 1668 1585 adoraturis
1697 1528 1860 1581 Deum

276 1625 534 1681 omnibus
553 1624 800 1694 gentibus
829 1623 1090 1692 prazcinit,
1123 1620 1311 1675 Omnes
1330 1629 1503 1691 gentes
1526 1634 1865 1689 quascumque

1959 536 2071 573 sum
2096 532 2265 576 autem
2304 523 2439 578 verbi
2474 526 2699 585 liomini,
2747 527 2877 579 sicut
2906 526 3132 593 dicebat,
3164 527 3390 584 Joannes
3417 533 3534 599 qui-

1961 612 2075 666 dem
2106 615 2379 684 baptizavit
2410 634 2566 688 aqua,
2597 634 2684 673 vos
2710 628 2880 672 autem
2923 621 3302 688 buptisabimini
3332 623 3537 693 Spiritu

1959 710 2153 758 sancto.
2182 702 2243 759 Si
2271 721 2391 776 ergo
2416 707 2643 760 eamdem
2677 708 2897 777 gratiam
2926 709 3063 763 dedit
3086 712 3190 765 illis
3215 711 3374 779 Deus,
3404 717 3537 770 sicut

1961 804 2009 849 et
2038 797 2181 851 nobis
2208 799 2297 866 qui
2325 801 2632 856 credidimus
2660 802 2714 855 in
2739 802 3014 856 Dominum
3046 803 3222 860 Jesum
3250 808 3536 876 Christum;

1962 903 2053 957 ego
2082 890 2195 958 quis
2219 905 2360 944 erum
2392 892 2480 959 qui
2521 910 2719 961 possem
2741 895 3007 962 prohibere
3034 897 3231 953 Deum?
3260 901 3358 954 His
3386 905 3539 957 audi-

1961 980 2048 1045 tis,
2080 988 2342 1035 tacuerunt
2371 991 2417 1035 et
2442 985 2850 1054 gloriﬁcaverunt
2897 986 3062 1041 Deum
3109 990 3352 1057 dicentes,
3399 995 3538 1066 Ergo

1963 1081 2010 1125 et
2034 1071 2264 1141 gentibus
2294 1071 2433 1126 Deus
2463 1078 2813 1145 paenitentiam
2849 1078 2916 1129 ad
2945 1080 3100 1133 vitam
3126 1083 3266 1136 dedit
3292 1086 3427 1152 (Act.
3462 1103 3535 1152 st,

1965 1161 2033 1215 15
2058 1168 2105 1214 et
2132 1160 2287 1232 καφ).
2319 1162 2553 1219 Jacohus
2583 1183 2795 1237 quoque
2822 1174 3097 1239 apostolus
3139 1175 3204 1228 de
3247 1175 3347 1231 hac
3373 1194 3537 1233 voca-

1964 1250 2112 1305 tione
2132 1254 2365 1321 gentium
2390 1254 2523 1309 dicit
2553 1258 2688 1325 (Act.
2715 1275 2804 1326 xv,
2834 1261 2898 1316 i5
2920 1272 2965 1315 et
2987 1264 3115 1334 seq.)
3145 1282 3157 1316 :
3188 1265 3304 1321 Viri
3330 1269 3535 1337 fratres,

1963 1342 2136 1395 audite
2187 1359 2287 1408 me,
2346 1343 2527 1399 Simon
2575 1351 2804 1403 narravit
2849 1355 3278 1421 quemadmodum
3316 1360 3541 1427 primum

1964 1434 2103 1490 Deus
2130 1438 2347 1493 t‘isitavit
2375 1457 2575 1497 sumere
2601 1461 2663 1499 ea:
2686 1448 2919 1515 gentibus
2939 1452 3185 1519 populum
3207 1456 3400 1510 nomini
3422 1474 3537 1513 suo.

1964 1525 2033 1581 Et
2058 1528 2178 1583 huic
2199 1534 2513 1588 concordant
2540 1536 2692 1591 verba
2714 1539 3101 1609 prophetarum,
3141 1545 3273 1599 sicut
3295 1549 3540 1617 scriptum

1962 1629 2036 1673 est
2066 1622 2246 1691 (Amos
2286 1640 2368 1688 Ix,
2400 1627 2530 1697 il):
2565 1626 2691 1682 Post
2717 1629 2826 1683 haec
2864 1642 3101 1700 revertar,
3133 1644 3182 1690 et
3225 1641 3543 1709 rewdiﬁcabo

276 1721 468 1791 fecisti,
498 1720 695 1775 uenient
727 1727 773 1773 et
796 1719 1082 1773 a'lorabunt
1119 1734 1290 1772 coram
1316 1727 1382 1786 te,
1408 1716 1649 1785 Domine,
1679 1726 1727 1769 et
1751 1717 1864 1787 glo-
1888 1790 1933 1801 ﬁ
1966 1710 2348 1768 tabernaculum
2376 1715 2543 1771 David
2566 1720 2703 1789 quod
2729 1721 2930 1791 cecidit,
2970 1734 3017 1779 et
3038 1726 3210 1781 diruta
3243 1733 3352 1800 ejus
3371 1732 3543 1801 cedi/i-

274 1790 551 1882 ﬁﬁcabum
586 1828 769 1867 ηοηιεη
815 1822 958 1866 tuum
1005 1811 1187 1882 (Ρεαι,
1220 1827 1413 1874 “xxv,
1446 1810 1524 1873 9),
1556 1810 1622 1865 Ει
1666 1812 1857 1864 iterum
1888 1790 1935 1850 Β
1963 1802 2089 1856 cabo
2134 1814 2183 1859 et
2226 1808 2420 1878 erigam
2464 1810 2598 1864 illud
2639 1828 2657 1865 :
2694 1821 2748 1867 ut
2777 1790 3038 1884 requirant
3084 1790 3543 1878 caeteri'hominum

273 1903 443 1969 idem,
474 1904 543 1958 Et
570 1903 861 1959 adorabunt
902 1920 1016 1957 eum
1059 1918 1235 1957 omnes
1278 1918 1422 1973 reges
1470 1910 1640 1966 teme,
1690 1917 1862 1955 omnes

271 2006 451 2068 gentes
480 2007 504 2035 ε
527 1996 744 2051 servient
768 1996 816 2049 ei
843 1994 1010 2066 (Psal.
1039 2009 1183 2058 ωιιι,
1207 1993 1319 2063 ti).
1358 1993 1423 2048 Et
1449 1993 1661 2058 iterum,
1693 1990 1860 2044 Bene-

273 2089 512 2143 dicentur
540 2088 595 2141 in
615 2088 727 2159 ipso
748 2104 920 2141 omnes
947 2087 1108 2141 tribus
1132 2097 1298 2150 terrae,
1319 2101 1490 2140 omnes
1510 2094 1678 2156 gentes
1698 2084 1860 2154 907

271 2180 678 2252 ntagnificabunt
706 2177 1017 2249 eum(lbid.
1056 2177 1171 2250 17).
1217 2178 1379 2232 Isaias
1421 2190 1630 2246 quoque
1664 2175 1861 2231 similia

270 2277 560 2333 annuntiat
602 2276 827 2331 dicens:
864 2273 1121 2341 Quoniam
1161 2272 1258 2326 erit
1295 2274 1349 2325 in
1376 2270 1660 2325 novissimis
1687 2269 1863 2324 diebus

270 2370 574 2440 manifestus
602 2365 629 2405 (ι
658 2382 806 2421 mons
849 2365 1076 2430 Domini,
1113 2372 1160 2417 et
1188 2365 1369 2418 domus
1400 2362 1494 2416 Dei
1520 2364 1573 2416 in
1601 2365 1864 2414 cacumine

269 2462 551 2527 montium,
587 2469 612 2497 ο
637 2468 686 2513 et
728 2456 1039 2513 exaluibitur
1078 2470 1233 2525 super
1273 2454 1451 2518 colles,
1483 2464 1529 2507 et
1557 2454 1756 2507 venient
1793 2453 1862 2505 ad

270 2567 394 2606 eum
413 2565 584 2605 omnes
603 2558 773 2619 gentes
800 2546 994 2619 (Isaite
1018 2562 1080 2611 ll,
1111 2544 1200 2617 2).
1236 2545 1302 2599 Et
1340 2545 1532 2599 iterum
1553 2540 1559 2547 ’
1580 2543 1720 2597 idem
1743 2584 1759 2610 ,
1796 2541 1860 2596 Et

269 2643 453 2709 faciet,
480 2640 682 2710 inquit,
723 2636 974 2692 Dominus
1015 2635 1244 2692 Sabaoth
1266 2635 1497 2689 omnibus
1536 2635 1770 2705 gentibus
1806 2636 1859 2688 in

268 2739 446 2785 monte
494 2732 591 2785 isto
630 2745 651 2785 :
697 2729 864 2783 bibent
915 2728 970 2781 in
1001 2726 1327 2799 jocunditate
1368 2726 1560 2791 vinum,
1610 2733 1862 2795 ungentur

267 2830 533 2892 unguento
561 2822 614 2875 in
649 2830 817 2874 monte
855 2820 988 2885 isto;
1035 2817 1201 2873 tradet
1244 2817 1351 2871 haec
1399 2817 1571 2870 omnia
1597 2816 1860 2887 gentibus;

266 2912 372 2966 hoc
396 2912 530 2965 enim
548 2910 816 2965 consilium
838 2924 992 2978 super
1012 2923 1186 2961 omnes
1217 2916 1390 2979 gentes
1434 2905 1599 2977 (Isai.
1640 2921 1766 2971 xxv,
1801 2904 1857 2970 6,

262 2998 596 3072 seaLXX).
622 2999 691 3055 Et
717 3000 908 3055 iterum
936 2998 1101 3063 idem,
1138 2994 1158 3034 ί
1209 2996 1276 3051 Et
1322 2994 1561 3052 reuelabit
1608 2995 1859 3050 Dominus

262 3094 541 3149 brachium
565 3110 714 3148 suum
742 3102 974 3147 sanctum
1001 3093 1055 3146 in
1074 3099 1344 3161 conspectu
1363 3092 1586 3145 omnium
1605 3092 1853 3161 gentium,

1967 1892 2269 1963 Dominum,
2298 1906 2345 1951 et
2377 1916 2549 1955 omnes
2576 1914 2748 1976 gentes
2777 1918 2931 1976 super
2973 1926 3100 1979 quas
3144 1912 3430 1967 invocatum
3469 1926 3542 1970 est

1964 1999 2147 2039 nomen
2175 2002 2373 2057 meum,
2424 1990 2547 2045 dicit
2580 1990 2832 2050 Dominus
2879 1999 3075 2067 faciens
3124 2002 3251 2070 haec,
3293 2014 3469 2059 notum
3512 2025 3544 2063 a

1964 2077 2154 2165 saeculo
2198 2089 2274 2133 est
2316 2079 2537 2135 Domino
2582 2100 2709 2155 opus
2737 2102 2902 2141 suum.
2937 2088 3157 2145 Simeon
3187 2110 3403 2165 quoque
3432 2098 3542 2162 ille,

1971 2164 1987 2203 ί
2021 2169 2109 2224 cui
2140 2184 2458 2240 responsum
2489 2186 2655 2230 erata
2685 2177 2886 2248 Spiritu
2911 2193 3102 2238 sancto
3124 2200 3230 2239 non
3256 2164 3375 2242 eum
3399 2191 3545 2245 visu-

1962 2274 2082 2315 rum
2140 2274 2367 2319 mortem
2410 2268 2721 2337 priusquam
2764 2271 2968 2328 videret
3007 2271 3275 2330 Christum
3310 2278 3543 2348 Domini,

1963 2353 2031 2408 de
2060 2355 2234 2410 salute
2284 2358 2525 2412 omnium
2574 2362 2812 2431 gentium
2863 2380 2985 2433 quae
3034 2366 3087 2419 in
3130 2365 3347 2422 Christo
3383 2370 3547 2442 908

1963 2446 2326 2513 revelabatur,
2355 2448 2467 2504 hmc
2492 2449 2626 2506 dixit
2652 2469 2666 2505 :
2694 2452 2849 2507 Nunc
2876 2454 2889 2504 i
2918 2454 3133 2511 dimittis
3153 2474 3350 2511 servum
3377 2468 3541 2527 tuum,

1966 2537 2200 2610 Domine,
2223 2540 2503 2596 secundum
2522 2546 2725 2599 uerbum
2748 2555 2890 2599 tuum
2912 2548 2962 2600 in
2983 2565 3108 2619 pace
3133 2565 3151 2603 :
3172 2551 3289 2618 quia
3314 2552 3546 2605 viderunt

1964 2633 2101 2686 oculi
2137 2634 2237 2686 mei
2263 2635 2492 2689 salutare
2522 2646 2689 2701 tuum,
2722 2638 2862 2707 quod
2899 2640 3096 2709 parasti
3139 2637 3164 2677 ¹ι
3203 2650 3322 2694 ante
3361 2642 3546 2711 faciem

1963 2722 2192 2776 omnium
2233 2725 2563 2796 papulorum,
2594 2726 2789 2781 Lumen
2823 2731 2891 2781 ad
2915 2730 3273 2785 reuelationem
3298 2734 3543 2803 gentium,

1963 2823 2011 2866 et
2042 2814 2263 2883 gloriam
2295 2815 2457 2885 plebis
2499 2826 2602 2871 tua:
2637 2816 2806 2873 Israel
2833 2818 2986 2888 (Luc.
3016 2836 3075 2890 ll,
3107 2821 3179 2876 29
3208 2831 3255 2876 et
3275 2823 3429 2892 seq.).
3453 2825 3545 2881 His

1964 2914 2020 2961 et
2048 2907 2167 2962 aliis
2193 2910 2514 2963 testimoniis
2559 2909 2957 2979 Scripturarum
2986 2926 3095 2966 non
3135 2913 3297 2968 dubie
3322 2914 3546 2970 demon-

1964 3008 2165 3057 stratur
2194 3000 2352 3055 istam
2384 3001 2725 3067 ditissimam,
2750 3003 3201 3071 potentissimum,
3228 3004 3546 3073 benignissi-

1964 3103 2107 3143 mam
2152 3089 2401 3161 gratiam,
2449 3105 2556 3161 qua
2607 3091 2663 3146 in
2716 3091 3011 3148 novissimo
3076 3093 3260 3149 mundi
3303 3102 3545 3162 tempore

261 3196 319 3242 et
349 3185 592 3240 videbunt
619 3201 792 3241 omnes
818 3193 996 3257 gentes
1019 3194 1167 3239 terra
1194 3150 1408 3238 ialutem
1429 3198 1546 3253 qua:
1572 3150 1856 3238 a'Domino
1882 3150 1928 3213 ο
1960 3150 2356 3252 omnesvgentes
2384 3150 2439 3237 in
2466 3150 2692 3252 regnum
2721 3183 2917 3239 Christi
2946 3196 3226 3249 vocantur,
3275 3150 3544 3254 prioribus

259 3285 347 3333 est
369 3274 523 3347 (Isai.
556 3292 649 3345 LII,
684 3277 796 3348 10).
827 3277 897 3332 Ει
934 3278 1150 3343 iterum,
1189 3274 1324 3331 Ecce
1350 3275 1563 3331 advena:
1594 3276 1661 3329 ad
1688 3287 1736 3330 te
1766 3293 1857 3345 per

258 3384 353 3423 me
378 3366 641 3434 accedent,
683 3378 730 3422 et
768 3367 837 3422 ad
877 3377 923 3422 te
950 3367 1244 3439 confugient
1278 3367 1435 3438 (Isai.
1476 3382 1583 3432 Liv,
1617 3367 1704 3435 15,
1752 3384 1853 3421 sec.

181 3530 201 3537 _
256 3456 475 3530 LXX).
508 3458 574 3514 Et
600 3458 763 3526 infra,
798 3457 983 3514 Gentes
1021 3474 1136 3530 qute
1163 3468 1211 3515 te
1251 3475 1356 3513 non
1385 3467 1745 3529 cognoverunt,
1776 3460 1857 3513 in-

257 3551 520 3605 vocabant
551 3558 629 3617 te;
656 3561 701 3605 et
724 3550 905 3622 populi
931 3552 1019 3621 qui
1043 3560 1090 3605 te
1114 3553 1368 3615 nesciunt,
1398 3551 1467 3603 ad
1495 3559 1543 3605 te
1564 3552 1855 3622 confugient

256 3640 451 3713 (Isaia:
472 3657 558 3707 LV,
589 3642 644 3712 5,
667 3657 770 3695 sec.
796 3641 993 3712 LXX).
1013 3642 1149 3697 Osee
1171 3656 1383 3713 quoque
1405 3644 1551 3712 paria
1574 3644 1856 3713 prophetat

255 3732 455 3787 dicens
480 3749 493 3785 :
528 3731 590 3786 Et
618 3732 714 3786 erit
748 3733 802 3785 in
824 3733 937 3786 loco
967 3734 1017 3786 in
1044 3749 1144 3801 quo
1175 3734 1364 3785 dictum
1393 3742 1467 3788 est
1493 3734 1588 3802 eis,
1614 3734 1734 3787 Non
1763 3751 1855 3803 po-

254 3822 420 3893 pulus
443 3838 587 3878 meus
612 3836 698 3877 vos
712 3839 731 3887 ;
762 3822 833 3876 ibi
853 3822 1168 3876 vocabuntur
1193 3823 1289 3888 ﬁlii
1311 3822 1411 3877 Dei
1431 3824 1550 3891 vivi,
1574 3832 1620 3877 et
1639 3840 1853 3894 congre-

252 3914 523 3983 gabantur
554 3913 653 3981 filii
678 3910 821 3967 Iuda
847 3921 894 3968 et
923 3912 1023 3983 filii
1051 3911 1219 3967 Israel
1252 3922 1278 3962 8
1306 3914 1361 3968 in
1384 3914 1607 3984 idipsum
1638 3914 1783 3987 (Ose.
1812 3932 1850 3981 ι,

254 4005 334 4063 10
356 4015 407 4059 et
435 4002 549 4075 It).
574 4004 643 4061 Et
670 4006 889 4068 iterum,
923 4003 1209 4060 Miserebor
1231 4022 1335 4061 non
1364 4007 1587 4075 dilectae,
1612 4016 1663 4065 et
1682 4010 1850 4063 dicam

251 4113 369 4153 non
395 4096 586 4168 populo
616 4112 748 4164 meo,
794 4095 1039 4168 Populus
1065 4113 1207 4152 meus
1255 4113 1308 4153 es
1339 4106 1427 4166 tu;
1465 4106 1512 4153 et
1540 4099 1653 4169 ipse
1695 4098 1851 4167 dicet,

252 4186 409 4241 Deus
434 4202 578 4241 meus
607 4201 661 4240 es
687 4195 742 4240 tu
772 4184 917 4255 (οδε.
951 4200 1010 4255 tt,
1034 4185 1106 4242 25
1132 4195 1181 4240 et
1205 4184 1322 4257 24).

330 4275 452 4331 Sub
476 4277 735 4345 apostolis
762 4290 892 4331 vero
912 4289 1034 4331 cum
1058 4276 1094 4331 ii
1124 4278 1214 4348 qui
1242 4277 1295 4333 in
1335 4278 1607 4335 Christum
1637 4294 1703 4335 ex
1742 4280 1855 4336 cir-

255 4367 606 4423 cumcisione
632 4366 997 4434 crediderant,
1020 4381 1115 4423 eos
1142 4369 1231 4438 qui
1253 4368 1483 4440 gentiles
1510 4381 1685 4436 erant,
1708 4371 1850 4427 diee-

252 4458 568 4527 banturque
593 4457 936 4528 przeputium,
956 4457 1397 4527 iustiﬁcationum
1419 4462 1603 4530 gratia:
1626 4462 1849 4517 arbitra-

250 4556 459 4607 rentur
483 4551 770 4619 participes
796 4564 916 4606 esse
944 4565 1051 4605 non
1081 4566 1262 4621 posse,
1306 4553 1464 4608 docet
1500 4554 1690 4609 beatus
1721 4570 1851 4624 apo-

252 4644 440 4701 stolus
478 4642 667 4699 Petrus
697 4658 857 4713 quam
888 4643 1211 4701 indiscretus
1240 4646 1378 4717 apud
1425 4646 1592 4703 Deum
1623 4655 1849 4719 uterque

250 4737 330 4790 sit
365 4733 619 4804 populus,
647 4735 692 4789 si
736 4734 788 4788 in
826 4735 1086 4790 unitatem
1118 4735 1240 4793 ﬁdei
1284 4737 1443 4793 ambo
1471 4739 1845 4795 convenerint.

253 4824 400 4880 Cum
426 4833 617 4892 autem,
645 4824 838 4896 inquit,
869 4827 1128 4897 capissem
1148 4826 1311 4898 loqui,
1341 4830 1532 4884 decidit
1558 4828 1585 4868 δ
1617 4829 1848 4900 Spiritus

331 4992 365 5022 ι
393 4984 481 5038 Sic
503 4981 885 5062 m_s_.__Joliensis
909 4990 965 5038 et
990 4982 1185 5040 Leonis
1214 4984 1397 5041 editio.
1428 4985 1564 5043 Editi
1592 4988 1706 5057 alii,
1731 5004 1850 5061 per-

254 5071 413 5109 versa
437 5065 508 5109 est
537 5054 682 5109 ﬁliis.

333 5124 365 5162 ι’
392 5124 492 5179 his.
518 5122 793 5189 Joiiensis,
820 5122 874 5177 in
898 5136 958 5177 eo
986 5124 1154 5195 quod;
1182 5134 1234 5181 et
1258 5124 1414 5193 intra,
1458 5128 1547 5196 qui
1574 5143 1676 5184 non
1702 5137 1851 5184 erant

251 5204 492 5318 W33;
517 5260 792 5328 Joliensis,
811 5263 1210 5334 magniﬁcabunt
1228 5282 1364 5333 eum,
1386 5266 1633 5338 idemque
1653 5268 1852 5323 omittit

257 5342 583 5387 sentientem
616 5333 1020 5387 Psalmostraohi
1050 5337 1448 5387 auctoritatem.

257 5342 583 5402 sequentem
618 5342 1020 5402 Psalmograpbi
1050 5342 1448 5392 auctoritatem.

335 5404 362 5441 ιι
395 5403 494 5457 Ms.
527 5402 802 5468 Jnliensis,
831 5419 976 5457 mons
1008 5403 1208 5458 Domini
1247 5409 1302 5461 in
1329 5408 1613 5474 cacumine,
1641 5408 1849 5465 caeteris

257 5474 508 5527 amissis.
537 5473 784 5527 Vulcata.
815 5489 958 5526 mons
983 5474 1163 5527 domus
1189 5474 1415 5527 Domini:

246 5484 508 5534 (missis.
542 5484 784 5541 Vulgata,
815 5489 958 5526 mons
983 5484 1163 5530 domus
1189 5484 1415 5532 Domini:

341 5554 369 5581 ο
535 5542 807 5621 Joliensis_
821 5560 923 5621 non
954 5546 1454 5621 habeLparti'culam
1491 5559 1571 5613 et;
1612 5564 1715 5605 nec
1756 5563 1851 5621 p0-

251 5626 408 5678 stea,
430 5613 584 5680 idem;
611 5614 730 5677 sed,
764 5613 825 5668 Et
850 5616 1057 5679 iterum,
1086 5612 1287 5671 Faciet.

346 5683 368 5723 ί
404 5683 500 5737 Ms.
530 5683 801 5751 .Ioliensis,
835 5684 1112 5751 Revelarit,
1140 5687 1342 5744 omisso
1369 5698 1435 5743 et.

344 5762 377 5805 ι
402 5753 499 5810 his.
523 5752 794 5809 Joliensis.
825 5764 879 5812 et
905 5756 1033 5811 olim
1062 5757 1257 5814 Leonis
1291 5759 1527 5829 codices,
1560 5760 1629 5813 ad
1655 5761 1845 5829 ipsum.

1963 3274 2177 3332 sacculis
2204 3273 2258 3330 in
2287 3275 2503 3332 occulto
2526 3275 2617 3331 Dei
2638 3275 3006 3332 absconditam
3034 3278 3198 3333 fuisse
3222 3277 3472 3333 consilio.

2546 3426 2774 3486 CAPUT
2815 3427 2960 3484 XIX.

1957 3542 2101 3597 Deus
2147 3559 2241 3614 pro
2283 3541 2425 3597 omni
2474 3550 2697 3614 tempore
2740 3541 2849 3595 vult
2891 3556 3064 3614 omnes
3096 3540 3329 3595 homines
3372 3539 3542 3614 salvos

1993 3614 2109 3682 ﬁeri
2133 3612 2155 3666 ι’
2179 3624 2268 3668 aut
2294 3613 2617 3684 generalibus
2650 3612 2821 3677 donis,
2852 3620 2943 3665 aut
2972 3612 3124 3666 etiam
3149 3612 3515 3681 peculiaribus.

2031 3727 2102 3783 Et
2143 3741 2240 3781 cur
2279 3725 2380 3781 hac
2421 3724 2879 3788 manifestatione,
2932 3738 3037 3793 qua
3085 3738 3229 3778 nunc
3277 3723 3544 3777 universis

1955 3820 2264 3876 nationibus
2289 3817 2599 3882 innotescit,
2636 3825 2793 3870 antea
2815 3816 3049 3869 revelata
3079 3828 3185 3868 non
3218 3813 3398 3879 fuerit,
3430 3813 3539 3867 nul-

1956 3913 2061 3969 lam
2107 3925 2267 3983 posse
2296 3909 2317 3948 ι
2351 3908 2633 3965 scientiam
2679 3904 3165 3976 comprehendere,
3209 3903 3407 3958 nullam
3453 3906 3537 3958 in-

1956 4002 2302 4074 telligentiam
2346 4007 2654 4071 penetrare,
2687 4007 2871 4052 l“cum
2917 4007 3097 4051 tamen
3126 3995 3260 4050 illud
3285 3995 3427 4062 quod
3473 3995 3541 4051 de

1954 4096 2193 4151 bonitate
2222 4091 2320 4148 Dei
2361 4090 2604 4161 piissime
2631 4088 2893 4153 creditur,
2934 4086 3060 4158 quia
3103 4102 3278 4140 omnes
3312 4087 3540 4139 homines

1954 4187 2073 4244 velit
2109 4185 2278 4241 salvos
2332 4183 2465 4252 ﬁeri,
2519 4190 2564 4237 et
2616 4182 2672 4235 in
2731 4180 3042 4251 agnitionem
3101 4178 3326 4232 veritatis
3368 4177 3539 4232 venire

1954 4282 2009 4355 (ι
2039 4279 2173 4335 Tim.
2218 4293 2281 4344 tt,
2316 4277 2350 4332 ι
2372 4275 2416 4346 ),
2456 4288 2565 4330 non
2588 4279 2839 4343 oporteat
2875 4269 2981 4326 nisi
3024 4278 3341 4340 perpetuum
3372 4278 3536 4323 aeter-

1954 4386 2190 4443 numque
2235 4370 2464 4434 sentiri,
2513 4365 2808 4422 secundum
2862 4379 2957 4419 eas
3005 4376 3290 4418 mensuras
3338 4360 3537 4428 quibus

1953 4465 2100 4520 Deus
2147 4462 2284 4517 dona
2341 4457 2617 4529 generalia
2676 4453 3003 4525 specialibus
3058 4454 3209 4507 novit
3260 4451 3539 4505 cumulare

1954 4553 2270 4610 muneribus
2314 4567 2328 4603 :
2374 4557 2432 4602 ut
2475 4556 2529 4602 et
2574 4544 2663 4616 qui
2709 4553 2963 4599 exsortes
2999 4542 3187 4613 gratia:
3218 4540 3436 4602 iuerint.
3470 4539 3540 4595 de

1958 4662 2054 4703 sua
2081 4641 2318 4714 nequitia
2348 4638 2772 4708 redarguantur;
2827 4643 2881 4690 et
2904 4635 2993 4703 qui
3025 4633 3142 4702 ejus
3185 4631 3391 4686 lumine
3420 4632 3539 4686 eni-

1956 4738 2186 4803 tuerint,
2231 4748 2340 4789 non
2388 4731 2445 4787 in
2488 4742 2588 4785 suo
2632 4726 2850 4795 merito,
2899 4724 2996 4781 sed
3044 4724 3100 4781 in
3148 4723 3380 4781 Domino
3422 4724 3538 4795 glo-

1954 4831 2183 4887 rientur.

2022 4984 2050 5023 ιι
2093 4983 2272 5040 Editio
2325 4980 2561 5045 Leonis,
2611 4977 2667 5031 in
2725 4974 2922 5048 Spiritu
2969 4983 3184 5039 saneto;
3237 4982 3294 5027 ut
3346 4970 3534 5027 Graeca

1949 5059 2472 5186 Aefuhggdoliensis,
2498 5120 2585 5190 qui
2605 5133 2902 5189 responsum
2925 5121 3219 5187 acceperat;
3240 5122 3446 5182 postea,
3472 5112 3537 5166 de

1949 5197 2117 5253 salute
2142 5212 2260 5250 vero
2292 5232 2305 5246 .
2342 5231 2357 5247 .
2394 5234 2409 5249 .
2432 5192 2542 5246 haec
2572 5191 2716 5243 dicit.

2026 5269 2040 5318 i
2082 5267 2173 5324 Sic
2199 5265 2395 5319 Leonis
2425 5264 2589 5318 editio
2614 5263 2765 5331 justa
2802 5268 3006 5314 textum
3038 5253 3336 5323 Evangelii.
3386 5251 3531 5307 Editi

1955 5337 2229 5406 Prosperi,
2255 5337 2467 5389 dimitte.
2690 5400 2701 5406 _
2822 5399 2839 5406 _
2900 5397 2912 5406 _
3085 5395 3152 5406 Π
3213 5393 3227 5406 ,
3323 5394 3335 5404 ,

2027 5407 2054 5446 ¹ί
2079 5393 2177 5461 his.
2206 5393 2481 5467 Joliensis,
2509 5400 2785 5456 secundum
2812 5397 3027 5467 faciem;
3068 5393 3285 5459 deinde,
3319 5394 3370 5446 in
3401 5408 3533 5446 reve-

1956 5479 2199 5533 lationent
2226 5516 2240 5529 .
2270 5517 2282 5529 .
2308 5516 2320 5529 .
2350 5516 2364 5529 .
2391 5472 2576 5544 populi
2599 5472 2673 5544 tu'i
2696 5468 2882 5544 Israel.

2032 5546 2051 5585 ι
2083 5547 2211 5601 Mss.
2239 5536 2428 5602 Camb.
2459 5536 2527 5598 ἐι
2551 5542 2655 5596 Jul.
2679 5548 2734 5593 et
2759 5539 2890 5601 Leo,
2926 5536 3131 5592 addunt
3163 5545 3331 5604 recte,
3364 5538 3530 5591 scirn-

1958 5627 2296 5754 ωαιὲιέιιρρνθ
2343 5699 2405 5740 ex
2449 5683 2621 5752 capite
2664 5679 3012 5750 praecedenti,
3053 5679 3353 5734 testimoniis
3386 5678 3533 5736 Scri-

1960 5765 2225 5825 pturarum
2252 5772 2350 5809 non
2378 5755 2526 5808 dubie
2548 5754 2940 5807 demonstratur.
