2020 3089
238 123 287 152 707

533 176 647 205 CAPUT
666 174 725 203 XX.

241 227 357 263 Objectia
380 233 414 254 ex
433 224 548 263 parvulis
568 228 658 263 contra
683 219 835 263 illud._Qui
860 219 918 247 vult
937 224 1032 246 omnes

475 259 601 286 hotnines
613 259 705 285 salvos
721 256 790 283 ﬁeri.

278 319 306 346 in
332 317 383 346 hoc
402 324 468 344 sane
491 318 606 350 angusto
629 314 749 348 quidem,
774 313 821 340 sed
847 317 936 339 tamen
958 315 1034 338 recto

242 363 429 399 intelligentia:
446 361 562 394 tramite,
588 367 640 388 non
657 367 750 394 parum
773 357 938 386 difﬁcultatis
952 363 1036 391 oppo-

243 411 284 437 nit
307 407 490 437 consideratio
512 405 698 442 parvulorum,
714 404 759 439 qui
782 404 856 431 nullo
875 401 979 437 judicio
993 408 1035 427 ra-

245 455 325 482 tionis
339 458 461 485 utnntur,
473 460 526 487 quo
544 451 662 478 auctoris
677 450 718 477 sui
732 449 861 477 benelicia
874 448 1033 482 sentientes,

243 502 277 528 ad
300 500 466 536 agnitionem
481 498 587 525 valeant
604 496 728 524 veritatis
749 495 894 527 accedere;
922 492 1035 522 neevi-

244 547 341 574 dentur
366 545 400 572 de
417 543 542 578 neglectu
569 541 725 576 opitulantis
745 540 839 575 gratia-
853 540 924 574 juste
946 537 1036 572 argui,

245 592 272 618 in
298 591 342 617 illa
368 588 519 624 ignorantia
544 586 702 614 naturaliter
725 586 876 617 constituti,
893 592 971 619 quam
985 584 1036 611 du-

245 636 317 663 bium
344 643 396 662 non
423 639 466 661 est
488 633 588 660 nullam
611 632 734 666 recipere
757 630 908 662 seicntiam,
935 629 1036 656 nullam

246 682 346 709 sentire
370 680 533 707 doctrinam.
557 677 633 705 Unde
656 685 716 704 cum
740 684 825 703 omnes
841 675 958 702 homines
980 675 1038 701 velit

247 726 316 754 Deus
330 726 414 754 salvos
428 726 484 760 fieri
498 725 519 760 (l
540 725 608 751 Tini.
624 732 653 757 tt,
668 725 706 759 Δ),
718 724 781 759 quid
796 729 837 750 est
851 723 923 758 quod
938 723 1035 749 aliena-

247 779 291 801 tur
312 780 328 800 a
348 771 436 799 salute
459 775 588 805 perpetua
613 775 686 797 tanta
714 769 856 796 infantium
882 768 1036 801 multitudo,

247 821 340 852 totque
362 816 389 844 in
414 816 456 843 his
470 815 594 843 :etatibus
612 814 751 842 hominum
770 814 852 841 millia
867 819 943 841 extra
956 813 1037 840 vitam

556 119 587 148 ε.
607 116 775 147 PBOSPERI
794 114 960 149 AQUITANI
978 113 1092 142 OPERA
1114 113 1275 141 INCERTE
1294 113 1555 143 AUCTORITATIS.

1819 113 1874 143 ’108

1046 174 1070 202 Α
1085 179 1173 207 neque
1188 172 1250 200 mali
1266 176 1373 200 constat
1385 173 1489 208 egisse;
1509 172 1637 201 discimus
1646 180 1729 208 super
1739 180 1787 201 eos
1799 173 1872 201 illam

1085 226 1195 246 manere
1210 219 1383 252 sententiam,
1397 226 1476 254 quam
1491 219 1634 246 humanum
1646 226 1730 253 genus
1743 216 1759 238 λ
1770 219 1798 246 in
1809 218 1874 246 Ad:

1085 264 1165 299 primi
1178 264 1297 299 parentis
1311 265 1532 299 przevaricatione
1544 264 1663 299 excepit;
1676 265 1753 299 cujus
1766 269 1875 292 semen-

1086 309 1131 337 tia:
1144 309 1215 345 rigor
1225 309 1288 337 dum
1304 310 1384 338 etiatn
1395 311 1467 337 circa
1479 310 1545 337 tales
1559 317 1613 336 non
1626 310 1781 342 resolvitur,
1793 316 1874 344 quam

1085 362 1211 391 magnum
1227 355 1292 384 illud
1308 361 1449 391 peccatum
1465 356 1554 389 fuerit,
1572 355 1784 383 demonstratur.
1802 353 1875 383 iNe-

1085 409 1131 430 mo
1145 407 1234 430 autem
1250 407 1390 438 putaretur
1410 410 1463 429 non
1480 402 1611 429 innocens
1622 401 1714 434 nasci,
1727 401 1779 428 ttisi
1794 401 1874 429 etiam

1087 449 1185 477 talibus
1202 453 1275 476 esset
1288 449 1394 476 noxium
1410 456 1462 476 non
1476 448 1593 475 renasci.

1124 494 1161 522 De
1183 494 1377 521 immaturitate
1394 502 1459 521 vero
1474 494 1569 521 mortis
1588 501 1640 520 non
1656 496 1698 520 est
1717 493 1787 520 ratio
1810 499 1874 519 con-

1087 540 1228 575 querendi,
1243 548 1303 567 cum
1319 540 1402 567 semel
1417 541 1442 567 in
1455 545 1576 566 naturam
1591 544 1708 566 nostram
1723 546 1772 574 per
1783 545 1876 573 pecea-

1087 590 1145 614 tum
1160 587 1278 621 ingressa
1294 586 1442 613 mortalitas
1457 586 1604 613 obnoxium
1619 585 1668 612 sibi
1684 591 1791 611 omttem
1815 585 1876 610 vita:

1089 636 1187 658 nostrae
1199 631 1293 658 fecerit
1305 631 1388 659 diem.
1400 631 1478 659 Esset
1489 632 1573 661 enim.
1587 632 1594 656 l
1611 630 1718 665 quando
1729 630 1876 657 secundum

1088 677 1202 712 aliquem
1219 677 1337 710 modum,
1362 677 1521 704 inttnortalis
1545 676 1598 703 diei
1622 676 1703 703 homo
1726 679 1829 709 posset,
1854 675 1877 702 si

1089 726 1162 749 esset
1177 727 1281 756 tempus
1305 722 1374 749 intra
1396 722 1468 757 quod
1491 722 1558 749 mori
1573 722 1684 748 omnino
1700 728 1753 748 non
1776 726 1875 755 posset.

1088 767 1141 795 Sed
1154 776 1298 804 numquam
1312 769 1450 803 corruptio
1466 769 1501 795 ita
1523 768 1730 802 incorruptionis
1741 771 1784 795 est
1797 768 1877 802 parti—

1090 821 1163 848 ceps,
1180 819 1209 841 ut
1224 822 1276 841 non
1294 822 1402 849 semper
1421 814 1565 841 obnoxium
1588 814 1623 841 sit
1636 813 1791 846 defectioni,
1807 813 1877 848 quod

247 863 435 897 relinquuntur
449 866 578 888 aeternam
593 869 601 887 :
614 860 689 895 quasi
705 861 737 886 ad
756 859 807 886 hoc
822 864 924 886 tantum
938 859 1039 886 conditi
1056 857 1077 885 Β
1092 859 1207 887 debetur
1218 860 1337 887 occasui.
1350 859 1417 886 Vita:
1430 859 1507 893 hujus
1521 859 1679 893 principium
1694 859 1787 886 mortis
1801 866 1878 887 exor-

248 909 302 937 siut
324 909 358 936 ab
380 916 414 935 eo
437 908 484 943 qui
510 908 643 935 neminem
663 907 758 933 odiens
783 907 899 938 creavit,
926 910 954 932 ut
976 904 1037 940 quia

248 954 276 983 in
299 955 370 981 hunc
392 953 519 980 mundum
542 960 603 979 cum
627 951 731 986 peccati
745 959 826 978 carne
841 957 983 982 venerunt,
999 951 1039 977 in-

250 999 372 1028 solubilis
394 999 478 1032 culp:e
493 997 596 1024 vincula
621 997 680 1023 sine
693 1002 768 1023 reatu
795 997 911 1030 propria:
926 996 1039 1023 actionis

251 1050 263 1065 I
279 1043 445 1071 inciderent?
466 1042 535 1076 Quid
553 1042 603 1069 hoc
618 1041 787 1076 profundius,
803 1041 866 1075 quid
889 1040 1040 1068 mirabilius

249 1088 331 1124 909
351 1095 412 1115 esse
435 1087 542 1122 potest?
561 1086 654 1122 Neque
680 1086 752 1114 enim
777 1086 851 1113 credi
872 1085 912 1112 l'as
927 1090 978 1118 est,
994 1092 1040 1113 eos

250 1134 295 1169 qui
310 1133 523 1168 regenerationis
543 1140 595 1159 non
611 1131 702 1166 adepti
726 1136 789 1158 sunt
802 1130 815 1150 δ
829 1135 1038 1163 sacramentum,

250 1179 284 1206 ad
303 1179 386 1206 ullum
403 1178 539 1205 beatorum
556 1177 693 1211 pertinere
706 1175 884 1203 consortium.
910 1176 944 1203 Et
958 1175 1042 1211 magis

250 1223 423 1258 stupendum,
449 1222 589 1257 magisque
611 1222 642 1248 lit
665 1221 783 1254 mirum,
806 1220 877 1255 quod
902 1220 947 1248 ubi
972 1221 1042 1248 actio

252 1275 307 1296 non
322 1267 445 1301 oii‘endit,
467 1267 513 1294 ubi
529 1266 668 1294 arbitrium
690 1273 744 1293 non
759 1266 872 1299 resistit,
888 1265 934 1293 ubi
948 1265 1043 1293 eadem

252 1313 372 1346 miseria,
396 1312 491 1340 similis
516 1311 698 1344 imbecillitas,
718 1318 802 1338 causa
822 1310 975 1338 communis
989 1314 1041 1343 est,

254 1366 266 1381 ι
279 1368 332 1388 non
349 1367 429 1387 unum
445 1364 487 1386 est
503 1359 529 1386 in
545 1362 617 1386 tanta
633 1357 903 1392 parilitatejudicium
914 1376 922 1390 ,
937 1361 965 1385 et
977 1363 1043 1392 qua-

252 1406 293 1434 les
303 1405 429 1440 reprobat
441 1403 585 1438 abdicatio,
601 1403 670 1431 tales
683 1403 793 1438 adoptat
807 1402 915 1430 electio.

544 1458 658 1486 CAPUT
677 1457 749 1485 XXI.

253 1505 329 1533 Juste
349 1505 389 1540 agi
409 1512 466 1531 cum
486 1504 598 1539 parvulis
618 1503 799 1540 pereuntibus,
817 1507 874 1540 tam
884 1503 913 1530 in
929 1506 977 1530 hoc
992 1511 1044 1531 m-

302 1539 372 1573 culo,
387 1548 461 1575 quam
478 1541 576 1575 futuro,
591 1544 695 1574 propter
709 1539 836 1573 originale
848 1544 993 1574 peceatum.

291 1585 481 1612 Verumtamen
505 1584 539 1612 de
564 1584 615 1611 hac
638 1583 780 1611 altitudine
804 1583 975 1610 discretionis
996 1582 1043 1610 Dei

257 1639 311 1659 non
327 1631 531 1658 conturbabitur
544 1629 557 1649 ἀ
568 1638 616 1658 cor
630 1630 789 1657 humilitatis
801 1635 920 1663 nostrae,
933 1630 956 1657 si
969 1630 1045 1657 ﬁrma

256 1682 284 1705 et
296 1677 385 1704 stabili
402 1676 455 1705 ﬁde
467 1684 549 1704 omne
559 1676 689 1711 judicium
706 1676 752 1703 Dei
762 1675 864 1710 justum
877 1683 937 1703 esse
950 1676 1046 1703 ereda-

256 1729 317 1749 mus
328 1742 336 1755 ,
353 1729 402 1749 nec
420 1726 579 1756 appetamus
594 1720 694 1748 habere
707 1720 860 1755 cognitum,
874 1720 946 1755 quod
963 1720 1048 1748 voluit

257 1775 316 1796 esse
334 1772 482 1800 secretum;
501 1771 529 1794 ut
548 1767 594 1795 ubi
615 1767 771 1802 investigari
789 1774 843 1794 non
863 1771 950 1801 potest
963 1774 1047 1801 quare

258 1815 293 1841 ita
309 1814 428 1849 judicet,
443 1813 559 1840 sulliciat
579 1813 650 1840 scire
668 1812 727 1847 quis
740 1813 852 1847 judicet.
878 1812 1047 1847 Quamquam

257 1867 311 1887 non
327 1860 362 1886 ita
377 1858 594 1894 iucognoscibilts
609 1859 659 1885 ista
685 1858 720 1885 sit
741 1858 870 1893 quaestio,
894 1863 905 1876 ⁶
932 1861 961 1885 ut
982 1858 1048 1885 nihil

260 1904 323 1932 inde
338 1904 497 1932 eruditionis
513 1904 648 1938 possimus
666 1904 817 1938 acquirere,
838 1904 861 1930 si
876 1903 910 1930 ad
925 1908 1047 1931 content-

258 1950 386 1985 plandum
411 1950 436 1977 id
456 1949 528 1984 quod
551 1949 636 1976 videri
657 1954 757 1984 potest,
783 1950 941 1984 tranquillus
964 1950 1049 1977 sobrii

258 1996 348 2022 cordis
363 1995 521 2022 adhibeatur
533 1994 657 2022 intuitus.
669 1994 734 2022 Cum
750 1995 821 2022 enim
835 1995 1047 2029 consideramus,

258 2040 329 2068 inter
344 2048 473 2075 paganos,
487 2042 558 2068 inter
576 2041 694 2072 Judazos,
716 2041 785 2068 inter
800 2041 953 2074 haereticos,
967 2042 1051 2069 inter-

258 2094 310 2121 que
333 2086 406 2121 ipsos
428 2086 575 2114 catholicos
597 2086 782 2120 Christianos,
807 2095 886 2121 quam
910 2087 1050 2123 multiplex

258 2136 351 2166 pereat
371 2139 499 2159 numerus
523 2132 704 2167 parvulorum,
727 2139 805 2167 quos,
829 2132 839 2152 ί
862 2138 990 2168 quantum
1016 2135 1050 2162 ad

259 2177 382 2212 proprias
397 2177 515 2213 pertinet
539 2178 700 2212 voluntates,
727 2185 813 2213 neque
831 2183 844 2202 ι
859 2178 921 2206 boni
936 2180 1048 2215 aliquid,

1090 903 1163 931 diutn
1178 909 1234 937 est;
1252 911 1300 931 nec
1314 905 1388 938 prius
1402 904 1493 938 incipit
1505 905 1587 939 910
1597 904 1686 939 augeri
1697 908 1763 930 telas
1777 909 1877 937 nostra,

1090 957 1169 984 quatn
1184 949 1277 976 minui.
1303 950 1353 977 Cui
1366 950 1389 976 si
1405 949 1467 984 quid
1483 949 1495 968 κ
1514 950 1639 984 adjicitur
1653 950 1730 984 spatii
1746 953 1879 983 tempora-

1090 995 1134 1028 lis,
1149 1002 1201 1023 non
1216 995 1248 1022 ad
1265 998 1315 1022 hoc
1327 996 1432 1023 accedit
1444 999 1472 1021 ut
1487 1000 1604 1028 maneat,
1618 995 1664 1022 sed
1680 995 1707 1021 in
1722 996 1772 1022 hoc
1785 996 1879 1022 transit

1089 1045 1119 1069 ut
1145 1046 1247 1076 pereat.
1270 1041 1345 1075 Quod
1367 1048 1431 1076 ergo
1450 1040 1461 1060 ι
1478 1042 1512 1068 ab
1535 1041 1611 1068 initio
1634 1042 1674 1068 sui
1699 1042 1815 1069 mortale
1827 1047 1877 1076 est,

1091 1087 1211 1123 qualibet
1226 1087 1333 1114 occidat
1349 1086 1406 1118 die.
1426 1094 1479 1114 non
1500 1090 1594 1114 contra
1609 1086 1693 1121 legem
1708 1087 1880 1114 mortalitatis

1092 1133 1243 1166 occumbit,
1260 1140 1311 1160 nec
1325 1141 1450 1167 umquam
1465 1133 1489 1160 ei
1505 1133 1619 1160 vicinius
1632 1137 1674 1160 est
1687 1140 1766 1167 posse
1779 1133 1878 1166 vivere,

1093 1184 1171 1213 quam
1188 1185 1267 1212 posse
1285 1178 1411 1205 deiicere.
1436 1178 1564 1212 Quamvis
1578 1184 1667 1205 autent
1682 1186 1715 1206 ex
1729 1185 1781 1205 una
1799 1185 1880 1205 causa

1093 1223 1212 1250 omnium
1241 1223 1379 1250 hominum
1399 1228 1419 1242 ω
1437 1223 1473 1251 sit
1499 1229 1556 1251 orta
1582 1224 1752 1257 mortalitas,
1776 1232 1829 1252 non
1853 1225 1879 1252 in

1094 1277 1174 1297 unam
1188 1275 1289 1303 tamen,
1303 1270 1351 1297 sed
1367 1272 1394 1297 in
1409 1270 1583 1305 multiplicem
1598 1270 1808 1298 imbecillitatem
1820 1277 1881 1297 eor-

1094 1314 1228 1349 ruptibilis
1253 1320 1346 1342 natura
1365 1314 1534 1342 distrahitur.
1559 1315 1593 1342 Et
1611 1315 1670 1342 sive
1687 1314 1790 1342 morbis
1801 1335 1809 1347 ,
1825 1315 1882 1343 sive

1095 1359 1291 1392 debilitatibus,
1311 1360 1370 1387 sive
1383 1360 1555 1394 vulneribus,
1572 1367 1626 1387 non
1648 1360 1736 1387 solum
1754 1360 1819 1387 anni
1836 1365 1883 1387 aut

1095 1412 1218 1438 menses,
1233 1405 1275 1432 vel
1292 1405 1349 1433 dies
1368 1406 1456 1433 aetatis
1467 1406 1607 1440 humanae,
1622 1406 1669 1434 sed
1683 1410 1712 1434 et
1726 1413 1819 1434 omnes
1833 1406 1883 1434 ho-

1095 1459 1134 1479 ra:
1144 1472 1151 1484 ,
1165 1451 1310 1486 omniaque
1328 1457 1464 1479 momenta
1479 1452 1599 1486 subjecta
1614 1457 1688 1480 sunt.
1706 1452 1761 1479 Nec
1775 1456 1816 1480 est
1829 1452 1881 1479 ali-

1096 1496 1169 1532 quod
1191 1497 1287 1524 mortis
1311 1504 1414 1532 genus,
1435 1502 1481 1524 aut
1498 1498 1567 1524 ullus
1578 1498 1692 1525 obeundi
1706 1497 1801 1525 modus
1814 1518 1823 1531 ,
1838 1498 1883 1533 qui

1058 1539 1150 1570 Cncn
1184 1542 1253 1569 intra
1285 1542 1486 1569 universitatem
1518 1542 1669 1570 mortalium
1703 1543 1729 1569 in
1766 1543 1883 1577 aliquam

1094 1587 1194 1615 incidat
1217 1587 1376 1622 portionem.
1402 1587 1492 1615 Manet
1514 1588 1584 1615 enim
1604 1596 1679 1624 grave
1693 1587 1789 1623 jugttm
1809 1596 1886 1623 super

1094 1634 1163 1668 ﬁlios
1177 1633 1262 1660 Adam
1273 1655 1281 1667 ,
1305 1642 1321 1660 α
1334 1634 1376 1662 die
1389 1635 1474 1662 exitus
1486 1634 1519 1661 de
1532 1639 1617 1662 ventre
1628 1635 1718 1662 matris
1729 1642 1817 1661 eorum
1830 1655 1837 1667 ,
1857 1634 1886 1660 in

1095 1679 1164 1707 diem
1175 1679 1313 1715 sepultura
1328 1681 1355 1707 in
1370 1686 1477 1707 matrem
1491 1682 1605 1708 omnium
1620 1680 1715 1717 (Eccli.
1732 1689 1778 1714 XL,
1794 1681 1833 1716 i).

1379 1736 1494 1764 CAPUT
1521 1736 1604 1764 XXII.

1096 1781 1192 1809 Divina
1206 1782 1313 1818 justitia
1328 1783 1430 1810 cuilibet
1449 1792 1593 1844 mensuram
1612 1787 1635 1811 et
1654 1785 1759 1811 modum
1777 1783 1888 1810 miserit:

1432 1826 1461 1844 or
1481 1823 1545 1844 mat.

1432 1823 1545 1845 ordinat.

1133 1862 1187 1890 Sed
1202 1862 1282 1898 hujus
1297 1863 1440 1897 asperrimi
1450 1863 1505 1898 jugi
1522 1864 1656 1898 pondera,
1671 1869 1723 1892 non
1735 1864 1771 1891 ita
1784 1864 1812 1892 in
1823 1864 1888 1892 Ade

1099 1907 1170 1935 ﬁlios
1186 1909 1334 1941 irruerunt,
1349 1913 1379 1936 ut
1390 1908 1481 1936 divina
1495 1909 1601 1943 justitia
1614 1914 1629 1928 ιι
1644 1910 1711 1937 nihil
1726 1910 1765 1937 eis
1778 1918 1835 1937 sua:
1846 1910 1889 1937 di-

1099 1954 1245 1981 mensionis
1264 1953 1425 1989 adhiberet,
1442 1961 1502 1990 qua:
1525 1955 1707 1982 defectionum
1728 1956 1832 1990 legibus
1851 1956 1886 1982 ita

1099 1998 1238 2026 defectura
1251 2002 1263 2017 °
1279 1999 1413 2034 subjecit,
1430 2005 1458 2027 ut
1474 2000 1507 2027 ab
1526 2001 1566 2028 eis
1586 2001 1800 2029 moderatiottum
1823 2009 1888 2028 sua-

1100 2051 1159 2071 rum
1184 2052 1236 2071 non
1260 2049 1394 2072 averteret
1415 2050 1593 2080 potestatem:
1611 2050 1626 2070 P
1640 2054 1693 2074 nec
1719 2047 1780 2074 ideo
1798 2049 1890 2075 omnia

1100 2096 1194 2116 omnes
1208 2089 1358 2117 inciderent
1372 2091 1441 2117 mala
1451 2111 1457 2121 .
1473 2091 1536 2125 quia
1549 2099 1596 2126 per
1608 2099 1778 2120 comtnunem
1795 2093 1891 2120 condi-

1101 2135 1202 2161 tionem
1215 2141 1308 2161 omnes
1321 2134 1445 2162 omnibus
1461 2135 1633 2170 suhjacereut
1645 2144 1653 2163 :
1668 2137 1714 2164 sed
1726 2142 1755 2164 ut
1768 2138 1891 2172 generali

1101 2180 1262 2207 necessitate
1273 2180 1384 2213 variata,
1402 2188 1499 2209 causas
1509 2182 1560 2209 sibi
1573 2183 1704 2211 Dominus
1714 2175 1892 2218 indulgentia:

297 2260 309 2274 ι
324 2255 413 2283 Editio
427 2255 535 2289 Leonis,
558 2255 703 2283 inciderint.
724 2254 776 2282 Alii
799 2254 919 2289 codices,
943 2255 1041 2283 incide-
1057 2259 1084 2289 D
1096 2258 1187 2285 editio.

260 2297 327 2317 rent.

295 2325 309 2344 ιι
324 2325 372 2352 Ms.
386 2325 480 2352 Camb.
494 2329 521 2352 et
530 2325 596 2352 edit.
612 2325 721 2358 Leonis,
738 2329 905 2352 sacramenta.
919 2324 990 2359 Alii,
1005 2334 1048 2353 sa-

261 2367 430 2387 crumentum.

297 2400 309 2414 ε
320 2395 366 2423 Sic
376 2395 535 2422 emendatur
547 2403 579 2422 ex
589 2403 639 2422 ms.
647 2395 757 2423 Joliensi
766 2399 793 2422 et
802 2394 920 2422 editione
930 2396 1047 2430 Operum

261 2430 368 2458 Leonis.
380 2430 454 2458 Alias
470 2430 535 2457 editi
550 2430 685 2465 Prosperi,
702 2438 753 2457 non
763 2438 844 2457 unum
858 2438 911 2457 esse
926 2430 958 2457 de
975 2436 1048 2458 lanla

261 2465 390 2501 parilitate
396 2465 517 2498 iudicem.

296 2500 309 2518 α
327 2500 487 2535 ltalegimus
503 2500 528 2526 in
544 2507 608 2527 mss.
629 2500 790 2527 Camberon.
818 2504 845 2527 et
864 2499 917 2527 Jol.
931 2506 958 2528 et
980 2500 1047 2528 edit.

261 2534 372 2562 Leonis.
387 2534 415 2562 In
434 2535 492 2562 aliis
504 2535 628 2569 Prosperi
643 2535 727 2566 libris,
741 2543 785 2561 car
796 2540 921 2562 nostrum.

300 2574 312 2588 ε
328 2569 365 2596 Ita
381 2577 441 2597 cum
461 2577 525 2596 mss.
541 2570 701 2598 Camberon.
717 2574 744 2596 et
760 2569 814 2596 Jol.
835 2569 930 2596 Leonis
946 2571 1045 2598 codex.

264 2604 336 2645 Adin-5
350 2605 419 2645 apud
433 2605 592 2645 Prospcrttm
602 2625 609 2637 ,
626 2610 653 2631 ut
665 2605 729 2631 nihil
744 2605 853 2639 sitquod
869 2605 901 2631 de
914 2612 944 2631 ea
963 2607 1049 2633 erudi-

262 2640 338 2675 tionis
354 2642 479 2675 pessimus
493 2640 634 2675 acquirere.

300 2672 388 2702 ibis-5.
412 2672 574 2702 Catnberbu.
596 2678 625 2702 et
646 2672 774 2701 Joiiensis
798 2681 851 2700 non
872 2674 971 2702 habent
987 2676 1049 2708 ista,

261 2710 434 2770 [qd
449 2710 566 2745 proprias
580 2709 689 2746 pertinet
705 2708 859 2738 voluntates.
881 2710 932 2737 Alii
943 2711 1050 2738 codices

264 2745 361 2771 habent
376 2745 431 2772 illa.

300 2784 311 2802 ις
329 2780 407 2810 Editi,
424 2780 517 2807 bonum
534 2780 649 2816 aliquid,
666 2788 745 2815 neque
761 2780 865 2806 malum.
890 2779 917 2806 In
933 2780 1050 2809 secundo

263 2819 446 2848 casuwnunt,
461 2815 532 2842 boni.
545 2834 552 2840 .
567 2815 579 2841 ,⁷
589 2816 660 2847 ntali,
678 2817 725 2843 Elis.
740 2816 899 2843 Catnbercn.
913 2820 937 2843 ct
955 2817 1050 2844 Leestis

1137 2292 1151 2311 Ιι
1166 2293 1203 2319 ita
1220 2293 1299 2321 liabet
1314 2294 1396 2321 editio
1407 2294 1515 2322 Leonis.
1532 2295 1593 2322 Mss.
1606 2304 1670 2323 vero
1683 2296 1846 2323 Camberon.
1865 2302 1893 2324 et

1101 2328 1228 2367 Joliensis
1242 2348 1249 2361 ,
1266 2329 1291 2355 in
1307 2329 1370 2367 Adit:
1382 2331 1590 2367 prevaricalione
1604 2332 1722 2366 suscepit.
1745 2331 1812 2358 Editi
1823 2332 1893 2358 Pro-

1101 2364 1232 2401 δρςτξιῃίἲ
1248 2365 1457 2401 prwvuricatione
1466 2366 1541 2399 primi
1558 2367 1668 2398 parentis
1676 2364 1788 2401 excepit.

1140 2398 1148 2415 ί
1165 2398 1252 2424 Editio
1268 2398 1374 2428 Leonis,
1394 2399 1475 2426 Nemo
1488 2401 1574 2426 etiam.

1139 2433 1146 2457 ἱ
1168 2434 1345 2460 Emendamus
1362 2434 1404 2460 hic
1420 2436 1536 2466 quando,
1551 2443 1585 2461 ex
1600 2443 1665 2462 mss.
1687 2435 1779 2462 Camb.
1795 2440 1821 2463 et
1833 2435 1890 2462 Jo‘.

1102 2473 1129 2507 et
1145 2468 1248 2500 Leone;
1264 2469 1307 2495 ubi
1328 2470 1445 2503 quoniam
1460 2470 1486 2496 in
1501 2470 1579 2497 editis
1595 2471 1700 2497 ca‘teris
1713 2471 1835 2505 Prosperi
1852 2471 1894 2498 le-

1101 2508 1181 2536 gitur.

1139 2536 1151 2576 ξ
1167 2538 1256 2576 βιιίὶιὶο
1272 2538 1546 2576 [κρονίςηίιάλὶείαιιιγ.
1563 2540 1613 2566 Alii
1625 2539 1745 2576 codices,
1757 2540 1892 2576 adjicitur.

1140 2571 1210 2599 1Sic
1232 2581 1296 2599 mss.
1320 2571 1481 2601 Cantbcrou.
1507 2580 1534 2601 et
1555 2576 1606 2602 Jol.
1630 2582 1692 2602 cum
1715 2571 1891 2602 edit.’Leon.

1105 2607 1167 2640 Alii,
1184 2609 1215 2633 ab
1228 2608 1294 2633 initii
1309 2610 1347 2634 sui
1362 2610 1410 2636 die.

1139 2647 1158 2660 ω
1174 2643 1222 2669 Ms.
1237 2642 1375 2676 .loiiensis,
1390 2645 1421 2670 sit
1434 2645 1481 2670 ista
1495 2645 1646 2671 mortalitas.

1140 2681 1153 2694 ιι
1170 2677 1246 2715 Apud
1261 2678 1377 2715 Leonem
1391 2699 1399 2711 ,
1416 2678 1480 2706 nihil
1495 2679 1517 2705 ei
1531 2701 1538 2713 ,
1554 2680 1578 2706 id
1591 2686 1632 2707 est
1643 2680 1718 2715 jugo.
1739 2680 1801 2714 Alii,
1824 2679 1895 2706 nihil

1104 2712 1161 2740 eis:
1176 2713 1247 2740 refer
1259 2713 1291 2739 ad
1307 2715 1428 2747 pondera.

1141 2752 1152 2765 ο
1231 2749 1366 2785 Julicnsis,
1379 2749 1486 2785 subegit.

1139 2788 1152 2806 Ρ
1170 2784 1192 2809 Μ
1209 2791 1229 2810 s.
1247 2782 1405 2811 Catnbcron.
1419 2782 1580 2812 et'Joliensis
1594 2792 1654 2814 cum
1673 2785 1763 2813 Leone
1789 2784 1898 2813 addunt

1104 2825 1158 2845 ηοξ.
