4040 6178
257 246 362 302 ῗο9

1100 236 1189 293 DE
1230 233 1618 293 VOCATIONE
1654 231 1921 290 OMNIUM
1962 229 2271 288 GENTIUM
2311 230 2514 287 LIBER
2551 230 2617 285 ll.

3426 230 3532 289 Ὴί)

252 351 729 426 correptionisque
759 356 1042 415 servaret,
1074 357 1325 418 essetque
1354 348 1411 402 in
1453 361 1561 401 uno
1602 344 1843 400 omnium
1872 347 1922 406 Α
1952 343 2104 401 Sicut
2142 352 2322 399 autem
2360 342 2505 399 circa
2535 341 2796 412 majores,
2831 351 3026 412 praeter
3052 343 3195 398 illam
3225 345 3536 413 generalem

263 446 453 500 debito
483 442 626 513 quod
657 450 712 496 et
741 440 1053 495 misericors
1082 438 1416 504 remitteret,
1446 444 1503 492 et
1526 437 1703 506 justus
1729 435 1847 489 exi-

262 545 437 607 geret.
481 534 613 590 Cum
665 534 827 604 igitur
847 533 991 603 justa
1035 541 1089 586 et
1129 531 1474 600 omnipotens
1515 527 1849 598 providentia

261 628 360 684 Dei
407 625 804 682 incessabiliter
852 622 1100 677 universa
1147 620 1441 691 dijudicet,
1496 628 1552 675 et
1592 634 1750 674 nemo
1793 619 1848 672 iu

263 722 412 776 hunc
450 717 707 773 mundum
745 714 959 779 veniat,
993 727 1169 781 neque
1201 713 1269 765 ab
1304 712 1407 766 hoc
1443 711 1642 765 mundo
1672 716 1848 776 exeat,

262 813 369 867 nisi
410 827 476 865 eo
526 818 647 862 ortu
677 814 888 875 ﬂatque
933 804 1174 858 discessu
1228 818 1387 872 quem
1427 816 1607 856 rerum
1650 800 1853 854 arbiter

260 900 565 959 secundum
597 898 915 953 altissimam
942 895 1221 950 scientiam
1247 908 1399 946 suam
1427 892 1854 962 sapientiamque

260 991 531 1056 decernit,
562 991 701 1043 sicut
733 986 995 1055 scriptum
1027 995 1109 1039 est
1139 984 1190 1038 in
1230 983 1369 1037 libro
1399 981 1518 1041 va.
1542 982 1674 1049 Quis
1702 982 1851 1054 igno-

263 1092 351 1138 rat
372 1080 509 1153 quod
552 1080 723 1133 omnia
761 1080 868 1133 haec
912 1093 1095 1130 manus
1132 1075 1339 1128 Domini
1371 1074 1585 1144 fecerit,
1613 1075 1667 1127 in
1705 1076 1855 1143 cuius

264 1192 431 1229 manu
459 1174 632 1227 anima
662 1171 828 1226 omnis
857 1170 1065 1223 viventis
1095 1177 1139 1221 et
1168 1168 1379 1234 spiritus
1408 1166 1655 1219 universa:
1684 1166 1854 1218 carnis

270 1263 497 1317 hominis
527 1261 651 1333 (Job
708 1275 806 1326 sit,
838 1258 934 1329 9)?
962 1268 1015 1312 et
1044 1260 1269 1331 iterum,
1289 1254 1472 1309 Breves
1499 1256 1605 1308 dies
1634 1254 1855 1307 hominis

268 1361 415 1420 sunt,
446 1362 492 1405 et
516 1367 752 1405 numerus
775 1350 972 1403 dierum
993 1352 1039 1419 ej
1048 1365 1104 1401 ns
1131 1349 1270 1417 apud
1292 1357 1339 1400 te
1359 1356 1431 1400 est
1456 1345 1576 1419 (Job
1632 1362 1740 1413 λιν,
1765 1346 1853 1417 5);

272 1445 398 1516 quis
439 1443 635 1497 audeat
672 1456 862 1495 causas
897 1455 1121 1510 operum
1159 1448 1212 1493 et
1245 1438 1593 1492 consiliorum
1630 1439 1747 1505 ejus
1778 1438 1857 1491 in-

271 1533 537 1605 quirere?
565 1532 918 1588 lnscrutabile
958 1530 1099 1586 enim
1146 1536 1260 1590 est.
1299 1529 1559 1600 valdeque
1588 1540 1858 1584 secretum

273 1641 377 1681 cur
407 1626 567 1679 tantis
596 1623 919 1679 dill'erentiis
953 1624 1114 1694 911
1138 1621 1375 1677 conditio
1397 1620 1624 1675 humana
1656 1622 1855 1675 variata

1953 439 2178 508 gratiam
2220 438 2438 507 parcius
2475 444 2635 506 atque
2667 435 2931 491 occultius
2975 436 3212 490 omnium
3255 435 3534 494 hominum

1951 529 2114 583 corda
2144 528 2449 595 pulsantem
2468 570 2482 595 ,
2524 526 2905 581 excellentiore
2930 542 3122 597 opere,
3159 526 3390 596 largiore
3419 544 3538 582 mu-

1953 636 2105 687 nere,
2135 618 2153 658 ί
2188 619 2494 689 potentiore
2521 619 2718 672 virtute
2742 618 2953 673 vocatio
2973 619 3223 685 specialis
3250 620 3532 685 exeritur;

1952 711 2024 765 ita
2057 698 2220 765 etiam
2258 711 2403 765 circa
2441 710 2753 764 innumeros
2792 710 3044 778 parvulus
3083 708 3270 764 eadem
3308 711 3535 766 manife-

1953 812 2129 857 statur
2156 803 2369 857 electio.
2397 803 2528 868 Quze
2555 802 2770 871 quidem
2802 810 2827 848 8
2857 817 2954 856 nec
2984 802 3088 855 illis
3114 803 3203 871 qui
3232 804 3403 858 renati
3427 820 3537 859 non

1955 904 2081 947 sunt
2124 894 2176 946 in
2219 893 2534 961 parentibus
2576 892 2778 957 defuit,
2821 892 2918 947 sed
2969 892 3032 945 iis
3072 893 3163 962 qui
3190 894 3361 948 renati
3390 905 3537 962 sunt,

1955 1000 2067 1054 prae
2121 986 2436 1054 parentibus
2485 984 2683 1039 aﬂuit:
2734 984 2805 1038 ita
2856 994 2913 1036 nt
2969 984 3149 1037 multis
3203 1000 3346 1055 saepe
3400 1001 3537 1056 quos

1960 1078 1986 1114 δ
2002 1092 2221 1133 suorum
2249 1078 2496 1146 impietas
2513 1077 2771 1141 deseruit,
2794 1076 3089 1130 alienorum
3116 1091 3243 1131 cura
3265 1078 3536 1143 servierit,

1959 1177 2015 1222 et
2043 1168 2109 1222 ad
2142 1169 2611 1237 regenerationem
2641 1169 2803 1238 912
2831 1166 3080 1221 venerint
3110 1184 3207 1236 per
3230 1178 3538 1237 extraneos,

1960 1275 2077 1329 qua:
2107 1260 2189 1315 eis
2220 1274 2325 1313 non
2353 1268 2470 1313 erat
2497 1259 2827 1329 providenda
2860 1275 2953 1325 per
2985 1258 3288 1327 proximos.

2523 1369 2749 1425 CAPUT
2782 1369 2971 1423 XXIV.

1962 1464 2083 1518 Non
2116 1480 2224 1517 esse
2242 1466 2441 1535 justam
2470 1463 2729 1531 querelam
2760 1464 3157 1535 exrdiscretione
3192 1466 3392 1533 parium
3422 1483 3543 1535 par-

2033 1534 2309 1599 vulorum,
2357 1535 2447 1586 sed
2496 1550 2732 1606 magnam
2786 1534 2970 1587 divina:
3009 1536 3233 1604 justitiaz
3275 1546 3321 1589 et
3362 1540 3544 1606 gratia:

2033 1605 2226 1658 Christi
2256 1604 2769 1658 commendationem.

274 1718 371 1771 sit.
405 1717 558 1771 illum
591 1716 657 1771 ab
687 1716 908 1770 infantia
946 1730 1112 1783 usque
1134 1713 1161 1752 δ
1187 1715 1238 1767 in
1260 1722 1588 1768 senectutem
1619 1713 1860 1784 longaeva
1890 1718 1940 1777 B
2037 1712 2093 1767 Iu
2132 1730 2238 1784 quo
2281 1730 2445 1783 opere
2485 1715 2707 1783 gratim,
2755 1715 2874 1785 quis
2897 1715 3017 1784 _nisi
3067 1715 3540 1785 arrogantissimus

275 1808 457 1878 carpit
498 1807 785 1861 inﬁrmitas
810 1850 825 1876 ,
873 1820 973 1861 nec
1016 1805 1157 1861 inter
1194 1813 1603 1876 perseverantes
1645 1804 1859 1861 dolores

277 1906 495 1951 statuta:
529 1897 712 1951 deﬁcit
744 1907 953 1964 tempus
984 1894 1197 1950 aetatis:
1236 1895 1385 1949 illum
1416 1895 1639 1964 integris
1668 1896 1859 1950 valen-

281 1998 391 2041 tem
415 1986 620 2042 viribus
643 1987 1034 2041 annosissimus
1060 1986 1214 2057 vigor
1238 1994 1466 2057 vegetat.
1501 1985 1634 2042 lluic
1656 1986 1707 2040 in
1730 2002 1863 2056 pue-

282 2082 411 2136 ritia
436 2081 555 2135 ﬁnis
580 2090 693 2146 est,
726 2080 801 2135 illi
829 2081 880 2134 in
913 2081 1298 2135 adolescentia.
1342 2081 1478 2136 Huic
1503 2081 1637 2135 ultra
1665 2081 1863 2150 juven-

279 2183 458 2229 tutem
488 2189 594 2228 non
629 2174 755 2226 licet
799 2171 1078 2241 progredi,
1112 2171 1187 2225 illi
1225 2170 1553 2241 impossibile
1586 2181 1666 2226 est
1695 2186 1863 2241 usque

288 2264 360 2318 ad
391 2262 977 2333 loquendirudimenta
1004 2262 1383 2332 grandescere.
1422 2262 1563 2330 Quas
1594 2266 1713 2317 vitae
1746 2278 1863 2317 me-

279 2364 369 2409 tas
396 2349 1144 2423 multifarnﬁ’ter‘ill‘izquales,
1191 2354 1367 2408 minus
1397 2353 1620 2409 acerbas
1645 2353 1862 2423 experi-

281 2454 441 2500 retur
468 2444 670 2499 caduca
702 2445 998 2498 mortalitas
1018 2485 1031 2509 ,
1060 2445 1102 2499 si
1137 2443 1417 2513 praesentis
1449 2453 1652 2498 tantum
1681 2443 1864 2497 smculi

283 2534 611 2589 detrimenta
639 2541 933 2603 pateretur;
956 2544 1009 2589 et
1036 2549 1145 2589 non
1176 2534 1227 2588 in
1254 2543 1483 2588 aeternas
1507 2533 1752 2588 miserias
1775 2549 1866 2590 ca-

281 2627 480 2682 derent
506 2666 521 2691 ,
554 2626 643 2696 qui
676 2624 801 2681 binc
839 2627 954 2681 sine
996 2626 1214 2681 lavacro
1258 2624 1683 2696 regenerationis
1726 2626 1867 2682 exis-

280 2728 430 2775 sent.

846 2809 1075 2869 CAPUT
1115 2810 1304 2866 XXIII.

283 2901 533 2958 Parvulis
575 2904 899 2974 pereuntibus
950 2901 1402 2974 generalispgratia
1444 2900 1706 2970 tribuitur,
1745 2900 1869 2955 dum

786 2989 844 3027 ea
872 2972 1167 3044 parentibus
1194 2972 1371 3026 datur.

1969 1802 1987 1842 ί
2021 1814 2184 1876 atque
2212 1807 2542 1861 vanissimus
2572 1805 2639 1859 de
2684 1805 2861 1860 divina
2904 1806 3112 1876 justitia
3159 1818 3540 1876 conqueratur,

1964 1896 2105 1964 quod
2137 1911 2245 1950 non
2273 1896 2524 1951 omnibus
2558 1897 2799 1964 parvulis
2834 1897 3025 1950 similis
3052 1899 3385 1965 providentia
3414 1912 3545 1951 con-

1963 1986 2128 2051 sulat,
2159 1988 2450 2055 omniaque
2482 1987 2733 2055 pericula,
2769 2001 2886 2055 qua:
2914 1987 3290 2040 moriturorum
3320 2001 3546 2056 regene-

1963 2080 2228 2134 rationem
2271 2078 2558 2149 prohibere
2600 2088 2851 2148 possunt,
2892 2088 2983 2132 aut
3029 2086 3295 2149 potesmte
3329 2080 3549 2133 submo-

1962 2180 2109 2237 veat,
2137 2181 2229 2227 aut
2264 2172 2613 2226 miseratione
2645 2170 2981 2240 praeveniat?
3027 2170 3179 2237 Quod
3207 2169 3390 2239 utique
3418 2185 3544 2240 erga

1964 2260 2189 2317 omnesi
2228 2261 2419 2327 ﬁeret,
2462 2261 2511 2318 si
2534 2260 2606 2315 ita
2640 2260 2754 2316 ﬁeri
2791 2262 3010 2315 omnino
3036 2262 3274 2315 deberet.
3304 2260 3425 2314 Non
3454 2276 3548 2315 au-

1966 2362 2075 2409 tem
2118 2355 2278 2419 latet,
2310 2361 2567 2423 quantum
2596 2352 2625 2391 ¹ι
2651 2353 2902 2410 cordibus
2943 2354 3176 2409 ﬁdelium
3217 2354 3437 2409 desidiae
3462 2355 3545 2425 gi-

1964 2455 2245 2513 gneretur,
2287 2444 2333 2499 si
2382 2445 2433 2499 in
2486 2445 2823 2514 baptizandis
2853 2446 3089 2515 parvulis
3118 2445 3247 2499 nihil
3277 2446 3344 2500 de
3367 2446 3548 2515 cujus-

1966 2551 2128 2607 quam
2166 2536 2487 2608 negligentia
2506 2577 2521 2603 ,
2548 2537 2682 2592 nihil
2703 2538 2773 2593 de
2795 2538 3031 2607 ipsorum
3063 2549 3205 2594 esset
3232 2548 3406 2595 morte
3435 2555 3551 2596 tne-

1967 2628 2225 2685 tuendum
2254 2646 2267 2683 :
2299 2629 2731 2700 quandoquidem
2775 2640 2829 2685 ut
2870 2631 3003 2685 tales
3045 2631 3310 2701 baptismo
3340 2631 3551 2687 frauda-

1970 2729 2177 2787 rentur,
2220 2720 2368 2775 nullo
2407 2720 2567 2776 modo
2604 2730 2786 2790 posset
2819 2721 3085 2776 accidere.
3146 2721 3257 2777 llac
3287 2737 3413 2776 vero
3438 2730 3551 2777 tam

1970 2810 2308 2866 iuamissibili
2383 2810 2639 2867 felicitate
2695 2812 3016 2879 infantium,
3079 2813 3552 2870 vehementissime

1973 2902 2160 2972 Opinio
2189 2902 2337 2957 illius
2378 2903 2732 2959 roborarelur
2772 2906 3010 2971 erroris,
3054 2905 3144 2975 qui
3188 2906 3414 2976 gratiam
3458 2906 3552 2962 Dei

1972 2992 2271 3049 secundum
2300 2995 2487 3049 merita
2517 2994 2797 3049 hominum
2821 2995 2961 3062 dari,
2991 2995 3153 3050 audet
3176 3007 3363 3051 contra
3393 2996 3551 3053 ﬁdem

365 3088 473 3146 Sed
503 3102 627 3144 cum
661 3097 684 3127 ο
718 3085 1118 3143 inscrutabilior
1146 3084 1217 3139 sit
1244 3098 1404 3140 causa
1444 3082 1708 3139 donorum
1750 3098 1871 3155 qua:
1897 3074 1942 3137 C
1975 3084 2295 3139 catholicam
2328 3086 2648 3154 praedicare.
2699 3086 2984 3143 Videretur
3011 3088 3210 3158 quippe
3246 3089 3554 3158 inculpabili

285 3183 467 3251 gratia
512 3178 735 3249 tribuit,
786 3192 947 3249 quam
981 3176 1316 3231 miseriarum
1355 3188 1488 3245 quas
1530 3181 1719 3230 natura
1749 3188 1867 3245 pro-

285 3272 525 3341 meruit,
554 3273 671 3343 ipsa
699 3286 798 3328 nos
824 3270 1188 3341 intelligentia:
1215 3269 1502 3325 difficultas
1530 3269 1598 3324 ad
1628 3277 1869 3325 nostrum

285 3363 518 3419 remittit
534 3372 830 3419 auctorem.
859 3362 1063 3416 Etcum
1086 3359 1373 3431 quaerimus
1396 3359 1662 3430 quomodo
1682 3372 1871 3414 omnes

286 3454 543 3509 homines
591 3453 767 3509 salvos
811 3453 931 3507 ﬁeri
969 3451 1099 3507 velit
1148 3451 1192 3521 (l
1233 3449 1368 3504 Tim.
1412 3449 1575 3521 11,4),
1627 3451 1719 3520 qui
1763 3464 1871 3505 non

288 3543 544 3598 omnibus
573 3542 702 3597 illud
742 3552 953 3612 tempus
981 3539 1009 3577 ἀ
1040 3540 1307 3611 impertit,
1337 3541 1389 3595 in
1417 3557 1523 3610 quo
1558 3555 1655 3610 per
1684 3541 1874 3597 volun-

288 3634 485 3691 tariam
515 3632 676 3688 ﬁdem
715 3632 1077 3703 percipiendae
1110 3631 1296 3702 gratiae
1324 3631 1434 3685 sint
1464 3646 1730 3701 capaces;
1763 3646 1870 3687 non

290 3726 595 3796 irreligiose
629 3725 862 3780 arbitror
886 3724 1068 3793 credi,
1107 3738 1282 3794 neque
1322 3723 1764 3778 inconvenienter
1791 3726 1873 3777 in-

294 3816 494 3886 telligl,
523 3816 669 3885 quod
700 3815 786 3869 isti
822 3829 1107 3884 paucorum
1134 3814 1342 3869 dierum
1366 3813 1611 3868 homines
1637 3813 1703 3867 ad
1728 3814 1871 3868 illam

292 3908 603 3978 pertineant
632 3905 817 3976 gratiae
846 3914 1051 3975 partem
1069 3946 1083 3971 ,
1114 3920 1235 3976 qua:
1256 3919 1471 3974 semper
1496 3904 1762 3960 universis
1789 3912 1875 3960 est

298 3999 547 4066 impensa
574 3996 877 4051 nationibus
902 4012 915 4048 :
956 4010 1057 4065 qua
1082 3997 1264 4065 utique
1298 3996 1343 4050 si
1373 3996 1511 4051 bene
1540 4012 1729 4051 eorum
1758 4006 1873 4053 ute-

296 4096 493 4143 rentur
512 4096 796 4156 parentes,
827 4086 992 4141 etiam
1025 4085 1124 4154 ipsi
1155 4100 1250 4155 per
1275 4085 1497 4141 eosdem
1524 4085 1871 4155 juvarentur.

294 4180 554 4235 Omnium
598 4194 828 4249 namque
866 4178 1086 4233 exordia
1131 4178 1471 4247 parvulorum
1494 4219 1510 4247 ,
1548 4187 1759 4250 totaque
1782 4181 1872 4235 illa

294 4270 562 4342 principia
605 4270 831 4327 necdum
875 4270 1150 4326 rationalis
1198 4270 1468 4338 infantiae,
1509 4272 1609 4327 sub
1650 4273 1874 4329 arbitrio

295 4364 477 4434 iacent
506 4364 800 4419 voluntatis
827 4364 1041 4432 alienae,
1075 4378 1174 4418 nec
1203 4363 1315 4419 ullo
1344 4363 1506 4419 modo
1533 4366 1610 4419 eis
1650 4366 1752 4420 nisi
1780 4382 1875 4435 per

301 4433 438 4509 alios
476 4455 683 4509 consuli
725 4462 934 4525 potest:
982 4463 1036 4508 et
1060 4468 1397 4524 consequens
1426 4463 1508 4509 est
1539 4455 1660 4510 illos
1689 4457 1751 4509 ad
1780 4433 1877 4512 eo-
1902 4433 1957 4493 Ῑ)

301 4560 423 4599 rum
465 4544 735 4613 pertinere
781 4544 1108 4599 consortium
1135 4587 1149 4612 ,
1201 4559 1429 4613 quorum
1474 4546 1557 4600 vel
1602 4556 1750 4601 recto
1793 4549 1877 4603 vel

302 4651 473 4706 pravo
503 4646 733 4705 aguntur
759 4633 974 4689 aﬁ‘ectu.
1006 4634 1154 4690 Sicut
1194 4636 1335 4688 enim
1372 4650 1440 4689 ex
1465 4636 1638 4690 aliena
1668 4636 1879 4692 confes-

302 4729 456 4782 sione
483 4726 739 4791 credunt,
772 4725 844 4778 ita
877 4739 940 4779 ex
964 4724 1137 4779 aliena
1172 4724 1487 4779 inﬁdelitate
1513 4737 1605 4780 aut
1631 4726 1882 4782 dissimu-

303 4818 506 4874 latione
534 4831 639 4871 non
666 4816 910 4870 credunt.
957 4815 1163 4870 Etcum
1188 4816 1285 4883 ipsi
1318 4831 1416 4871 nec
1446 4818 1726 4886 prtesentis
1755 4820 1880 4877 vita:

304 4910 630 4965 desiderium
660 4917 683 4945 ο
709 4908 1036 4972 habuerunt,
1066 4922 1167 4962 nec
1194 4907 1418 4973 futurae;
1456 4925 1614 4979 quam
1640 4911 1881 4979 ipsorum

305 5001 505 5055 factum
532 5007 615 5054 est
635 4999 781 5053 nasci
804 5039 819 5066 ,
846 5008 951 5051 tam
980 4998 1219 5067 ipsorum
1250 4998 1484 5055 efﬁcitur
1512 5015 1620 5054 non
1646 5005 1878 5072 renasci,

382 5166 406 5237 ς
436 5156 535 5237 bis.
560 5155 844 5237 loliensis,
883 5159 1089 5237 decessu
1114 5175 1133 5213 :
1168 5168 1353 5237 postea
1395 5176 1498 5219 ms.
1530 5160 1719 5220 Camn.
1749 5182 1883 5237 ᾳνω.

378 5225 409 5265 δ
438 5229 533 5301 bis.
563 5228 932 5301 Joliensis,“
954 5225 1253 5301 senectutem
1281 5232 1584 5301 longtevam.

384 5307 404 5334 ε
438 5297 527 5349 Sic
547 5309 680 5372 _tn_s_s.
706 5298 1027 5372 pamberon.
1052 5308 1112 5372 et
1132 5298 1236 5353 Jol.
1258 5342 1272 5365 ,
1314 5297 1528 5356 et'edit.
1552 5302 1719 5360 Leon.
1755 5305 1885 5372 Alii,

306 5364 655 5440 inscrutabihlis
682 5367 745 5440 sit
769 5382 922 5420 causa
944 5377 1044 5440 tam
1079 5364 1331 5440 donorum
1362 5387 1517 5440 quam
1537 5364 1883 5431 miseriarum;

382 5433 411 5471 ἀ
438 5435 539 5509 his.
567 5434 911 5509 (_Iatnberon.,
939 5438 1248 5509 impertitur.

391 5516 415 5542 υ
450 5505 544 5558 Ms.
574 5506 843 5567 Joliensis,
877 5505 1161 5563 habuerint.

389 5575 410 5614 ι
443 5575 537 5647 bis.
567 5575 839 5647 Joliensis,
875 5581 1154 5646 potentiore
1183 5579 1403 5647 iustitia.
1668 5608 1677 5617 -

386 5655 415 5695 ι
443 5644 546 5699 Ms.
581 5644 985 5716 Joliensis,:tec
1011 5650 1065 5702 in
1093 5644 1197 5703 illis
1218 5688 1265 5704 ..
1290 5688 1301 5704 .
1329 5651 1421 5705 sed
1448 5652 1498 5707 in
1524 5652 1602 5707 Itis
1628 5655 1739 5725 qui.

1974 3177 2300 3233 innocentia:
2344 3176 2447 3233 hoc
2495 3185 2607 3232 tota
2652 3180 2903 3249 {equitate
2943 3179 3162 3247 deberi,
3198 3189 3255 3235 ut
3283 3182 3554 3236 neminem

1973 3282 2162 3325 eorum
2204 3268 2423 3338 adoptio
2466 3270 2806 3339 praeteriret,
2852 3287 2987 3341 quos
3028 3273 3208 3329 nullus
3250 3285 3430 3329 reatus
3459 3275 3556 3329 ob-

1974 3358 2302 3429 stringeret:
2332 3373 2431 3414 nec
2461 3360 2621 3429 impie
2656 3375 2687 3414 a
2728 3362 2961 3431 quodam
2991 3363 3059 3418 de
3090 3365 3431 3433 parvulorum
3464 3367 3559 3420 ba-

1974 3454 2174 3521 ptismo
2200 3451 2401 3507 dictum
2424 3450 2638 3511 fuisset.
2676 3452 2837 3507 Habet
2858 3456 3024 3525 gratia
3040 3456 3175 3524 quod
3195 3456 3424 3526 adaptet,
3454 3474 3557 3511 non

1973 3541 2124 3596 habet
2146 3544 2287 3595 unda
2315 3543 2453 3610 quod
2492 3543 2677 3597 diluat.
2723 3544 2830 3599 Sed
2864 3547 2966 3600 hoc
2993 3545 3385 3601 detestabiliter
3416 3562 3558 3615 prae—

1973 3632 2212 3687 dicatum
2263 3647 2455 3687 omnes
2513 3633 2762 3701 discipuli
2812 3635 3055 3690 veritatis
3118 3637 3459 3706 intelligunt:
3505 3646 3561 3692 et

1974 3723 2099 3779 inde
2127 3723 2469 3778 manifestum
2503 3733 2587 3778 est
2612 3739 2707 3778 eos
2740 3727 2831 3791 qui
2859 3726 2996 3778 salvi
3020 3725 3173 3790 ﬁunt,
3203 3741 3309 3779 non
3341 3726 3555 3791 merito,

1973 3816 2065 3870 sed
2093 3813 2263 3884 gratia
2287 3813 2537 3878 liberari,
2567 3815 2692 3883 quia
2721 3816 2837 3869 sine
2863 3815 3128 3884 baptismo
3157 3825 3397 3871 mortuos
3428 3832 3558 3886 per-

1974 3907 2101 3962 iisse
2146 3922 2252 3961 non
2302 3905 2524 3961 dubium
2568 3915 2672 3962 est.
2722 3906 2823 3975 Qui
2869 3909 3052 3977 utique
3104 3908 3205 3962 nisi
3258 3908 3560 3977 gravissimi

1975 3996 2181 4067 peccati
2206 4007 2389 4052 essent
2418 3997 2735 4067 participes,
2770 4013 2876 4052 non
2909 3999 3168 4067 perirent.
3202 3998 3353 4053 Nunc
3378 4008 3557 4056 autem

1975 4087 2184 4143 occulta
2206 4087 2421 4158 quidem
2444 4086 2538 4142 Dei
2561 4088 2910 4157 discretione,
2944 4089 3037 4144 sed
3064 4089 3230 4156 justa,
3264 4090 3344 4144 sic
3373 4103 3559 4145 osten-

1977 4178 2120 4234 ditur
2148 4179 2355 4249 etquid
2383 4179 2627 4234 conferat
2654 4180 2825 4249 gratia
2853 4222 2867 4246 ,
2908 4192 2962 4235 et
2998 4182 3124 4250 quid
3162 4181 3562 4250 praevaricatris

1978 4280 2255 4326 mereatur
2282 4280 2474 4326 natura
2502 4288 2515 4325 :
2549 4278 2607 4326 ut
2633 4286 2736 4326 nec
2765 4282 2949 4326 contra
2979 4273 3179 4327 donum
3207 4272 3449 4327 elevetur
3477 4287 3566 4327 su-

1980 4365 2195 4434 perbia,
2220 4381 2323 4422 nec
2351 4377 2538 4422 contra
2571 4368 2865 4438 periculum
2897 4378 3073 4424 cesset
3104 4368 3388 4424 industria.

2552 4478 2776 4536 CAPUT
2818 4480 2987 4535 XXV.

1985 4568 2150 4642 Deum
2181 4568 2244 4621 ob
2268 4568 2552 4642 generalem
2578 4571 2799 4642 gratiam
2824 4572 2962 4623 omni
2990 4578 3215 4642 tempore
3238 4573 3364 4629 velle
3393 4591 3566 4631 omnes

2056 4639 2223 4691 saltos
2254 4640 2405 4707 ﬁeri:
2434 4649 2485 4691 at
2516 4640 2766 4709 peculiari
2807 4642 2974 4710 gratia
3000 4639 3249 4713 quosdam
3276 4653 3496 4701 tantum.

2058 4731 2184 4786 Sive
2219 4732 2377 4801 igitur
2416 4733 2708 4787 novissima
2748 4735 3176 4805 contemplemur
3211 4737 3439 4807 saecula,
3472 4752 3566 4793 seu

1990 4824 2157 4893 prima
2175 4864 2190 4890 ,
2220 4838 2316 4878 seu
2344 4825 2548 4891 media,
2581 4824 2973 4882 rationabiliter
2993 4836 3045 4882 et
3076 4828 3161 4898 pie
3186 4829 3425 4883 creditur
3452 4844 3570 4882 om-

1989 4928 2086 4969 nes
2135 4914 2384 4969 bomines
2425 4913 2603 4969 salvos
2653 4915 2771 4971 fieri
2821 4918 2988 4972 Deum
3033 4919 3202 4983 velle,
3249 4933 3567 4988 semperque

1988 5006 2227 5063 voluisse
2251 5051 2267 5076 ,
2315 5014 2372 5061 et
2419 5006 2522 5062 hoc
2557 5023 2665 5063 non
2702 5009 2920 5066 aliunde
2964 5017 3288 5064 monstratur
3313 5025 3471 5080 quam
3502 5011 3569 5065 de

2064 5166 2096 5244 ξι
2121 5169 2224 5244 bis.
2252 5168 2527 5244 Joliensis,
2552 5188 2764 5227 suorum
2793 5174 2973 5244 pietas.

2069 5235 2220 5316 iubis.
2244 5235 2533 5316 Joliensis,
2568 5251 2720 5312 atque
2746 5235 3142 5299 inuitissimus...
3168 5254 3568 5316 conquiratur...

1990 5307 2148 5361 simili
2180 5311 2517 5375 providentia.

2065 5380 2081 5450 ξ
2125 5377 2267 5433 Editi
2293 5420 2308 5445 ,
2337 5380 2411 5450 ita
2452 5381 2615 5450 ﬁeret.
2664 5382 2762 5436 Ms.
2808 5381 2917 5437 Jol.
2960 5391 3014 5438 et
3044 5382 3240 5440 Leonis
3266 5384 3432 5441 editio
3464 5399 3569 5440 non

1994 5447 2194 5517 habent
2218 5450 2312 5517 ita,
2345 5447 2461 5504 hoc
2474 5450 2613 5505 loco.

2065 5514 2102 5599 κ.
2122 5516 2270 5599 Alias
2297 5514 2447 5599 editi,
2481 5520 2717 5575 cordibus
2738 5562 2753 5586 ,
2787 5522 2989 5599 absque
3014 5526 3104 5591 in;
3127 5534 3194 5599 _et
3223 5536 3346 5597 post
3374 5528 3575 5599 aliquot

1992 5587 2175 5654 verba,
2202 5590 2271 5659 de
2301 5591 2528 5659 ipsorum
2569 5600 2697 5644 esset
2743 5587 3092 5650 mortalitatef
3126 5587 3437 5655 Lee-tionem
3463 5587 3578 5652 ἠο-

1992 5667 2158 5721 stram
2201 5658 2480 5715 batsnms
2514 5674 2583 5718 ex
2624 5676 2729 5719 ms.
2762 5663 2985 5721 Joliensi
3014 5678 3066 5723 ct
3095 5668 3331 5728 editione
3358 5670 3551 5726 Leonis
