4040 6178
266 217 391 273 113

1178 212 1261 267 DE
1303 211 1688 269 VOCATIONE
1726 211 1989 270 OMNIUM
2026 214 2337 271 GENTIUM
2390 216 2595 271 LIBER
2636 215 2699 270 ll.

3451 216 3555 273 7N

280 342 415 395 ergo
438 326 680 393 veniunt,
706 339 890 381 amore
910 325 1179 381 ducuntur
1206 344 1219 378 :
1252 326 1433 379 dilecti
1462 326 1609 379 enim
1636 335 1779 387 sunt,
1813 334 1869 379 et
1896 333 1945 387 Α
1975 342 2029 391 x,
2056 324 2168 397 18).
2204 325 2258 380 In
2288 329 2501 383 caeteris
2519 342 2649 383 vero
2670 327 3001 393 hominibus,
3025 326 3200 383 donec
3226 342 3348 381 caro
3371 343 3559 383 conca-

282 423 613 481 dilexernnt;
640 417 851 485 quaesiti
878 424 1025 483 sunt,
1055 428 1109 472 et
1135 417 1488 486 quaesierunt,
1520 425 1575 472 et
1599 416 1741 484 quod
1773 428 1872 470 eos

284 510 453 563 voluit
479 507 623 563 Deus
650 507 811 572 velle,
840 507 1150 562 voluerunt.

828 640 1056 698 CAPUT
1098 640 1339 697 XXVIII.

289 752 450 807 Posse
475 769 557 807 eos
577 756 665 822 qui
709 754 876 823 gratia
904 751 999 805 Dei
1020 752 1073 805 in
1100 751 1370 823 Christum_
1381 752 1622 823 credunt,
1643 766 1745 803 non
1767 766 1876 803 ere-

426 825 568 892 dere,
592 821 647 879 et
671 821 757 879 eos
784 824 873 895 qui
902 832 1249 893 perseverant,
1275 840 1306 876 a
1333 821 1447 877 Deo
1474 822 1729 876 recedere.

357 966 386 996 ι
414 958 516 1027 Qui
537 957 605 1013 ad
635 957 995 1013 obediendum
1026 955 1127 1011 sibi
1152 956 1328 1025 ipsum
1346 955 1481 1011 velle
1500 955 1579 1009 sic
1602 955 1787 1018 donat,
1821 962 1879 1007 ιιι

289 1051 447 1106 etiam
480 1067 508 1105 a
546 1050 971 1121 perseveraturis
1002 1049 1147 1104 illam
1192 1049 1601 1104 mutabilitatem
1634 1063 1752 1117 qua:
1783 1063 1878 1118 po-

286 1153 392 1198 test
422 1143 567 1196 nolle
595 1157 700 1196 non
729 1142 959 1195 auferat.
988 1139 1242 1208 Alioquin
1273 1154 1430 1194 nemo
1454 1152 1711 1208 umquam
1744 1136 1877 1193 fide-

284 1235 415 1288 lium
448 1234 759 1289 recessisset
784 1247 814 1286 a
849 1231 970 1297 lide,
997 1232 1268 1286 neminem
1296 1230 1732 1299 concupiscentia
1759 1229 1882 1283 vin-

286 1334 455 1389 ceret,
486 1326 752 1379 neminem
784 1323 999 1377 tristitia
1026 1321 1273 1387 elideret,
1301 1323 1572 1377 neminem
1604 1318 1879 1374 iracundia

283 1418 608 1481 debellaret,
639 1416 836 1470 nullius
866 1415 1102 1469 charitas
1130 1415 1528 1483 refrigeseeret,
1562 1413 1759 1466 nullius
1790 1424 1882 1480 pa-

285 1510 477 1564 tientia
524 1513 881 1579 frangeretur.
925 1516 981 1563 et
1018 1508 1268 1563 collatam
1300 1507 1403 1562 sibi
1446 1508 1676 1578 gratiam
1723 1520 1882 1561 nemo

291 1602 592 1673 negligeret
620 1619 632 1655 :
664 1602 757 1656 sed
789 1601 913 1670 quia
942 1602 1059 1655 haec
1084 1609 1310 1670 possunt
1332 1598 1468 1665 ﬁeri,
1500 1609 1553 1653 et
1576 1599 1629 1652 in
1654 1611 1884 1652 consen-

1975 417 2121 485 piscit
2144 418 2384 473 adversus
2429 420 2697 489 spiritum,
2730 428 2776 472 et
2805 418 3017 488 spiritus
3061 419 3305 472 adversus
3351 434 3559 473 carnem

1975 503 2118 578 (Gal.
2144 522 2199 575 v,
2233 507 2346 579 17),
2375 517 2430 562 et
2468 508 2645 563 donec
2674 508 2887 575 spiritus
2924 508 3135 579 quidem
3159 516 3428 578 promptus
3457 516 3555 574 est,

1975 614 2097 652 caro
2122 606 2296 653 autem
2315 599 2525 669 inﬁrma
2546 598 2763 668 (Matth.
2787 614 2940 666 ιινι,
2968 596 3083 670 41),
3102 598 3561 654 incommutabilis

1975 691 2141 746 animi
2163 691 2419 748 fortitudo
2442 707 2547 747 non
2570 701 2749 762 potest
2771 692 3019 762 reperiri.
3050 692 3314 760 Quoniam
3337 707 3446 747 non
3470 692 3543 746 hu

1973 781 2084 850 jus,
2107 782 2202 837 sed
2225 782 2446 838 alterius
2474 784 2597 837 vita:
2622 792 2705 838 est
2727 792 2753 831 ε
2781 797 2925 837 verte
2947 783 3093 853 pacis
3139 782 3375 852 perfecta
3397 791 3453 839 et
3476 796 3564 838 se-

1978 887 2110 928 cura
2140 874 2368 929 felicitas
2401 892 2415 929 :
2453 875 2507 930 in
2557 876 2840 943 praesentis
2879 883 3059 929 autem
3100 875 3287 945 agonis
3332 873 3561 938 incerto,

1977 961 2069 1017 ubi
2096 971 2205 1018 tota
2226 965 2333 1018 vita
2358 966 2584 1021 tentatio
2600 972 2685 1019 est
2701 962 2814 1035 (Job
2827 979 2923 1029 vn,
2942 964 3017 1036 1),
3035 974 3089 1020 et
3107 961 3137 1001 δ
3166 963 3236 1019 ab
3256 964 3530 1019 insidianti
3544 980 3563 1018 ς

1979 1054 2230 1123 superbia
2262 1069 2361 1111 nec
2382 1055 2498 1124 ipsa
2526 1066 2609 1111 est
2631 1064 2741 1110 tuta
2772 1054 3033 1119 ‘victoria,
3062 1054 3437 1110 mutabilitatis
3473 1070 3567 1125 pe-

1981 1144 2152 1199 riculo
2174 1159 2279 1199 non
2305 1152 2540 1200 caretur.
2574 1144 2644 1199 Et
2671 1145 2796 1200 licet
2835 1146 3132 1201 innumeris
3163 1144 3180 1183 ί
3215 1146 3415 1201 sanctis
3454 1146 3567 1200 suis

1982 1233 2149 1289 donet
2179 1234 2431 1290 virtutem
2475 1235 2865 1304 perseverandi
2901 1250 3071 1307 usque
3098 1237 3151 1291 in
3184 1237 3344 1291 finem
3387 1237 3569 1291 divina

1985 1323 2271 1389 protectio,
2302 1338 2332 1377 a
2363 1324 2526 1379 nullis
2559 1332 2740 1379 tamen
2770 1324 2787 1375 t'
2833 1323 3011 1380 aufert
3052 1325 3197 1395 quod
3248 1327 3380 1394 ipsis
3409 1340 3570 1395 repu-

1984 1422 2113 1486 gnat
2134 1430 2200 1471 ex
2229 1415 2361 1486 ipsis
2386 1434 2398 1469 :
2422 1428 2477 1471 ut
2502 1417 2557 1471 in
2587 1417 2839 1471 omnibus
2866 1416 3058 1471 studiis
3086 1432 3275 1471 eorum
3298 1430 3458 1486 atque
3479 1433 3572 1472 co-

1988 1506 2201 1561 natibus
2227 1520 2442 1577 semper
2461 1507 2601 1563 inter
2630 1521 2690 1563 se
2725 1506 2867 1562 velle
2896 1517 2950 1561 et
2982 1505 3128 1561 nolle
3148 1504 3175 1544 ¹ι
3199 1508 3498 1563 decertent.

2058 1595 2231 1662 Quam
2285 1598 2759 1668 compugnantiam
2803 1597 2947 1653 idem
2991 1598 3336 1654 beatissimus
3380 1597 3573 1652 Petrus

285 1709 409 1747 sum
445 1692 627 1749 talium
664 1690 1015 1747 tentationum
1052 1688 1229 1744 facilis
1260 1689 1487 1742 nimium
1522 1687 1884 1757 proclivisque
1915 1698 1960 1757 Β
1988 1687 2149 1742 etiam
2176 1688 2228 1742 in
2250 1688 2367 1758 ipsa
2389 1689 2689 1757 palmarum
2715 1688 2955 1744 omnium
2976 1691 3575 1757 consummationeper—

286 1784 576 1839 descensio
606 1793 709 1852 est,
759 1796 1052 1852 numquam
1085 1782 1247 1837 debet
1285 1782 1338 1835 in
1384 1780 1607 1834 auribus
1648 1777 1883 1832 fidelium

286 1890 398 1930 vox
439 1876 527 1930 illa
571 1874 784 1930 Domini
815 1890 922 1928 non
966 1887 1184 1939 sonare,
1218 1886 1321 1942 qua
1375 1870 1642 1940 apostolis
1672 1869 1885 1934 dicitur,

294 1966 525 2039 Vigilate
545 1976 591 2022 et
612 1978 774 2035 orate,
790 1982 852 2021 ne
871 1966 1070 2020 intretis
1090 1965 1142 2019 in
1164 1965 1491 2041 tentationem
1506 1960 1718 2034 (Matth.
1732 1976 1887 2027 xxvr,

288 2059 413 2133 4i).
443 2060 541 2117 Ubi
564 2059 609 2113 si
630 2059 699 2113 de
722 2057 989 2126 vigilando
1015 2066 1245 2121 tantum,
1270 2069 1376 2109 non
1402 2054 1562 2109 etiam
1588 2053 1657 2108 de
1685 2052 1890 2108 orando

289 2152 593 2221 discipulos
630 2152 977 2216 admoneret,
1018 2148 1163 2203 solas
1192 2146 1348 2201 liberi
1379 2145 1587 2201 arbitrii
1631 2143 1777 2199 vires
1807 2144 1889 2198 vi-

290 2245 517 2300 deretur
547 2244 813 2299 hortatus.
843 2241 950 2297 Sed
974 2256 1095 2295 cum
1120 2239 1351 2305 addidit,
1373 2248 1421 2293 et
1450 2247 1615 2302 orate,
1640 2236 1771 2292 satis
1796 2236 1894 2291 do-

292 2339 410 2394 cuit
435 2335 650 2408 superni
674 2337 909 2390 fnturum
940 2335 1180 2388 muneris
1209 2339 1271 2387 ut
1295 2345 1390 2389 eos
1417 2331 1579 2386 etiam
1609 2328 1894 2398 vigilantes

295 2428 612 2484 tentationis
657 2425 895 2495 procella
937 2439 1044 2478 non
1088 2423 1352 2477 vinceret.
1391 2419 1524 2476 Tale
1552 2428 1636 2475 est
1668 2427 1723 2475 et
1760 2418 1893 2475 illud

294 2520 448 2589 quod
481 2518 576 2582 ait,
611 2518 816 2585 Simon,
846 2516 1053 2581 Simon,
1097 2530 1212 2569 ecce
1255 2514 1484 2570 Satanas
1528 2512 1804 2583 postulavit
1838 2521 1895 2566 ut

293 2632 390 2667 eos
417 2612 446 2651 δ
471 2620 693 2667 cerneret
720 2611 855 2664 velut
883 2609 1129 2662 triticum.
1168 2605 1277 2677 Ego
1302 2614 1470 2659 autem
1497 2605 1672 2674 rogavi
1700 2619 1794 2675 pro
1822 2612 1893 2668 te,

299 2721 369 2757 ne
396 2704 598 2773 deﬁciat
628 2703 755 2771 ﬁjes
786 2713 908 2767 tua;
932 2710 981 2754 et
1007 2709 1061 2753 tu
1087 2699 1294 2753 tandem
1322 2713 1615 2762 conversus,
1647 2695 1895 2765 confirma

297 2801 488 2867 fratres
519 2805 654 2859 tuos,
684 2805 730 2848 et
757 2801 934 2863 rogate
961 2807 1022 2847 ne
1057 2791 1255 2845 intretis
1284 2791 1338 2844 in
1371 2790 1700 2844 tentationem
1736 2787 1891 2857 (Luc.

294 2898 437 2950 χχιι,
459 2885 573 2956 3t).
610 2883 667 2940 Si
699 2898 827 2953 ergo
857 2883 1138 2937 defectura
1165 2889 1281 2936 erat
1308 2879 1444 2935 fides
1475 2880 1609 2934 tanti
1646 2878 1893 2948 apostoli,

301 2987 330 3017 ο
368 2974 473 3031 nisi
503 2992 601 3046 pro
627 2990 693 3030 eo
721 2974 971 3029 Christus
1000 2981 1219 3036 oraret,
1255 2972 1430 3026 inerat
1457 2971 1508 3026 ei
1539 2967 1896 3039 proculdubio

1992 1795 2184 1851 pessus
2208 1792 2312 1836 est.
2345 1781 2402 1837 Si
2431 1782 2648 1851 quidem
2684 1782 2788 1837 hoc
2822 1779 2839 1818 ¹
2885 1782 2985 1851 ipsi
3018 1782 3278 1837 Dominus
3308 1792 3577 1851 pr0teste-

1992 1884 2075 1926 tur
2101 1872 2343 1937 etdicat,
2367 1873 2550 1941 Amen,
2575 1888 2750 1940 amen,
2782 1872 2898 1926 dico
2935 1872 3070 1926 tibi:
3117 1872 3326 1942 quando
3369 1873 3576 1943 juvenis

1991 1981 2128 2027 eras,
2159 1964 2506 2036 prwcingebas
2533 1971 2602 2030 te,
2642 1973 2690 2017 et
2738 1961 3039 2017 ambulabas
3077 1961 3164 2015 ubi
3192 1961 3394 2018 volebas
3417 1979 3435 2027 ,'
3459 1977 3579 2015 cum

1991 2067 2162 2112 autem
2187 2056 2430 2122 senueris,
2459 2055 2699 2109 extendes
2728 2071 2911 2109 manus
2942 2062 3089 2121 tuas,
3120 2064 3170 2109 et
3199 2054 3334 2108 alius
3363 2063 3412 2108 te
3439 2069 3578 2124 prte-

1992 2153 2183 2223 cinget,
2215 2158 2263 2205 et
2289 2148 2442 2203 ducet
2469 2163 2569 2218 quo
2599 2155 2655 2200 tu
2682 2162 2784 2200 non
2810 2148 2906 2200 vis.
2936 2144 3054 2200 Hoc
3074 2154 3245 2200 autem
3269 2155 3309 2182 ω
3331 2145 3485 2211 dixit,
3510 2144 3581 2199 si-

1994 2245 2246 2317 gniﬁcans
2267 2258 2368 2314 qua
2389 2248 2553 2295 morte
2594 2238 2981 2310 glori/ismarus
3022 2248 3152 2293 esset
3182 2236 3351 2292 Deum
3395 2236 3579 2306 (Joan.

1996 2352 2106 2402 xxi,
2136 2336 2205 2391 18
2233 2342 2279 2389 et
2324 2333 2437 2403 i9).
2468 2332 2600 2401 Quis
2624 2344 2753 2401 ergo
2773 2329 3029 2399 ambigat,
3062 2329 3183 2400 quis
3206 2329 3417 2399 ignoret
3443 2328 3581 2383 hanc

1994 2429 2341 2486 fortissimam
2395 2435 2636 2497 petram,
2690 2439 2814 2497 quas
2858 2425 2926 2480 ab
2964 2424 3060 2479 illa
3108 2423 3389 2495 principali
3429 2434 3581 2493 petra

1994 2523 2432 2576 communionem
2457 2526 2513 2572 et
2562 2516 2777 2573 virtutis
2813 2518 3047 2587 sumpsit
3095 2526 3149 2571 et
3198 2514 3450 2579 nominis,
3481 2512 3584 2569 hoc

1995 2611 2323 2667 desiderium
2368 2621 2586 2679 semper
2624 2608 2912 2669 habuisse,
2965 2615 3026 2661 ut
3067 2606 3117 2661 ei
3175 2604 3438 2659 moriendi
3486 2618 3585 2673 pro

1996 2702 2215 2759 Christo
2227 2700 2529 2757 constantia
2545 2699 2838 2755 donaretur
2853 2697 3069 2771 (Matth.
3086 2696 3584 2766 xVI,18)?Verutn-

1999 2805 2180 2852 tamen
2231 2794 2302 2850 ita
2352 2793 2678 2849 inevitabilis
2718 2801 2834 2848 erat
2863 2791 3159 2847 obluctatio
3191 2787 3586 2859 trepidationis,

1998 2897 2026 2925 ιι
2040 2888 2191 2943 utvir
2201 2886 2445 2956 martyrii
2459 2883 2826 2948 avidissimus,
2839 2883 3132 2952 adepturus
3152 2880 3365 2950 quidem
3381 2878 3590 2934 denun-

2000 2979 2228 3033 tiaretur
2250 2977 2533 3032 victoriam
2559 2974 2849 3045 passionis,
2877 2973 2971 3028 sed
3019 2987 3128 3028 non
3154 2973 3272 3028 sine
3294 2970 3591 3027 tentatione

298 3068 655 3132 mutabilitas,
700 3082 820 3136 qure
864 3073 1047 3135 posset
1084 3065 1137 3118 in
1180 3060 1532 3118 tentationed
1563 3070 1791 3128 nutare;
1840 3073 1889 3117 et

2002 3070 2330 3126 formidinis.
2357 3069 2547 3125 Merito
2573 3070 2734 3140 igitur
2761 3082 2866 3122 non
2885 3066 3058 3122 solum
3086 3065 3155 3121 ab
3183 3063 3589 3134 incipientibus,

301 3176 419 3216 non
447 3160 520 3214 ita
546 3158 656 3229 jam
679 3157 1092 3227 perseverantia:
1112 3155 1289 3211 fuerat
1306 3155 1504 3210 virtute
1525 3155 1807 3221 solidatas,
1840 3164 1898 3209 ut

306 3252 476 3308 nullis
501 3250 751 3321 periculis
772 3260 917 3304 esset
942 3248 1227 3304 obnoxius.
1251 3246 1310 3303 Si
1337 3246 1551 3317 quidem
1584 3257 1691 3301 tam
1719 3247 1898 3316 gravis

303 3356 432 3396 eum
462 3338 797 3409 perturbatio
824 3337 987 3393 etiam
1031 3347 1154 3406 post
1189 3337 1291 3390 ista
1339 3337 1695 3405 concusserit,
1746 3347 1805 3391 ut
1844 3336 1897 3391 in

304 3431 531 3502 Caipha:
560 3431 722 3495 domo
760 3430 916 3483 unius
957 3428 1170 3484 ancilla:
1211 3429 1633 3499 interrogatione
1670 3427 1902 3498 pavefa-

308 3536 457 3589 ctus,
478 3538 647 3593 usque
672 3523 739 3577 ad
761 3523 958 3577 trinam
990 3522 1331 3593 negationem
1352 3532 1375 3559 ο
1393 3523 1617 3589 Christi,
1641 3523 1727 3577 cui
1754 3537 1905 3578 com-

308 3617 634 3672 moriturum
661 3630 720 3672 se
740 3615 1128 3698 3p0ponderat,
1154 3616 1452 3671 constantia
1474 3616 1699 3672 deficien
1714 3626 1765 3672 te
1786 3630 1906 3686 per-

311 3711 512 3765 ductus
540 3710 631 3763 sit.
665 3708 769 3776 Qui
809 3723 939 3777 ergo
969 3718 1098 3763 tunc
1134 3710 1511 3763 conturbatum
1548 3725 1642 3764 cor
1676 3709 1903 3779 apostoli

312 3817 424 3858 non
445 3802 711 3871 humanis,
733 3801 827 3855 sed
848 3802 1044 3855 divinis
1065 3803 1317 3856 convenit
1338 3802 1530 3868 oculis,
1556 3812 1611 3857 et
1631 3802 1699 3857 ad
1722 3803 1904 3871 largos

313 3891 669 3963 paenitudinis
715 3890 876 3946 ﬂetus
925 3893 1127 3961 potenti
1165 3892 1406 3947 incitavit
1435 3903 1690 3961 aspectu,
1735 3895 1910 3963 potuit

313 3986 457 4039 hanc
488 3983 794 4038 ﬁrmitatem
819 3985 981 4037 animi
1027 3984 1294 4053 prmcipuo
1334 3985 1581 4039 conferre
1613 3984 1904 4054 discipulo,

313 4087 378 4131 ut
416 4077 556 4131 sicut
596 4078 769 4147 ipsum
813 4078 1096 4130 Dominum
1141 4076 1273 4132 nihil
1316 4076 1384 4131 ab
1425 4076 1705 4145 explendae
1743 4078 1911 4149 916

316 4166 591 4236 passionis
632 4166 905 4235 proposito
938 4166 1284 4231 deterrebat,
1329 4170 1398 4222 ita
1430 4182 1528 4221 nec
1558 4169 1773 4222 beatum
1812 4170 1912 4224 Pe-

320 4267 466 4311 trum
496 4258 604 4311 ulla
633 4267 759 4312 tunc
787 4257 1015 4313 formido
1041 4268 1343 4328 superaret.
1368 4260 1473 4315 Sed
1499 4263 1615 4314 haec
1643 4261 1911 4318 stabilitas

319 4350 469 4404 illius
490 4348 856 4402 tantummodo
904 4351 1115 4419 propria
1159 4348 1278 4413 fuit,
1320 4350 1407 4417 qui
1452 4350 1599 4404 solus
1645 4365 1774 4405 vere
1819 4368 1913 4421 po-

2004 3178 2189 3219 vernm
2218 3164 2382 3218 etiam
2408 3176 2439 3216 a
2463 3170 2488 3198 ο
2514 3161 2782 3232 provectis
2808 3159 3009 3214 sanctis
3026 3155 3365 3212 uniformiter
3405 3152 3592 3211 Domi-

2003 3272 2076 3313 no
2101 3255 2453 3327 supplicatur,
2485 3263 2540 3309 et
2560 3253 2777 3317 dicitur,
2805 3251 2888 3306 Ne
2922 3267 3013 3315 nos
3036 3261 3065 3301 Ρ
3088 3249 3304 3305 inducas
3344 3248 3397 3303 in
3427 3256 3594 3302 tenta—

2004 3350 2215 3414 tionem,
2239 3346 2328 3402 sed
2352 3347 2513 3402 libera
2541 3362 2635 3400 nos
2666 3364 2695 3399 a
2717 3344 2854 3399 malo
2880 3342 3101 3414 (Matth.
3125 3358 3201 3409 vt,
3228 3342 3339 3409 15).
3367 3342 3595 3399 Univer-

2004 3441 2081 3498 sis
2108 3440 2253 3495 enim
2283 3439 2373 3508 qui
2397 3440 2449 3492 in
2475 3438 2581 3493 fide
2606 3445 2660 3491 et
2685 3435 2977 3491 dilectione
3006 3442 3346 3501 permanent,
3377 3433 3450 3487 ab
3479 3434 3596 3503 ipso

2007 3531 2241 3587 donatur
2264 3544 2334 3585 ne
2353 3528 2406 3584 in
2431 3528 2728 3584 tentatione
2753 3533 3101 3596 superentur,
3130 3524 3298 3595 utqui
3318 3523 3594 3595 gloriatur,

2007 3624 2063 3677 in
2090 3621 2313 3678 Domino
2334 3620 2581 3693 glorietur
2612 3619 2657 3691 (l
2687 3619 2806 3673 Cor.
2842 3634 2883 3682 ι,
2935 3617 3051 3688 51).
3106 3617 3390 3686 lpsamque
3420 3627 3449 3667 (ι
3476 3617 3599 3686 glo-

2011 3715 2145 3770 riam
2175 3713 2364 3769 iisdem
2389 3713 2584 3782 quibus
2609 3726 2727 3765 eam
2756 3710 3017 3779 impertit,
3047 3708 3266 3763 ascribit
3295 3723 3310 3771 ;
3338 3715 3395 3761 ut
3416 3723 3600 3773 quam-

2014 3805 2092 3859 vis
2118 3803 2319 3859 auxilio
2350 3803 2442 3858 Dei
2470 3802 2738 3865 steterint,
2768 3807 2970 3865 tamen,
3004 3798 3130 3867 quia
3156 3798 3207 3851 in
3243 3811 3303 3852 se
3331 3796 3602 3853 habebant

2014 3894 2157 3949 unde
2184 3892 2461 3958 caderent,
2496 3892 2737 3961 ipsorum
2763 3891 2837 3945 sit
2865 3888 3119 3944 meritum
3140 3886 3284 3958 quod
3306 3895 3598 3943 steterunt.

2015 3985 2177 4055 Igitur
2192 3985 2333 4039 sicut
2358 3984 2451 4054 qui
2480 3982 2850 4049 crediderunt,
2899 3981 3155 4051 iuvantur
3184 3989 3240 4036 ut
3271 3981 3327 4035 in
3348 3979 3453 4035 fide
3482 3996 3601 4034 ma-

2013 4085 2216 4141 neant;
2248 4075 2329 4130 sic
2349 4083 2404 4130 et
2423 4076 2514 4144 qui
2538 4073 2774 4129 nondum
2804 4072 3186 4137 crediderunt,
3228 4071 3487 4141 juvantnr
3539 4081 3599 4125 ut

2016 4168 2257 4224 credant.
2290 4167 2356 4221 Et
2374 4167 2536 4238 917
2558 4164 3012 4236 quemadmodum
3046 4164 3119 4219 illi
3168 4164 3220 4219 in
3276 4179 3370 4218 sua
3402 4163 3603 4220 habent

2017 4267 2283 4330 potestate
2304 4265 2361 4312 ut
2387 4269 2601 4323 exeant,
2631 4259 2701 4311 ita
2720 4265 2776 4312 et
2801 4257 2885 4311 isti
2909 4257 2961 4311 in
2991 4272 3083 4311 sua
3112 4256 3311 4311 habent
3336 4266 3602 4327 potestate

2017 4366 2086 4405 ne
2112 4348 2345 4404 veniant.
2379 4348 2572 4417 Fitque
2616 4349 2957 4403 manifestum
2987 4348 3127 4415 quod
3174 4348 3399 4401 diversis
3439 4359 3600 4415 atque

323 4449 608 4509 tenterque
627 4439 861 4505 dicebat,
894 4438 1205 4494 Potestatem
1250 4438 1408 4493 habeo
1456 4453 1645 4508 ponere
1684 4442 1912 4495 animam
1942 4444 1992 4503 Ι)
2016 4441 2314 4498 innumeris
2334 4440 2510 4496 modis
2539 4457 2712 4495 omnes
2735 4440 2965 4494 homines
2982 4438 3085 4492 vult
3106 4437 3425 4493 Deussalvos
3457 4438 3592 4507 ﬁeri,

322 4547 511 4595 meam,
542 4538 590 4585 et
618 4540 914 4602 potestatem
942 4529 1100 4586 habeo
1120 4533 1303 4585 iterum
1329 4528 1347 4569 ί
1372 4547 1571 4586 sumere
1593 4546 1707 4585 eam
1726 4531 1905 4605 (Joan.

402 4675 429 4704 ι
459 4665 554 4720 Ms.
582 4664 933 4731 Camberon.,
961 4666 1114 4733 Quia.

400 4736 429 4775 δ
459 4738 555 4791 Ms.
604 4737 893 4802 Joliensis,
932 4738 1270 4808 expostulavit
1308 4746 1360 4790 ut
1399 4753 1484 4793 vos
1504 4738 1769 4795 cribraret.
1802 4740 1899 4795 Ms.

325 4807 548 4871 Camb.,
577 4809 850 4877 postulavit
871 4817 929 4861 ut
963 4807 1050 4861 vas
1088 4810 1351 4862 cribraret.
1394 4809 1471 4863 De
1502 4825 1631 4864 voce
1655 4822 1904 4876 cerneret,

327 4879 860 4951 qnatnhahentediti
892 4880 1059 4951 n0stri
1091 4889 1146 4933 et
1172 4880 1385 4951 Leonis,
1419 4882 1537 4933 vide
1567 4895 1731 4951 supra
1780 4896 1900 4951 pag.

327 4951 460 5013 885,
493 4948 544 5001 in
572 4958 694 5029 nota
717 4950 781 5028 Ci
810 4949 955 5004 Idem
995 4948 1184 5005 Camb.
1218 4959 1273 5004 et
1299 4947 1491 5003 Leonis
1516 4950 1682 5005 editio
1703 4947 1904 5021 rogate,

326 5032 433 5089 pro
452 5034 598 5087 raga,
624 5034 674 5071 tit
698 5034 835 5071 ants.

406 5098 430 5156 ς
468 5089 593 5141 Mss.
622 5088 945 5143 Camberon.
968 5099 1022 5145 et
1048 5088 1184 5156 101.,
1209 5090 1307 5144 nisi
1329 5104 1421 5156 pro
1472 5106 1553 5143 ea.

403 5154 431 5195 ει
455 5158 601 5212 Alias
623 5161 674 5212 in
698 5156 900 5226 Leone,
932 5168 987 5214 et
1013 5162 1068 5214 in
1090 5154 1281 5215 Colon.
1318 5154 1455 5214 edit.
1490 5160 1769 5230 Prosperi,
1798 5176 1912 5214 mu-

330 5238 462 5282 tare.

371 5370 382 5381 -
408 5309 432 5336 ο
583 5296 715 5361 Jol.,
736 5299 849 5369 ejus
861 5299 968 5381 cui.
994 5299 1196 5356 Deinde
1222 5301 1380 5368 alias,
1421 5302 1746 5355 moriturum.
1778 5300 1913 5357 Leo-

329 5370 418 5425 nis
444 5370 599 5431 edit.,
626 5371 1061 5424 commoriturum.

404 5438 425 5478 ί
461 5439 562 5493 Ms.
590 5438 864 5503 Joliensis,
888 5441 1124 5495 sumendi
1144 5458 1282 5496 eam.

403 5518 432 5559 s
454 5509 549 5580 Sic
569 5522 697 5561 mss.
721 5509 1044 5566 Camberon.
1071 5525 1125 5567 et
1150 5515 1278 5580 Jol.,
1304 5524 1359 5571 et
1378 5513 1572 5569 Leonis
1596 5511 1780 5568 editio.
1805 5512 1909 5569 No-

328 5580 429 5654 stri
457 5579 670 5654 codices
693 5581 898 5654 excusi,
925 5598 1038 5654 vere
1074 5587 1318 5654 perfecta.

401 5648 431 5689 ¹ι
460 5650 597 5707 Editi
638 5648 1001 5718 Prasperiani,
1050 5648 1111 5708 ab
1156 5648 1421 5711 insidianti
1465 5656 1719 5728 superbia.
1778 5656 1905 5712 Mss.

676 5752 948 5810 Pas-non.
997 5749 1095 5810 ω.

2017 4547 2064 4591 et
2102 4538 2157 4591 in
2192 4537 2505 4607 agnitionem
2540 4536 2759 4590 veritatis
2794 4535 2960 4588 venire
3006 4531 3057 4603 (ι
3106 4531 3237 4586 Tim.
3275 4547 3334 4602 tt,
3369 4533 3421 4604 6)
3450 4549 3465 4597 ;
3499 4534 3594 4588 sed

2007 4671 2197 4727 Camb.
2227 4680 2281 4727 et
2304 4671 2411 4730 Jol.
2439 4680 2493 4727 et
2519 4671 2629 4726 Leo
2664 4678 2724 4725 ut
2751 4685 2934 4737 supra.

2088 4742 2105 4781 ί
2135 4743 2232 4798 Ms.
2258 4742 2363 4806 Jol.
2385 4753 2536 4801 caret
2558 4756 2709 4806 voce,
2741 4742 2956 4795 sanctis.

2089 4816 2099 4863 Ι
2141 4814 2269 4869 MSS.
2289 4805 2479 4867 Camb.
2505 4822 2560 4866 et
2587 4805 2719 4873 ΙυΙ..
2750 4810 3007 4880 aufertur.

2086 4886 2110 4921 κ
2140 4885 2281 4938 Editi
2325 4882 2592 4953 Prosperi,
2627 4878 2867 4935 decertet.
2914 4881 3041 4936 Mss.
3084 4878 3273 4935 Camb.
3307 4891 3359 4935 et
3389 4881 3493 4935 Jol.
3536 4899 3595 4940 ac

2012 4954 2141 5013 Leo,
2167 4954 2449 5011 decertent.

2092 5022 2108 5061 ι
2135 5024 2282 5077 Alias
2305 5023 2508 5082 excusi,
2529 5023 2638 5091 ipse
2663 5022 2929 5077 Dominus.
2957 5022 3088 5078 Mss.
3109 5022 3296 5077 Camb.
3319 5029 3374 5077 et
3400 5023 3513 5078 Jol.
3544 5036 3600 5078 et

2019 5095 2148 5150 edit.
2177 5094 2394 5162 Leonis,
2428 5094 2528 5164 ipsi
2553 5092 2829 5147 Dominus.

2089 5174 2128 5201 ω
2157 5164 2252 5218 Ms.
2280 5164 2557 5228 loliensis,
2590 5164 2814 5218 dicebat.

2088 5242 2115 5270 η
2140 5236 2237 5288 Ms.
2271 5234 2544 5297 Joliensis,
2574 5246 2629 5287 ut
2654 5235 2761 5287 viro
2793 5234 3026 5304 martyrii
3050 5233 3343 5306 avidissimo
3382 5234 3599 5306 adeptu-

2017 5321 2075 5360 ro
2102 5307 2302 5373 quidem
2331 5306 2715 5358 denuntiaretur
2754 5307 2964 5358 victoria
2994 5305 3268 5367 passionis.

2052 5446 2062 5457 .
2092 5375 2216 5457 °.lta
2239 5389 2366 5429 mss.
2392 5375 2578 5430 Camb.
2606 5386 2660 5430 et
2687 5375 2793 5430 Jol.
2836 5389 2953 5428 cum
2983 5374 3115 5429 Leo.
3155 5375 3282 5439 Alii,
3317 5376 3597 5441 provectis-

2023 5588 2031 5597 .
2072 5526 2115 5656 rp
2145 5516 2273 5571 Mss.
2292 5513 2478 5569 Camb.
2513 5523 2567 5571 et
2590 5514 2696 5571 Jol.
2725 5522 2776 5567 et
2809 5513 3039 5584 antiquae
3070 5513 3264 5570 Leonis
3306 5516 3592 5581 edztiones,

2023 5604 2065 5640 tn
2096 5603 2225 5640 eras.

2016 5603 2225 5640 ""6708.

2089 5668 2116 5708 (ι
2146 5656 2325 5713 Editio
2346 5655 2539 5713 Leonis
2568 5656 2828 5728 Operam,
2853 5658 3139 5712 victoriam.

3080 5747 3157 5809 23
