4040 6178
486 229 592 283 715

1118 227 1173 283 S.
1219 226 1558 284 i’ROSi‘ERl
1598 224 1926 294 AQUITANI
1965 223 2193 280 OPEBA
2232 221 2560 278 lNCERTzE
2603 223 3129 282 AUCTORITATIS.

3660 228 3769 281 718

489 341 579 405 qui
637 337 879 403 veniunt,
933 337 1025 392 Dei
1082 338 1286 392 auxilio
1328 338 1670 410 diriguntur;
1731 339 1820 408 qui
1853 353 1957 392 non
1988 352 2079 392 ve-
2106 339 2158 400 Α
2185 353 2308 392 nem
2336 337 2428 407 qui
2469 338 2651 394 salvus
2687 337 2782 405 lit,
2825 340 3023 409 quique
3065 340 3118 394 in
3159 340 3486 412 agnitionem
3529 341 3770 397 veritatis

491 430 664 496 uiunt,
695 444 789 484 sua
818 430 1109 499 pertinacia
1137 430 1494 485 reluctantur.

1052 539 1283 595 CAPUT
1326 540 1518 596 XXIX.

494 631 774 684 Promissio
800 630 1180 704 benedictionis
1217 633 1444 684 omnium
1477 632 1708 704 gentium
1750 645 1822 688 ita
1861 634 2084 704 comple-

560 711 644 754 tur
671 702 928 768 quotidie,
968 713 1023 754 ut
1050 718 1142 755 nec
1169 702 1498 772 pereuntibus
1527 704 1591 755 sit
1625 706 1884 757 excusatio
1902 702 2078 772 justo,

560 788 651 826 nec
670 773 877 825 solvatis
907 772 970 825 de
991 788 1086 825 sua
1105 773 1312 843 justitia
1330 773 1594 843 gloriatio.

560 890 819 958 Quamvis
862 899 889 928 ι
937 891 1080 945 enim
1131 890 1284 945 multi
1333 901 1579 948 amantes
1627 893 1878 948 tenebras
1924 907 2078 962 suas,

489 981 835 1050 splendorem
864 995 971 1036 non
999 982 1263 1050 recipiant
1289 984 1552 1050 veritatis,
1585 995 1638 1038 et
1669 985 1822 1038 multi
1847 985 1936 1053 qui
1963 985 2083 1039 illu-

494 1072 681 1126 minati
709 1073 940 1139 fuerant,
971 1072 1373 1141 tenebrescant,
1405 1074 1615 1128 verbum
1637 1083 1814 1130 tamen
1847 1077 1943 1130 Dei
1973 1092 2084 1129 ma-

493 1174 578 1218 net
608 1166 660 1218 in
683 1173 934 1220 (sternam
961 1164 1097 1233 (lsa.
1123 1180 1211 1229 XL,
1241 1165 1318 1234 8),
1343 1173 1398 1220 et
1423 1166 1490 1221 de
1528 1167 1903 1231 promissionis
1942 1168 2084 1222 veri-

492 1267 601 1312 tate
628 1258 765 1311 nihil
795 1258 1017 1312 excidit.
1042 1257 1213 1311 lntrat
1237 1258 1474 1327 quotidie
1498 1260 1742 1326 przescita
1769 1271 1822 1313 et
1852 1259 2082 1329 promis-

492 1364 549 1402 sa
583 1350 821 1418 gentium
863 1348 1177 1418 plenitudo,
1211 1359 1264 1403 et
1307 1350 1359 1403 in
1403 1348 1635 1404 Abrahae
1675 1351 1880 1404 semine
1906 1349 2082 1403 omnis

493 1457 656 1509 gens,
687 1443 862 1495 omnis
901 1442 1094 1508 tribus,
1121 1442 1299 1495 omnis
1331 1441 1510 1510 lingua
1539 1441 1894 1497 benedicitur.
1927 1443 2080 1509 Quod

493 1533 636 1586 enim
679 1531 842 1586 Pater
885 1533 1022 1585 Filio
1062 1531 1233 1596 dedit,
1278 1532 1446 1586 Filius
1477 1548 1582 1588 non
1630 1534 1859 1595 amittit,
1909 1549 2081 1604 neque

493 1623 776 1691 quisquam
803 1631 980 1690 potest
1005 1621 1073 1676 de
1103 1638 1265 1676 manu
1295 1623 1412 1691 ejus
1437 1622 1464 1660 δ
1493 1637 1684 1692 rapere
1709 1624 1850 1692 quod
1875 1625 2079 1696 accepit

2182 432 2354 496 venit,
2385 431 2478 487 Dei
2524 431 2721 486 auxilio
2751 432 2923 501 juvari
2954 443 3007 487 et
3049 434 3190 501 regi,
3224 446 3389 503 utque
3427 434 3480 489 in
3515 433 3622 490 ﬂde
3649 449 3770 504 qua:

2182 539 2273 593 per
2301 524 2626 578 dilectionem
2656 534 2897 594 aperatur
2925 523 3074 595 (Gal.
3103 540 3161 587 v.
3194 522 3271 592 6),
3305 535 3636 596 permaneat,
3668 541 3768 580 cu-

2183 612 2398 668 smdiri.
2433 614 2617 668 Tertia
2647 629 2777 669 vero
2815 625 3179 684 temperanter
3204 627 3257 672 et
3281 617 3461 671 sobrie
3500 627 3768 685 prote~ta-

2184 713 2291 772 tur,
2338 719 2444 760 non
2474 721 2688 760 omnem
2721 707 3017 762 voluntatis
3055 707 3148 763 Dei
3188 707 3577 777 comprehendi
3609 723 3769 776 pOsse

2182 797 2472 864 rationem,
2499 798 2763 852 etmultas
2781 797 3083 853 divinorum
3111 814 3332 867 operum
3356 814 3548 854 causas
3574 800 3644 852 ab
3665 799 3767 854 hn-

2184 901 2342 941 mana
2395 887 2753 959 intelligentia
2781 903 2902 943 esse
2931 889 3220 943 subductas
3252 907 3267 942 :
3301 899 3358 944 ut
3393 906 3511 944 cum
3543 890 3598 944 in
3633 901 3768 947 tem-

2185 979 2439 1049 poribus,
2480 981 2532 1034 in
2565 980 2906 1044 nationibus,
2941 982 2992 1036 in
3035 981 3286 1047 familiis,
3321 983 3371 1038 iit
3402 987 3645 1054 parvulis
3669 1025 3684 1049 ,
3715 987 3766 1039 in

2185 1072 2421 1127 nuntium
2454 1075 2593 1129 natis
2623 1071 2643 1111 ί
2672 1082 2726 1128 et
2756 1073 2983 1142 geminis
3009 1073 3258 1144 quaedam
3285 1084 3376 1129 aut
3401 1077 3548 1132 varie
3568 1086 3660 1132 aut
3683 1077 3767 1132 in-

2184 1165 2408 1234 signiter
2436 1175 2586 1234 gesta
2615 1175 2933 1229 noscuntur,
2975 1182 3080 1220 non
3109 1166 3442 1236 ainbigamus
3473 1184 3534 1222 ea
3568 1185 3635 1224 ex
3667 1171 3768 1224 illis

2184 1270 2305 1310 esse
2342 1271 2461 1324 quae
2497 1255 2677 1325 justus
2723 1265 2778 1311 et
2813 1257 3124 1312 misericors
3166 1256 3312 1313 Deus
3353 1258 3405 1312 in
3447 1258 3549 1314 hoc
3596 1270 3770 1315 trans-

2184 1347 2330 1401 ituro
2359 1347 2563 1401 smculo
2593 1347 2768 1401 noluit
2787 1347 2937 1401 sciri.
2965 1347 3116 1413 Quod
3145 1349 3360 1418 quidem
3397 1350 3463 1404 ad
3485 1351 3768 1406 utilitatem

2186 1449 2426 1494 nostram
2465 1440 2788 1508 dispositum
2831 1441 3170 1497 sentiendum
3226 1453 3347 1498 est:
3379 1453 3434 1498 ut
3477 1446 3766 1513 quoniam,

2185 1538 2210 1576 8
2231 1546 2322 1598 spe
2349 1531 2478 1583 salvi
2504 1532 2627 1601 facti
2646 1547 2820 1585 sumus
2843 1531 3019 1601 (Rom.
3046 1548 3162 1598 vni,
3185 1533 3304 1604 ξι),
3337 1533 3423 1589 cui
3447 1541 3772 1606 praeparavit

2185 1622 2327 1676 Deus
2351 1625 2487 1690 quod
2519 1628 2697 1677 oculus
2728 1640 2829 1677 non
2852 1625 3009 1689 vidit,
3045 1642 3136 1680 nec
3165 1628 3308 1680 auris
3346 1627 3564 1693 audivit,
3593 1646 3683 1682 nec
3718 1631 3772 1684 in

497 1713 678 1784 (Joan.
718 1729 792 1777 vt,
821 1714 912 1779 59,
955 1723 1002 1768 et
1030 1731 1061 1770 ι
1081 1756 1094 1780 ,
1125 1714 1240 1785 29).
1283 1714 1520 1768 Firmum
1568 1717 1958 1787 fundamentum
1986 1717 2081 1771 Dei
2112 1719 2158 1778 B
2184 1728 2272 1765 cor
2295 1712 2512 1767 hominis
2551 1715 2780 1769 ascendit
2819 1715 2876 1784 (l
2906 1715 3025 1770 Cor.
3053 1732 3114 1782 ιι,
3145 1717 3239 1788 9);
3279 1719 3418 1774 sicut
3459 1730 3773 1776 constanter

493 1816 593 1861 stat
617 1808 693 1877 (ll
728 1807 864 1863 Tim.
887 1823 955 1874 li,
986 1805 1111 1878 l9),
1141 1817 1196 1863 et
1244 1811 1483 1863 mansuri
1515 1809 1569 1863 in
1599 1818 1862 1864 aeternum
1895 1810 2079 1879 templi

495 1900 780 1956 aediﬁcatio
808 1918 914 1956 non
945 1903 1190 1969 vacillat,
1226 1913 1486 1972 praetenta
1523 1918 1686 1973 super
1727 1917 1916 1959 omnes
1943 1903 2083 1957 veri-

495 2003 604 2047 tate
632 2003 687 2048 et
721 1994 1092 2048 misericordia
1125 1993 1252 2060 Dei;
1294 2011 1322 2048 a
1365 2012 1474 2066 quo
1501 1997 1645 2065 quod
1675 2006 1728 2050 et
1756 1995 1956 2050 nemini
1988 2009 2082 2050 ne-

493 2095 668 2153 gatur,
701 2095 755 2139 et
784 2086 914 2139 nulli
953 2085 1203 2150 debetur,
1240 2086 1297 2141 in
1337 2087 1402 2140 iis
1439 2103 1575 2157 quos
1612 2087 1860 2156 promisit
1911 2085 2084 2140 elﬁci-

497 2186 605 2229 tur.
651 2175 773 2245 lpsc
820 2177 962 2230 enim
1004 2189 1246 2248 aperatur
1291 2179 1464 2232 omnia
1502 2179 1558 2233 in
1595 2179 1830 2232 omnibus
1869 2177 1927 2249 (Ι
1959 2175 2079 2232 Cor.

497 2284 592 2334 xu,
623 2269 717 2340 6),
741 2270 837 2325 sed
872 2270 1052 2325 omnia
1099 2271 1453 2341 proculdubio
1489 2274 1632 2341 justa
1662 2283 1716 2329 et
1747 2273 1907 2328 bona.
1950 2270 2082 2326 Uni-

495 2379 652 2417 uersa:
680 2363 822 2418 enim
849 2364 946 2419 viae
972 2361 1187 2418 Domini
1225 2365 1579 2418 misericordia
1608 2374 1654 2418 et
1686 2365 1877 2418 veritas
1907 2360 2080 2434 (Psal.

499 2471 643 2523 xxiv,
669 2457 780 2528 lO).
810 2456 910 2525 Qui
938 2457 1076 2513 sicut
1097 2459 1368 2527 prmscivit
1388 2466 1513 2514 ante
1537 2459 1754 2524 sarcula,
1783 2467 1981 2529 quanta
2004 2469 2084 2514 to-

497 2552 603 2605 tius
649 2551 836 2606 mundi
895 2552 1173 2607 hominum
1229 2553 1517 2608 multitudo
1572 2553 1660 2608 vel
1707 2551 2085 2608 communibus

503 2652 524 2679 ε
543 2657 634 2696 usa
655 2643 832 2709 donis,
851 2644 934 2698 vel
957 2643 1280 2714 specialibus
1297 2643 1480 2713 adjuta
1505 2643 1789 2712 praesidiis,
1807 2643 2086 2698 declinans

499 2749 678 2793 tamen
705 2739 774 2793 ab
810 2738 1007 2793 itinere
1041 2739 1288 2793 veritatis
1323 2748 1378 2793 et
1406 2739 1558 2806 vitze,
1601 2738 1906 2808 ingressura
1943 2745 2088 2791 esset

497 2830 834 2884 latitudinem
859 2831 1060 2885 erroris
1095 2841 1150 2886 et
1180 2831 1370 2886 mortis
1399 2847 1413 2883 :
1447 2831 1520 2884 ita
1543 2845 1758 2899 semper
1791 2828 2089 2900 praecogni-

499 2931 609 2974 tum
658 2919 842 2975 habuit
895 2931 1130 2991 quantus
1181 2922 1391 2991 piorum
1443 2936 1707 2976 numerus
1775 2937 1873 2992 per
1924 2935 2084 2990 opem

497 3013 681 3081 gratiae
735 3021 789 3067 et
841 3027 936 3082 per
975 3013 1290 3069 servitutem
1327 3014 1650 3069 obedientiza
1699 3012 1765 3067 ad
1823 3021 2083 3067 aeternam

500 3103 888 3159 beatitudinem
947 3104 1298 3173 pertineret:
1354 3113 1412 3159 ut
1469 3105 1620 3160 nullo
1671 3104 1955 3160 cxcidente
2019 3102 2088 3158 de

499 3195 831 3260 plenitudine
867 3195 1292 3262 promissorum,
1331 3197 1423 3266 qui
1471 3210 1571 3252 uec
1608 3194 1635 3233 ά
1671 3205 1931 3266 provectu
1971 3204 2089 3250 erat

500 3287 789 3355 fallendus,
824 3302 923 3342 ncc
943 3289 1144 3344 auxilio
1165 3288 1470 3353 defuturus,
1505 3303 1599 3343 eos
1625 3288 1954 3358 gloriﬁcaret
1979 3302 2087 3356 prae

497 3377 747 3430 omnibus
771 3392 904 3446 quos
927 3378 1090 3448 elegit
1117 3394 1185 3434 ex
1212 3380 1483 3433 omnibus.
1517 3377 1868 3434 Universitati
1890 3379 2088 3447 quippe

499 3468 811 3531 hominum,
852 3470 992 3536 quod
1030 3469 1243 3524 abunde
1283 3470 1663 3537 probavimus,
1709 3470 1779 3525 ita
1809 3469 2086 3539 multiplex

499 3568 659 3628 atque
677 3559 961 3616 ineliabilis
993 3561 1204 3616 bonitas
1226 3561 1318 3616 Dei
1347 3562 1616 3618 consuluit
1643 3577 1856 3633 semper
1878 3570 1932 3616 et
1960 3577 2086 3618 con-

499 3654 625 3706 sulit
647 3694 664 3716 ,
696 3663 752 3707 ut
783 3668 959 3723 neque
1001 3653 1094 3708 ulli
1126 3654 1470 3724 pereuntium
1518 3656 1800 3710 excusatio
1840 3663 2089 3724 suppetat

501 3745 565 3799 de
607 3747 875 3816 abnegato
917 3746 1018 3801 sibi
1066 3746 1270 3802 lumine
1305 3747 1550 3801 veritatis
1573 3787 1585 3811 ,
1623 3761 1802 3816 neque
1839 3747 2086 3816 cuiquam

498 3841 571 3893 sit
601 3839 827 3894 liberum
850 3839 917 3895 de
942 3855 1037 3896 sua
1063 3840 1272 3910 justitia
1299 3841 1554 3912 gloriari;
1581 3855 1701 3896 cum
1723 3850 1777 3895 et
1807 3839 1926 3893 illos
1965 3855 2091 3910 pro-

501 3934 614 4001 pria
647 3934 885 4003 nequitia
914 3935 1190 4005 demergat
1217 3935 1283 3990 ad
1311 3949 1560 4006 ptenam,
1595 3944 1650 3990 et
1683 3934 1815 3989 istos
1844 3933 1939 3989 Dei
1967 3947 2090 4003 gra-

484 4024 570 4076 uia
605 4026 864 4090 perducat
890 4025 954 4079 ad
979 4027 1226 4094 gloriam.

979 4115 1144 4186 913
1170 4115 1398 4171 CAPUT
1426 4114 1597 4171 xxx.

774 4206 1027 4276 Repetitio
1048 4208 1201 4277 primi
1225 4209 1413 4276 capitis
1440 4209 1557 4261 libri
1576 4209 1808 4262 secundi.

571 4297 724 4365 Quod
749 4298 930 4367 itaque
964 4298 1015 4353 in
1052 4300 1315 4368 principio
1346 4298 1572 4354 secundi
1610 4297 1768 4368 hujus
1800 4299 2088 4354 voluminis

502 4391 925 4460 iusinuavimus,
960 4392 1062 4448 hoc
1104 4408 1244 4447 nunc
1280 4393 1473 4448 iterum
1513 4392 1994 4458 commendamus,
2031 4402 2087 4448 ut

2186 1805 2458 1859 credimus
2490 1807 2780 1861 videndum
2808 1809 2950 1876 quod
2995 1810 3233 1865 nondum
3263 1812 3542 1880 videmus,
3577 1815 3650 1868 ita
3680 1830 3773 1884 pa—

2184 1897 2384 1950 tienter
2413 1894 2443 1933 )ι
2481 1906 2860 1966 exspectemus
2897 1901 3306 1972 intelligendum
3339 1905 3483 1974 quod
3528 1909 3770 1963 nondum

2186 1986 2554 2056 intelligimus.
2585 1987 2641 2042 Si
2669 2004 2799 2058 ergo
2838 1999 3016 2047 cesset
3054 1993 3312 2049 insidiosa
3350 1996 3692 2066 malignitas,
3726 2001 3770 2054 si

2187 2077 2431 2133 insolens
2461 2081 2813 2149 praesumptio
2857 2084 3246 2152 conquiescat,
3275 2087 3359 2140 his
3390 2100 3559 2157 recte,
3595 2100 3650 2142 ut
3678 2105 3768 2144 ar-

2186 2167 2382 2230 bitror,
2411 2167 2426 2205 ί
2457 2174 2825 2240 pertractatis,
2847 2175 3049 2230 nullius
3077 2187 3323 2246 superest
3344 2193 3502 2232 causa
3521 2181 3771 2234 certami-

2186 2259 2307 2325 nis,
2339 2273 2516 2328 neque
2559 2261 2701 2316 ultra
2731 2278 2958 2320 necesse
2997 2275 3082 2320 est
3131 2281 3229 2323 nos
3271 2268 3770 2326 interminabilibus

2185 2351 2577 2422 quaestionibus
2601 2353 2878 2422 occupari.

2762 2507 2988 2566 CAPUT
3017 2510 3189 2567 XXXI

2190 2621 2438 2698 omnibus
2465 2622 2666 2698 sarculis
2693 2622 2902 2698 a/fuisse
2928 2624 3160 2680 omnibus
3180 2625 3469 2681 hominibus
3489 2628 3772 2698 generalem

2257 2691 2714 2815 Deirbonitatem;
2773 2695 2866 2748 sed
2911 2704 3109 2749 tantum
3155 2699 3418 2752 solvendis
3469 2691 3774 2767 peculiarem

2257 2779 2350 2832 gra
2375 2779 2497 2816 tam.

2260 2891 2617 2948 Elaboratum
2639 2905 2721 2949 est
2752 2895 2922 2960 enim,
2966 2904 3229 2966 quantum
3255 2895 3518 2952 Dominus
3538 2897 3739 2965 adjuvit
3756 2939 3774 2962 ,

2188 2993 2250 3038 ut
2280 2999 2388 3039 non
2428 2984 2608 3039 solum
2655 2985 2710 3040 in
2753 2985 3065 3042 novissimis
3099 2985 3331 3052 diebus,
3369 2988 3465 3043 sed
3507 2989 3672 3044 etiam
3717 2990 3772 3042 in

2113 3083 2159 3145 C
2191 3078 2402 3134 cunctis
2435 3087 2589 3134 retro
2615 3077 2833 3133 saeculis
2872 3079 3194 3149 probaretur
3220 3079 3448 3150 gratiam
3476 3080 3574 3135 Dei
3599 3080 3775 3136 omni~

2192 3172 2292 3225 bus
2328 3169 2635 3225 hominibus
2664 3169 2883 3224 affuisse
2903 3210 2919 3237 ,
2949 3170 3286 3239 providentia
3322 3171 3540 3241 quidem
3581 3171 3693 3240 pari
3719 3181 3779 3226 et

2190 3263 2432 3318 bonitate
2458 3262 2729 3333 generali;
2762 3261 2776 3313 i
2811 3263 2906 3318 sed
2948 3264 3270 3320 multimodo
3297 3279 3494 3333 opere,
3529 3264 3774 3320 diversa-

2189 3369 2296 3423 que
2324 3370 2580 3411 mensura
2607 3373 2617 3404 :
2643 3356 2902 3425 quoniam
2929 3356 3044 3412 sive
3065 3357 3299 3423 occulte,
3327 3359 3440 3412 sive
3471 3358 3776 3425 manifeste,

2191 3450 2307 3518 ipse
2337 3460 2453 3514 est,
2491 3458 2552 3505 ut
2589 3450 2885 3519 Apostolus
2923 3452 3029 3518 ait,
3079 3452 3321 3508 Salvator
3357 3454 3585 3507 omnium
3613 3454 3780 3506 homi-

2191 3557 2344 3605 num,
2375 3541 2597 3595 maxime
2623 3541 2854 3610 ﬁdelium
2881 3541 2925 3613 (ι
2949 3542 3086 3597 Tim.
3140 3559 3215 3610 tv,
3252 3544 3366 3614 10).
3397 3544 3527 3612 Quae
3563 3555 3780 3598 senten-

2191 3634 2260 3688 tia
2291 3633 2664 3689 subtilissimae
2704 3634 2987 3690 brevitatis
3014 3643 3070 3690 et
3104 3635 3420 3690 validissimi
3466 3635 3680 3690 roboris
3726 3635 3779 3690 si

2191 3727 2485 3794 tranquillo
2533 3727 2913 3784 consideretur
2967 3729 3194 3794 intuitu,
3244 3739 3407 3783 totam
3452 3728 3594 3783 hanc
3637 3726 3664 3766 ὶ
3709 3729 3780 3782 de

2190 3833 2292 3886 qua
2339 3817 2548 3889 agimus
2588 3819 3019 3874 controversiam
3056 3819 3222 3892 919
3267 3819 3494 3874 dirimit.
3539 3819 3780 3874 Dicendo

2190 3911 2363 3976 ettim,
2398 3911 2499 3977 Qui
2527 3921 2602 3965 est
2631 3910 2873 3966 Salvator
2900 3913 3129 3966 ontnium
3161 3912 3422 3964 hominum
3443 3952 3458 3975 ,
3487 3909 3779 3966 conﬁrma-

2191 4003 2267 4056 vit
2288 4003 2586 4056 bonitatem
2620 4002 2713 4058 Dei
2745 4017 2908 4071 super
2947 4003 3231 4057 universos
3262 4001 3510 4056 homines
3531 4015 3657 4054 esse
3686 4015 3779 4069 ge-

2191 4095 2452 4149 neralem.
2482 4093 2806 4162 Adjiciendo
2836 4101 3042 4160 autem,
3067 4093 3291 4147 maxime
3313 4092 3570 4162 ﬁdelium,
3598 4100 3780 4144 osten-

2191 4187 2271 4241 dit
2294 4201 2417 4242 esse
2455 4196 2662 4256 partem
2691 4188 2906 4256 generis
2945 4186 3163 4240 humani
3211 4201 3331 4256 qua:
3355 4228 3370 4253 ,
3413 4185 3609 4240 merito
3656 4184 3780 4238 fidei

2191 4280 2452 4335 divinitus
2481 4280 2789 4349 ins-piratas,
2825 4280 2891 4335 ad
2925 4293 3192 4334 summam
3214 4287 3374 4349 atque
3405 4287 3665 4332 :eternam
3693 4291 3788 4331 sa-

2191 4372 2356 4427 lutem
2385 4371 2710 4442 specialibus
2731 4371 3009 4428 beneficiis
3035 4370 3366 4441 provehatur
3412 4368 3568 4436 Quod
3596 4369 3782 4435 utique.

501 4500 622 4539 cum
651 4484 716 4539 de
741 4457 924 4555 gratize
962 4483 1326 4554 profunditate
1357 4491 1412 4539 et
1442 4482 1722 4538 altitudine
1761 4483 2087 4553 disputatur,
2119 4459 2171 4518 D
2198 4463 2339 4555 Pulla
2373 4461 2861 4555 ίηίίιυὲιίιίιθίθείιω
2887 4462 3173 4555 Ῐυδῖίξδίίηί
3199 4469 3255 4518 et
3283 4457 3783 4555 Wi5_9ri°°'dissimi

505 4585 530 4613 ⁸
553 4577 722 4631 tribus
747 4577 852 4631 illis
892 4576 1258 4632 saluberrimis
1287 4587 1342 4631 et
1369 4577 1732 4632 veracissimis
1756 4575 2086 4632 deﬁnitioni-

504 4667 602 4721 bus
623 4669 790 4722 simus
820 4669 1005 4723 innixi.
1033 4669 1271 4735 Quarum
1299 4683 1406 4724 una
1435 4669 1720 4740 prolltetur
1744 4677 2007 4724 aeternum
2035 4677 2092 4722 et

503 4761 778 4829 proprium
805 4759 1002 4814 divinae
1044 4774 1165 4814 esse
1203 4760 1493 4826 bonitatis,
1536 4769 1592 4815 ut
1622 4775 1810 4816 omnes
1839 4760 2090 4815 homines

503 4851 684 4905 salvos
713 4851 826 4906 ﬁeri
860 4851 1021 4916 velit,
1054 4859 1111 4906 et
1147 4853 1199 4905 in
1242 4853 1569 4922 agnitionem
1622 4851 1864 4906 veritatis
1903 4853 2087 4906 venire

505 4943 544 5010 (1
581 4941 717 4998 Tim.
763 4958 831 5008 ιι,
858 4939 962 5013 4);
1009 4943 1110 4998 alia
1142 4946 1300 4998 simul
1339 4945 1626 5015 praedicat,
1669 4959 1882 5000 omnem
1916 4943 2088 4998 homi-

575 5112 601 5140 ³
626 5101 767 5157 Editi
799 5102 951 5169 alias,
969 5101 1567 5156 autem.Mss.Camb.et
1587 5099 1907 5165 Jol.etLeo,
1927 5101 2083 5153 enim.

572 5173 599 5211 1»
627 5175 751 5226 Mss.
776 5172 960 5226 Camb.
989 5183 1042 5227 et
1059 5173 1193 5236 Jol.,
1212 5188 1412 5240 rapere.
1433 5171 1562 5236 Alii,
1585 5173 1803 5240 eripere.

575 5254 596 5279 ε
631 5244 728 5297 Ms.
755 5243 1030 5305 Jolieusis,
1063 5244 1244 5311 adjuta
1273 5243 1444 5298 donis.

569 5314 595 5348 ά
629 5314 726 5367 Ms.
756 5313 1030 5375 Joliensis,
1061 5324 1333 5384 proventu.

573 5397 595 5421 ε
629 5385 805 5438 Editio
835 5383 1068 5445 Leonis,
1083 5384 1261 5453 primis
1284 5383 1408 5436 illis.

575 5455 592 5491 ί
619 5454 706 5508 Sic
729 5469 859 5508 mss.
888 5449 1151 5507 Cameet
1177 5454 1280 5508 Jol.
1311 5468 1372 5506 ac
1403 5452 1533 5507 Leo.
1564 5451 1693 5517 Alii,
1725 5460 1779 5504 et
1800 5450 1927 5503 olim
1945 5449 2084 5504 Leo-

501 5527 583 5578 nis
609 5525 732 5579 libri
758 5566 771 5588 ,
802 5535 849 5578 et
879 5526 1078 5594 genitis.
1122 5523 1263 5578 Infra
1285 5523 1445 5589 editi,
1485 5521 1956 5594 naniambigimus;
1990 5521 2078 5594 ubi

500 5611 620 5647 mox
639 5595 789 5667 citati
816 5591 1049 5658 codices,
1081 5612 1182 5648 non
1205 5595 1542 5667 ambigamus.
1572 5593 1635 5646 Et
1658 5592 1832 5647 adhuc
1858 5591 2078 5646 inferius

504 5681 601 5718 ms.
624 5665 834 5728 Camb.,
867 5667 1181 5732 transitoria,
1216 5681 1312 5733 pro
1341 5665 1639 5720 iransituro.

2198 4554 2312 4621 Dei,
2339 4554 2496 4623 cujus
2515 4553 2776 4622 judicium
2808 4554 2864 4608 in
2896 4555 2979 4609 liis
3007 4551 3501 4624 dispensationihus
3527 4565 3634 4605 non
3657 4564 3781 4604 cum

2194 4645 2503 4713 arrogantia
2529 4644 2960 4710 discutiendum,
3003 4644 3100 4700 sed
3139 4659 3262 4699 cum
3288 4653 3528 4700 tremore
3562 4641 3786 4696 laudan-

2192 4736 2319 4790 dum
2351 4744 2455 4791 est.

2753 4826 2980 4884 CAPUT
3012 4827 3229 4882 XXXII.

2199 4941 2341 4997 Inter
2380 4941 2556 5008 fideles
2585 4943 2754 4998 varios
2782 4960 2890 4999 esse
2929 4945 3124 5014 gradus
3150 4960 3421 4999 munerum
3452 4941 3584 5007 Dei;
3629 4943 3735 5010 idq-
3758 4957 3784 4994 ι

2265 5106 2291 5146 s
2322 5097 2449 5152 Mss.
2481 5096 2669 5170 Camb.
2709 5097 2909 5170 etJol.
2931 5113 3053 5170 cum
3092 5099 3271 5153 Leone
3299 5099 3554 5170 supplent
3589 5113 3781 5153 vocem

2193 5169 2350 5226 hanc.
2375 5184 2484 5238 spe,
2513 5184 2634 5237 qua:
2659 5169 2710 5221 in
2735 5169 2858 5239 aliis
2881 5169 3184 5224 deﬁciebat.
3212 5169 3416 5225 Leonis
3434 5171 3548 5236 ed.,
3571 5171 3784 5239 quibus,

2191 5254 2287 5308 pro
2305 5241 2424 5292 cui:
2452 5241 2565 5308 spei
2596 5238 2856 5306 intellige.

2261 5306 2290 5344 δ
2321 5309 2418 5362 Ms.
2444 5306 2716 5374 Joliensis,
2749 5319 3122 5378 exspectamus.

2269 5379 2282 5416 ί
2320 5379 2418 5432 Ms.
2448 5379 2722 5441 Juliensis,
2754 5385 3065 5433 retractatis.

2263 5451 2276 5498 ἱ
2309 5450 2409 5503 Ms.
2443 5452 2765 5521 Camberon.
2786 5491 2802 5516 ,
2843 5449 3148 5504 multimoda
3188 5450 3485 5521 diversaque
3514 5466 3782 5506 mensura.

2185 5519 2278 5576 Sic
2302 5521 2436 5574 alias
2459 5532 2513 5573 et
2541 5521 2594 5574 in
2630 5520 2828 5574 Leone.

2259 5588 2282 5626 ιι
2312 5591 2473 5654 Editi,
2495 5592 2559 5645 de
2582 5608 2682 5658 qua
2702 5593 2922 5661 egimus.
2959 5591 3056 5646 lis.
3087 5591 3344 5646 loliensis
3371 5600 3422 5647 et
3448 5590 3644 5646 Leonis
3666 5592 3788 5645 0|.“-

2182 5655 2279 5719 πίον
2307 5664 2525 5728 agimus.
