3972 6176
290 237 404 296 ῚΙἽ

1191 248 1279 303 DE
1321 246 1708 305 VOCATIONE
1747 249 2013 306 OMNIUM
2050 249 2356 308 GENTIUM
2395 251 2596 307 LIBER
2643 253 2702 308 II.

3481 254 3585 309 718

375 376 478 438 non
504 375 567 413 ea:
605 360 797 415 meritis
827 377 1001 416 eorum
1024 403 1039 428 ,
1072 363 1160 418 sed
1189 366 1333 436 justo
1367 374 1412 419 et
1459 366 1636 419 latenti
1686 363 1777 419 Dei
1803 370 1896 438 ju—
1923 372 1968 426 Α
2004 365 2352 436 praefuerunt.
2407 365 2476 421 At
2515 367 2606 420 alii
2651 365 2864 421 barbari
2885 365 3011 420 dum
3043 363 3304 422 Romanis
3329 366 3591 420 auxilian-

373 430 533 486 dicio.

377 542 656 612 Siquidem
704 545 756 598 in
789 546 920 615 ipsis
943 562 1156 617 quoque
1187 548 1424 603 Iidelium
1468 548 1683 618 p0pnlis
1703 588 1718 611 ,
1749 550 1894 619 quod

291 633 407 703 jam
455 636 708 703 superius
759 648 1035 692 estensum
1066 648 1187 704 est,
1238 656 1342 693 non
1387 641 1575 694 eadem
1607 642 1892 706 omnibus,

293 739 400 779 nec
434 727 581 793 paria
605 726 976 794 conferantur,
1004 737 1058 782 et
1084 740 1210 782 ante
1238 729 1346 783 ulla
1372 729 1730 784 humanorum
1759 744 1895 799 pon-

291 815 430 868 dera
456 818 800 886 meritorum,
833 819 1190 874 dissimillima
1213 820 1520 875 divinorum
1545 835 1795 875 mensura
1821 821 1894 875 sit

293 921 610 962 munerum.
646 909 703 965 Si
747 910 890 964 enim
925 911 994 966 de
1034 921 1317 980 parentum
1348 912 1644 966 carnalium
1671 912 1891 981 judiciis

294 1001 560 1069 conqueri
595 1017 703 1056 non
732 1001 1013 1069 audemus,
1048 1018 1172 1058 cum
1203 1004 1414 1073 aliquos
1445 1004 1582 1059 lilios
1611 1018 1738 1058 suos
1765 1014 1890 1060 ante

291 1091 409 1145 ulla
444 1108 655 1146 morum
686 1095 958 1159 examina,
987 1107 1114 1149 ante
1140 1095 1319 1164 aliqua
1347 1095 1562 1165 pietatis
1594 1097 1851 1165 obsequia
1870 1138 1886 1164 ,

291 1183 696 1253 indulgentiore
724 1187 1127 1255 amplectuntur
1147 1188 1386 1254 all'ectu;
1420 1198 1446 1226 ἰ
1476 1196 1521 1244 si
1551 1190 1603 1244 in
1646 1190 1886 1244 dominis

287 1290 515 1345 quoque
542 1292 666 1346 erga
697 1277 926 1332 larnulos
957 1279 1130 1335 libera
1159 1290 1242 1335 est
1266 1280 1582 1351 dispositio,
1615 1296 1715 1337 nec
1737 1282 1886 1350 juste

286 1381 318 1420 a
353 1382 628 1437 quoquam
658 1370 1105 1437 reprehenditur,
1132 1373 1225 1442 qui
1265 1371 1333 1427 de
1368 1373 1529 1426 unius
1557 1374 1885 1430 conditionis

288 1461 498 1515 familia
531 1462 796 1532 quosdam
824 1463 928 1517 sibi
967 1478 1102 1533 quos
1143 1464 1429 1534 benignius
1456 1464 1791 1531 honestaret,
1833 1477 1885 1523 et

284 1571 426 1623 quos
458 1555 485 1593 δ
512 1556 791 1611 liberalius
811 1556 1070 1623 erudiret,
1108 1558 1273 1628 elegit
1299 1576 1312 1610 :
1346 1559 1609 1628 numquid
1636 1560 1702 1615 de
1729 1575 1880 1614 sum-

289 1649 365 1701 mi
398 1648 579 1702 Patris
608 1661 661 1703 et
687 1650 804 1705 veri
835 1650 1049 1704 Domini
1078 1651 1597 1707 benevolentissima
1624 1653 1882 1722 aequitate

2001 466 2105 522 tur,
2136 458 2280 528 quod
2318 458 2372 514 in
2417 459 2531 513 suis
2571 458 2706 512 locis
2745 474 2905 514 nosse
2935 473 3040 513 non
3071 466 3354 527 poterant,
3395 457 3450 511 in
3493 473 3593 512 no-

1999 549 2126 606 stris
2166 551 2461 606 edidicere
2493 551 2832 622 regionibus,
2879 559 2937 606 et
2983 550 3050 605 ad
3094 550 3252 605 sedes
3293 563 3418 604 suas
3465 564 3589 604 cum

1995 641 2320 696 Christiana:
2348 641 2630 712 religionis
2679 641 2698 679 ί
2749 641 3093 696 institutione
3136 650 3474 696 remearunt.
3515 639 3588 693 Ita

1998 733 2132 788 nihil
2185 734 2453 789 obsistere
2500 734 2697 788 divina:
2738 734 2926 804 gratite
2981 743 3158 802 potest
3199 734 3486 800 quominus
3533 731 3588 785 id

1993 825 2139 896 quod
2179 827 2418 880 voluerit
2464 826 2781 896 impleatur,
2815 825 2944 879 dum
2984 827 3150 880 etiam
3193 823 3482 878 discordiae
3518 823 3588 878 ad

1995 916 2253 972 unitatem
2292 916 2548 981 trahunt,
2581 926 2637 971 et
2683 917 2854 987 plagae
2893 917 2947 970 in
2992 915 3234 971 remedia
3273 922 3583 981 vertuntur,

1991 1017 2052 1062 ut
2083 1008 2318 1064 Ecclesia
2348 1008 2490 1063 unde
2517 1007 2708 1064 metuit
2734 1008 3062 1077 periculum,
3094 1007 3221 1061 inde
3248 1014 3427 1060 sumat
3457 1019 3588 1076 aug-

1993 1108 2257 1154 mentum.

2062 1189 2141 1244 Ad
2170 1189 2436 1259 quoslibet
2459 1190 2623 1258 igitur
2664 1205 2847 1245 rerum
2895 1199 3251 1244 hurnanarnm
3298 1188 3483 1242 exitus
3525 1201 3586 1242 se

1990 1291 2175 1334 nostra
2213 1290 2499 1336 convertat
2530 1281 2825 1351 inspectio,
2863 1281 3008 1335 nulla
3049 1280 3244 1335 saecula
3268 1324 3281 1344 ,
3312 1279 3456 1333 nulla
3489 1295 3584 1332 ne-

1988 1373 2130 1442 gotia
2154 1415 2169 1438 ,
2204 1374 2381 1428 nullos
2403 1375 2813 1443 generationum
2845 1383 2999 1429 ortus
3036 1384 3197 1441 atque
3227 1373 3485 1427 decessus
3515 1371 3583 1424 ab

1988 1467 2207 1520 aeternis
2258 1477 2310 1521 et
2342 1466 2785 1521 inscrutabilibus
2812 1466 3028 1536 judiciis
3068 1467 3164 1521 Dei
3196 1480 3388 1520 vacare
3424 1481 3580 1535 repet

1996 1558 2118 1611 riet.
2143 1557 2345 1612 Omnes
2379 1559 2699 1612 varietatum
2729 1559 3193 1629 compugnantize,
3230 1568 3284 1613 et
3311 1558 3580 1611 universa:

1985 1653 2328 1708 dissimilium
2357 1663 2380 1700 8
2409 1662 2766 1723 proventuum
2799 1669 2999 1716 causae,
3024 1668 3156 1722 quas
3181 1653 3503 1721 investigare
3526 1660 3580 1704 et

283 1741 626 1793 causandum
661 1751 744 1796 est
764 1784 778 1808 ,
811 1741 952 1808 quod
985 1743 1038 1796 in
1069 1758 1259 1812 magna
1287 1743 1449 1797 domo
1478 1743 1594 1813 ejus
1627 1745 1881 1799 innume-
1915 1747 1962 1807 B
1991 1747 2298 1800 discernere
2323 1762 2426 1800 non
2455 1747 2719 1810 valemus,
2745 1745 2798 1799 in
2823 1746 2911 1800 illa
2939 1753 3139 1798 aeterna
3168 1744 3392 1798 scientia
3415 1744 3577 1796 simul

283 1846 368 1886 I‘IS
418 1832 742 1886 dill‘erentiis
781 1834 1036 1889 universa
1078 1835 1396 1889 variantur?
1433 1834 1678 1905 Cumque
1722 1851 1883 1891 nemo

286 1923 500 1991 aliqttid
544 1924 673 1978 boni
710 1924 905 1980 habeat
934 1927 1076 1994 quod
1135 1942 1241 1981 non
1286 1927 1381 1983 ille
1425 1928 1737 1995 donaverit,
1775 1945 1880 1983 non

278 2028 477 2067 omnes
519 2023 697 2069 tamen
739 2015 931 2070 iisdem
987 2017 1272 2072 virtutibus
1311 2020 1534 2082 micant,
1568 2028 1658 2072 aut
1690 2019 1881 2074 eadem

277 2106 667 2159 charismatum
695 2105 824 2160 dote
861 2107 1119 2161 ditantur.
1153 2108 1263 2163 Nec
1309 2124 1600 2179 possumus
1631 2110 1769 2164 hanc
1798 2112 1882 2164 di-

279 2197 595 2250 versitatem
626 2198 895 2266 graduum
926 2201 1107 2253 causis
1131 2209 1319 2270 aptare
1351 2201 1672 2255 meritorum
1696 2242 1711 2268 ,
1756 2217 1877 2256 cum

281 2290 452 2343 totius
477 2289 600 2342 boni
634 2293 810 2345 meriti
839 2291 1156 2361 principalis
1183 2308 1342 2348 causa
1366 2295 1435 2348 sit
1463 2294 1660 2363 gratia,
1688 2295 1756 2349 de
1785 2311 1878 2350 cu-

274 2381 364 2450 jus
413 2383 604 2450 opibus
643 2385 874 2438 sumitur
920 2384 1181 2455 quidquid
1214 2385 1268 2440 in
1309 2385 1541 2456 singulis
1587 2387 1876 2456 probabile

275 2477 577 2545 reperitur.

822 2568 1048 2626 CAPUT
1077 2569 1321 2626 XXXIII.

275 2657 447 2713 Nemo
473 2660 627 2732 perit,
658 2663 746 2732 qui
775 2664 945 2734 perire
963 2681 1066 2717 non
1096 2665 1276 2728 debet;
1303 2666 1392 2719 sed
1423 2682 1597 2722 omnes
1631 2667 1696 2723 ab
1721 2679 1870 2724 ceter-

783 2751 850 2788 no
881 2735 1026 2788 electi
1051 2736 1181 2790 salui
1217 2737 1370 2806 ﬁunt.

348 2846 502 2903 Sicut
529 2862 657 2917 ergo
685 2848 752 2904 de
780 2850 844 2903 iis
870 2864 990 2920 qua:
1020 2851 1160 2906 intra
1185 2851 1488 2909 Ecclesiam
1524 2855 1871 2911 multiformi-

274 2946 357 2992 ter
378 2939 614 3010 Spiritus
645 2952 861 2996 sanctus
887 2955 1161 3011 operatur,
1193 2945 1416 3014 impium
1435 2957 1518 3001 est
1546 2948 1709 3002 ullam
1737 2965 1872 3017 que-

273 3028 442 3083 relam
469 3031 634 3086 corde
663 3033 982 3102 concipere;
1019 3036 1089 3089 ita
1118 3035 1282 3090 etiam
1315 3037 1384 3091 de
1408 3038 1495 3091 illa
1526 3039 1862 3106 providentia

1986 1847 2148 1906 nottc,
2182 1838 2448 1908 simulque
2469 1838 2656 1892 divisae
2685 1845 2829 1891 sunt.
2866 1836 2933 1890 Et
2955 1835 3086 1889 nihil
3111 1835 3184 1889 ibi
3211 1835 3574 1888 inordinatum

1985 1940 2087 1991 est,
2116 1931 2278 1985 etiam
2310 1930 2376 1984 de
2404 1930 2632 1984 necdum
2663 1929 3004 1984 existentium
3038 1927 3385 1996 qualitatibus
3411 1927 3578 1980 actio-

1984 2040 2133 2078 num.
2167 2025 2432 2092 Quoniam
2470 2039 2580 2079 non
2609 2033 2694 2078 est
2730 2025 2782 2077 in
2813 2023 2925 2076 Deo
2954 2021 3204 2076 accidens
3237 2029 3415 2075 motus
3436 2064 3448 2087 ,
3485 2031 3578 2074 aut

1986 2133 2120 2171 nova
2152 2119 2400 2172 voluntas
2423 2159 2437 2182 ,
2487 2125 2580 2170 aut
2620 2116 2923 2185 temporale
2953 2113 3261 2182 consilium,
3302 2128 3402 2168 nec
3431 2115 3577 2181 cogi-

1982 2210 2116 2263 tatio
2144 2211 2264 2279 ejus
2291 2225 2411 2263 cum
2437 2225 2615 2265 rerum
2641 2207 2981 2263 mutabilium
3005 2206 3373 2276 inrequalitale
3402 2207 3576 2260 varia-

1980 2309 2088 2365 tur,
2117 2301 2210 2355 sed
2240 2313 2430 2355 cuncta
2463 2303 2668 2370 pariter
2700 2311 2940 2370 tempora
2965 2310 3019 2354 et
3040 2301 3356 2366 temporalia
3378 2340 3392 2363 ,
3429 2297 3574 2352 semé

1982 2391 2192 2460 piterno
2223 2406 2285 2447 ac
2312 2394 2489 2448 stabili
2523 2391 2938 2461 comprehendit
2968 2393 3196 2459 intuitu,
3228 2399 3284 2445 et
3321 2392 3572 2446 omnibus

1977 2487 2160 2540 omnia
2183 2487 2293 2555 jam
2327 2487 2604 2551 retribuit,
2639 2484 2668 2522 ¹ι
2697 2487 2787 2556 qui
2822 2499 2940 2555 quae
2971 2485 3320 2548 suntlutura,
3347 2484 3460 2553 jam
3496 2484 3572 2538 le-

1975 2580 2067 2634 cit.
2105 2579 2241 2634 Ilinc
2276 2581 2410 2635 illud
2449 2588 2533 2634 est
2561 2579 2704 2633 beati
2738 2578 2886 2633 Pauli
2917 2577 3150 2645 apostoli
3183 2575 3476 2631 scribentis
3502 2576 3568 2630 ad

1975 2669 2261 2738 Ephesios,
2286 2668 2590 2724 Benedictus
2612 2667 2751 2722 Deus
2775 2680 2817 2722 et
2841 2667 3001 2721 Pater
3025 2667 3234 2721 Domini
3255 2668 3418 2720 nostri
3440 2667 3473 2719 ,Ι
3480 2684 3569 2720 esu

1974 2761 2187 2828 Christi,
2220 2766 2306 2833 qui
2335 2761 2589 2817 benedixit
2619 2777 2712 2814 nos
2742 2761 2793 2815 in
2821 2760 2960 2813 omni
2990 2759 3335 2813 benedictione
3356 2758 3568 2826 spirita-

1972 2855 2010 2907 li
2030 2855 2084 2907 in
2112 2854 2394 2908 cmlestibus
2423 2855 2476 2906 in
2507 2852 2736 2916 Christo,
2763 2851 2893 2905 sicut
2925 2850 3077 2919 elegit
3105 2866 3199 2903 nos
3229 2849 3285 2902 in
3311 2849 3421 2920 ipso
3449 2859 3566 2903 ante

1970 2945 2152 2999 mundi
2175 2944 2586 2999 constitutionem
2605 2985 2619 3009 ,
2648 2952 2704 2996 ut
2731 2956 2952 2996 essemus
2980 2940 3148 2994 sancti
3177 2949 3224 2992 et
3251 2939 3561 2992 immacula-

1969 3039 2008 3090 ti
2029 3038 2082 3091 in
2116 3043 2390 3108 conspectu
2411 3036 2519 3105 ejus
2549 3035 2601 3087 in
2628 3033 2896 3087 charitate.
2933 3032 3034 3099 Qui
3061 3030 3442 3100 praedestinavit
3470 3045 3563 3083 nos

273 3137 396 3191 qua:
421 3123 734 3179 infidelibus
764 3127 1051 3194 praesidet,
1082 3129 1389 3184 nullatenus
1416 3133 1860 3187 murmurandnm
1890 3126 1934 3186 C
1966 3131 2021 3182 in
2051 3130 2381 3197 adoptionem
2409 3127 2637 3196 ﬁliorum
2678 3143 2768 3194 per
2789 3125 2969 3179 Iesum
2989 3123 3249 3177 Christum
3289 3121 3341 3187 ί,
3380 3137 3560 3176 secun-

273 3227 380 3271 est.
406 3216 668 3284 Quoniam
691 3223 931 3288 etjnstus
955 3232 1003 3276 et
1029 3222 1205 3277 bonus
1227 3224 1432 3278 arbiter
1455 3240 1553 3278 nec
1573 3225 1864 3283 voluntatis

271 3308 474 3378 iniqua:
496 3320 600 3375 est,
629 3326 731 3365 nec
759 3311 1102 3367 discretionis
1121 3314 1540 3386 incertae,920
1567 3324 1623 3368 ut
1644 3320 1745 3372 sub
1765 3318 1864 3372 im-

271 3413 461 3453 mensa
489 3409 511 3438 ε
540 3401 930 3471 omnipotentis
960 3403 1053 3459 Dei
1076 3405 1446 3460 misericordia
1473 3416 1634 3476 atque
1656 3407 1862 3477 justitia

270 3497 526 3558 putemus
551 3492 694 3560 quod
723 3493 1006 3563 quisquam
1035 3503 1258 3563 pereat,
1301 3496 1390 3564 qui
1419 3496 1600 3566 perire
1629 3513 1734 3553 non
1759 3499 1858 3555 de-

269 3580 420 3635 beat.
451 3580 609 3636 Nulla
637 3599 763 3653 pars
794 3585 982 3641 mundi
1012 3585 1082 3640 ab
1125 3587 1421 3657 Evangelia
1447 3597 1600 3645 vacat
1636 3590 1857 3647 Christi.

268 3673 341 3728 Et
369 3675 495 3730 licet
537 3677 627 3730 illa
669 3679 943 3746 generalis
971 3680 1191 3735 vocatio
1227 3696 1332 3736 non
1370 3682 1646 3752 quiescat,
1678 3695 1858 3741 tamen

266 3765 435 3820 etiam
472 3768 573 3822 ista
604 3770 855 3837 specialis
878 3770 990 3839 jam
1020 3772 1290 3827 universis
1329 3783 1414 3827 est
1443 3772 1581 3828 facta
1617 3789 1860 3830 commu-

267 3860 376 3912 nis.
401 3860 480 3913 Ex
513 3862 659 3914 omni
693 3872 883 3932 gente,
913 3873 967 3918 et
987 3879 1054 3918 ex
1081 3863 1228 3918 omni
1255 3865 1566 3920 conditione
1594 3866 1856 3937 adoptan-

269 3959 360 4003 tur
404 3951 644 4019 quotidie
688 3953 854 4006 millia
900 3967 1127 4020 senum,
1163 3955 1330 4008 millia
1355 3954 1648 4023 juvenum,
1689 3957 1853 4011 millia

267 4044 652 4111 parvulorum;
676 4055 731 4100 et
750 4042 776 4081 ά
806 4045 1090 4101 eﬂ‘ectibus
1109 4049 1294 4117 gratia:
1321 4047 1663 4113 Christianre,
1693 4054 1854 4103 etiam

265 4135 386 4202 ipsa
433 4135 630 4204 quibus
681 4137 911 4190 mundus
965 4138 1246 4205 atteritur,
1306 4153 1457 4193 arma
1507 4139 1852 4194 famulantur.

263 4227 438 4292 Quam
470 4227 669 4281 multos
696 4227 839 4282 enim
864 4227 954 4296 qui
986 4230 1038 4282 in
1069 4230 1456 4298 tranquillitate
1494 4229 1642 4299 pacis
1668 4245 1852 4285 sacra-

263 4324 507 4370 mentum
541 4319 880 4384 baptismatis
909 4322 1184 4388 suscipere
1201 4319 1544 4388 diIl'erebant,
1569 4322 1635 4375 ad
1658 4338 1850 4392 aquam

262 4407 695 4476 regenerationis
745 4410 1038 4480 confugere
1092 4411 1341 4464 instantis
1388 4411 1613 4486 periculi
1673 4423 1850 4468 metus

1967 3220 2088 3272 dum
2108 3219 2428 3291 propositum
2451 3217 2727 3271 voluntatis
2750 3231 2858 3269 suae
2874 3257 2887 3278 ,
2921 3217 2974 3268 in
3003 3214 3207 3266 laudem
3229 3213 3411 3285 glorior
3437 3229 3560 3284 gra-

1966 3312 2050 3366 tia:
2076 3326 2184 3365 suae
2213 3310 2436 3380 (Ephes.
2469 3323 2518 3374 ι,
2545 3309 2580 3363 3
2607 3308 2792 3378 seqq.),
2814 3307 2978 3378 921
3013 3312 3070 3360 et
3106 3318 3303 3360 cetera
3337 3302 3351 3354 i
3381 3346 3395 3370 ,
3439 3318 3561 3375 qua).

1965 3402 2066 3458 sub
2089 3401 2331 3472 ejusdem
2367 3414 2561 3456 sensus
2597 3397 2985 3468 praedicatione
3020 3396 3324 3462 connectit,
3356 3394 3560 3450 docens

1964 3497 2164 3550 donum
2186 3503 2350 3565 atque
2374 3506 2509 3563 opus
2528 3491 2718 3563 gratia:
2747 3491 2798 3545 in
2827 3500 3033 3546 aeterno
3055 3503 3272 3558 semper
3295 3487 3386 3543 Dei
3410 3502 3558 3543 man.

1962 3590 2102 3643 sisse
2124 3585 2377 3655 consilio,
2402 3598 2702 3653 omnesque
2731 3581 3039 3652 adoptionis
3069 3580 3209 3634 ﬁlios
3230 3595 3338 3633 non
3379 3579 3556 3633 solum

1965 3678 1990 3717 κ
2021 3682 2074 3734 in
2103 3694 2171 3735 eo
2201 3685 2447 3747 tempore
2474 3690 2583 3746 quo
2617 3676 2730 3743 jam
2757 3675 3055 3730 existentes
3080 3672 3255 3727 vocati
3279 3680 3433 3736 sunt,
3459 3671 3554 3726 sed

1959 3776 2122 3830 etiam
2154 3770 2466 3842 priusquam
2504 3765 2735 3823 mundus
2769 3763 2787 3803 ι
2832 3765 3276 3828 constitueretur,
3323 3764 3553 3819 electos.

1960 3868 2017 3923 In
2043 3881 2147 3938 qua
2178 3863 2443 3920 electione
2471 3856 2734 3930 quidquid
2774 3853 3053 3911 hominum
3085 3856 3137 3909 in
3168 3853 3385 3908 Christo
3413 3869 3552 3922 prm-

1957 3958 2232 4027 cognitum
2261 3969 2370 4009 non
2417 3961 2530 4018 est,
2577 3949 2725 4005 nulla
2767 3947 2946 4004 eidem
2977 3947 3189 4002 ratione
3230 3946 3549 4002 sociabitur.

1957 4049 2158 4102 Omnes
2179 4043 2323 4100 enim
2351 4041 2444 4111 qui
2473 4043 2525 4096 in
2552 4054 2777 4109 regnum
2805 4037 2904 4094 Dei
2931 4036 3000 4092 de
3030 4036 3319 4106 cujuslibet
3339 4043 3550 4105 tempo-

1956 4141 2032 4196 ris
2060 4137 2342 4194 vocatione
2371 4134 2580 4190 venturi
2603 4139 2755 4195 sunt,
2777 4131 2829 4186 in
2853 4130 2977 4196 ista,
2999 4146 3116 4198 qua:
3137 4128 3333 4184 saecula
3355 4137 3548 4183 cuncta

1957 4227 2255 4299 praecessit,
2289 4226 2582 4294 adoptione
2612 4223 2807 4293 signati
2831 4232 2977 4276 sunt.
3003 4220 3071 4274 Et
3097 4221 3237 4275 sicut
3265 4220 3444 4274 nullus
3466 4220 3548 4273 in-

1955 4324 2193 4379 lidelium
2217 4321 2271 4375 in
2311 4318 2412 4374 hac
2435 4329 2582 4373 sorte
2630 4325 2966 4383 numeratur,
2997 4314 3072 4368 ita
3104 4313 3282 4368 nullus
3332 4313 3544 4381 piorum

1953 4426 1992 4453 π·
2016 4417 2084 4471 ab
2107 4415 2206 4469 hac
2233 4412 2612 4468 benedictione
2641 4410 2909 4465 discretus
2945 4413 3050 4463 est.
3099 4407 3172 4461 De
3201 4405 3544 4475 plenitudine

259 4499 509 4567 impulit,
540 4507 596 4555 et
623 4500 783 4556 lentis
810 4502 1114 4572 tepidisque
1148 4503 1345 4556 animis
1371 4503 1513 4572 quod
1535 4503 1628 4558 diu
1652 4505 1846 4558 cohor-
1873 4495 1923 4554 D
1949 4506 2149 4576 quippe
2201 4503 2567 4558 membrorum
2613 4499 2862 4568 corporis
2906 4495 3136 4575 Christi,
3197 4498 3540 4566 przescientia

258 4593 394 4644 ratio
419 4595 600 4660 quieta
632 4609 739 4647 non
762 4596 955 4658 suasit,
979 4598 1160 4648 minax
1189 4592 1362 4650 subite
1397 4603 1568 4650 terror
1585 4597 1844 4651 extorsit?

257 4685 488 4749 Quidam
533 4687 794 4742 Ecclesia:
840 4688 932 4742 ﬁlii
976 4688 1044 4742 ab
1089 4687 1334 4741 hostibus
1377 4689 1552 4758 capti,
1596 4689 1845 4744 dominus

253 4790 388 4829 suos
417 4777 615 4832 Christi
649 4779 942 4848 Evangelio
974 4781 1374 4846 manciparunt,
1405 4787 1460 4832 et
1488 4779 1683 4847 quibus
1714 4796 1845 4833 con-

248 4873 462 4928 ditione
501 4873 690 4928 belliea
725 4874 1072 4938 serviebant,
1114 4873 1317 4929 eisdem
1362 4873 1483 4928 ﬁdei
1532 4875 1844 4945 magisterio

249 5080 260 5088 -
326 5007 472 5131 ὶΜε.
499 5007 752 5064 Joliensis
779 5007 993 5078 supplet
1018 5006 1328 5076 particulam
1346 5007 1413 5070 si,
1437 5022 1554 5076 quae
1573 5017 1654 5060 est
1678 5007 1838 5062 etiam

249 5095 305 5131 In
376 5095 531 5131 enne.

289 5095 305 5129 1
334 5095 531 5131 Leone.

249 5095 305 5131 in
334 5095 531 5131 Leone.

244 5219 294 5273 ιι
324 5149 348 5184 δ
382 5149 518 5203 ΙῦιΙιῑί
541 5194 554 5217 ,
589 5149 828 5217 liberius,
866 5147 1222 5203 emendantur
1249 5163 1313 5200 ex
1360 5163 1456 5200 ms.
1509 5146 1735 5202 Juliensi
1784 5159 1839 5204 et

295 5235 454 5271 eone.

295 5235 454 5271 eone.

325 5300 346 5326 ε
380 5289 474 5342 Ms.
505 5289 762 5344 Joliensis
805 5289 1022 5345 omissis
1054 5291 1162 5356 his,
1192 5288 1552 5356 omnipotentis
1588 5288 1703 5356 Dei,
1735 5293 1832 5344 ha-

242 5362 361 5425 bet,
393 5362 740 5414 misericordia
767 5362 896 5428 ejus.

318 5431 343 5464 ιι
373 5431 534 5484 Duae.
562 5441 616 5486 et
643 5434 859 5494 Colum,
895 5430 1177 5499 aﬁ’ectibus.
1214 5429 1338 5494 Alii,
1371 5428 1651 5494 e/fectibus.

234 5508 351 5624 tr;
375 5501 473 5555 Ms.
507 5504 762 5558 Juliensis
803 5512 857 5555 et
890 5503 1085 5557 Leonis
1130 5501 1330 5565 editio,
1371 5516 1666 5570 cognovere.
1699 5500 1822 5568 Alii,

276 5588 486 5627 tricere.

322 5643 338 5680 ί
373 5644 471 5715 fds.
502 5645 774 5710 Joliensis,
799 5645 1189 5715 justiﬁcatione.

313 5722 340 5762 ι
367 5714 563 5772 Leonis
590 5719 774 5783 editio,
800 5713 1159 5783 'provectuum.
1181 5713 1396 5782 Caeteri,
1425 5722 1784 5784 proventuum.

1952 4602 2079 4665 Dei,
2109 4614 2228 4670 quae
2261 4597 2367 4652 falli
2401 4611 2506 4651 non
2541 4601 2745 4662 putest,
2778 4592 2911 4646 nihil
2942 4590 3148 4659 perdit,
3181 4601 3234 4644 et
3266 4589 3414 4643 nullo
3441 4589 3539 4644 de-

1948 4693 2201 4746 trimento
2231 4687 2398 4742 minui
2421 4694 2606 4757 potest
2639 4698 2846 4738 summa
2878 4681 3206 4753 praecognita
3228 4723 3244 4748 ,
3285 4691 3451 4749 atque
3482 4681 3534 4736 in

1944 4781 2159 4836 Christo
2179 4789 2303 4833 ante
2325 4778 2521 4832 smcula
2547 4785 2747 4830 aeterna
2770 4775 3076 4844 prmelema.
3103 4774 3243 4826 sicut
3261 4771 3329 4825 ad
3351 4770 3530 4824 Timo-

1949 4876 2130 4930 theum
2163 4873 2403 4929 scribens
2433 4870 2724 4940 Apostolus
2761 4869 2922 4932 dicit,
2954 4864 3228 4920 Collabora
3259 4863 3537 4932 Evangelia

2019 5005 2047 5043 h
2075 5008 2176 5061 Ms.
2209 5005 2556 5070 Camberon.,
2587 5019 2798 5074 qumque
2828 5001 3176 5074 suntjutura.

2023 5075 2038 5114 ί
2076 5079 2188 5132 IIOC
2215 5079 2334 5130 loco
2380 5075 2513 5130 editi
2564 5071 2884 5128 addiderant
2939 5071 3219 5123 Dominum
3261 5077 3530 5131 nostrum,

1943 5148 2140 5215 quibus
2171 5159 2356 5202 carent
2400 5162 2498 5200 ms.
2530 5145 2784 5200 Joliensis
2814 5141 3100 5215 et_L_eonis
3140 5138 3332 5215 editio,
3366 5138 3530 5190 imum

1939 5209 2102 5273 etiam
2158 5228 2338 5272 textus
2393 5217 2631 5286 Apostoli
2684 5231 2805 5270 cum
2851 5211 3078 5280 Vulgata
3123 5209 3364 5278 ejusdem
3405 5224 3529 5262 ver»

1937 5291 2113 5343 sione.

2010 5361 2022 5430 i
2067 5361 2242 5413 Editio
2273 5359 2489 5422 Leonis,
2521 5372 2634 5430 qua;
2661 5357 2746 5430 ibi.
2836 5425 2845 5430 _
3053 5419 3074 5430 _
3115 5419 3148 5430 η
3255 5417 3268 5430 ,

2006 5429 2030 5467 ι
2064 5431 2376 5498 Przepositio
2404 5431 2456 5480 in
2477 5419 2588 5480 non
2620 5427 2812 5498 legitur
2835 5425 2885 5476 in
2915 5435 3012 5498 ms.
3047 5419 3292 5498 .Inlien_si_.

2009 5498 2026 5537 ι
2062 5490 2198 5554 Editi
2231 5502 2385 5568 alias,
2419 5500 2738 5552 conderetur.
2768 5495 2895 5548 Mss.
2924 5493 3109 5548 Camb.
3133 5501 3188 5546 et
3209 5492 3311 5544 Jul.
3335 5499 3392 5545 et
3413 5490 3523 5546 Leo

1934 5583 1990 5626 ut
2021 5574 2070 5624 in
2100 5582 2268 5625 textu.
2621 5635 2644 5638 ᾼ
2980 5632 2998 5638 ,
3043 5633 3052 5638 ,
3193 5633 3213 5638 ,
3346 5633 3356 5638 ,
3467 5631 3496 5638 ..

2008 5652 2045 5678 ιη
2077 5642 2238 5706 Etliti,
2271 5646 2582 5693 numeratus.
2619 5635 2808 5689 POSIea
2841 5632 3080 5706 msiJol.
3111 5646 3163 5686 et
3193 5633 3390 5706 Leonis
3415 5631 3517 5683 etii-

1936 5714 2032 5781 tio,
2059 5713 2120 5765 ab
2146 5703 2242 5766 hac
2267 5709 2642 5774 benedictione;
2671 5723 2790 5761 cum
2819 5707 2906 5761 alii
2935 5703 3127 5771 ferant,
3155 5704 3219 5759 ab
3243 5705 3337 5757 hac
3358 5714 3516 5758 sorte.
