4040 6178
461 232 563 287 719

752 236 811 291 S.
857 236 1193 295 PROSPERI
1233 237 1454 294 OPERA
1499 236 1821 294 INCERTE
1863 236 2386 295 AUCTORITATIS.
2417 239 2597 295 —DE
2639 240 2886 296 VOCAT.
2926 240 3089 296 ΟΜΝ.
3119 239 3440 297 GENTIUM.

3636 240 3744 296 ’1⁸ιο

457 350 737 404 secundum
761 352 992 405 virtutem
1021 353 1135 413 Dei,
1169 355 1256 424 qui
1287 371 1376 408 nos
1408 354 1632 408 liberavit
1657 363 1703 406 et
1733 353 1926 406 vocavit
1952 368 2038 406 vo-
2066 355 2117 413 Α
2141 353 2442 417 solvuntur,
2473 352 2607 408 utin
2639 355 3004 410 destructione
3035 371 3220 411 eorum
3251 358 3412 412 etiam
3446 355 3514 410 ab
3542 355 3606 409 its
3626 355 3747 424 qui-

460 440 660 494 eatione
678 451 874 505 saneta,
898 458 998 496 non
1026 443 1310 496 secundum
1341 460 1497 508 opera
1521 453 1720 506 nostra,
1744 443 1836 497 sed
1865 458 2046 496 secun-

459 535 584 586 dum
612 550 762 588 suum
792 537 1112 605 propositum
1141 546 1189 590 et
1225 539 1475 606 gratiam,
1503 552 1618 607 qua!
1643 537 1766 589 data
1804 544 1878 590 est
1903 534 2050 589 nobis

459 624 514 676 in
557 622 759 678 Christo
795 623 926 678 Jesu
969 636 1088 679 ante
1139 637 1370 696 tempora
1418 637 1613 682 teterna
1645 625 1727 696 (ll
1766 624 1905 679 Tim.
1941 639 1988 691 I,
2017 625 2050 678 8

459 716 627 770 st9l.

585 712 605 784 )
992 808 1218 864 CAPUT
1259 809 1502 864 XXXIV.

464 915 586 970 Non
639 922 832 984 frustra
888 918 1112 973 laborari
1168 920 1235 972 ad
1287 919 1601 990 acquirendo
1640 918 2054 990 bonorum_ope—

531 1004 647 1040 rum
702 989 919 1054 merita,
975 992 1051 1042 vel
1109 988 1427 1044 orationibus
1471 991 1679 1052 insisti;
1716 988 1946 1056 quamvis
1976 990 2056 1039 in-

533 1060 891 1112 commutabile
917 1061 982 1113 sit
1017 1060 1108 1113 Dei
1140 1063 1461 1130 propositunt
1493 1076 1647 1131 super
1675 1059 1840 1113 salute
1871 1058 2055 1112 electo-

533 1147 670 1183 rum.

534 1263 732 1318 Contra
764 1264 901 1320 hanc
927 1266 1140 1320 invicta:
1167 1267 1410 1321 veritatis
1442 1263 1942 1335 splendidissimum
1975 1261 2059 1315 lu-

464 1372 582 1412 cem
613 1357 789 1411 solent
813 1359 1029 1427 quidam
1061 1373 1167 1412 non
1199 1360 1380 1413 sobrie
1412 1357 1594 1412 dicere
1614 1398 1629 1422 ,
1676 1353 1947 1424 superﬂuo
1991 1351 2055 1405 ad

468 1447 797 1516 acquirenda
827 1449 1093 1502 bonorum
1114 1463 1336 1516 operum
1362 1448 1553 1502 merita
1577 1445 1836 1507 laborari,
1860 1441 2059 1497 frustra

467 1539 631 1591 etiam
665 1540 1022 1606 orationibus,
1055 1539 1248 1607 quibus
1279 1539 1420 1593 Deus
1447 1542 1757 1592 exorandus
1785 1543 2056 1604 speratur,

469 1629 667 1698 insisti,
693 1631 734 1683 si
756 1645 824 1684 ex
843 1630 1276 1685 incommutabili
1302 1628 1580 1698 proposito
1602 1627 1717 1697 ejus
1739 1625 2060 1680 Christiana:

467 1719 654 1786 gratia:
685 1721 930 1775 subsistit
959 1720 1177 1786 electio,
1205 1735 1307 1775 nec
1349 1721 1508 1774 aliter
1543 1719 1830 1787 quidquam
1877 1729 2060 1785 proce-

469 1810 598 1865 dere
631 1821 828 1880 potest,
858 1827 1017 1881 quam
1062 1810 1465 1880 Otnnipotentis
1512 1810 1792 1865 voluntate
1831 1805 2067 1876 disposi-

471 1918 582 1962 tum
630 1915 732 1960 est.
787 1905 892 1960 Sed
939 1905 1029 1973 qui
1086 1914 1111 1941 ει
1163 1904 1268 1958 hoc
1310 1904 1592 1974 ingeniose
1634 1917 1694 1957 se
1732 1900 2068 1956 arbitrantur

471 2014 766 2070 opponere.
795 2013 900 2052 non
932 1998 1237 2066 intelligunt
1263 1999 1544 2052 scientiam
1571 1998 1686 2062 Dei,
1709 2011 1829 2065 quae
1852 2004 1910 2050 et
1933 2010 2065 2064 prte-

475 2093 658 2158 terita,
681 2099 737 2147 et
759 2091 1070 2160 prmsentia,
1099 2099 1151 2144 et
1179 2089 1351 2144 futura
1383 2089 1789 2158 complectitur,
1823 2095 2068 2156 tempore

475 2200 582 2238 non
617 2183 808 2250 teneri,
837 2191 891 2236 et
921 2191 1028 2235 tam
1059 2181 1112 2234 in
1142 2188 1436 2250 conspectu
1477 2179 1597 2249 ejus
1632 2186 1815 2234 astare
1854 2193 1918 2234 ea
1949 2193 2069 2246 qua:

481 2277 712 2350 gerenda
744 2284 888 2340 sunt,
915 2289 1072 2344 quam
1104 2275 1195 2328 illa
1227 2288 1350 2344 quae
1374 2284 1468 2328 aut
1491 2280 1773 2345 geruntur,
1803 2281 1895 2326 aut
1919 2281 2068 2341 gesta

477 2377 621 2424 sunt.
652 2368 802 2436 Quod
833 2383 954 2421 cum
981 2368 1326 2422 verissimum
1355 2366 1466 2437 sit,
1517 2380 1627 2422 non
1675 2365 1879 2434 indiget
1919 2379 2070 2418 mora

477 2460 800 2516 cernendiet
825 2457 1167 2514 discernendi
1193 2458 1280 2513 illa
1304 2460 1474 2513 virtus
1494 2473 1612 2528 quae
1635 2466 1895 2528 perpetuo
1916 2470 2072 2511 vero-

476 2569 582 2624 que
608 2554 770 2624 922
795 2554 1039 2608 contuitu
1066 2563 1247 2606 creata
1272 2563 1326 2607 et
1346 2553 1602 2621 creanda,
1628 2560 1745 2609 orta
1772 2564 1826 2610 et
1845 2554 2068 2617 oritura,

478 2653 594 2700 acta
625 2655 680 2699 et
706 2644 913 2714 agenda
942 2643 1100 2697 simul
1128 2643 1340 2712 aspicit,
1371 2652 1425 2697 et
1451 2643 1714 2714 quidquid
1759 2645 1815 2699 in
1858 2644 2074 2699 univer-

476 2739 634 2790 sitate
663 2752 844 2791 rerum
874 2751 969 2806 per
995 2737 1197 2791 saecula
1226 2737 1491 2806 praefinita
1522 2738 1813 2803 evolvitur,
1841 2752 1905 2792 ac
1935 2737 2074 2790 mul-

481 2828 694 2883 timodis
733 2828 1084 2883 varietatibus
1125 2829 1456 2896 explicatur,
1495 2827 1548 2882 id
1583 2837 1753 2883 totum
1783 2827 1838 2882 in
1868 2842 1934 2882 eo
1959 2826 2072 2896 jam

478 2923 668 2978 ordine
694 2921 1142 2992 comprehendit,
1193 2937 1350 2991 quem
1399 2937 1463 2977 ex
1509 2921 1677 2991 ipsius
1724 2935 1935 2976 summo
1978 2921 2073 2974 illo

482 3015 822 3086 perfectoque
857 3014 1065 3084 judicio
1096 3014 1280 3068 mundi
1313 3013 1469 3083 hujus
1501 3013 1626 3068 ﬁnis
1660 3014 1909 3084 accipiet.
1944 3013 2072 3067 Htec

2154 444 2252 498 bus
2275 448 2625 510 succurritur,
2652 447 2947 515 laboretur,
2972 450 3219 517 quoniam
3243 459 3298 504 et
3319 451 3421 504 hoc
3442 465 3471 503 a
3495 449 3746 504 salvaute

2153 539 2401 593 donatur.
2434 539 2558 594 Ideo
2586 539 2773 595 beatus
2793 540 3115 611 Apostolus,
3153 541 3278 596 Non
3322 543 3490 596 solum
3533 551 3703 596 autem
3725 584 3742 607 ,

2155 630 2359 698 inquit,
2384 629 2473 684 sed
2513 638 2561 684 et
2609 631 2896 701 gloriamur
2936 634 2989 686 in
3036 635 3448 688 tribulationibus
3479 649 3498 687 :
3535 635 3748 687 scientes

2153 720 2293 788 quod
2341 720 2596 775 tribulatio
2643 724 2940 789 patientiam
2985 735 3258 791 operatur,
3302 726 3548 792 patientia
3580 735 3749 778 autem

2157 812 2528 878 probationem,
2559 817 2794 882 probatio
2821 832 2938 870 vero
2963 833 3136 886 spent;
3162 833 3275 886 spes
3301 825 3471 870 autent
3503 833 3604 870 non
3629 833 3746 870 eon-

2157 902 2349 972 fundit,
2375 904 2494 972 quia
2519 903 2746 959 eharitas
2773 904 2869 960 Dei
2895 906 3089 973 diffusa
3117 917 3191 962 est
3219 909 3273 961 in
3301 908 3535 960 cordibus
3563 909 3751 961 nostris

2157 1009 2248 1063 per
2279 993 2533 1062 Spiritum
2569 1005 2826 1061 sanctum,
2866 1000 2951 1068 qui
2981 999 3132 1053 datus
3157 1008 3232 1052 est
3260 1000 3403 1053 nobis
3433 999 3607 1068 (Rom.
3642 1014 3695 1059 v.
3721 1000 3754 1053 5

2158 1092 2206 1136 et
2236 1082 2390 1154 seq.).
2424 1084 2664 1154 Itemque
2705 1087 2846 1143 idem
2879 1090 2944 1144 ad
2981 1090 3266 1158 Ephesios,
3294 1090 3495 1156 Gratia,
3544 1092 3752 1160 inquit,

2159 1173 2343 1227 saluati
2384 1175 2500 1229 estis
2539 1193 2628 1244 per
2668 1177 2854 1246 ﬁlem,
2901 1190 2947 1233 et
2973 1180 3070 1234 hoc
3097 1199 3197 1235 non
3222 1198 3284 1235 ea;
3313 1181 3472 1249 vobis,
3504 1181 3600 1236 Dei
3624 1185 3756 1236 enim

2161 1261 2354 1316 donum
2380 1275 2452 1318 est
2475 1282 2494 1330 ;
2521 1282 2625 1319 non
2650 1285 2714 1321 ea:
2741 1269 3005 1339 operibus,
3037 1288 3098 1324 ne
3118 1272 3230 1338 quis
3271 1272 3540 1342 glorietur.
3583 1271 3754 1344 Ipsius

2163 1354 2298 1406 enim
2322 1371 2499 1408 sumus
2527 1357 2860 1427 ﬁgmentum,
2891 1364 3045 1416 creati
3089 1363 3142 1416 in
3185 1362 3385 1418 Christo
3426 1365 3481 1418 in
3520 1367 3758 1432 operibus

2164 1444 2310 1499 bonis
2337 1488 2351 1512 ,
2390 1463 2506 1517 qua:
2543 1452 2851 1520 prteparavit
2894 1452 3034 1506 Deus
3077 1462 3132 1506 ut
3165 1455 3220 1507 in
3264 1455 3369 1508 illis
3421 1455 3756 1510 ambulemus.

2169 1533 2385 1606 (Ephes.
2414 1551 2470 1604 ιι,
2502 1537 2536 1592 8
2564 1547 2610 1593 et
2635 1542 2767 1611 seq.)
2801 1543 2942 1597 Deus
2973 1558 3101 1614 ergo
3124 1544 3205 1599 his
3232 1559 3368 1614 quos
3390 1543 3417 1580 ει
3448 1546 3613 1615 elegit
3644 1548 3759 1602 sin‘t

2166 1626 2396 1696 meritis,
2428 1630 2520 1684 dat
2542 1630 2685 1687 unde
2714 1643 2976 1689 ornentur
3003 1647 3058 1689 et
3085 1637 3310 1690 meritis.
3345 1637 3410 1691 Et
3447 1637 3645 1693 frustra
3683 1640 3759 1693 di-

2100 1731 2144 1789 B
2172 1721 2311 1774 citur
2329 1722 2472 1790 quod
2493 1726 2632 1778 ratio
2651 1725 2907 1793 operandi
2931 1741 3037 1780 non
3058 1727 3129 1780 sit
3154 1727 3205 1781 in
3225 1727 3435 1795 electis,
3459 1743 3579 1783 cum
3598 1732 3758 1784 etiam

2173 1818 2197 1845 ε
2224 1810 2291 1864 ad
2325 1811 2425 1867 hoc
2453 1823 2512 1867 ut
2539 1825 2834 1884 operentur
2861 1818 3021 1873 electi
3067 1821 3195 1873 sint.
3249 1819 3513 1874 Virtutum
3562 1825 3760 1892 quippe

2169 1916 2390 1956 munera
2419 1905 2592 1959 otiosa
2616 1921 2736 1961 esse
2768 1921 2873 1962 non
2905 1919 3151 1977 possunt.
3178 1911 3462 1977 Quoniam,
3495 1914 3632 1967 sicut
3658 1912 3760 1967 Ve-

2168 1997 2300 2051 ritas
2329 1998 2423 2063 ait,
2460 1997 2613 2053 Omni
2648 1999 2854 2055 habenti
2896 2002 3139 2070 dabitur,
3191 2020 3293 2056 non
3341 2003 3547 2058 habenti
3592 2016 3760 2058 autem

2167 2087 2322 2142 etiam
2346 2088 2484 2159 quod
2508 2089 2656 2144 habet
2682 2092 2946 2162 auferetur
2974 2093 3039 2146 ab
3065 2109 3124 2146 eo
3147 2092 3322 2164 (Matt.
3349 2110 3478 2159 xxv,
3501 2094 3620 2163 ‘19).
3642 2094 3758 2148 Non

2171 2179 2330 2251 igitur
2359 2180 2426 2234 ad
2455 2180 2559 2235 hoc
2594 2181 2754 2235 datur
2791 2183 3158 2250 continentia,
3206 2192 3266 2238 ut
3310 2185 3760 2252 concupiscentiis

2173 2286 2280 2324 non
2312 2280 2594 2342 repugnet.
2631 2272 2794 2344 923
2821 2273 2928 2328 Nec
2958 2272 3080 2328 ideo
3109 2274 3357 2345 cuiquam
3394 2275 3645 2329 tribuitur
3674 2290 3759 2328 sa—

2174 2363 2371 2433 pientia
2401 2372 2455 2418 et
2479 2362 2804 2429 intellectus,
2829 2373 2884 2418 ut
2909 2380 3017 2420 non
3041 2365 3128 2421 die
3155 2382 3218 2422 ac
3241 2374 3398 2422 nocte
3425 2365 3443 2404 ί
3469 2370 3523 2421 in
3549 2369 3760 2422 Domini

2175 2455 2290 2523 lege
2319 2454 2607 2511 meditetur
2632 2454 2805 2527 (Psal.
2830 2470 2868 2523 ι,
2893 2453 2973 2525 2).
3001 2456 3139 2522 Quid
3163 2457 3272 2527 agit
3296 2457 3494 2512 donum
3521 2457 3761 2513 dilectio—

2174 2548 2291 2611 nis,
2323 2547 2368 2602 si
2411 2547 2803 2603 benevolentia:
2846 2548 3150 2604 sollicitudo
3197 2565 3306 2603 non
3355 2550 3586 2621 vigilat?
3632 2551 3764 2618 Quis

2173 2637 2377 2694 fructus
2424 2646 2509 2694 est
2552 2638 2825 2708 patientiae
2851 2683 2865 2709 ,
2913 2640 2960 2694 si
3002 2655 3109 2696 non
3149 2640 3310 2696 habet
3335 2640 3589 2696 fortitudo
3618 2644 3765 2712 quod

2173 2734 2406 2789 toleret?
2433 2734 2540 2788 Aut
2566 2735 2837 2803 quomodo
2865 2736 2915 2788 in
2947 2732 3161 2790 Christo
3195 2738 3279 2805 pie
3305 2737 3486 2792 vivere
3514 2737 3596 2808 (ll
3625 2737 3765 2792 Tim.

2177 2823 2754 2897 ttt,12)sostenditur,
2785 2825 2875 2893 qui
2909 2825 3052 2878 nulla
3086 2828 3462 2892 persecutione
3490 2828 3768 2896 pulsatur?

2174 2911 2272 2967 Vel
2300 2927 2400 2981 pax
2432 2928 2551 2982 qua:
2577 2921 2660 2968 est
2686 2928 2714 2966 a
2747 2914 2855 2968 Deo
2880 2923 2938 2968 et
2968 2929 3090 2969 cum
3134 2915 3243 2970 Deo
3267 2957 3282 2981 ,
3325 2917 3579 2985 numquid
3632 2918 3771 2973 bene

2174 3005 2353 3074 quieta
2396 3013 2478 3059 est
2502 3044 2516 3070 ,
2563 3004 2608 3060 si
2655 3019 2760 3059 non
2791 3001 2822 3040 ιι
2850 3006 3124 3061 discordat
3151 3021 3180 3060 a
3213 3007 3451 3061 mundo?
3481 3009 3582 3062 Aut
3616 3023 3771 3063 amor

480 3115 659 3161 autem
684 3115 883 3161 aeterna
907 3114 961 3160 et
981 3119 1196 3174 semper
1217 3105 1502 3173 tranquilla
1525 3105 1783 3175 cognitio,
1808 3104 1954 3158 nulla
1974 3118 2070 3159 nos
2098 3106 2142 3166 C
2176 3099 2274 3154 Dei
2309 3098 2324 3138 ί
2358 3107 2534 3169 potest
2565 3099 2682 3154 sine
2703 3098 2900 3154 diaboli
2941 3099 3238 3154 inimicitiis
3277 3099 3551 3154 obtineri?
3589 3099 3772 3155 Nemi-

481 3209 636 3270 urget
656 3199 975 3254 necessitate
998 3197 1277 3267 peccandi,
1304 3212 1403 3252 nec
1425 3196 1549 3252 inde
1580 3205 1762 3251 manat
1789 3195 2069 3266 iniquitas,

483 3291 623 3344 unde
632 3290 860 3357 justitia.
875 3288 1008 3354 Quia
1028 3305 1146 3343 cum
1167 3290 1338 3344 bonus
1357 3289 1499 3342 Deus
1515 3288 1691 3343 omnia
1709 3289 1844 3342 bona
1861 3287 2072 3353 fecerit,

481 3379 510 3418 1³
534 3388 588 3434 et
611 3380 736 3432 ntali
762 3378 907 3432 nulla
928 3379 998 3432 sit
1020 3380 1241 3433 omnino
1272 3388 1483 3445 natura,
1510 3393 1540 3431 a
1567 3379 1752 3432 liberis
1779 3377 2071 3430 voluntati-

478 3471 602 3535 bus,
633 3483 766 3540 quas
796 3470 978 3538 utique
1013 3469 1210 3522 bonum
1247 3468 1345 3521 fuit
1372 3468 1570 3521 liberas
1601 3467 1740 3535 fieri,
1775 3476 2073 3536 spontanca

481 3571 566 3619 est
595 3571 713 3616 orta
741 3559 1127 3632 transgressio;
1161 3568 1216 3614 et
1247 3568 1436 3613 natura
1467 3558 1770 3624 mulabilis,
1802 3558 1956 3627 cujus
1987 3558 2069 3612 in-

477 3654 767 3712 columitas
812 3654 878 3708 ab
922 3651 1346 3708 incommutabili
1397 3651 1666 3721 pendebat
1719 3651 1994 3716 essentia,
2042 3663 2073 3703 a

478 3762 694 3802 summo
725 3761 783 3800 se
810 3746 974 3814 bono,
1012 3754 1034 3783 ε
1061 3743 1187 3798 dum
1227 3744 1444 3812 proprio
1475 3757 1728 3813 perverse
1755 3743 2071 3809 delecuttur,

477 3839 724 3908 abrupit;
755 3836 843 3891 cui
871 3851 1016 3892 nunc
1044 3836 1214 3889 ruinae
1246 3835 1491 3890 medetur
1518 3834 1692 3904 gratia
1721 3833 1838 3890 Dei.

1031 3946 1256 4003 CAPUT
1297 3946 1515 4001 XXXV.

479 4040 660 4095 Gratia
685 4041 840 4092 datur
866 4038 1058 4097 electis.
1091 4055 1194 4092 non
1222 4047 1276 4091 ut
1303 4040 1545 4102 otientur,
1570 4036 1646 4091 vel
1673 4054 1707 4090 a
1745 4036 1890 4091 nullo
1929 4041 2072 4092 hoste

543 4112 874 4178 impetantur,
893 4110 981 4163 sed
1004 4119 1058 4162 ut
1077 4110 1198 4163 bene
1219 4119 1509 4179 operentur,
1531 4119 1575 4162 et
1593 4109 1786 4162 hostem
1807 4111 2030 4162 vincant.

554 4203 621 4256 Et
641 4209 921 4270 propterea
941 4200 1095 4255 Jesus
1117 4200 1359 4254 Christus
1381 4201 1527 4254 venit
1547 4200 1599 4253 in
1625 4200 1766 4253 hunc
1789 4199 2070 4264 mundum,

480 4304 536 4348 ut
557 4292 718 4348 soluat
740 4306 895 4361 opera
920 4288 1112 4344 diaboli
1138 4289 1189 4362 (ι
1218 4289 1374 4343 Joan.
1405 4305 1483 4355 ιιι,
1516 4290 1609 4360 8);
1639 4305 1758 4360 quae
1786 4290 1967 4360 utique
1994 4291 2073 4345 sic

2177 3207 2298 3247 nem
2327 3204 2548 3260 prorsus
2575 3188 2668 3244 Dei
2693 3191 2861 3259 gratia
2893 3189 3260 3245 intentabilem
3297 3189 3447 3244 facit.
3479 3189 3665 3260 Neque
3695 3191 3771 3244 ob

2177 3287 2282 3339 hoc
2310 3282 2611 3338 caelestium
2640 3295 2911 3335 armorum
2943 3281 3190 3351 praesidio
3216 3298 3244 3335 a
3274 3282 3481 3338 dextris
3505 3292 3558 3336 et
3579 3297 3606 3335 a
3639 3284 3772 3335 sini-

2176 3378 2302 3430 stris
2326 3375 2608 3428 instruitur
2631 3373 2933 3428 Christiana
2967 3373 3179 3441 militia,
3211 3383 3271 3429 ut
3296 3375 3441 3427 nullo
3464 3389 3586 3429 eum
3613 3374 3772 3429 hoste

2176 3465 2449 3534 conﬂigat,
2483 3479 2604 3518 cum
2628 3463 2948 3518 laudabilius
2971 3464 3042 3518 sit
3067 3462 3081 3514 i
3114 3473 3273 3534 atque
3297 3464 3506 3521 felicius
3532 3480 3772 3536 pugnan-

2177 3567 2284 3612 tem
2316 3572 2422 3612 non
2456 3558 2690 3627 potuisse
2714 3555 2878 3620 vinci,
2912 3570 3073 3626 quam
3104 3556 3348 3612 desidem
3379 3571 3486 3611 non
3535 3557 3773 3626 potuisse

2176 3651 2397 3706 tentari.

2716 3741 2945 3799 CAPUT
2989 3741 3234 3797 XXXVI.

2229 3832 2430 3888 Electio
2455 3850 2557 3888 non
2593 3835 2723 3888 tollit
2753 3836 2936 3907 orandi
2963 3838 3217 3897 studium,
3250 3836 3337 3889 sed
3361 3838 3476 3907 ejus
3505 3835 3714 3903 eﬂ'ectus

2389 3921 2477 3976 per
2507 3907 2789 3960 orationem
2815 3916 2862 3960 et
2891 3906 3022 3960 bona
3059 3923 3211 3977 opera
3249 3906 3556 3975 completur.

2245 4019 2560 4074 Orationum
2606 4034 2735 4074 vero
2783 4018 3204 4075 sollicitudinem
3247 4019 3444 4074 divina:
3492 4019 3773 4074 electioais

2174 4112 2449 4179 preposito
2481 4125 2587 4164 non
2612 4110 2829 4177 resolvi,
2859 4125 2966 4164 uno
2993 4109 3302 4165 testimonio
3333 4110 3617 4164 evidenter
3652 4125 3724 4178 pr.
3747 4139 3775 4150 -

2173 4200 2334 4266 babo,
2369 4209 2428 4255 ut
2454 4211 2648 4255 cratera
2679 4200 2858 4254 studio
2895 4200 3176 4255 brevitatis
3221 4202 3491 4254 omittam.
3533 4200 3593 4255 In
3637 4200 3775 4253 libro

2176 4291 2336 4360 igitur
2365 4290 2549 4346 Tobiae
2578 4291 2644 4346 ad
2677 4291 2845 4347 ﬁlium
2870 4291 2988 4362 ejus
3015 4292 3238 4346 Tobiam
3277 4290 3517 4361 Raphael
3551 4289 3775 4361 angelus

555 4506 583 4534 ι
610 4493 806 4550 Leonis
833 4490 1018 4556 editio,
1046 4489 1154 4544 here
1176 4505 1229 4544 se
1254 4489 1529 4559 ingeniose.
1557 4488 1716 4556 Editi,
1739 4505 1792 4545 se
1816 4489 2076 4561 ingeniose
2101 4493 2154 4552 D
2179 4488 2275 4542 hoe
2301 4498 2356 4543 ut
2387 4477 2658 4559 operentur
2686 4491 2832 4544 electi
2861 4491 2981 4545 sint.
3013 4489 3257 4561 Concinit
3282 4489 3437 4561 plane
3455 4490 3618 4546 beato
3635 4493 3776 4561 Apo-

485 4569 601 4622 ltoe.
632 4565 729 4619 Ms.
762 4564 864 4618 Jol.
894 4563 1083 4616 ordine
1107 4576 1263 4629 supra
1296 4562 1517 4628 scripto.

557 4637 584 4675 δ
617 4637 712 4689 Ms.
742 4633 1013 4696 Joliensis,
1040 4641 1085 4685 et
1113 4632 1248 4684 mala
1273 4632 1418 4684 nulla
1446 4636 1512 4683 sit
1541 4631 1745 4684 omnino
1770 4637 1975 4684 natura.

561 4718 584 4744 ι
617 4707 714 4759 Ms.
757 4704 1011 4759 Joliensis
1049 4716 1152 4756 non
1193 4702 1350 4757 habet
1382 4717 1628 4773 perverse.
1660 4702 1836 4756 Editio
1860 4701 2074 4767 Leonis,

493 4779 611 4832 dum
641 4775 860 4846 prapriis
885 4775 1179 4846 delectatur.

558 4848 583 4885 ά
611 4840 748 4901 Oliui
777 4845 927 4910 editi,
957 4844 1113 4913 eligit.
1147 4842 1245 4897 Ms.
1272 4841 1375 4896 Jol.
1405 4853 1458 4896 et
1478 4840 1673 4896 Leonis
1696 4841 1882 4907 editio,
1908 4842 2080 4912 elegit.

561 4930 584 4956 ο
621 4919 690 4972 Ita
724 4915 1004 4982 legendum
1037 4928 1178 4976 esse,
1209 4927 1313 4966 non
1343 4929 1494 4975 vero,
1528 4922 1584 4966 ut
1611 4924 1765 4967 antea
1802 4914 2079 4981 legebatur

490 4992 543 5046 in
573 4989 752 5051 editis,
783 4988 848 5039 ad
876 4985 972 5038 hoc
993 4993 1264 5052 operentur
1289 4995 1341 5036 ut
1363 4985 1507 5038 electi
1532 4985 1669 5047 sint,
1704 4991 1757 5037 et
1794 4991 2080 5037 contextus

490 5061 659 5114 series
687 5056 994 5126 persuadet,
1020 5066 1075 5108 et
1106 5066 1210 5126 tota
1239 5054 1394 5122 hujus
1428 5055 1546 5126 libri
1573 5055 1917 5126 doctrina,Aet
1945 5069 2074 5126 mss.

491 5123 699 5185 Thttan;
729 5136 784 5181 et
811 5127 1086 5183 Jttliensis.
1115 5124 1359 5193 Objectio
1402 5124 1574 5189 enim,
1617 5124 1705 5178 cui
1743 5123 1924 5178 verbis
1963 5125 2080 5178 iStis

491 5200 772 5260 satisfacit,
803 5214 866 5251 ex
895 5213 958 5250 eo
989 5209 1105 5248 natu
1138 5207 1241 5261 est,
1275 5196 1416 5263 quod
1447 5205 1570 5249 ante
1595 5195 1850 5248 docuerat
1880 5195 1931 5247 in
1966 5195 2080 5247 haec

493 5273 704 5326 verba:
749 5269 827 5322 De
868 5267 1182 5336 plenitudine
1228 5265 1566 5336 membrorum
1613 5266 1842 5336 corporis
1888 5265 2081 5317 Christi

493 5341 811 5412 prwscientia
859 5333 989 5402 Dei,
1035 5352 1147 5412 quae
1186 5335 1300 5406 falli
1331 5353 1430 5388 non
1456 5344 1636 5400 potest,
1661 5333 1787 5387 nihil
1816 5335 2002 5412 perdit,
2035 5343 2082 5387 et

493 5408 635 5466 nullo
662 5411 958 5464 detrintento
983 5408 1143 5460 minui
1175 5415 1331 5474 potest
1357 5423 1557 5458 summa
1591 5408 1900 5476 praecognita
1929 5418 2080 5474 atque

491 5487 547 5536 in
578 5482 780 5537 Christo
805 5491 921 5533 ante
949 5478 1138 5532 stecula
1166 5487 1355 5530 teterua
1388 5477 1652 5545 praelecta
1677 5520 1691 5542 ,
1724 5492 1844 5544 cap.
1888 5476 1978 5530 35.
2021 5476 2077 5530 Si

498 5555 633 5614 haec,
665 5552 928 5618 inquiunt,
961 5549 1033 5603 ita
1057 5564 1116 5602 se
1147 5548 1378 5618 habent,
1409 5548 1543 5601 ratio
1580 5548 1825 5618 operandi
1864 5563 1964 5600 non
2006 5559 2078 5618 est

493 5624 684 5675 electis.
732 5616 898 5675 Immo
927 5661 941 5684 ,
993 5621 1190 5688 regerit
1228 5616 1337 5680 ille,
1369 5619 1599 5688 maxima
1633 5617 1766 5671 ratio
1793 5616 2073 5688 Operandi,

495 5708 616 5748 cum
649 5705 756 5747 non
787 5699 988 5747 tantum
1017 5687 1084 5744 ad
1117 5691 1216 5746 hoc
1242 5697 1301 5742 ut
1328 5687 1624 5754 salvantur,
1653 5688 1747 5743 sed
1788 5688 1977 5754 etiam,
2007 5687 2075 5740 ad

2179 4562 2318 4614 stolo
2345 4561 2410 4614 ad
2442 4562 2639 4628 Ephes.
2670 4577 2726 4622 tt,
2764 4562 2828 4616 10
2854 4579 2866 4614 :
2901 4563 3066 4614 Creatt'
3097 4563 3148 4613 in
3179 4559 3380 4614 Christo
3404 4560 3532 4614 Iesu
3566 4565 3618 4615 in
3649 4559 3775 4630 ope-

2177 4631 2317 4684 ribus
2345 4631 2514 4694 bonis,
2546 4647 2660 4699 quaz
2707 4634 3011 4702 praeparavit
3051 4630 3189 4684 Deus
3221 4639 3276 4682 ut
3310 4633 3364 4683 in
3403 4631 3507 4685 illis
3547 4635 3778 4688 ambule-

2176 4717 2320 4764 mus;
2350 4709 2405 4754 et
2430 4715 2547 4770 cap.
2575 4717 2614 4765 ι,
2641 4703 2699 4766 4,
2732 4702 2899 4772 Elegit
2936 4719 3026 4755 nos
3057 4705 3108 4754 in
3145 4703 3255 4768 ipso
3289 4710 3408 4754 ante
3442 4705 3624 4756 mundi
3652 4721 3779 4757 eon-

2176 4772 2512 4843 stitutionem,
2541 4781 2595 4824 ut
2624 4771 2843 4826 essemus
2865 4774 3052 4827 sancti.
3101 4771 3228 4825 Inde
3269 4773 3446 4826 hausit
3488 4773 3545 4828 S.
3592 4779 3780 4843 Augu-

2178 4841 2350 4896 stinus
2377 4842 2519 4910 quod
2550 4845 2745 4908 passim
2776 4843 2955 4908 docet,
2980 4843 3121 4912 quod
3146 4843 3524 4911 prazdestinatio
3544 4856 3618 4898 est
3643 4841 3780 4911 me-

2182 4913 2378 4979 paratio
2414 4912 2767 4981 beneﬁciorum
2797 4913 2915 4977 Dei,
2967 4913 3150 4982 quibus
3187 4914 3460 4965 certissime
3497 4915 3780 4968 liberantur

2179 4983 2480 5057 quicumque
2518 4985 2818 5057 liberantur.
2859 4983 3012 5057 Quod
3059 4982 3438 5057 praedestinatio
3479 4992 3552 5057 est
3597 4988 3782 5057 gratia

2181 5051 2510 5123 prteparatio.
2535 5052 2686 5119 Quod
2712 5051 2845 5106 Deus
2871 5053 3245 5123 prcedestinavit
3271 5069 3394 5122 quos
3421 5051 3617 5116 voluit:
3629 5067 3673 5108 et
3702 5057 3778 5108 ad

2181 5139 2335 5192 opera
2362 5125 2513 5186 bona,
2543 5132 2589 5176 et
2616 5123 2683 5176 ad
2715 5126 2924 5190 praemia
2963 5125 3292 5193 sempiterna.
3326 5125 3517 5189 Porro,
3554 5135 3610 5178 ut
3649 5126 3781 5178 sub-

2179 5193 2294 5260 jicit
2336 5202 2522 5248 auctor
2569 5202 2752 5248 noster
2777 5235 2792 5260 ,
2835 5198 3078 5247 virtutum
3107 5210 3317 5248 munera
3347 5196 3511 5248 otiosa
3536 5211 3640 5249 esse
3669 5211 3780 5247 tto.

2219 5274 2410 5318 assunt.

2182 5280 2410 5333 possunt.

2259 5332 2278 5372 ί
2317 5335 2412 5388 Ms.
2447 5333 2717 5399 Joliensis,
2745 5334 2797 5387 in
2830 5334 2925 5388 Dei
2954 5335 3080 5404 lege.

2258 5414 2282 5451 8
2317 5406 2415 5460 Ms.
2451 5404 2729 5468 Jolicnsis,
2759 5407 3004 5458 creditur.

2261 5473 2284 5510 ⁵³
2317 5475 2416 5528 Ms.
2447 5474 2716 5543 Jolieusis,
2749 5476 2977 5528 discedat
3003 5492 3035 5530 a
3056 5477 3268 5531 mundo.

2263 5543 2277 5581 ί
2315 5545 2477 5609 Edili,
2511 5548 2713 5613 poterit.

2259 5616 2272 5666 ἱ
2306 5615 2402 5672 Ms.
2423 5616 2768 5684 Cumberon.,
2787 5619 2960 5687 utique
2975 5629 3308 5691 pugnantem,
3328 5618 3528 5676 omisso
3544 5617 3772 5690 felicius.
