3972 6176
261 324 362 379 721

1066 314 1413 377 APPENDIX
1441 350 1511 361 —
1537 318 1830 376 CONCILII
1868 315 2284 375 ARAUSICANI
2322 315 2367 373 ll
2406 316 2744 375 CANONES.

3452 318 3560 374 792

254 435 427 491 dicit:
459 432 659 486 Memor
689 438 797 485 esto
842 430 1205 486 mandatorum
1251 432 1411 503 patris
1460 431 1534 484 tui
1557 474 1571 497 ,
1613 430 1856 501 quoniam
1884 432 1932 492 Α
1961 427 2192 484 humana
2220 428 2526 499 cognitione
2552 438 2787 496 secreto,
2822 427 3108 499 praeﬁnitio
3138 428 3297 499 hujus
3334 428 3560 485 electio-

253 523 497 594 prtecepit
526 522 616 574 tibi
646 522 876 592 accipere
907 538 1119 576 uxorem
1142 522 1207 576 de
1239 537 1420 591 genere
1453 522 1618 592 patris
1658 521 1754 574 tui.
1790 518 1859 574 Et

250 632 392 668 nunc
415 614 536 668 audi
563 631 662 677 me,
691 612 1003 684 fratermoli
1028 623 1325 681 computare
1362 613 1669 669 dwmonium
1700 610 1857 675 illud,

246 709 341 760 sed
389 707 595 777 postulo
643 723 778 762 eam.
824 704 896 760 Et
942 706 1071 761 scito
1116 706 1360 775 quoniam
1407 705 1611 759 dabitur
1640 705 1732 758 tibi
1760 703 1859 758 hac

244 808 399 852 nocte
429 814 559 851 uxor
582 814 603 853 :
631 806 678 852 et
708 813 825 851 cum
853 798 1122 852 intraveris
1160 798 1214 851 in
1257 797 1543 851 cubiculum
1566 838 1583 864 ,
1632 795 1753 850 tolle
1794 796 1858 849 de

235 874 421 948 iecore
457 891 612 961 piscis
649 890 790 944 illius
816 930 830 955 ,
863 898 911 944 et
940 890 1143 961 impone
1171 906 1329 955 super
1355 889 1623 957 carbones,
1654 898 1702 942 et
1729 888 1858 942 odor

237 983 501 1048 manabit,
532 993 578 1038 et
602 982 900 1037 odorabitur
924 983 1057 1037 illud
1087 982 1433 1047 dwmonium,
1470 991 1519 1037 et
1564 982 1762 1054 fugiet,
1808 990 1856 1036 et

241 1091 350 1129 non
374 1074 639 1146 apparebit
664 1078 799 1128 circa
825 1075 970 1129 illam
999 1075 1203 1128 omnino
1230 1075 1283 1128 in
1306 1084 1625 1144 perpetuum.
1651 1072 1856 1127 Etcum

238 1170 461 1236 caperis
490 1168 617 1222 velle
642 1184 749 1223 esse
774 1184 890 1221 cum
916 1167 1037 1233 illa,
1076 1168 1267 1238 surgite
1313 1167 1535 1233 primum
1575 1167 1726 1220 ambo
1750 1211 1764 1235 ,
1806 1176 1855 1221 et

236 1260 597 1326 deprecamini
627 1259 905 1313 Dominum
936 1260 1068 1327 cali,
1101 1269 1156 1314 ut
1177 1260 1325 1314 detur
1344 1259 1483 1313 vobis
1503 1257 1855 1313 misericordia

233 1360 295 1404 et
324 1352 540 1404 sanitas.
569 1349 636 1403 Et
657 1349 823 1422 924
844 1352 998 1405 nolite
1031 1351 1242 1415 timere;
1280 1350 1372 1404 tibi
1416 1350 1555 1405 enim
1601 1349 1855 1403 destinata

232 1452 323 1497 est
363 1454 481 1497 ante
504 1445 715 1511 uacula,
743 1452 791 1498 et
821 1453 875 1497 tu
902 1460 1015 1497 eam
1043 1443 1248 1498 sanabis
1275 1441 1428 1515 (Tob.
1468 1456 1541 1509 vr,
1570 1437 1631 1492 1‘2
1662 1440 1849 1511 seqq.).

230 1536 505 1602 Quamvis
531 1551 659 1605 ergo
688 1536 833 1607 quod
864 1537 1049 1591 statuit
1078 1536 1220 1591 Deus
1245 1535 1389 1590 nulla
1428 1534 1601 1604 possit
1641 1533 1853 1588 ratione

233 1643 357 1681 ιιυη
387 1628 525 1693 ﬁeri,
551 1628 723 1683 studia
754 1636 929 1684 tamen
960 1642 1064 1683 non
1095 1628 1355 1684 tolluntur
1380 1625 1599 1692 orandi,
1630 1638 1732 1680 nec
1755 1639 1851 1694 per

229 1707 528 1777 electionis
552 1721 885 1791 propositum
908 1721 1062 1776 liberi
1084 1720 1288 1775 arbitrii
1312 1719 1528 1775 devotio
1552 1718 1844 1773 relaxatur:

1959 518 2044 575 nis
2072 520 2381 576 abscondita
2410 528 2515 576 est.

2494 590 2721 645 CAPUT
2758 590 3024 646 XXXVII.

1961 660 2043 733 De
2062 661 2205 733 nullo
2230 670 2347 715 ante
2369 662 2524 733 finem
2542 664 2661 733 vita:
2690 662 2841 733 hujus
2870 662 3194 729 pronuntiari
3237 672 3400 733 potest
3419 663 3558 728 quod

2028 732 2082 805 in
2110 731 2389 805 electorum
2416 732 2671 805 gloriasit
2701 731 2944 801 futurus;
2983 743 3030 787 et
3072 731 3266 787 nullius
3303 734 3438 805 lapsi
3481 745 3557 789 est

2029 802 2349 871 desperanda
2378 804 2658 872 reparatio.

2030 891 2099 947 Et
2125 892 2193 948 de
2221 893 2369 947 nullo
2413 902 2542 948 ante
2587 894 2752 961 ipsius
2797 893 2956 949 ﬁnem
2999 897 3333 963 pronuntiari
3376 905 3556 967 potest

1956 984 2097 1055 quod
2126 984 2178 1037 in
2209 983 2502 1039 electorum
2526 985 2693 1053 gloria
2722 984 2791 1039 sit
2829 984 3069 1052 futurus,
3102 996 3158 1042 ut
3198 1002 3552 1057 perseveran-

1955 1086 2063 1133 tem
2096 1076 2455 1131 humilitatem
2485 1076 2627 1130 utilis
2651 1085 2830 1131 metus
2853 1087 3054 1145 servet,
3082 1088 3134 1133 et
3154 1081 3243 1149 qui
3262 1089 3362 1134 stat
3384 1080 3553 1149 videat

1955 1183 2020 1221 ne
2055 1166 2207 1221 cadat
2245 1166 2296 1237 (l
2326 1165 2446 1221 Cor.
2484 1183 2540 1235 x,
2572 1165 2697 1231 12);
2727 1166 2755 1205 ι’
2786 1175 2841 1222 et
2884 1169 2929 1223 si
2977 1168 3115 1224 forte
3160 1170 3335 1240 aliqua
3378 1172 3553 1225 victus

1956 1260 2249 1315 tentatione
2290 1262 2555 1314 corruerit
2579 1300 2594 1323 .
2647 1275 2755 1314 non
2796 1262 3151 1317 absorbeatur
3175 1264 3417 1330 tristitia,
3449 1280 3551 1320 nec

1952 1351 2023 1406 de
2063 1350 2178 1419 ejus
2216 1350 2563 1405 miseratione
2601 1349 2809 1405 tliflidat
2842 1353 2931 1421 qui
2974 1353 3161 1407 allevat
3203 1371 3376 1409 omnes
3410 1367 3432 1395 ε
3460 1356 3551 1427 qui

1953 1452 2224 1509 corruunt,
2255 1450 2301 1496 et
2329 1443 2479 1512 erigit
2500 1459 2673 1497 omnes
2692 1444 2844 1498 elisos
2866 1444 3038 1514 (Psal.
3065 1462 3247 1515 cxuv,
3273 1447 3385 1517 14).
3411 1449 3549 1504 Dum

1952 1533 2098 1589 enim
2132 1533 2186 1586 in
2216 1534 2319 1587 hoc
2342 1547 2572 1601 corpore
2603 1534 2821 1600 vivitur,
2856 1536 3055 1592 nullius
3079 1535 3105 1573 ά
3128 1547 3213 1592 est
3235 1539 3549 1610 negligenda

1950 1626 2236 1689 correctio,
2271 1625 2467 1682 nullius
2493 1634 2575 1682 est
2603 1626 2940 1697 desperanda
2971 1630 3261 1699 reparatio.
3291 1631 3422 1688 Oret
3449 1633 3549 1689 ita-

1952 1733 2057 1787 que
2079 1727 2262 1772 sancta
2295 1718 2557 1783 Ecclesia,
2589 1727 2644 1773 et
2671 1734 2767 1787 pro
2797 1720 2865 1775 iis
2903 1725 2993 1790 qui
3034 1723 3384 1779 crediderunt
3419 1741 3547 1795 gra-

228 1828 371 1867 cum
417 1811 705 1882 implenda:
744 1811 1037 1867 voluntatis
1082 1810 1180 1866 Dei
1227 1811 1303 1866 ita
1342 1809 1412 1866 sit
1457 1810 1847 1880 praeordinatus
1877 1810 1921 1867 Β
1953 1812 2053 1865 tias
2082 1826 2280 1881 agens,
2332 1810 2700 1881 proﬁcientem
2746 1811 2824 1867 eis
2866 1815 3321 1882 perseverantiam
3364 1825 3541 1885 petat;

226 1905 512 1972 effectus,
555 1914 617 1960 ut
660 1920 757 1975 per
793 1904 1033 1961 laborem
1074 1918 1318 1974 operum,
1371 1917 1469 1972 per
1524 1902 1836 1956 instantiam

229 2007 268 2035 -
301 1998 775 2068 supplicationum,
804 2012 901 2068 per
924 1997 1181 2053 exercitia
1209 1996 1465 2050 virtutum
1498 1993 1628 2049 fiant
1655 1994 1836 2048 incre-

227 2100 426 2144 menta
458 2090 810 2156 meritorum;
837 2098 893 2145 et
921 2092 1011 2160 qui
1042 2090 1180 2144 bona
1211 2088 1497 2159 gesserint,
1529 2104 1635 2142 non
1660 2087 1837 2142 solum

224 2181 541 2237 secundum
574 2184 905 2252 propositum
939 2182 1053 2247 Dei,
1083 2181 1178 2238 sed
1205 2181 1368 2236 etiam
1407 2180 1703 2235 secundum
1740 2193 1836 2234 sua

227 2277 436 2329 merita
465 2282 810 2328 coronentur.
833 2273 914 2329 Ob
944 2272 1047 2327 hoc
1088 2273 1232 2328 enim
1277 2273 1329 2327 in
1368 2270 1730 2327 remotissimo
1768 2272 1838 2326 ab

310 2397 338 2457 ς
374 2386 472 2443 Ms.
502 2387 848 2448 Camberon.,
877 2387 1299 2457 supplicantium.

308 2456 341 2496 δ
369 2459 469 2513 Ms.
501 2460 690 2514 Camb.
719 2467 774 2513 et
795 2456 1013 2524 Jol.,ac
1033 2459 1076 2512 si
1102 2460 1254 2528 forte.

1941 1917 2039 1973 pro
2070 1903 2135 1957 iis
2164 1911 2341 1956 autem
2362 1902 2454 1972 qui
2476 1910 2626 1958 extra
2651 1900 2812 1957 ﬁdem
2833 1913 2979 1969 sunt,
3005 1913 3191 1974 poscat
3218 1916 3274 1959 ut
3294 1905 3537 1960 credant.

1940 1990 2052 2048 Nec
2077 1991 2200 2047 ideo
2223 1991 2292 2045 ab
2315 1991 2779 2047 obsecrationibus
2806 2003 3014 2058 cesset,
3047 1995 3093 2048 si
3136 2010 3232 2064 pro
3267 1996 3543 2064 aliquibus

1938 2085 2188 2141 exaudita
2238 2100 2342 2140 non
2394 2084 2575 2141 fuerit.
2629 2085 2772 2140 Deus
2820 2085 2965 2140 enim
3014 2086 3103 2155 qui
3137 2104 3312 2143 omnes
3341 2088 3444 2142 vult
3473 2090 3542 2141 ad

1940 2179 2251 2248 agnitionem
2285 2178 2509 2232 veritatis
2536 2178 2705 2232 venire
2731 2177 2786 2248 (Ι
2815 2177 2953 2233 Tim.
2986 2194 3046 2249 ll,
3088 2178 3167 2251 4),
3213 2199 3322 2238 non
3366 2190 3541 2250 potest

1941 2286 2263 2342 quemquam
2292 2271 2409 2326 sine
2430 2270 2641 2342 justitia
2671 2269 2928 2326 refutare.

2017 2395 2042 2456 εξ
2078 2385 2215 2441 Editi
2245 2384 2399 2450 alias,
2423 2387 2511 2456 qui
2537 2394 2713 2439 ruunt.

2016 2453 2044 2493 δ
2070 2457 2128 2511 In
2159 2472 2259 2512 ms.
2285 2453 2508 2512 Joliensi
2538 2456 2802 2512 omittitur
2830 2464 2902 2512 est
2931 2456 3033 2511 hoc
3060 2456 3196 2511 loco.

1421 2642 2358 2769 APPENDIX.

1686 2828 1796 2889 AD
1837 2826 2103 2890 OPERA

696 2947 845 3095 s.
951 2946 1957 3097 PROSPERI—
2045 2944 3068 3128 AQUITANI.

230 3222 349 3278 Hic
410 3219 549 3291 liberi
588 3216 657 3291 de
685 3216 804 3271 Vita
830 3215 1258 3291 Contemplaliva
1297 3257 1314 3284 ,
1372 3225 1430 3291 ut
1458 3217 1550 3291 qui
1578 3216 1639 3273 S.
1672 3215 1928 3291 Prospero
1968 3216 2035 3270 ab
2056 3215 2423 3269 eruditissimis
2446 3218 2567 3291 viris
2619 3235 2708 3287 per
2759 3220 2965 3289 longum
3028 3220 3270 3286 temporis
3328 3220 3533 3291 lapsum

309 3288 792 3363 fueritiadscriptus,
821 3289 875 3341 in
908 3289 1142 3363 omnibus
1172 3287 1495 3363 anjeafdi‘tis
1521 3287 1775 3363 exstabat.

1855 3304 1911 3343 os
1952 3303 2091 3349 vero,
2119 3292 2241 3355 quia
2263 3289 2762 3358 jamdudumverum
2780 3290 3076 3359 dignoscere
3090 3300 3348 3344 auctorem
3364 3289 3529 3359 licuit,

310 3356 363 3417 ct
419 3361 629 3433 aliunde
657 3356 961 3433 'in‘nostra
1003 3358 1277 3433 universali
1318 3356 1650 3433 [iibliothectl
1672 3375 1798 3414 suus
1826 3360 2005 3431 cuique
2055 3356 2297 3428 scriptori
2338 3361 2629 3431 assignatur
2665 3362 2806 3416 locus
2832 3356 2882 3416 et
2907 3365 3057 3428 ordo,
3088 3362 3181 3416 hoc
3222 3356 3529 3433 opusculum

310 3446 438 3488 tunc
473 3431 555 3485 edi
584 3428 877 3484 curabimus
911 3445 1027 3482 cum
1057 3437 1105 3483 et
1136 3428 1365 3483 Pomerii
1396 3444 1571 3500 apera.
1609 3428 1760 3484 EDl'l‘.

469 3714 549 3775 IN
583 3712 931 3778 CONCILII
960 3711 1439 3776 ARAUSICANI
1472 3711 1527 3772 ll
1546 3596 2401 3773 ΙξέἒῗΑΤῙΑ
2430 3712 2534 3773 ET
2569 3712 2862 3775 ΗΒΕΒο
2891 3714 3289 3776 ARBITRIO.

309 3816 579 3874 Omnibus
609 3818 779 3869 sancti
809 3814 1063 3884 Prosperi
1086 3814 1342 3883 operibus
1376 3812 1595 3884 annecti
1623 3815 1763 3867 solet
1797 3812 2083 3884 concilium
2117 3811 2504 3884 Arausicanum
2537 3816 2857 3880 secundum,
2885 3829 3120 3869 canones
3151 3813 3338 3883 viginti
3373 3816 3529 3883 quin--

222 3904 348 3953 que
378 3890 740 3956 complexum.
775 3886 838 3940 Et
865 3881 1057 3939 merito
1080 3881 1319 3955 quidem.
1344 3882 1725 3956 Nanrbujusce
1745 3883 1956 3956 concilii
1984 3883 2221 3956 decreta,
2253 3881 2347 3956 illa
2366 3884 2604 3956 maxime
2630 3886 2878 3953 dogmata
2917 3893 3157 3938 statuunt
3188 3881 3306 3951 qua:
3332 3881 3524 3956 contra

224 3951 705 4027 Semipelagianos
734 3957 1064 4026 Augustinus
1092 3951 1342 4027 primum,
1360 3969 1438 4027 ac
1463 3951 1658 4027 deinde
1688 3953 2349 4027 S._Prosper,_Augusti‘ni
2378 3952 2641 4008 doctrinae
2671 3951 2927 4009 strenuus
2956 3963 3195 4009 assertor
3219 3962 3276 4027 et
3302 3953 3522 4027 vindeg,

226 4022 623 4086 defenderant.
654 4028 792 4094 Quin
823 4022 988 4081 immo
1015 4022 1401 4091 ex'ipsissimis
1433 4022 1921 4095 utriusquePatris
1945 4025 2124 4078 verbis
2151 4023 2469 4095 concinnata
2501 4034 2760 4095 notantur
2783 4065 2799 4090 ,
2830 4041 2951 4080 cum
2982 4027 3091 4079 sint
3111 4040 3181 4080 ex
3203 4024 3432 4080 diversis
3455 4022 3523 4095 ,S.

226 4100 533 4169 Augustini
565 4099 713 4169 libris
756 4097 968 4160 hausta,
1014 4104 1072 4151 et
1096 4097 1375 4169 speciatim
1413 4110 1480 4169 ex
1508 4094 1790 4169 sententiis
1830 4095 1944 4169 illis
1965 4100 2220 4169 excerpta
2266 4094 2497 4169 quas‘S.
2529 4094 2764 4169 Prosper
2789 4095 2858 4151 de
2881 4095 3136 4169 operibus
3159 4096 3216 4150 S.
3240 4094 3523 4169 Augustini

225 4164 702 4238 coliegerat..Nec
723 4169 897 4222 solum
922 4182 989 4221 ex
1017 4164 1337 4238 Augustino,
1367 4165 1464 4220 sed
1490 4166 1653 4221 etiam
1682 4182 1747 4220 ex
1778 4166 2037 4238 operibus
2059 4180 2088 4218 a
2112 4166 2383 4238 Prospero
2408 4164 2527 4238 ipso
2559 4164 2678 4234 post
2701 4168 2985 4235 Augustini
3012 4165 3481 4238 obitum_exaratis
3510 4184 3524 4220 :

225 4234 517 4309 quorriodo
545 4255 609 4293 ex
642 4239 777 4293 libro
803 4247 987 4291 contra
1029 4234 1356 4309 Collatorem
1400 4237 1638 4309 decerpti
1664 4234 1900 4309 canones
1928 4238 1991 4301 6,
2026 4237 2057 4289 7
2084 4237 2367 4309 et8._Qua
2405 4234 3034 4309 episcoporumiillorum
3076 4236 3265 4309 agendi
3312 4234 3522 4309 ratione

228 4306 591 4367 siiauilestum
624 4321 727 4372 εει,
760 4310 1033 4375 probatam
1063 4309 1228 4362 fuisse
1255 4322 1283 4361 a
1313 4307 1560 4378 Patribus
1590 4308 1861 4378 Arausicae
1887 4306 2357 4371 convenientibus,
2389 4308 2837 4378 tutnAugustini,
2864 4317 2974 4362 tum
2995 4308 3279 4378 speciatim
3308 4306 3366 4362 S.
3397 4306 3526 4358 Pro-

228 4397 390 4451 spert
424 4382 590 4434 nostri
619 4380 967 4451 doctrinam:
996 4379 1158 4451 immo
1187 4379 1345 4451 etiam
1376 4392 1404 4430 a
1428 4376 1612 4431 Felice
1636 4376 1727 4451 iv,
1755 4378 2080 4451 qquRoma's
2109 4378 2351 4451 sedente,
2375 4385 2430 4432 et
2456 4377 2523 4451 ad
2552 4377 2607 4451 id
2624 4376 3035 4451 celebrandum
3054 4393 3148 4451 eos
3175 4377 3523 4451 adingnente,

226 4444 292 4504 «οἱ
324 4451 647 4505 auctoritate
676 4465 771 4503 sua
804 4449 1097 4510 muniente.
1127 4448 1363 4502 habitum
1393 4457 1475 4502 est
1499 4444 1810 4501 Concilium.
1842 4448 1968 4503 Haec
2010 4449 2208 4505 docent
2253 4448 2438 4502 Patres
2465 4449 2518 4502 iu
2552 4448 2874 4502 Praefatione
2907 4448 2989 4501 bis
3038 4447 3219 4501 verbis
3246 4464 3258 4499 :
3286 4444 3527 4499 Pervenit

229 4524 309 4575 ad
337 4538 433 4574 nos
459 4538 567 4574 esse
595 4520 796 4587 aliquos
824 4521 911 4588 qui
938 4519 1003 4571 de
1036 4520 1205 4589 gratia
1231 4527 1280 4571 et
1309 4518 1467 4571 libero
1491 4518 1704 4571 arbitrio
1732 4519 1902 4572 minus
1931 4529 2098 4587 caute,
2132 4531 2179 4572 et
2205 4535 2309 4572 non
2339 4518 2617 4572 secundum
2651 4519 2774 4587 [idei
2813 4518 3079 4572 catholica
3112 4517 3523 4589 simplicitatem,

228 4592 431 4647 sentire
460 4592 633 4643 velint.
669 4589 820 4644 Unde
838 4586 901 4642 id
926 4586 1091 4653 nobis,
1129 4588 1409 4642 secundum
1437 4589 1793 4642 auctoritatem
1814 4598 1863 4643 et
1894 4590 2295 4644 admonitionem
2314 4589 2460 4659 sedis
2492 4586 2809 4655 apostolicae,
2826 4590 3026 4659 justum
3050 4597 3095 4641 et
3122 4586 3528 4659 rationabileAvi-

231 4679 358 4716 sum
391 4673 488 4723 est,
517 4669 574 4713 ut
605 4677 771 4731 pauca
796 4677 855 4713 ca
902 4659 1027 4711 'tula
1049 4659 1111 4711 ab
1140 4659 1424 4728 apostolica
1446 4660 1590 4711 nobis
1623 4659 1742 4711 sede
1772 4660 2071 4713 transmissa
2097 4660 2162 4711 de
2185 4658 2357 4729 gratia
2388 4668 2436 4712 et
2467 4658 2624 4711 libero
2650 4656 2883 4720 arbitrio,
2920 4673 3034 4728 qutz
3060 4660 3124 4712 ab
3152 4657 3378 4727 antiquis
3421 4656 3528 4710 Pa-

234 4734 411 4784 tribus
438 4733 501 4784 de
526 4741 818 4784 sanctarum
841 4677 1228 4784 grinturarum
1250 4728 1590 4782 voluminibus
1612 4729 1665 4781 in
1688 4729 1785 4781 hac
1805 4745 1965 4782 causa
1985 4730 2173 4783 collata
2198 4738 2338 4784 sunt.
2367 4729 2435 4781 ad
2457 4728 2712 4781 docendos
2744 4744 2829 4782 eos
2863 4729 2951 4784 aui
2977 4729 3132 4782 aliter
3152 4745 3305 4784 quam
3329 4739 3528 4784 oportet

885 4746 909 4782 ί

234 4734 411 4787 tribus
438 4733 501 4784 dc
526 4741 818 4784 sanctarum

914 4731 1228 4795 ripturarum
1250 4728 1590 4782 voluminibus
1612 4729 1665 4781 in
1688 4729 1785 4781 hac
1805 4745 1965 4782 causa
1985 4730 2173 4783 collata
2189 4728 2338 4791 sunt,
2367 4729 2435 4781 ad
2457 4728 2712 4799 docendos
2744 4744 2829 4782 eos
2863 4729 2951 4799 qui
2977 4729 3132 4782 aliter
3152 4745 3305 4799 quam
3329 4739 3528 4796 oportet

230 4803 552 4866 sentiebant,
584 4801 648 4854 ab
676 4800 909 4854 omnibus
951 4799 1264 4853 observanda
1296 4800 1542 4869 proferre,
1581 4810 1627 4853 et
1654 4800 1889 4853 manibus
1920 4800 2106 4853 nostris
2129 4799 2442 4869 subscribere
2472 4797 2791 4869 deberemus.
2830 4797 2927 4853 Cui
2957 4797 3188 4854 coacilio
3224 4807 3406 4866 postea
3438 4812 3527 4851 as-

233 4888 467 4928 sensum
496 4887 649 4925 suum
672 4870 1219 4939 approbationemque
1238 4867 1603 4925 authenticam
1634 4869 1903 4924 concessit
1924 4868 2232 4925 Bonifacius
2257 4867 2295 4922 ll
2320 4867 2372 4922 in
2401 4868 2625 4937 epistola
2656 4872 2720 4922 ad
2746 4868 3042 4923 Caesarium
3075 4870 3441 4939 Arelatensem
3463 4870 3525 4939 in

237 4945 392 4997 hunc
423 4942 585 4995 tinem
616 4937 760 4995 data.
792 4940 850 4994 in
870 4937 1187 5007 quibusdam
1223 4955 1353 4994 vero
1383 4941 1495 4994 suis
1525 4942 1843 5007 canonibus,
1871 4943 2107 4994 maxime
2129 4941 2181 4994 in
2215 4950 2424 5003 octavo,
2454 4954 2521 4992 ex
2548 4939 2794 5007 professo
2823 4939 3011 4995 Patres
3051 4940 3122 4993 illi
3154 4938 3408 5009 rejiciunt
3445 4937 3525 4992 di-

235 5012 597 5068 stinctionem
637 5012 781 5065 illam
818 5025 976 5077 quam
1005 5010 1292 5064 Cassianus
1318 5010 1608 5065 collatione
1634 5010 1839 5065 decima
1868 5010 2026 5065 tertia
2058 5011 2422 5080 conﬂuxerat,
2450 5008 2683 5079 duplicis
2716 5014 2934 5079 generis
2970 5008 3484 5080 praedestinatornm
3504 5050 3521 5072 ,

236 5098 479 5152 quorum
516 5082 608 5135 alii
637 5081 843 5135 meritis
872 5081 1186 5152 quibusdam
1214 5081 1400 5152 gratiae
1433 5080 1635 5152 donum
1666 5090 2071 5152 praeverterent,
2101 5079 2387 5152 alii_nu|lis
2416 5082 2625 5134 meritis
2665 5081 3098 5149 prmcedentibus
3117 5094 3172 5152 -ξ
3203 5080 3314 5134 Deo
3354 5079 3529 5147 gratia

236 5149 602 5214 donarentur,
635 5166 900 5220 quamque
924 5149 982 5204 S.
1015 5150 1250 5217 Prosper
1280 5151 1398 5205 fuse
1427 5149 1698 5205 reietlera’t
1728 5151 1779 5204 in
1812 5151 1949 5205 libro
1976 5162 2162 5205 .ontra
2192 5150 2519 5205 CollatOrem
2549 5166 2646 5220 per
2678 5152 2842 5207 multa
2875 5153 3074 5219 capita.
3115 5150 3369 5204 Diversas
3391 5166 3525 5219 quo.

236 5238 352 5291 que
384 5222 873 5291 hujusce-auctoris
907 5221 1301 5291 Scripturarum
1332 5221 1720 5289 explicationes
1752 5220 1977 5289 singulis
2018 5220 2277 5276 membris
2302 5220 2596 5289 applicatas
2624 5223 2771 5277 circa
2800 5223 2958 5277 tinem
2989 5222 3211 5276 canonis
3243 5220 3316 5275 25
3342 5222 3527 5288 paucis

238 5290 429 5348 verbis
471 5294 666 5361 rejicit,
708 5293 789 5347 sic
826 5302 1065 5361 statuens
1090 5308 1102 5343 :
1128 5290 1245 5343 Hoc
1283 5293 1435 5344 etiam
1472 5292 1743 5345 salubriter
1779 5293 2077 5361 proﬁtemur
2115 5301 2164 5346 et
2198 5292 2472 5354 credimus,
2506 5292 2645 5361 quod
2679 5292 2734 5344 in
2759 5293 2899 5345 omni
2928 5309 3079 5360 apere
3109 5291 3261 5357 bono,
3302 5307 3402 5361 non
3433 5306 3527 5361 nos

240 5359 542 5434 incipimus,
573 5373 620 5415 et
639 5372 824 5435 postea
849 5378 943 5435 per
968 5359 1066 5435 Dei
1088 5362 1491 5435 misericordiam
1518 5362 1846 5435 adjuvamur,
1875 5359 1972 5435 sed
1996 5365 2104 5431 ipse
2125 5363 2270 5415 nobis
2290 5362 2447 5435 nullis
2473 5359 3045 5435 pi'wcedcntibusbonis
3076 5362 3271 5435 meritis
3291 5367 3340 5435 et
3368 5360 3526 5435 ﬁdem

239 5445 294 5487 et
312 5431 538 5488 antorem
564 5434 646 5487 sui
672 5433 813 5504 prius
841 5432 1089 5501 inspirat,
1128 5443 1182 5484 ut
1209 5441 1255 5504 et
1285 5434 1525 5503 baptismi
1554 5431 1873 5504 sacramenta
1900 5433 2124 5499 ﬁdeliter
2153 5431 2499 5503 requiramus,
2530 5442 2578 5486 et
2612 5443 2724 5503 post
2754 5433 3065 5504 baptismum
3090 5447 3204 5504 cum
3232 5431 3399 5504 ipsius
3426 5431 3527 5504 ad-

234 5506 545 5579 jutorio,_ea
574 5501 688 5579 qua}
722 5504 816 5579 sibi
845 5503 1179 5579 sunt_pl_acita
1207 5501 1420 5579 implere
1459 5504 1735 5579 possimus.
1753 5501 2373 5579 .Undeumanifestimimc
2398 5501 2706 5579 credendum
2736 5514 2806 5579 est
2835 5503 2972 5579 qugd
3010 5510 3057 5579 et
3083 5502 3237 5579 illius
3267 5501 3483 5555 latronis
3507 5540 3524 5567 ,

238 5571 397 5641 quem
442 5571 695 5628 Dominus
722 5574 790 5626 ad
819 5571 1048 5643 paradisi
1090 5574 1315 5642 patriam
1353 5571 1634 5637 revocavit,
1665 5583 1714 5627 et
1742 5571 1965 5628 Cornelii
1994 5571 2327 5635 centurionis.
2356 5576 2426 5627 ad
2451 5588 2603 5641 quem
2640 5575 2852 5642 angelus
2886 5573 3095 5628 Domini
3132 5574 3316 5625 missus
3358 5582 3452 5635 est,
3480 5581 3528 5622 et

245 5643 507 5711 Zacchwi,
535 5647 621 5710 qui
646 5642 826 5716 ipsum
847 5642 1125 5698 Dominum
1152 5646 1406 5714 suscipere
1433 5646 1636 5711 meruit,
1668 5644 1761 5698 illa
1794 5654 1901 5697 tam
1928 5643 2247 5699 admirabilis
2277 5645 2406 5714 ﬁdes
2435 5661 2537 5697 non
2564 5644 2663 5713 fuit
2693 5647 2759 5698 de
2781 5654 2988 5712 natura,
3028 5644 3117 5699 sed
3153 5644 3341 5696 divina
3367 5644 3526 5711 largi-

244 5718 368 5772 tatis
396 5718 605 5769 donum.

317 5786 623 5844 Arausione
652 5787 905 5843 convenit
935 5786 1047 5841 haec
1075 5784 1312 5855 synodus
1346 5784 1585 5841 secunda
1616 5797 1806 5856 quinto
1848 5800 2016 5843 nonas
2041 5784 2170 5842 Julii
2198 5799 2342 5843 anno
2378 5783 2582 5842 Christi
2607 5784 2739 5856 529,
2767 5797 2827 5845 ut
2857 5788 3109 5845 observat
3138 5784 3373 5843 lacubus
3410 5782 3525 5840 Sir-
