4040 6178
334 268 439 327 ηε

1365 268 1657 327 CONCILII
1692 267 2105 325 ARAUSICANI
2146 268 2187 323 II
2223 265 2559 324 CANUNES.

3505 272 3610 326 72-3

329 386 785 464 desiderantibus,
832 390 1175 459 conantibus,
1212 392 1605 458 laborantibus,
1638 392 1912 464 vigilanti-
1936 393 1988 453 Α
2014 390 2082 444 ab
2112 390 2206 445 illo
2227 390 2498 464 acciperet
2526 388 2667 464 quod
2700 390 3109 464 voverensigut
3138 389 3369 464 legitur:
3396 392 3522 464 Qui;
3545 393 3608 444 de

331 458 452 533 bus,
479 464 840 529 studentibus,
865 458 1192 532 petentibus,
1222 465 1611 533 qumrentibus,
1645 458 1911 533 ptilsauti-
2013 477 2170 515 manu
2201 470 2289 514 tua
2306 458 2595 530 accepimus
2625 460 2805 513 damus
2831 460 2922 514 tibi
2948 462 2991 531 (I
3016 458 3213 516 Parati
3234 478 3388 529 xxix,
3416 461 3535 530 14).

331 529 435 586 bus
485 535 642 589 ttobis
686 529 1110 588 miscricordiam
1160 529 1294 588 dicit
1323 537 1553 589 conterri
1599 529 1906 598 divinitus;

327 615 435 655 non
468 613 650 660 autem
693 615 749 658 ut
796 605 1100 671 credamus,
1149 605 1397 667 velimus,
1454 603 1534 660 vel
1581 605 1698 659 Ittec
1726 604 1907 658 omnia

325 673 465 745 sicut
484 684 700 743 oportet
737 689 899 745 agere
928 676 1222 737 valeamus,
1255 691 1351 743 per
1380 675 1704 730 inlusionem
1737 685 1792 729 et
1821 674 1907 728 in-

323 743 677 805 suirationem
704 743 879 800 sancti
910 744 1141 806 Spiritus
1170 746 1223 800 in
1251 746 1407 800 nobis
1436 748 1548 799 tieri
1575 747 1904 807 conﬁtetur;

322 820 378 863 et
401 824 495 868 aut
522 815 831 882 humilitati,
873 825 966 871 aut
992 816 1320 872 obedientite
1350 818 1600 871 humana:
1626 816 1911 885 subiungit

319 886 510 950 gratiae
540 887 890 954 adjutorium,
931 901 1031 941 nec
1059 896 1116 941 ut
1140 887 1458 943 obedientes
1478 898 1534 941 et
1566 887 1802 941 humiles
1829 889 1907 939 si-

321 969 442 1008 mus
495 956 661 1024 ipsius
696 958 883 1025 gratia:
927 958 1128 1012 donum
1172 973 1296 1013 esse
1338 961 1647 1024 consentit,
1700 956 1907 1011 resistit

320 1024 586 1097 Apostolo
634 1024 871 1094 «licenti,
930 1029 1067 1093 Quid
1120 1028 1276 1083 habes
1330 1028 1466 1097 quod
1516 1044 1617 1082 non
1664 1027 1907 1095 accepisti

318 1094 617 1239 ($625)",
649 1097 708 1165 7)
728 1099 750 1152 ?
771 1110 857 1154 et:
884 1098 1067 1154 Gratia
1090 1098 1185 1154 Dei
1214 1094 1405 1154 suntid
1417 1097 1555 1169 quod
1574 1114 1690 1153 sum
1716 1097 1759 1169 (I
1779 1094 1901 1154 Cor.

317 1178 409 1227 XV.
450 1178 566 1227 Συ).

319 1258 477 1322 Quod
507 1261 695 1315 nimius
725 1270 927 1317 natura:
967 1263 1150 1316 bonum
1189 1263 1401 1328 aliquod
1426 1262 1564 1331 quod
1586 1263 1657 1312 ad
1682 1259 1903 1313 salutem

389 1332 641 1415 pertineat
681 1335 906 1415 cogitare
934 1342 1023 1415 aut
1054 1332 1381 1415 eligeresine
1407 1332 1706 1415 gratiannon
1738 1331 1903 1400 possi-

387 1416 505 1453 mus
533 1401 688 1473 (Aug.
722 1400 811 1458 lib.
844 1405 907 1459 de
932 1404 1112 1459 Gratia
1125 1400 1351 1468 'Christi,
1384 1400 1500 1471 cap.
1528 1400 1645 1471 26).

390 1490 501 1567 VII.
530 1492 586 1567 Si
627 1494 750 1567 quis
787 1511 883 1565 per
912 1506 1117 1552 natura:
1148 1497 1389 1567 vigorem
1416 1496 1617 1550 bonum
1646 1492 1863 1567 aliquod
1883 1536 1899 1562 ,

312 1561 459 1629 quod
494 1564 559 1635 ad
588 1561 817 1621 salutem
847 1569 1079 1634 pertinet
1119 1561 1244 1622 vitii
1276 1577 1519 1631 aeternae,
1559 1561 1799 1635 cogitare
1843 1561 1902 1619 ut

310 1634 555 1707 expedit,
582 1644 676 1707 aut
700 1636 918 1707 eligere,
950 1640 1069 1693 sive
1089 1639 1336 1700 salutari,
1367 1637 1417 1691 id
1449 1644 1552 1699 est,
1576 1636 1900 1707 evangelicae

313 1704 685 1778 pr_:edicationi
708 1704 1015 1763 consentire
1047 1724 1207 1778 posse
1227 1706 1532 1770 conﬁrmat,
1556 1706 1893 1778 absqueiillu-

313 1776 615 1849 initiatione
655 1787 711 1832 et
752 1776 1101 1849 inspiratione
1140 1780 1377 1849 Spiritus
1423 1778 1635 1843 sancti,
1681 1777 1775 1849 qui
1803 1776 1896 1849 dat

310 1847 570 1902 omnibus
616 1847 935 1904 suavitatem
967 1859 993 1887 ι
1024 1852 1077 1904 in
1117 1847 1505 1906 consentiendo
1531 1857 1587 1903 et
1622 1848 1895 1903 credendo

310 1917 559 1989 veritati,
596 1920 850 1973 hteretico
874 1922 1068 1976 t'allitur
1097 1922 1311 1989 spiritu,
1340 1936 1447 1974 non
1476 1918 1779 1985 intelligens
1799 1933 1893 1974 vo-

309 2002 430 2040 cem
465 1988 556 2043 Dei
581 1989 630 2044 in
664 1990 953 2057 Evangelio
982 1988 1245 2047 dicentis:
1274 1991 1400 2047 Sine
1420 2006 1498 2043 nte
1526 1990 1657 2043 nihil
1686 1992 1897 2058 potestis

309 2060 481 2131 {acere
519 2060 698 2127 (Joau.
734 2077 826 2126 xv,
860 2059 948 2127 5);
987 2073 1041 2115 et
1094 2062 1222 2117 illud
1271 2060 1557 2129 Apostoli:
1591 2060 1714 2114 Non
1756 2060 1896 2131 quod

308 2130 486 2182 idonei
513 2133 669 2183 simus
696 2132 921 2200 cogitare
948 2134 1145 2200 aliquid
1179 2150 1211 2186 a
1241 2135 1408 2195 nobis,
1434 2132 1581 2199 quasi
1626 2148 1691 2186 ea:
1715 2130 1891 2197 nobis,

305 2201 400 2252 sed
424 2202 723 2269 suﬁcientia
751 2215 926 2256 nostra
950 2220 1013 2257 ea:
1037 2203 1145 2257 Deo
1183 2216 1253 2259 est
1280 2203 1347 2274 (ll
1379 2203 1499 2258 Cor.
1534 2220 1614 2269 ιιι,
1643 2205 1723 2273 5).

311 2291 591 2368 Ωιιοιίνρεν
617 2293 830 2368 liberum
858 2294 1125 2368 arbitrium
1164 2309 1229 2349 aa
1263 2298 1486 2367 gratiam
1511 2296 1755 2368 baptismi
1776 2311 1896 2368 per-

379 2366 549 2415 t-euire
576 2367 748 2418 nullus
779 2367 935 2431 possit
948 2364 1237 2489 ((Prosper.
1264 2364 1475 2448 'contra.
1496 2364 1632 2422 Coll.
1675 2364 1791 2439 cap.
1824 2366 1889 2435 2,

380 2433 437 2489 7.
468 2435 535 2487 18
555 2449 571 2489 :
593 2444 641 2487 et
668 2435 824 2489 Resp.
850 2441 917 2488 ad
985 2436 1150 2489 etimt.
1178 2439 1211 2489 6
1238 2436 1523 2489 Cassiani).

380 2433 437 2498 7,
468 2435 535 2487 18
555 2449 571 2497 ;
593 2444 641 2487 et
668 2435 824 2501 Resp.
850 2441 917 2488 ad
948 2433 1150 2504 deﬁnit.
1178 2439 1211 2493 6
1238 2436 1523 2507 Cassiani).

379 2523 515 2578 Vill.
549 2525 770 2601 Siquis
794 2528 930 2583 alios
960 2529 1350 2601 misericordia,
1378 2530 1518 2601 alios
1542 2545 1673 2586 vero
1702 2545 1800 2601 per
1826 2532 1892 2586 Ii-

302 2594 495 2669 berum
522 2594 803 2671 arbitrium
835 2599 1001 2667 (quod
1029 2601 1082 2654 in
1118 2594 1375 2671 omnibus
1402 2600 1493 2666 qui
1533 2603 1601 2657 de
1632 2594 1890 2671 praevari-

299 2675 518 2721 cattone
548 2669 706 2736 primi
753 2671 986 2725 hominis
1017 2670 1127 2726 nati
1157 2682 1301 2735 sunt,
1335 2681 1548 2727 constat
1583 2669 1706 2727 esse
1735 2674 1890 2726 vitia-

300 2737 475 2805 tum),
508 2740 573 2793 ad
602 2741 828 2808 gratiam
874 2742 1126 2810 baptismi
1168 2756 1327 2809 posse
1355 2745 1539 2798 venire
1565 2742 1845 2798 contendit
1870 2759 1887 2809 ;

293 2821 507 2886 adrecta
536 2811 641 2886 tide
667 2813 945 2886 probatur
983 2813 1213 2868 alienus.
1246 2812 1296 2867 Is
1333 2814 1478 2886 enim
1509 2830 1612 2869 non
1643 2814 1887 2886 omnium

297 2877 549 2959 liberum
566 2877 845 2937 arbitrium
877 2898 971 2950 per
1006 2894 1293 2959 peccatum
1329 2885 1485 2954 primi
1530 2884 1765 2939 hominis
1803 2900 1891 2939 as-

293 2950 435 3003 serit
461 2950 787 3007 iutirmatum
815 2971 827 3006 :
861 2963 954 3008 aut
982 2950 1133 3010 certe
1165 2956 1233 3009 ita
1282 2950 1467 3009 laesum
1502 2964 1674 3023 putat,
1723 2965 1779 3009 ut
1809 2963 1892 3009 ta-

298 3035 426 3097 men
473 3023 690 3097 quidam
723 3025 957 3089 valeant,
1003 3028 1122 3081 sine
1155 3026 1484 3081 revelatione
1517 3027 1633 3092 Dei,
1683 3037 1886 3097 myste-

294 3093 439 3144 rium
461 3093 649 3168 salutis
672 3104 885 3150 teternre
911 3111 1008 3168 per
1028 3098 1350 3168 semetipsos
1368 3100 1706 3168 conquirere.
1726 3093 1878 3164 Quod

292 3176 460 3239 quam
491 3164 561 3218 sit
584 3169 938 3239 contrarium,
972 3167 1086 3235 ipse
1119 3164 1379 3222 Dominus
1405 3164 1618 3239 probat,
1652 3170 1741 3238 qui
1774 3182 1878 3221 non

290 3233 531 3306 aliquos,
564 3235 660 3289 sed
691 3238 959 3292 neminem
990 3233 1055 3292 ad
1107 3253 1168 3293 se
1200 3253 1359 3306 posse
1398 3233 1583 3294 venire
1605 3233 1878 3303 testatur,

289 3304 398 3382 nisi
432 3319 589 3382 quem
630 3306 789 3382 Pater
814 3312 1097 3382 attraxerit
1141 3304 1323 3382 (loga.
1369 3326 1442 3376 γι,
1486 3309 1602 3382 41).
1647 3310 1795 3365 Sicut
1826 3322 1881 3363 et

288 3372 647 3452 Petroidicit:
683 3376 873 3432 Beatus
909 3395 959 3433 es
982 3372 1174 3452 (Simon
1207 3372 1475 3452 _Barjona,
1521 3372 1644 3452 quia
1689 3388 1880 3452 carort

286 3445 504 3523 sanguis
532 3463 633 3523 non
662 3452 898 3523 reretauit
931 3451 1042 3515 tibi,
1074 3453 1163 3504 sed
1196 3445 1355 3523 Pater
1376 3445 1636 3523 nteus'gui
1659 3453 1713 3504 in
1742 3449 1881 3505 cretis

286 3526 370 3567 est
400 3516 612 3593 (Matth.
642 3533 748 3593 XVI,
774 3520 911 3593 li),
946 3532 1001 3574 et
1029 3522 1317 3593 Apostolus
1344 3540 1356 3576 :
1406 3516 1572 3577 Nemo
1604 3532 1768 3593 potest
1799 3522 1882 3573 di-

288 3601 430 3645 cere.
487 3587 1387 3663 b__Domittutit;Jesunt'Christum,
1432 3596 1534 3649 nisi
1581 3587 1635 3647 in
1676 3592 1879 3663 Spiritu

287 3668 471 3712 sancta
502 3660 543 3729 (l
566 3658 685 3716 Cor.
716 3677 809 3725 xu,
841 3662 918 3729 3).

285 3749 375 3806 De
392 3754 659 3824 adjutorio
691 3753 783 3807 Dei
814 3772 907 3823 per
931 3757 1069 3880 q‘tézt‘t
1104 3755 1247 3894 ἕξςια
1283 3771 1561 3824 operantur
1605 3754 1875 3827 (Prosper.

370 3912 472 3987 IX.
494 3915 665 3969 Divini
711 3925 795 3969 est
831 3918 1093 3983 muneris,
1125 3933 1247 3971 cum
1276 3926 1333 3973 et
1363 3929 1510 3973 recte
1537 3919 1836 3987 cogitamus
1859 3959 1874 3986 ,

288 4001 349 4037 ei
379 3985 769 4053 pedesuostros
791 4003 821 4041 a
841 3987 1076 4042 falsitate
1103 3997 1159 4043 et
1177 3988 1437 4055 iniustitia
1464 4002 1484 4026 ι·
1509 3985 1873 4044 continemus.

285 4058 519 4131 Quoties
544 4058 689 4111 enim
720 4059 855 4112 bona
889 4060 1120 4128 agimus,
1153 4059 1295 4117 Deus
1320 4061 1374 4114 in
1403 4060 1560 4115 nobis
1589 4072 1751 4131 atque
1780 4077 1875 4114 no-

288 4129 525 4193 biscum,
561 4137 618 4180 ut
646 4144 956 4196 operemur,
1005 4141 1282 4199 Operatur.

287 4219 372 4273 De
402 4219 664 4290 adjutorio
688 4218 785 4273 Dei
813 4221 1045 4294 erunibus
1065 4236 1267 4289 semper
1295 4222 1624 4294 imploranda
1656 4220 1870 4294 (Prosp.

736 4302 913 4344 contra
951 4291 1138 4347 Collat.
1178 4309 1292 4364 cap.
1321 4292 1437 4363 24).

364 4382 434 4437 Χ.
458 4383 791 4453 Adjutoriuut
826 4386 914 4441 Dei
946 4387 1109 4441 etiam
1138 4385 1381 4441 renatis‘1
1410 4402 1473 4439 ac
1494 4388 1700 4441 sanctis
1730 4400 1875 4441 sem-

289 4469 392 4522 per
421 4468 499 4527 est
522 4455 937 4523 implorandum,
962 4471 1017 4510 ιιι
1042 4458 1109 4510 ad
1145 4459 1305 4513 linem
1336 4460 1531 4512 bonum
1558 4461 1867 4527 pervenire.

288 4527 377 4578 vel
402 4527 454 4578 itt
480 4526 619 4579 bono
644 4528 849 4595 possint
886 4543 1054 4595 opere
1084 4529 1401 4596 pet-durare.

285 4619 371 4673 De
395 4619 649 4674 oblatione
674 4628 904 4692 votorum
927 4622 1081 4692 (Aug.
1110 4622 1199 4677 lib.
1228 4638 1336 4677 xvtt
1369 4622 1433 4676 de
1458 4620 1567 4677 Civ.
1597 4622 1691 4677 Dei
1720 4641 1765 4676 c.
1800 4624 1865 4681 ις

826 4690 1015 4761 Prosp.
1039 4690 1185 4747 seut.
1214 4693 1330 4763 54).

363 4784 455 4839 XI.
479 4783 646 4839 Nemo
676 4784 966 4855 quidquam
1013 4784 1242 4842 Domino
1271 4796 1417 4843 recte
1444 4797 1684 4854 voveret,
1717 4798 1740 4825 ο
1768 4788 1871 4843 nisi

359 5016 383 5043 ι
411 5008 573 5077 Duae.
592 5017 644 5060 et
665 5004 857 5062 Colon.
873 5006 1128 5060 omittunt
1148 5005 1427 5062 in.blelius
1450 5006 1652 5062 Lovan.
1673 5019 1863 5077 etapp.

278 5091 419 5134 tom.
451 5076 496 5131 Χ
529 5082 665 5145 Aug.
712 5093 818 5131 non
844 5080 1118 5132 omittunt.

358 5147 384 5186 δ
416 5148 593 5201 Editio
616 5158 746 5201 tom.
784 5146 829 5201 Χ
858 5147 994 5217 Aug.
1026 5148 1078 5201 in
1121 5146 1377 5215 appeud.,
1406 5145 1661 5201 Dominus
1682 5147 1860 5201 Iesus.

278 5218 624 5287 Prosperiani
656 5219 778 5272 libri
808 5218 1005 5271 adcluut
1037 5221 1204 5273 textui
1236 5233 1415 5284 sacro,
1448 5218 1726 5272 Dominum
1773 5219 1866 5272 Je-

275 5305 416 5354 sum,
448 5304 633 5343 vocent
669 5289 826 5355 hanc,
859 5288 1138 5342 Christum.

356 5371 378 5398 ε
413 5359 503 5414 Sic
532 5360 756 5427 August.
786 5358 951 5413 editio
990 5369 1043 5413 et
1074 5360 1125 5413 in
1161 5359 1407 5414 Seutent.
1442 5358 1605 5413 libro.
1637 5358 1863 5425 Lov.in.,

278 5430 448 5485 Duae.
470 5441 524 5484 et
549 5429 744 5485 Colon.
778 5429 883 5495 hic,
917 5438 1163 5483 tenemus.

348 5500 375 5537 ά
410 5501 525 5582 Duo
552 5515 683 5555 mss.
726 5500 936 5556 scilicet
977 5500 1351 5573 Lugdunensis
1377 5508 1433 5556 et
1456 5499 1759 5562 Remeusis,
1804 5515 1865 5552 ac

274 5582 496 5627 sanatis.

351 5656 375 5682 ο
411 5643 739 5699 Emendatur
775 5659 842 5699 ex
874 5651 1019 5697 torno
1040 5641 1090 5697 X
1123 5643 1257 5711 Aug.
1294 5644 1344 5696 in
1376 5642 1613 5712 appentl.
1645 5650 1702 5695 et
1729 5642 1866 5695 libro

276 5718 435 5772 Sent.
463 5714 878 5785 PrOSperiznam
906 5717 1134 5783 Lovau,
1158 5712 1321 5770 Duae.
1351 5715 1403 5770 e't
1428 5714 1618 5769 Colon.
1642 5712 1746 5778 hic,
1777 5728 1865 5765 va-

2158 552 2349 618 Quales
2378 567 2472 605 nos
2519 549 2702 621 diligat
2731 549 2873 604 Deus
2918 549 3131 623 (Prosp.
3175 560 3307 607 sent.
3340 551 3457 622 56).

2081 640 2199 697 XII.
2257 642 2416 695 Tales
2457 655 2555 695 nos
2595 648 2743 695 amat
2782 640 2925 696 Deus
2970 642 3156 711 quales
3204 640 3368 696 futuri
3413 654 3600 698 sumus

2011 713 2181 782 ipsius
2202 712 2369 775 dono,
2393 726 2497 766 non
2518 713 2707 781 quales
2736 726 2921 766 sumus
2950 721 3137 768 nostro
3164 713 3382 767 merito.

2011 804 2090 858 De
2107 805 2431 874 reparatione
2453 802 2599 855 liberi
2625 800 2829 874 a_rbitrii
2856 802 3018 872 (Aug.
3044 803 3138 874 lib.
3163 818 3252 859 xtv
3273 803 3336 857 de
3356 801 3465 858 Civ.
3500 801 3598 858 Dei

2410 889 2457 927 c.
2493 875 2553 929 11
2586 888 2603 938 ;
2636 872 2828 944 Prosp.
2878 885 3012 927 seut.
3044 873 3195 945 152).
3282 896 3285 899 ·

2080 965 2219 1020 XIII.
2265 964 2559 1037 Arbitrium
2591 962 2610 1002 ί
2645 964 2935 1037 voluntatis
2966 967 3018 1020 in
3048 968 3225 1037 primo
3266 965 3485 1022 homine
3514 967 3597 1021 in-

2009 1034 2300 1107 tirmatum,
2332 1035 2431 1107 nisi
2464 1051 2560 1103 per
2585 1035 2811 1105 gratiam
2844 1034 3114 1107 baptismi,
3166 1054 3271 1093 non
3302 1046 3483 1107 potest
3504 1053 3564 1091 re

2009 1106 2185 1175 parari
2212 1124 2225 1160 :
2254 1105 2399 1175 quod
2422 1108 2717 1177 amissum,
2748 1107 2847 1161 nisi
2880 1105 2928 1159 a'
2957 1122 3065 1177 quo
3097 1109 3270 1175 potuit
3290 1105 3431 1172 dari,
3485 1125 3590 1162 non

2005 1186 2183 1246 potest
2211 1177 2384 1231 reddi.
2418 1176 2574 1233 Unde
2602 1179 2713 1245 ipsa
2738 1177 2950 1232 Veritas
2980 1176 3131 1246 dicit
3156 1196 3169 1232 :
3200 1179 3262 1234 Si
3295 1196 3385 1233 vos
3415 1177 3590 1234 Filius

2006 1245 2312 1315 liberaverit,
2340 1257 2462 1301 tunc
2490 1263 2603 1302 vere
2628 1247 2775 1302 liberi
2796 1249 2937 1301 eritis
2969 1245 3151 1320 (Joan.
3182 1264 3295 1313 \‘III,
3326 1251 3443 1319 56.)

2008 1337 2160 1403 Quod
2189 1346 2244 1394 ut
2274 1337 2547 1393 liberemur
2566 1355 2596 1390 a
2624 1338 2852 1410 miseria,
2880 1339 3233 1392 misericordia
3264 1336 3362 1394 Dei
3391 1354 3590 1410 praeve-

2395 1410 2601 1462 niantur
2631 1407 2842 1479 (Prosp.
2885 1418 3015 1463 sent.
3044 1410 3196 1480 211).

2073 1499 2215 1556 XIV.
2244 1500 2431 1555 Nullus
2462 1498 2627 1554 miser
2662 1500 2729 1553 de
2757 1512 3187 1569 quantacumque
3215 1500 3432 1556 miseria
3462 1501 3587 1556 libe~

2004 1582 2175 1641 ratur.
2210 1571 2311 1625 nisi
2342 1572 2431 1639 qui
2479 1570 2574 1641 Dei
2614 1570 2981 1626 misericordia
3036 1571 3391 1641 prmvenitur:
3444 1573 3585 1627 sicut

2002 1641 2132 1697 dicit
2156 1640 2435 1697 Psalmista
2464 1659 2476 1694 :
2519 1640 2631 1696 Cito
2662 1642 2905 1709 anticipet
2942 1640 3047 1695 nos
3079 1642 3431 1695 misericordia
3461 1651 3581 1705 tua,

2006 1711 2225 1765 Domine
2248 1711 2418 1783 (Psal.
2446 1726 2672 1774 Lxxvnt,
2704 1713 2759 1781 8)
2788 1727 2803 1776 ;
2850 1722 2905 1783 et
2931 1711 3083 1771 illud.
3116 1712 3254 1767 Deus
3285 1730 3449 1780 meus,
3483 1715 3579 1767 mi-

1927 1766 1973 1826 Β
1999 1766 2280 1837 sericam/ia
2308 1786 2419 1854 ejus
2445 1766 2713 1854 praeveniet
2742 1766 2824 1837 me
2851 1766 3024 1853 Psal.
3052 1766 3199 1849 ιξνιιι,
3237 1766 3347 1853 Il).

2002 1874 2153 1942 Quod
2174 1892 2265 1945 per
2294 1875 2516 1952 gratiam
2555 1873 2651 1928 Dei
2677 1876 2731 1928 in
2756 1877 2938 1952 melius
2974 1885 3196 1930 mutetur
3216 1876 3387 1952 ﬁdelis
3417 1876 3577 1952 (Aug.

2214 1945 2364 2000 sernt.
2407 1948 2460 1999 in
2490 1963 2569 2015 ps.
2600 1962 2791 2010 vattt;
2820 1945 3010 2015 Prosp.
3040 1960 3172 2001 sent.
3211 1948 3365 2019 225).

2067 2035 2185 2092 XV.
2234 2037 2316 2091 Ab
2357 2052 2423 2091 eo
2469 2037 2611 2107 quod
2670 2037 2917 2092 formavit
2968 2037 3139 2100 Deus,
3175 2048 3201 2085 ες
3228 2048 3462 2093 mutatus
3498 2050 3580 2094 est

1995 2107 2190 2171 Adam,
2232 2107 2325 2163 sed
2360 2108 2412 2161 in
2447 2108 2596 2176 pejus
2639 2123 2734 2176 per
2778 2108 3112 2177 iniquitatem
3156 2124 3345 2164 suam:
3398 2112 3467 2164 ab
3513 2126 3579 2165 eo

1995 2179 2135 2245 quod
2166 2188 2387 2247 operata
2417 2190 2502 2233 est
2552 2178 2826 2247 iniquitas.
2874 2186 3115 2233 mutatur
3144 2178 3338 2243 ﬁdelis,
3374 2181 3470 2235 sed
3522 2181 3575 2235 in

1996 2250 2187 2303 melius
2212 2264 2306 2318 per
2334 2250 2556 2317 gratiam
2592 2250 2702 2320 Dei.
2732 2249 2826 2303 Illa
2865 2264 2996 2320 ergo
3026 2252 3251 2320 mutatio
3287 2251 3391 2306 fuit
3431 2267 3575 2320 pra:-

1994 2321 2311 2374 varicatoris
2342 2320 2535 2388 primi;
2582 2318 2710 2378 haec.
2740 2319 3035 2374 secundum
3070 2318 3577 2389 Psalmistam,‘mu-

1994 2390 2122 2444 tatio
2147 2401 2219 2445 est
2241 2391 2464 2446 dexteris
2493 2390 2696 2445 Επειιὶ
2722 2388 2894 2461 (Psal.
2924 2406 3113 2455 uxvr,
3145 2391 3259 2461 11).

1996 2480 2149 2548 Quod
2166 2500 2254 2554 _e:c
2283 2499 2343 2537 eo
2391 2483 2530 2549 quod
2570 2483 2811 2554 habemus
2848 2500 2950 2537 non
2981 2485 3046 2536 sit
3073 2484 3434 2554 gloriandum.
3462 2502 3576 2539 cum

2063 2570 2128 2608 ex
2155 2552 2259 2606 Deo
2299 2554 2365 2607 sit
2396 2553 2558 2625 (Aug,
2604 2554 2667 2608 de
2696 2553 2840 2625 Spir.
2885 2563 2931 2608 et
2977 2552 3102 2609 Litt.
3135 2571 3183 2608 c.
3219 2555 3328 2620 28;
3378 2554 3571 2627 Prosp.

2062 2634 2191 2678 sent.
2221 2623 2374 2695 260).

2061 2715 2205 2771 XVI.
2239 2715 2406 2771 Nemo
2433 2732 2499 2770 ex
2547 2731 2614 2771 eo
2642 2715 2782 2786 quod
2824 2716 3040 2787 videtur
3064 2716 3265 2772 habere
3285 2716 3571 2787 glorietur,

1993 2797 2267 2857 tamquam
2291 2802 2394 2842 non
2422 2797 2721 2856 acceperit;
2751 2799 2840 2841 aut
2871 2786 2993 2841 ideo
3018 2802 3078 2841 se
3098 2796 3249 2856 putet
3276 2786 3570 2856 accepisse,

1992 2859 2114 2926 quia
2148 2858 2323 2912 littera
2375 2860 2715 2913 extrinsecus
2740 2904 2753 2926 ,
2787 2858 2868 2913 vel
2904 2865 2961 2911 ut
2999 2858 3265 2926 legeretur
3288 2857 3533 2926 apparuit
3555 2898 3571 2922 ,

1991 2928 2078 2982 vel
2111 2937 2169 2983 ut
2195 2928 2471 2982 audiretur
2493 2929 2749 2983 insonuit.
2775 2928 2903 2982 Nam
2933 2930 3073 2982 sicut
3094 2929 3385 2996 Apostolus
3410 2929 3570 2983 dicit:

1994 3000 2059 3071 Si
2081 3016 2169 3070 per
2195 2999 2358 3071 legem
2372 3001 2599 3071 justitia,
2623 3016 2742 3071 ergo
2773 2998 3005 3071 Christus
3049 2999 3209 3071 gratis
3238 3007 3470 3051 mortuus
3498 3008 3573 3052 est

1996 3068 2140 3139 (Gut.
2172 3086 2228 3132 ll,
2246 3068 2379 3137 2|).
2405 3070 2571 3123 Porro
2594 3068 2771 3123 autem
2795 3070 2838 3123 si
2862 3084 2966 3122 non
2993 3069 3160 3138 gratis
3191 3079 3430 3139 mortuus
3450 3078 3568 3139 est:

1908 3140 1954 3204 C
1986 3137 2275 3194 Ascendens
2296 3143 2346 3192 in
2369 3142 2531 3194 altum
2575 3142 2829 3207 captivam
2861 3137 3010 3192 duxit
3039 3138 3401 3204 captivitatem,
3426 3137 3571 3190 dedit

1986 3212 2127 3264 dona
2152 3210 2441 3264 hominibus
2473 3210 2790 3281 (Ephes.tv,
2814 3211 2879 3281 8;
2918 3208 3064 3281 Psat.
3100 3224 3264 3271 vau,
3290 3208 3401 3281 l9).
3442 3208 3571 3281 Inde

1984 3281 2167 3347 habet,
2192 3278 2511 3351 quicumque
2537 3280 2717 3335 habet.
2744 3279 2999 3348 Quisquis
3027 3287 3207 3351 autem
3238 3278 3359 3351 inde
3386 3294 3445 3333 se
3476 3279 3574 3333 ha-

1985 3352 2113 3422 bere
2142 3362 2333 3422 negat,
2382 3349 2474 3405 aut
2499 3366 2623 3422 vere
2656 3367 2761 3422 non
2791 3351 2971 3422 habet,
3001 3361 3091 3404 aut
3124 3349 3175 3405 id
3206 3349 3351 3420 quod
3384 3350 3568 3416 habet,

1982 3420 2259 3477 auferetur
2286 3425 2355 3477 ab
2380 3437 2445 3477 eo
2478 3421 2700 3491 (Matth.
2736 3437 2864 3487 xxv,
2885 3420 3005 3491 29).

1982 3531 2062 3587 De
2082 3534 2386 3605 fortitudine
2414 3531 2708 3605 Christiana
2733 3531 3012 3605 (Aug._lib.
3037 3548 3055 3588 ι
3080 3532 3182 3604 0p.
3215 3530 3357 3604 Imp.
3389 3550 3446 3587 ιι.
3467 3534 3567 3598 83;

2508 3603 2696 3673 Prosp.
2725 3603 2855 3658 sent.
2887 3603 3043 3673 297).

2056 3692 2215 3749 XVII.
2248 3693 2637 3748 Fortitudinem
2665 3693 2945 3762 gentilium
2979 3692 3245 3748 mundana
3275 3692 3563 3762 cupiditas,

1982 3764 2352 3819 fortitudinem
2379 3775 2556 3817 autem
2579 3763 3008 3817 Christianorum
3036 3764 3126 3817 Dei
3150 3764 3384 3818 cbaritas
3413 3763 3563 3829 facit,

1980 3850 2100 3903 qua:
2129 3833 2327 3899 di/fusa
2350 3846 2424 3888 est
2460 3836 2515 3888 in
2541 3834 2781 3887 cordibus
2813 3835 3021 3899 nostris,
3052 3850 3156 3887 non
3190 3850 3284 3903 per
3310 3833 3565 3886 volunta-

1983 3907 2051 3959 tis
2073 3908 2375 3969 arbitrium,
2400 3907 2492 3959 sed
2518 3921 2606 3973 per
2637 3904 2892 3973 Spiritum
2923 3913 3177 3970 sanctum,
3206 3905 3293 3973 qui
3318 3903 3468 3957 datus
3489 3912 3565 3957 est

1981 3976 2123 4101 vitabis
2142 3975 2319 4046 (liam.
2342 3993 2390 4031 ν.
2417 3976 2494 4046 5),
2519 3971 2545 4012 δ
2569 3971 2729 4030 nullis
2756 3974 2964 4030 meritis
2985 3971 3567 4045 gratiam’prtevettien-

1981 4059 2016 4099 ιι
2062 4063 2146 4100 us.

1981 4059 2146 4100 IlDllS.

1982 4138 2161 4194 Nullis
2192 4139 2384 4193 meritis
2408 4139 2627 4211 gratiam
2655 4139 2925 4211 prteveniri
2949 4139 3112 4211 (Aug.
3142 4140 3229 4211 tib.
3253 4154 3270 4194 ι
3296 4138 3396 4211 0p.
3421 4136 3561 4209 Imp.

2296 4227 2438 4263 num.
2473 4210 2607 4276 135;
2653 4208 2899 4280 Prosper.
2924 4208 3239 4279 sentf299).

2048 4303 2235 4359 XVIII.
2270 4304 2504 4359 Debetur
2546 4318 2753 4358 merces
2808 4306 2964 4359 bonis
3008 4304 3282 4371 operibus,
3316 4302 3359 4356 si
3393 4301 3561 4366 ﬁant;

1977 4381 2072 4430 sed
2099 4376 2290 4445 gratia,
2321 4391 2443 4445 qua:
2466 4390 2570 4428 non
2604 4374 2855 4443 debetur,
2888 4375 3146 4443 prmcedit
3179 4384 3235 4427 ut
3267 4375 3419 4426 tiaut.

1981 4486 2255 4540 Neminem
2277 4486 2375 4539 nisi
2398 4483 2506 4555 Deo
2534 4486 2810 4555 miserante
2850 4485 3037 4537 salvari
3064 4484 3221 4555 (Aug.
3247 4484 3398 4553 epist.
3434 4483 3560 4551 186,

2397 4573 2451 4610 n.
2476 4554 2572 4621 57;
2601 4554 2840 4625 Prosper.
2872 4564 3001 4608 sent.
3024 4553 3173 4623 510).

2046 4648 2194 4703 XIX.
2222 4647 2417 4702 Natura
2444 4648 2697 4707 humana,
2723 4647 2884 4699 etiam
2913 4646 2956 4698 si
2986 4646 3039 4699 in
3063 4646 3148 4700 illa
3170 4645 3477 4715 integritate
3509 4647 3561 4700 ιιι

1976 4735 2078 4775 nua
2120 4728 2205 4774 est
2232 4718 2443 4774 condita
2478 4725 2841 4786 permaneret,
2893 4716 3042 4769 ttullo
3088 4716 3248 4772 modo
3296 4718 3559 4783 seipsant,

1976 4789 2233 4845 Creatore
2278 4804 2381 4844 suo
2425 4804 2532 4843 non
2561 4788 2883 4857 adjuvaute,
2936 4796 3200 4844 servaret.
3244 4787 3397 4843 Unde
3441 4803 3561 4842 cum

1970 5009 2133 5070 verit,
2192 5007 2294 5061 nisi
2333 5006 2395 5060 ab
2440 5006 2532 5061 illo
2587 5006 2863 5074 acceperit,
2910 5006 3044 5060 sicut
3095 5004 3314 5075 tegitur:
3350 5008 3565 5059 caeteris

1970 5078 2203 5131 otnis.~is.
2230 5079 2468 5131 Titulum
2493 5094 2707 5148 quoque
2728 5094 2790 5133 ex
2813 5078 2951 5131 libro
2970 5078 3372 5148 Sententiarum
3400 5092 3561 5145 supra

1971 5149 2117 5203 edito
2148 5146 2523 5210 correximus,
2554 5150 2841 5212 oblatione,
2874 5149 2991 5203 lOCO
3020 5147 3171 5201 vot-is
3213 5146 3559 5217 obligatione,

1972 5235 2091 5289 quae
2120 5220 2281 5272 etiam
2317 5221 2366 5271 in
2395 5222 2628 5288 appetiti.
2663 5220 2890 5282 August.
2927 5218 3167 5286 irrepsit.

2051 5288 2069 5326 ί
2095 5289 2348 5343 Nonnulli
2374 5306 2531 5356 tttss.,
2560 5291 2839 5343 Arbitrium
2866 5289 3132 5341 libertatis.

2048 5369 2072 5406 Β
2102 5361 2326 5419 L0van..
2350 5360 2514 5415 Duac.
2545 5372 2599 5415 et
2624 5360 2840 5420 Culum,
2868 5368 3117 5411 mutatur.

2048 5427 2076 5466 ¹ι
2101 5431 2223 5485 Ηεεο
2256 5432 2417 5486 verba
2442 5432 2509 5483 ad
2536 5432 2695 5484 tinent
2726 5428 2950 5483 canonis
2981 5430 3042 5482 l7
3069 5428 3316 5495 leguntur
3338 5429 3388 5483 in
3412 5427 3561 5484 codi-

1975 5502 2128 5554 cibus
2174 5501 2422 5569 Prnsperi
2469 5502 2700 5561 Lovan.,
2758 5500 2919 5552 Duac.
2952 5508 3007 5553 et
3036 5498 3226 5553 Colott.
3272 5500 3392 5553 ltic:
3450 5516 3558 5553 non

1977 5586 2105 5625 vero
2131 5574 2183 5625 in
2212 5572 2447 5625 editione
2491 5583 2619 5623 tom.
2654 5570 2696 5623 x
2728 5570 2890 5636 Oper.
2917 5569 2973 5623 S.
3005 5569 3168 5639 Aug.,
3198 5585 3296 5624 nec
3324 5572 3374 5626 in
3418 5581 3558 5626 seut.

1973 5642 2103 5707 295,
2159 5657 2258 5696 nec
2300 5644 2349 5695 in
2394 5642 2530 5694 libro
2555 5643 2718 5706 Oper.
2772 5640 2990 5707 Imperi.
3032 5654 3217 5696 contra
3266 5645 3558 5699 Iulianum.

1977 5713 2140 5768 Forte
2166 5713 2270 5768 huc
2301 5713 2632 5781 irrepserunt
2664 5727 2729 5767 ex
2762 5713 2917 5767 titulo
2942 5714 3165 5769 canonis
3195 5717 3488 5781 sequentis.
