3972 6176
407 237 509 293 727

1247 226 1339 281 AD
1377 224 1606 280 OPERA
1645 223 1703 278 S.
1747 218 2080 276 PROSPERI
2120 214 2448 285 AQUI'IANI
2486 210 2849 270 APPENDIX.

3570 209 3685 267 ’128

407 349 526 401 sine
551 342 722 415 gratia
751 342 849 398 Dei
890 342 1117 415 salutem
1154 354 1271 415 _no_n
1314 340 1485 415 possit
1528 336 1800 415 custodire
1835 351 1993 406 quam
2024 335 2072 394 Α
2100 345 2373 415 cereique.
2395 323 3562 415 .Diﬁ‘u'nditenimmeltaritaeem-i‘megrdibue
3590 343 3687 415 ne.

409 409 639 483 accepit,
688 413 961 483 quomodo
994 411 1114 467 sine
1154 410 1249 467 Dei
1284 411 1456 481 gratia
1498 409 1694 479 poterit
1742 421 1999 477 reparare

411 496 439 524 ι
467 482 627 556 quam
664 482 933 554 perdidit?

412 576 565 631 Nihil
590 575 707 627 boni
745 576 1007 641 hominem
1049 587 1198 641 posse
1237 571 1348 641 sine
1386 568 1497 624 Deo
1529 568 1689 641 (Aug.
1720 565 1832 641 hit
1860 575 1998 621 cont.

578 646 706 698 duas
726 644 880 712 epist.
913 638 1099 715 Pelag.
1125 658 1173 697 ε.
1197 641 1259 709 8;
1305 639 1497 710 Prosp.
1526 638 1656 693 sent.
1682 638 1835 708 5M).

481 736 607 793 XX.
638 735 667 775 δ
702 736 864 790 Multa
898 735 1039 790 Deus
1067 734 1190 789 facil
1224 735 1275 789 in
1320 733 1539 789 homine
1570 733 1711 787 bona
1736 746 1856 801 quae
1896 746 2002 788 n0n

412 810 541 865 facit
597 810 800 861 homo:
835 807 983 861 nulla
1006 820 1136 861 vero
1186 804 1313 859 facit
1356 804 1520 860 homo
1565 804 1701 859 bona
1743 817 1865 871 qua:
1896 818 2002 858 non

416 879 561 933 licus
595 886 815 947 praestet
844 887 903 931 ut
931 875 1097 931 faciat
1124 876 1306 931 homo.

412 969 495 1023 De
542 978 729 1023 natura
758 975 803 1021 et
829 969 994 1037 gratia
1027 966 1185 1039 (Aug.
1218 969 1256 1020 ι.
1287 967 1349 1020 de
1371 964 1524 1039 Grat_.
1542 963 1799 1039 etLiber.
1833 965 2000 1019 Arbit.

772 1035 888 1110 cap.
922 1035 1297 1107 13;'Prosper.
1327 1045 1458 1091 sent.
1493 1035 1643 1106 517).

487 1130 637 1185 XXI.
670 1128 823 1186 Sicut
853 1130 935 1183 eis
968 1130 1059 1198 qui
1108 1130 1352 1183 volentes
1392 1127 1445 1181 in
1490 1127 1607 1195 lege
1644 1125 1951 1198 iustificari,
1976 1140 2005 1179 a

415 1203 591 1271 gratia
618 1202 958 1265 exciderunt,
986 1196 1290 1271 'verissime
1317 1198 1461 1271 dicit
1495 1198 1823 1264 Apostolus:
1856 1196 2009 1271 Si_e:c

419 1265 747 1344 legejustitia
775 1280 869 1344 est,
904 1269 1287 1344 ergoChristus
1329 1270 1492 1344 gratis
1518 1276 1749 1321 mortuus
1776 1276 1849 1322 est
1875 1265 2006 1344 (Ga-

419 1337 514 1396 la'i.
538 1337 606 1403 'tt,
637 1340 762 1408 21):
794 1341 871 1394 sic
898 1337 1077 1395 et'bis
1098 1342 1188 1409 qui
1221 1337 1445 1407 gratiam
1476 1353 1638 1406 quam
1664 1337 2011 1391 commendat

419 1424 473 1467 et
505 1412 735 1479 percipit
767 1412 900 1464 fides
923 1408 1145 1473 Christi,
1181 1420 1369 1479 putant
1394 1424 1516 1462 esse
1542 1418 1809 1471 naturam,
1838 1408 2011 1479 veris-

422 1478 559 1537 sime
604 1483 823 1543 dicitur,
856 1480 914 1536 Si
966 1496 1036 1534 ex
1084 1478 1272 1533 natura
1322 1479 1555 1549 iustitia,
1606 1494 1737 1547 ergo
1765 1478 2011 1533 Christus

422 1555 589 1622 gratis
630 1565 874 1605 mortuus
904 1560 1005 1622 est.
1041 1550 1155 1605 Jam
1195 1550 1280 1603 hic
1328 1550 1471 1603 enim
1507 1560 1621 1603 erat
1653 1550 1767 1622 lex,
1803 1558 1876 1622 et,
1903 1563 2010 1602 non

424 1619 795 1695 iustificabat;
829 1622 938 1695 jam
970 1621 1054 1674 hic
1084 1632 1201 1675 erat
1224 1632 1275 1695 et
1301 1629 1513 1683 natura,
1545 1629 1601 1675 et
1628 1619 2012 1695 nunjustilica-

426 1690 697 1771 bat.__ldeo
723 1691 970 1771 Christus
1000 1708 1102 1745 non
1132 1690 1572 1771 g.ra.t_is‘mor_t'uus
1611 1700 1728 1771 est,‘
1748 1700 1805 1744 ut
1833 1699 1885 1744 et
1926 1693 2009 1771 lex
2048 1711 2095 1771 Β

426 1780 523 1832 per
547 1764 693 1817 illum
723 1763 1058 1830 impleretur,
1084 1764 1174 1832 qui
1205 1762 1345 1815 dixit
1373 1779 1384 1814 :
1421 1760 1545 1814 Non
1574 1763 1688 1815 aeni
1712 1764 1872 1831 legem
1912 1762 2017 1812 sol-

429 1850 561 1901 vere,
612 1833 701 1889 sed
751 1832 1383 1904 adimplerefrwatthm,
1434 1832 1558 1903 l7);
1603 1843 1656 1886 et
1684 1841 1874 1904 natura
1924 1845 2017 1898 per

431 1904 600 1963 Adam
634 1903 863 1974 perdita,
895 1902 999 1972 per
1026 1902 1175 1957 illum
1217 1902 1576 1974 repararetur,
1606 1902 1698 1970 qui
1728 1904 1885 1974 dixit,
1922 1917 2017 1954 ve-

432 1975 578 2115 2:556
606 1972 664 2031 se
697 1988 941 2045 quaerere
972 1984 1028 2028 et
1048 1975 1258 2028 salvare
1279 1972 1423 2045 quod
1453 1973 1686 2042 perierat
1715 1972 1865 2043 (Luc.
1903 1986 2016 2035 xix,

439 2138 520 2193 De
546 2136 628 2191 his
653 2154 769 2208 qua:
812 2138 1082 2209 hominum
1122 2138 1332 2209 propria
1380 2146 1501 2191 sunt
1532 2136 1696 2209 (Aug.
1730 2145 1879 2190 tract.
1912 2136 2020 2192 δίη

818 2206 1017 2274 Joan.;
1045 2206 1289 2279 Prosper.
1320 2217 1448 2263 sent.
1488 2207 1642 2277 325).

512 2300 677 2357 XXII.
708 2299 878 2355 Nemo
896 2300 1058 2355 habet
1080 2300 1149 2355 de
1175 2313 1294 2365 suo,
1322 2300 1423 2354 nisi
1456 2300 1794 2355 mendacium
1818 2310 1872 2353 et
1900 2314 2023 2370 pec-

438 2380 639 2426 catum.
669 2383 691 2409 ε
723 2372 779 2426 Si
804 2372 929 2441 quid
960 2381 1140 2425 autem
1180 2370 1341 2426 habet
1373 2370 1820 2441 liomoiveritatis
1859 2381 2023 2436 atque

444 2441 684 2508 iustitiae,
728 2440 925 2497 abillo
969 2440 1113 2496 fonte
1159 2449 1244 2495 est
1269 2456 1427 2508 quem
1476 2440 1739 2495 debemus
1789 2442 1939 2495 sitire
1969 2442 2023 2495 in

481 2527 543 2568 ac
572 2529 781 2581 eremo,
806 2522 865 2566 ut
892 2528 957 2567 ex
984 2528 1048 2566 eo
1069 2512 1222 2582 quasi
1243 2513 1407 2581 guttis
1433 2511 1751 2582 quibusdam
1778 2512 2025 2578 irrorati,

444 2599 553 2637 non
581 2582 895 2639 deﬁciamus
927 2586 977 2636 itt
1008 2584 1113 2636 via.

444 2674 523 2729 De
545 2674 805 2749 uoluntate
835 2674 932 2728 Dei
950 2683 1005 2762 ,ει
1036 2673 1257 2727 hominis
1284 2673 1443 2762 (Aug:
1457 2682 1622 2762 ira“.
1657 2673 1725 2730 19
1750 2676 1805 2728 in
1829 2672 2025 2741 Joan.;

941 2743 1186 2814 Prosper.
1220 2743 1350 2798 sent.
1383 2743 1537 2814 ⁸540).

515 2837 708 2894 XXIII.
758 2836 925 2893 Suam
975 2838 1305 2892 voluntatem
1351 2838 1599 2892 homines
1648 2836 1871 2899 faciunt,
1921 2852 2026 2891 non

446 2908 562 2975 Dei,
592 2910 808 2979 quando
860 2909 911 2963 id
943 2918 1115 2979 agunt
1142 2907 1285 2977 quod
1336 2906 1448 2963 Deo
1488 2908 1759 2979 displicet.
1801 2909 2029 2974 Quando

446 2977 624 3035 autem
651 2979 721 3034 ita
751 2979 955 3034 faciunt
979 2977 1122 3049 quod
1144 2979 1349 3043 volunt,
1372 2988 1429 3032 ut
1453 2977 1651 3033 divinae
1678 2979 1913 3033 serviant
1938 2995 2032 3029 vn—

449 3052 663 3116 luntati,
704 3052 947 3121 quamvis
990 3050 1232 3105 volentes
1273 3060 1434 3118 agant
1480 3050 1621 3119 quod
1651 3059 1835 3119 agunt,
1889 3050 2031 3104 illius

448 3132 627 3246 tamsn
660 3124 909 3245 vltiluntas
939 3130 1044 3189 est,
1078 3136 1107 3174 a
1149 3136 1256 3191 quo
1285 3130 1340 3176 et
1371 3132 1705 3190 praeparatur
1734 3130 1789 3177 et
1814 3121 2032 3191 jubetur

448 3208 553 3246 auo
617 3207 682 3246 vo
709 3202 826 3246 unt.

446 3202 587 3260 quod
617 3202 826 3253 volunt,

448 3283 528 3340 De
555 3285 653 3338 uite
692 3293 739 3338 et
782 3282 1078 3356 palmitibus
1103 3284 1219 3339 vitis
1262 3284 1606 3356 (Augatract.
1648 3284 1711 3339 81
1746 3286 1801 3338 in
1838 3282 2035 3350 Joan.;

961 3353 1203 3422 Prosper.
1226 3353 1354 3409 sent.
1380 3354 1534 3425 568).

518 3445 712 3501 XXIV.
742 3445 816 3500 Ita
847 3455 971 3501 sunt
998 3446 1049 3499 in
1082 3445 1191 3501 vite
1222 3445 1489 3513 palmites.
1522 3455 1582 3500 ut
1620 3445 1714 3500 viti
1743 3446 1877 3502 nihil
1907 3461 2037 3501 con-

451 3516 651 3579 ferant,
700 3518 794 3571 sed
834 3517 957 3571 inde
985 3517 1247 3586 accipiant
1276 3516 1419 3571 unde
1448 3518 1653 3571 vivant.
1702 3516 1792 3572 Sic
1838 3519 2037 3587 quippe

449 3590 571 3641 vitis
611 3599 693 3642 cst
725 3589 777 3643 in
814 3587 1141 3658 palmitibus,
1182 3596 1237 3641 ut
1278 3588 1443 3643 vitale
1472 3588 1784 3643 alimentum
1824 3589 2035 3644 submi-

450 3662 643 3713 nistret
668 3659 764 3725 eis,
804 3676 909 3714 non
941 3667 1117 3711 sumat
1145 3659 1212 3711 ab
1241 3660 1340 3713 eis.
1370 3661 1446 3713 Ac
1478 3674 1573 3728 per
1604 3658 1707 3713 hoc
1734 3671 1786 3714 et
1818 3674 2040 3714 manen-

452 3739 559 3784 tem
590 3730 641 3784 in
693 3744 755 3785 se
797 3730 996 3784 habere
1026 3728 1319 3796 Christum,
1362 3740 1415 3784 et
1446 3745 1668 3785 manere
1715 3730 1768 3784 in
1798 3729 2036 3794 Christo,

449 3800 728 3870 discipulis
780 3800 999 3871 prodest
1037 3796 1065 3837 ἀ
1101 3810 1411 3869 utrumque,
1462 3815 1567 3855 non
1617 3799 1855 3857 Christo.
1902 3801 2036 3856 Nam

452 3886 681 3941 practso
721 3872 964 3953 palmite,
1000 3880 1181 3953 potest
1208 3872 1273 3925 de
1299 3872 1418 3953 viva
1448 3874 1631 3926 radice
1652 3874 1789 3953 alius
1813 3873 2039 3953 pullula-

452 3958 577 4023 rare
607 3960 619 3995 :
645 3943 736 4011 qui
757 3954 935 3998 autem
968 3943 1227 4012 praecisus
1253 3950 1355 4007 est,
1383 3956 1491 3997 non
1518 3950 1697 4013 potest
1714 3943 1833 3998 sine
1858 3943 2041 3998 radice

451 4026 660 4068 Vivere.

453 4104 537 4162 De
567 4106 859 4170 dilectione,
908 4122 1013 4177 equa
1040 4105 1305 4177 diligimus
1342 4105 1509 4160 Deum
1551 4107 1711 4177 (Aug.
1745 4116 1896 4162 tract.
1939 4108 2043 4164 102

803 4179 856 4229 in
887 4174 1083 4241 Joan.;
1110 4174 1354 4246 Prosper.
1385 4186 1515 4229 sent.
1544 4174 1689 4249 372).

528 4266 697 4323 XXV.
733 4266 961 4321 Prorsus
987 4266 1188 4320 donum
1223 4266 1316 4320 Dei
1346 4276 1429 4321 est
1458 4267 1685 4337 diligere
1713 4270 1903 4325 Deum.
1926 4270 2045 4337 Ipse

456 4347 517 4393 ut
545 4340 857 4408 diligeretur
885 4338 1050 4400 dedit,
1101 4338 1191 4405 qui
1221 4352 1326 4408 non
1358 4338 1586 4393 dilectus
1617 4349 1639 4376 ε
1668 4340 1874 4395 dilexit.
1923 4341 2045 4396 Dis-

457 4407 715 4480 plicentes
742 4410 905 4464 amati
934 4422 1141 4474 sumus,
1172 4417 1228 4463 ut
1256 4407 1415 4464 ﬁeret
1456 4410 1511 4464 in
1553 4410 1706 4466 nobis
1736 4410 1877 4468 unde
1922 4413 2041 4483 pla-

2108 406 2236 459 stris
2264 400 2500 469 Spiritus
2531 399 2707 454 Patris
2735 407 2787 453 et
2812 397 2956 469 Filii,
2984 411 3144 466 quem
3187 410 3310 453 cum
3342 396 3497 453 Patre
3536 411 3687 454 ama-

2108 488 2226 528 mus
2259 467 2320 527 eti
2342 469 2477 525 Filio
2503 470 2684 541 (Rom.
2707 484 2761 535 v,
2796 467 2874 537 5).

2180 544 2259 598 Ac
2288 544 2368 597 sic
2394 538 2690 596 secundum
2733 552 2894 607 supra
2934 538 3165 604 scriptas
3206 548 3507 592 sanctarum
3541 538 3687 596 seri-

2109 624 2389 682 pturarum
2420 612 2742 673 sententias,
2766 610 2861 682 vel
2890 608 3469 682 antiquorttm__Patrum
3499 609 3690 682 deﬁnio

2108 679 2303 747 tiones,
2329 682 2455 748 hoc,
2483 682 2596 737 Deo
2626 679 2973 751 propitiante,
3024 690 3079 733 et
3109 679 3401 751 prafdicare
3428 679 3688 751 debemus

2107 765 2163 810 et
2191 755 2440 817 credere,
2486 749 2641 821 quod
2672 766 2768 819 per
2819 757 3095 821 peceatum
3124 750 3297 821 primi
3347 749 3580 821 hominis
3620 752 3686 804 ita

2110 825 2424 880 inclinatum
2456 818 2869 877 et'attenuatutu
2921 818 3081 875 fuerit
3123 820 3348 874 liberum
3388 820 3688 883 arbitrium,

2113 906 2172 949 ut
2205 895 2383 949 nullus
2410 904 2596 962 postea
2629 903 2719 945 aut
2764 891 2988 960 diligere
3033 890 3203 944 Deum
3251 894 3389 944 sicut
3428 893 3688 957 oportuit,

2108 975 2200 1019 aut
2220 965 2444 1018 credere
2472 964 2525 1017 itt
2556 963 2742 1024 Deum,
2767 973 2858 1015 aut
2879 962 3089 1027 operari
3119 970 3337 1029 propter
3361 962 3523 1015 Deum
3548 966 3686 1030 quod

2109 1036 2308 1090 bovum
2339 1047 2441 1099 est,
2476 1038 2666 1102 possit,
2703 1032 2800 1085 nisi
2849 1031 3018 1101 gratia
3059 1046 3183 1085 eum
3231 1041 3285 1085 et
3327 1032 3690 1102 misericordia

2109 1107 2287 1159 divina
2342 1106 2691 1175 przeveuerit.
2748 1102 2901 1175 Unde
2950 1102 3080 1175 Abel
3128 1104 3297 1175 justo,
3338 1111 3391 1156 et
3418 1101 3557 1175 Noe,
3588 1101 3606 1139 ί
3642 1112 3694 1156 et

2110 1172 2367 1241 Abrahae,
2404 1183 2461 1229 et
2504 1174 2673 1237 Isaac,
2721 1182 2776 1227 et
2819 1172 3005 1235 Jacob,
3053 1173 3307 1240 omnique
3352 1173 3691 1240 antiquorum

2109 1255 2420 1302 sanctorum
2445 1242 2799 1309 multitudini,
2836 1243 2981 1296 illam
3008 1243 3320 1311 praeclaram
3349 1242 3504 1297 ﬁdem
3535 1257 3690 1311 quam

2112 1317 2165 1371 in
2197 1318 2439 1386 ipsorum
2470 1315 2628 1368 laude
2660 1312 2910 1386 praedicat
2935 1314 3211 1386 apostolus
3233 1312 3446 1386 Paulus,
3470 1329 3583 1386 non
3606 1328 3692 1381 per

2112 1382 2316 1442 bonum
2358 1394 2563 1440 natura:
2598 1383 2742 1453 quod
2788 1384 2934 1453 prius
2973 1384 3023 1436 in
3054 1385 3225 1438 Adam
3267 1383 3444 1437 datum
3495 1382 3690 1444 fuerat,

2115 1457 2210 1512 sed
2244 1472 2339 1523 per
2362 1459 2586 1527 gratiam
2614 1456 2703 1509 Dei
2728 1455 2998 1527 credimus
3029 1453 3193 1527 fu_isse
3210 1454 3465 1527 collatam
3481 1470 3504 1527 _:
3535 1469 3689 1527 quam

2116 1523 2387 1597 gratiam;
2403 1526 2562 1580 etiam
2597 1534 2717 1592 post
2748 1526 3037 1597 adventum
3067 1523 3302 1597 Domini,
3333 1525 3587 1597 omnibus
3614 1525 3693 1597 qui

2118 1594 2381 1663 baptizaii
2406 1596 2734 1656 desiderant,
2769 1611 2872 1649 non
2905 1596 2957 1648 iti
2991 1596 3158 1648 libero
3189 1595 3413 1649 arbitrio
3436 1605 3457 1642 ε
3486 1594 3694 1658 haberi,

2119 1669 2213 1723 sed
2242 1667 2442 1722 Christi
2473 1668 2724 1720 novimus
2744 1666 2903 1719 simul
2934 1674 2989 1719 et
3013 1665 3282 1719 credimus
3309 1665 3558 1733 largitate
3579 1680 3697 1718 con-

2122 1738 2249 1793 ferri
2281 1756 2295 1793 :
2325 1738 2616 1793 secundum
2644 1736 2770 1790 illud
2798 1735 2939 1805 quod
2963 1736 3076 1806 jam
3104 1751 3263 1806 supra
3291 1735 3486 1789 dictum
3512 1744 3621 1798 est,
3650 1747 3698 1787 et

2126 1808 2381 1875 praedicat
2419 1807 2615 1861 Paulus
2661 1806 2936 1875 apostolus
2978 1824 2991 1860 :
3042 1805 3190 1860 Vobis
3222 1807 3461 1859 donatum
3488 1817 3570 1859 est
3614 1822 3699 1871 pro

2123 1879 2349 1939 Christo.
2390 1893 2490 1931 non
2520 1878 2685 1931 solum
2732 1888 2784 1929 ut
2814 1878 2867 1930 in
2899 1893 3012 1929 eum
3058 1878 3298 1938 credatis,
3346 1876 3433 1929 sed
3460 1880 3623 1928 etiam
3649 1884 3699 1928 ut

2124 1966 2217 2019 pro
2246 1949 2341 2002 illo
2368 1950 2637 2019 patiamini
2671 1946 2895 2017 (Philip.
2927 1962 2964 2011 ι,
2994 1947 3087 2014 Ξ9)
3108 1965 3143 2019 ;
3166 1956 3222 2019 et
3250 1946 3376 2001 illttd
3404 1964 3418 1998 :
3450 1946 3595 1999 Deus
3622 1948 3701 2014 qui

2124 2018 2274 2086 coepit
2318 2018 2375 2072 in
2408 2019 2546 2072 vobis
2593 2018 2779 2071 bonum
2820 2034 2967 2086 opus,
3021 2018 3251 2084 perﬁciet
3293 2034 3448 2082 usque
3488 2019 3547 2069 in
3578 2018 3702 2069 diem

2126 2090 2337 2143 Domini
2366 2090 2530 2142 nostri
2556 2086 2583 2125 ¹³
2604 2087 2726 2141 Iesu
2749 2087 2940 2141 Christi
2968 2087 3163 2157 (lbid.,
3189 2087 3278 2158 6);
3303 2099 3354 2140 et
3378 2088 3499 2141 illud
3534 2106 3546 2139 :
3576 2086 3700 2158 Gra-

2129 2160 2351 2241 tia_salt_'i
2378 2160 2502 2228 {acti
2528 2160 2758 2241 estis'pelr
2785 2156 3039 2241 ﬁdemiéet
3071 2158 3165 2211 hoc
3194 2156 3294 2241 non
3327 2174 3389 2241 ea:
3419 2159 3584 2239 vobis,
3618 2156 3704 2237 Dei

2125 2232 2264 2285 enim
2295 2232 2486 2283 donum
2506 2239 2577 2283 est
2607 2228 2819 2299 (Ephes.
2846 2244 2904 2293 tt,
2938 2230 3027 2296 8);
3061 2239 3114 2283 et
3142 2229 3283 2296 quod
3311 2228 3379 2282 de
3409 2229 3594 2296 seipso
3638 2230 3704 2281 ait

2128 2302 2459 2367 Apostolus:
2493 2298 2902 2354 Misericordiam
2945 2310 3242 2352 consecutus
3273 2315 3406 2359 sum,
3448 2308 3499 2351 nt
3543 2300 3705 2367 fidelis

2128 2388 2286 2426 essent
2315 2372 2360 2441 (Ι
2387 2369 2506 2425 Cor.
2536 2386 2630 2441 vti,
2652 2367 2756 2441 25)
2783 2387 2796 2422 :
2830 2386 2933 2423 non
2978 2371 3131 2433 dixit,
3156 2371 3277 2439 quia
3307 2384 3475 2431 eram,
3518 2370 3627 2441 seed,
3656 2377 3705 2421 ut

2128 2457 2283 2495 essem
2304 2438 2333 2503 ;’
2348 2450 2404 2495 et
2430 2439 2556 2493 illud
2584 2458 2596 2492 :
2634 2439 2773 2510 Quid
2794 2441 2945 2494 habes
2960 2441 3096 2505 quod
3127 2438 3230 2493 non
3255 2440 3493 2510 accepisti
3521 2440 3568 2505 (ι
3591 2438 3704 2493 Cor.

2129 2526 2206 2574 tv,
2232 2511 2326 2580 7)?
2351 2521 2401 2564 et
2430 2510 2559 2565 illud
2584 2528 2595 2563 :
2632 2508 2793 2563 Omne
2820 2514 2997 2563 datum
3028 2514 3217 2564 bonum
3245 2520 3303 2580 et
3339 2508 3488 2562 omne
3514 2518 3706 2561 donum

2130 2579 2412 2652 perfectum
2439 2585 2705 2652 desursum
2734 2589 2832 2652 est,
2859 2580 3169 2652 descendens
3216 2598 3249 2633 a
3285 2579 3437 2633 Patre
3461 2580 3709 2652 luminum

2130 2650 2330 2718 (Iacob.
2361 2667 2399 2716 t,
2434 2650 2550 2721 i7);
2583 2663 2635 2705 et
2665 2651 2793 2705 illud
2821 2668 2834 2704 :
2862 2651 3028 2705 Nemo
3057 2652 3201 2704 habet
3229 2652 3527 2719 quidquam,
3554 2651 3709 2721 boni,

2138 2732 2153 2760 ι
2190 2724 2293 2793 nisi
2316 2722 2394 2775 illi
2416 2720 2592 2775 datum
2623 2724 2774 2793 fuerit
2805 2723 3021 2793 desuper
3071 2721 3250 2789 (Joan.
3284 2737 3359 2784 Ill,
3392 2723 3524 2793 17p
3550 2720 3712 2793 Inuu-

2132 2792 2411 2846 merabilia
2456 2800 2580 2846 sunt
2611 2791 2917 2846 sanctarum
2963 2791 3360 2860 Scripturarum
3405 2791 3713 2845 testimonia

2131 2878 2251 2933 quas
2274 2863 2477 2932 possint
2506 2862 2572 2917 ad
2600 2862 2924 2932 probandam
2948 2864 3172 2933 gratiam
3201 2861 3450 2931 proferri,
3476 2862 3570 2915 sed
3600 2863 3715 2916 bre-

2133 2932 2316 2988 vitatis
2365 2932 2544 2987 studio
2599 2932 2965 3002 prmterutissa
2999 2942 3156 2998 sunt;
3205 2933 3326 3002 quia
3385 2943 3440 2986 et
3488 2948 3712 2996 revera,

2135 3004 2221 3059 cui
2254 3020 2417 3070 pauca
2447 3020 2552 3059 non
2580 3002 2872 3065 sufﬁciunt,
2904 3003 3054 3071 plura
3082 3019 3188 3058 non
3214 3005 3530 3069 proderunt.

2060 3091 2105 3155 ρ
2144 3144 2154 3154 υ
2207 3075 2509 3155 lloc_etiam
2541 3077 2831 3155 secundum
2864 3075 3023 3155 ﬁdem
3069 3074 3391 3155 catholicam
3421 3073 3715 3155 credimus,

2140 3144 2154 3196 i
2195 3146 2334 3213 quod
2366 3156 2585 3214 accepta
2616 3161 2711 3213 per
2736 3145 3057 3213 baptismum
3098 3146 3288 3212 gratia,
3318 3159 3511 3199 omnes
3545 3144 3718 3213 bapti-

2138 3218 2261 3281 zati,
2295 3216 2510 3270 Christo
2537 3215 2827 3271 auxiliante
2856 3226 2908 3270 et
2949 3226 3297 3281 cooperante,
3328 3231 3447 3283 quae
3484 3215 3550 3268 ad
3582 3216 3721 3268 salu-

2142 3296 2247 3340 teni
2286 3288 2575 3355 pertinent,
2607 3286 2813 3355 possint
2843 3294 2899 3341 et
2926 3285 3179 3349 debeant,
3216 3286 3260 3339 si
3295 3285 3531 3339 fideliter
3569 3286 3719 3338 labo-

2140 3372 2261 3411 rare
2292 3358 2578 3419 voluerint,
2608 3356 2924 3424 adimplere.
2970 3357 3192 3424 Aliquos
3230 3371 3360 3410 vero
3404 3357 3470 3410 ad
3523 3357 3719 3409 malum

2138 3428 2320 3482 divina
2352 3438 2615 3496 potestate
2642 3428 3055 3495 praedestinatos
3075 3440 3217 3488 esse.
3257 3438 3364 3480 non
3392 3427 3570 3482 solum
3619 3442 3718 3480 non

2139 3498 2433 3561 credimus,
2460 3498 2553 3552 scd
2584 3497 2767 3565 etiam,
2801 3499 2844 3552 si
2874 3507 2997 3551 sunt
3026 3497 3113 3566 qui
3148 3505 3350 3551 tantum
3383 3498 3583 3551 malum
3609 3512 3722 3550 cre-

2138 3568 2271 3694 gere
2304 3570 2489 3635 velint,
2522 3585 2643 3623 cum
2693 3569 2841 3624 omni
2879 3568 3239 3623 detestatione
3283 3569 3390 3621 illis
3438 3571 3723 3623 anathema

2179 3654 2388 3694 icimus.

2179 3654 2388 3694 ICImlIS.

2216 3709 2327 3764 lloc
2353 3710 2515 3764 etiam
2543 3709 2830 3765 salubriter
2850 3709 3169 3779 proﬁtemur
3188 3718 3243 3763 et
3265 3709 3560 3771 credimus,
3585 3707 3723 3777 quod

2144 3780 2199 3833 in
2230 3783 2374 3834 omni
2411 3796 2575 3848 Opere
2607 3782 2768 3843 bono,
2813 3778 2918 3835 nun
2955 3796 3052 3836 nos
3082 3778 3427 3848 ittcmpimus,
3456 3790 3512 3834 et
3543 3792 3723 3844 postea

2144 3866 2241 3919 per
2273 3852 2361 3905 Dei
2388 3852 2813 3905 misericordiam
2853 3851 3205 3920 adiuvamur;
3249 3851 3343 3904 sed
3393 3850 3510 3916 ipse
3550 3850 3722 3911 nobis,

2145 3922 2306 3975 nullis
2338 3923 2760 3989 prmcedentibus
2788 3923 2941 3976 bonis
2968 3921 3197 3984 meritis,
3224 3930 3281 3975 et
3311 3921 3469 3974 ﬁdem
3497 3931 3554 3974 et
3580 3934 3719 3973 amo-

2143 4007 2257 4046 rem
2308 3993 2391 4046 sui
2442 3991 2591 4061 prius
2624 3992 2871 4060 inspirat,
2913 4001 2973 4044 ut
3015 4001 3069 4045 et
3113 3991 3361 4058 baptismi
3392 4002 3726 4045 sacramenta

2147 4061 2379 4116 ﬁdeliter
2408 4063 2766 4130 requiramus,
2801 4073 2855 4116 et
2885 4072 3005 4131 post
3034 4061 3356 4129 baptismum
3401 4078 3528 4116 cum
3560 4062 3728 4129 ipsius

2145 4132 2433 4200 adjutorio,
2461 4147 2523 4186 ea
2552 4148 2671 4201 quae
2696 4132 2796 4185 sibi
2818 4142 2944 4186 sunt
2968 4132 3167 4200 placita
3189 4132 3412 4201 implere
3438 4135 3723 4197 possimus.

2147 4202 2300 4259 Unde
2331 4202 2765 4257 manifestissime
2806 4202 3134 4257 credendum
3180 4212 3293 4267 est,
3324 4204 3467 4270 quod
3500 4214 3557 4257 et
3592 4203 3728 4255 illius

2147 4274 2370 4327 latronis
2396 4289 2556 4342 quem
2605 4272 2864 4327 Dominus
2893 4273 2958 4327 ad
2988 4272 3222 4326 Paradisi
3255 4276 3481 4341 patriam
3512 4287 3728 4326 revoca-

2147 4345 2225 4397 vit
2253 4342 2408 4413 (Luc.
2439 4358 2596 4407 xxttt,
2616 4345 2733 4412 45),
2758 4353 2812 4398 et
2832 4344 3064 4397 Cornelii
3096 4342 3458 4407 Ceuturionis,
3485 4344 3553 4395 ad
3577 4356 3727 4407 quem

2147 4414 2384 4485 Angelus
2416 4416 2622 4469 Domini
2653 4416 2850 4469 missus
2894 4423 2976 4469 est
3004 4415 3142 4486 (Act.
3176 4429 3232 4479 x,
3263 4416 3344 4482 3),
3374 4425 3429 4468 et
3459 4413 3727 4477 Zacchwi,

532 4563 741 4639 {Editi
762 4565 1129 4639 Prosperiani,
1156 4564 1293 4635 quod
1334 4565 1579 4639 perdidit=
1620 4566 1844 4633 Verum,
1881 4584 2035 4639 quam
2065 4569 2112 4629 D
2142 4570 2334 4639 Prosp.
2367 4580 2422 4623 ut
2449 4573 2502 4623 ln
2527 4578 2698 4625 textu.

460 4634 685 4709 perdidit
732 4635 957 4709 habetur
992 4637 1133 4709 apud
1177 4634 1535 4709 Augustinum
1566 4636 1690 4709 loco
1713 4638 1764 4692 in
1795 4634 2037 4709 margine

460 4708 645 4829 gnato,
678 4712 734 4785 et
760 4707 811 4758 in
838 4707 1071 4776 append.
1106 4717 1235 4761 tom.
1269 4707 1346 4774 Χ,
1394 4722 1495 4764 nec
1522 4722 1630 4763 non
1676 4708 1730 4762 in
1773 4707 2039 4764 sententia

508 4788 734 4829 rosneri.

508 4788 734 4842 rospert.

535 4845 563 4885 ι’
594 4848 683 4900 Sic
730 4844 924 4912 legitur
947 4860 1119 4899 canon
1165 4847 1266 4902 iste
1306 4849 1358 4901 in
1389 4848 1520 4903 edit.
1545 4848 1778 4917 append.
1823 4856 1956 4904 tom.
1993 4846 2041 4901 Χ

464 4917 602 4985 Aug.
637 4926 691 4971 et
721 4917 851 4987 locis
875 4918 1096 4987 Aug._et
1125 4918 1371 4986 Prosperi
1402 4922 1453 4972 iu
1488 4920 1729 4987 margine
1753 4919 1952 4974 citatis.
1983 4917 2039 4970 In

465 4984 596 5041 cilit.
624 5003 753 5040 vero
786 4984 1036 5058 Pt'ospeii
1061 4984 1291 5055 Lovan.,
1322 4988 1488 5044 Duac.
1519 5000 1572 5045 et
1610 4984 1827 5058 Colon.,
1872 4988 2043 5043 Multa

465 5061 518 5111 in
543 5058 748 5110 homine
775 5060 907 5110 bona
934 5057 1083 5125 ﬁunt.

542 5139 564 5167 ε
591 5128 729 5182 Editi
761 5128 994 5194 Lovan.,
1024 5127 1192 5182 Duae.
1217 5135 1273 5183 et
1296 5126 1514 5194 Colon.,
1540 5128 1601 5183 Si
1622 5130 1735 5199 quis
1763 5140 1930 5184 autem
1955 5135 2049 5183 ha-

469 5197 549 5254 bet
579 5199 729 5270 homo
755 5200 1017 5252 ueritatem
1044 5208 1194 5267 atque
1230 5200 1505 5270 justitiam.
1528 5268 1537 5270 Α
1557 5197 1781 5270 August.
1807 5203 2045 5268 append.

470 5278 605 5324 tom.
635 5268 681 5322 Χ
702 5278 757 5325 et
787 5270 888 5324 loci
920 5270 973 5324 in
1004 5284 1097 5325 ora
1124 5268 1247 5325 libri
1277 5272 1424 5323 citati
1456 5268 1661 5323 habent
1698 5280 1754 5325 ut
1780 5271 1973 5325 leaitur
1994 5270 2045 5324 in

472 5347 643 5394 textu.

543 5410 567 5447 ι¹
600 5409 744 5464 Edit.
776 5410 1005 5476 Lovan.,
1032 5409 1195 5466 Duac.
1230 5419 1285 5466 et
1305 5410 1520 5476 Colon.,
1547 5419 1596 5463 et
1619 5427 1720 5463 non
1745 5409 1967 5464 Christo.
1996 5412 2051 5465 In

474 5480 705 5548 append.
751 5488 885 5535 tum.
920 5480 968 5557 It
1006 5487 1137 5557 Aug.
1184 5493 1240 5537 et
1288 5483 1420 5537 locis
1473 5484 1524 5537 in
1562 5480 1802 5557 margine
1833 5492 2050 5550 notatis,

473 5560 762 5621 siti-umque,
779 5568 880 5606 non
908 5551 1107 5606 Christo

551 5630 574 5693 ἐ
603 5621 656 5693 In
684 5623 806 5675 cod.
826 5622 1043 5693 "Prosp.
1076 5624 1237 5684 Lov.,
1262 5623 1425 5678 Duac.
1455 5635 1509 5678 et
1536 5622 1749 5688 Colon.,
1780 5623 2041 5693 diligit....

479 5700 533 5746 et
565 5692 720 5758 intra,
752 5691 982 5758 dimittit.
1008 5691 1251 5760 Append.
1287 5705 1411 5750 tom.
1447 5696 1488 5751 Χ
1518 5695 1653 5761 Aug.
1674 5695 1768 5759 hic
1797 5703 1851 5751 et
1880 5691 2038 5751 ‘Sent.

2224 4638 2243 4677 ί
2269 4642 2359 4694 Sic
2380 4640 2542 4694 editio
2563 4638 2773 4695 concilii
2796 4641 2847 4695 in
2870 4638 3099 4709 append.
3124 4648 3254 4694 tom.
3278 4638 3323 4693 Χ
3348 4639 3487 4709 Aug.
3516 4656 3581 4695 ac
3602 4655 3726 4695 mss.

2147 4710 2420 4765 recensiti.
2452 4710 2798 4777 Prosperiana
2822 4706 2971 4773 vero,
3000 4710 3224 4777 Lovan.,
3250 4711 3414 4765 Duac.
3437 4706 3497 4768 et
3518 4714 3743 4777 Colon.,,

2146 4792 2194 4835 et
2217 4780 2545 4836 Abraham...
2571 4784 2623 4834 in
2650 4782 2876 4851 ipsorum
2902 4782 3127 4835 laudem.

2224 4861 2247 4898 ε
2280 4852 2507 4917 Lovan.,
2543 4849 2703 4906 Duae.
2738 4861 2790 4906 et
2810 4849 3029 4917 Colon.,
3060 4850 3265 4905 habere.
3298 4851 3490 4905 Melius
3514 4853 3614 4920 legi
3644 4856 3732 4903 tta-

2281 4923 2553 4977 couvincit
2580 4921 2748 4977 editio
2771 4924 3002 4992 append.
3039 4927 3175 4992 Aug.
3219 4933 3349 4977 tom.
3380 4922 3428 4976 Χ
3460 4934 3511 4977 et
3545 4936 3733 4979 sensus

2169 5006 2273 5044 oci.

2169 5006 2273 5044 OCI.

2222 5059 2250 5097 ιι
2280 5063 2478 5117 Desunt
2509 5063 2622 5117 haec
2646 5062 2826 5122 verba,
2855 5061 2983 5116 Jesu
3012 5062 3203 5116 Christi
3232 5064 3282 5115 in
3314 5061 3545 5126 Lovan.,
3570 5062 3732 5116 Duae.

2152 5140 2205 5186 et
2228 5132 2417 5186 Colon.
2444 5131 2695 5200 Prospcri
2735 5133 3083 5187 editionibus.
3118 5132 3393 5186 llabentur
3432 5134 3486 5186 in
3538 5148 3736 5199 appen-

2151 5204 2268 5273 dice
2290 5206 2510 5271 August.
2536 5213 2664 5256 tom.
2693 5202 2758 5256 X.
2791 5204 2842 5256 lu
2871 5214 3100 5273 utroque
3123 5213 3266 5258 textu
3281 5204 3523 5273 Apostoli
3545 5204 3735 5258 desunt

2156 5272 2271 5327 htrc
2300 5273 2426 5337 duo,
2462 5273 2671 5326 Domini
2702 5275 2881 5327 nostri.

2233 5341 2334 5398 iIn
2382 5344 2609 5406 Lovan.,
2660 5344 2823 5397 Duae.
2872 5352 2927 5398 et
2971 5344 3162 5398 Colon.
3213 5342 3403 5411 Prosp.
3432 5342 3591 5408 edit.,
3640 5342 3735 5395 nisi

2153 5413 2305 5467 illud.
2330 5414 2644 5468 Addititium
2674 5414 2881 5467 videtur
2909 5414 3070 5476 illud,
3100 5429 3206 5483 quo
3235 5426 3384 5469 caret
3422 5412 3587 5469 editio
3627 5412 3734 5467 Au-

2159 5493 2299 5553 gust.
2332 5485 2562 5554 append.
2595 5484 2943 5539 conformiter
2970 5485 3139 5538 textui
3175 5499 3350 5539 sacro.

2152 5625 2191 5677 Γ
2232 5556 2247 5603 1
2288 5552 2657 5625 Lugdunensis
2684 5554 2874 5621 codex,
2913 5563 3024 5626 post
3060 5564 3321 5627 deceptam
3348 5552 3586 5625 baptismi
3612 5566 3733 5623 ςη-

2175 5640 2299 5678 tam.
