4040 6178
371 348 471 403 7ὶ9

369 462 463 532 qui
488 463 661 531 ipsum
686 457 980 532 Dominum
1010 459 1289 532 suscipere
1321 459 1517 532 meruit
1549 457 1700 529 (Luc.
1733 473 1847 520 nx,
1875 456 1958 532 6),
1991 460 2037 517 Α

370 527 464 585 illa
496 527 604 585 tam
634 528 971 584 admirabilis
1020 527 1290 584 fides'non
1337 530 1435 583 fuit
1463 530 1529 583 de
1560 527 1784 593 natura,
1815 537 1839 565 ι
1868 527 1961 581 sed

373 602 565 656 divinae
597 601 861 667 largitatis
888 601 1088 653 donum
1122 599 1285 671 (Vide
1311 617 1474 668 supra
1504 599 1594 654 lib.
1626 597 1815 667 Prosp.
1840 614 1960 650 con-

374 682 453 726 tra
477 671 806 732 Cassianum,
830 686 945 740 cap.
976 671 1054 740 7).

445 743 512 797 Et
537 743 659 811 quia
689 739 1050 795 definitionem
1073 740 1415 808 antiquorum
1436 739 1963 811 Patrum,nostram:

372 828 478 882 que
507 806 626 881 quae
654 826 814 877 supra
847 811 1041 882 scripta
1072 820 1177 873 est,
1208 806 1314 863 non
1341 806 1960 882 solumreligiosispsed

372 879 536 938 etiam
568 882 737 951 laicis,
770 881 1220 935 medicamentum
1251 894 1373 934 esse
1415 889 1471 934 et
1507 879 1880 951 desideramus
1908 887 1962 951 ei

371 950 687 1022 cupimnsﬂ’
705 948 905 1018 placuit
929 962 984 1005 ut
1007 965 1127 1005 eam
1153 952 1311 1022 etiam
1343 951 1579 1022 iliustﬁres
1606 963 1669 1002 ac
1696 948 1960 1016 magniﬁci

370 1019 472 1077 viri
500 1024 589 1087 qui
622 1022 901 1076 nobiscum
939 1022 1005 1074 ad
1053 1020 1327 1089 prtefatam
1376 1019 1725 1075 festivitatem
1764 1033 1961 1073 conve-

370 1105 590 1157 nerunt,
624 1092 839 1161 propria
871 1107 1027 1145 manu
1057 1091 1483 1145 subscriberent.

443 1158 795 1218 Cszsstuus‘in
822 1162 1019 1216 Christi
1048 1164 1262 1215 nomine
1286 1165 1593 1231 episcopus,
1621 1158 1965 1231 constitutio-

373 1250 498 1288 nem
532 1245 769 1287 nostram
800 1233 991 1301 relegi,
1022 1242 1075 1285 et
1111 1232 1409 1285 subnatans
1438 1230 1756 1299 subscripsi,
1777 1230 1965 1298 quinto

372 1320 546 1360 nonas
575 1303 722 1369 Julii,
750 1302 911 1355 Decio
934 1303 1149 1370 juniore
1176 1304 1292 1357 viro
1321 1303 1621 1356 clarissimo
1647 1301 1891 1355 consule.

444 1374 700 1429 .IULIANUS
734 1383 757 1412 ο
796 1369 1126 1428 Ausarows
1174 1376 1461 1443 episcopus
1512 1372 1678 1442 relegi
1726 1383 1781 1426 et
1834 1369 1964 1425 sub-

373 1459 590 1499 SCI‘IDSI.

442 1462 482 1498 l‘l
525 1461 590 1498 SI.

442 1461 813 1569 cﬁssmnus
836 1515 888 1568 in
907 1512 1108 1569 Christi
1122 1511 1148 1551 ά
1173 1515 1391 1570 nomine
1409 1514 1695 1584 episcopus
1714 1511 1967 1569 consensi

369 1596 428 1641 et
457 1588 770 1652 subscripsi.

442 1658 838 1710 ὥρμηκε...
862 1655 1246 1725 episcotius....
1276 1655 1593 1719 subscripsi.

443 1727 839 1782 Eucusmus....
874 1726 1255 1796 episcOpus....
1287 1725 1605 1795 subscripsi.

446 1851 471 1877 ³
504 1840 680 1894 Codex
708 1838 1102 1910 Lugdunensis,
1137 1840 1226 1893 sed
1254 1840 1436 1910 gratia:
1470 1838 1724 1910 largitate,
1750 1838 1964 1891 donata.

370 1910 658 2035 gemensis
686 1922 740 1965 et
772 1909 1190 1977 Bellovacensis,
1235 1909 1324 1964 sed
1362 1910 1425 1964 de
1474 1910 1666 1964 divinat
1708 1909 1965 1980 largitatis

411 1997 533 2035 ano.

372 2123 552 2176 etiam.
583 2122 719 2190 Aug.
751 2121 983 2190 append.
1019 2132 1150 2175 tom.
1178 2120 1228 2175 Χ
1256 2132 1315 2175 ut
1342 2126 1392 2174 in
1420 2120 1587 2176 textu.

451 2203 473 2230 ε
530 2192 654 2246 Ilzec
698 2208 803 2245 vox
842 2192 1138 2245 Amartolus
1185 2192 1400 2246 additur
1446 2193 1499 2246 in
1551 2193 1683 2247 edit.
1734 2190 1964 2261 append.

371 2273 508 2317 tom.
538 2261 608 2315 Χ.
643 2266 802 2331 Aug.,
834 2266 987 2317 abest
1013 2280 1042 2315 a
1072 2262 1323 2331 Prosperi
1355 2262 1507 2316 libris
1540 2263 1765 2329 Lovan.,
1802 2262 1966 2315 Duae.

372 2343 432 2386 et
455 2332 653 2403 Colon:
683 2332 897 2386 excusis
928 2348 943 2396 ;
987 2333 1203 2386 additur
1240 2349 1455 2403 quoque
1496 2336 1551 2385 in
1598 2332 1786 2388 eadem
1826 2332 1965 2402 Aug.

373 2405 509 2459 edit.
534 2404 589 2456 in
619 2402 810 2456 Christi
836 2405 1064 2466 nomine,
1094 2414 1148 2457 et
1172 2405 1426 2457 consensi.

448 2471 476 2509 ἀ
510 2474 685 2529 Editio
726 2474 957 2543 append.
991 2483 1124 2527 tom.
1160 2473 1225 2527 Χ.
1260 2475 1397 2542 Aug.
1421 2473 1631 2543 supplet
1656 2472 1812 2542 hujus
1854 2473 1970 2542 epi-

374 2545 523 2612 seopi
558 2559 776 2606 nomen,
807 2554 859 2599 et
882 2544 1358 2613 subscriptionem,
1388 2559 1511 2599 cum
1540 2544 1680 2599 absit
1699 2560 1730 2599 a
1760 2543 1967 2599 codici-

374 2616 477 2669 bus
504 2615 777 2683 Prosperi.

452 2694 477 2722 °
506 2685 563 2740 In
590 2682 868 2755 codicibus
887 2683 1137 2754 Prosperi
1166 2684 1442 2755 legebatur
1466 2703 1479 2737 :
1510 2682 1717 2751 Petrus,
1745 2682 1972 2739 Marcel-

374 2756 533 2820 linus,
579 2753 754 2822 Felix,
782 2753 1036 2820 Liberius,
1059 2756 1155 2809 viri
1185 2753 1460 2809 clarissimi
1492 2766 1540 2810 et
1579 2756 1809 2809 illustres
1837 2771 1970 2821 pra:-

373 2828 497 2895 fecti
532 2828 774 2895 prtetorio
823 2824 1114 2879 Galliarum
1157 2838 1306 2896 atque
1348 2826 1557 2897 patricii
1601 2826 1971 2897 consentientes

372 2899 807 2964 subscripserunt.
840 2897 1254 2951 Emendavimus
1280 2912 1349 2951 ex
1379 2896 1619 2952 editione
1650 2896 1861 2951 concilii
1912 2903 1973 2951 ut

374 2968 603 3021 habetur
626 2967 680 3020 in
710 2966 943 3037 append.
973 2975 1103 3020 tom.
1130 2967 1173 3020 X
1201 2968 1507 3036 Augustinl,
1532 2966 1701 3021 erasis
1723 2967 1966 3037 virgulis,

370 3047 431 3091 et
460 3038 647 3106 plurali
695 3036 904 3092 mntato
942 3039 992 3091 in
1024 3039 1319 3107 singulare.
1361 3038 1495 3091 Nam
1529 3046 1675 3092 recte
1721 3036 1973 3107 observat

370 3109 697 3174 Spondanus
721 3118 850 3162 tom.
885 3106 927 3161 Il
963 3106 1237 3175 Epitoines
1260 3106 1326 3161 ad
1380 3122 1579 3161 annum
1606 3107 1734 3171 529,
1757 3121 1878 3176 pag.
1912 3106 1967 3174 2,

370 3179 511 3232 falso
538 3178 725 3233 referri
753 3179 928 3232 eidem
966 3179 1196 3232 concilio
1242 3177 1548 3232 interfuisse
1572 3190 1803 3247 quatuor
1834 3193 1972 3247 prac-

370 3249 545 3305 fectos
572 3250 846 3315 praetorio,
877 3258 935 3301 ut
966 3258 1145 3303 textus
1169 3249 1492 3315 depravatus
1523 3246 1705 3304 habet.
1733 3246 1888 3311 Nam,
1912 3256 1971 3302 ut

368 3320 544 3375 codex
562 3320 851 3375 Vaticanus
874 3318 1055 3385 docet,
1084 3329 1315 3388 quatuor
1337 3328 1462 3374 sunt
1485 3319 1576 3374 illa
1606 3319 1823 3374 nomina
1848 3333 1971 3389 per-

1066 344 1271 401 LIBER
1312 344 1400 400 DE
1439 340 2007 400 PBOBIISSIONIBUS
2041 340 2134 396 ET
2179 336 2773 397 PR£DICTIONIBUS
2810 338 2942 395 DEI.

445 2021 647 2104 ἔνῑίῖκιὶι.
700 2050 893 2119 Prosp.
940 2050 1145 2105 Lovan.
1180 2060 1246 2121 ﬂet
1294 2051 1483 2111 Duac.,
1514 2051 1710 2121 placuit
1752 2066 1873 2121 ergo
1911 2060 1967 2103 ut
1997 2021 2046 2081 Β

3542 334 3651 390 750

2137 454 2267 527 Item
2298 455 2698 511 Eucnentus....
2723 456 3102 527 episcOpus....
3137 452 3454 527 subscripsi.

2143 526 2541 581 "annuus...
2574 526 2950 596 episcopus....
2973 526 3293 592 subscripsi.

2139 597 2534 654 ancmus....
2566 599 2945 665 episc0pus....
2978 598 3293 662 subscripsi.

2138 667 2557 722 PBILAGBIUS....
2590 669 2968 737 episcopus....
3003 666 3312 735 subscripsi.

2138 738 2486 792 Μηιυυς....
2514 740 2889 807 episcopus....
2919 738 3232 805 subscripsi.

2138 807 2641 863 Pa.ersxurus....
2676 811 3053 878 episcopus....
3077 808 3389 876 subscripsi.

2136 878 2507 933 ALETIIIUS....
2535 880 2913 947 episcopus....
2947 878 3263 945 subscripsi.

2138 947 2603 1003 memoramus...
2632 951 3007 1017 episcopus....
3038 947 3347 1015 subscripsi.

2142 1020 2579 1073 VINDEIIALIS....
2612 1020 2991 1090 episcopus....
3025 1017 3341 1090 subscripsi.

2142 1099 2165 1125 ⁶
2192 1091 2401 1143 Ρετιιω
2426 1086 2992 1145 ΜΑιιεειιιΝυεῚεειιι
3022 1089 3270 1143 Ltnsatus
3301 1088 3382 1142 vir
3408 1086 3650 1142 clarissi-

2067 1174 2189 1215 mus
2225 1172 2278 1213 et
2324 1161 2545 1214 illustris
2578 1163 2856 1227 praefectus
2885 1162 3117 1227 praetorii
3165 1158 3456 1216 Galliarum
3486 1171 3648 1229 atque

2068 1232 2347 1301 patricius,
2376 1232 2720 1285 consentiens
2750 1232 3063 1299 subscripsi.

2147 1298 2165 1337 ί
2197 1300 2457 1356 Sncntus
2487 1302 2569 1353 vir
2598 1301 2820 1355 illustris
2844 1301 3185 1356 Consentiens
3214 1298 3532 1369 subscripsi.

2142 1371 2328 1426 OPILIO
2355 1374 2439 1424 vir
2463 1370 2687 1425 illustris
2708 1374 3050 1426 consentiens
3078 1370 3393 1438 subscripsi.

2142 1442 2527 1496 Puncnuus
2550 1442 2630 1494 vir
2654 1442 2874 1496 illustris
2899 1443 3243 1496 consentiens
3266 1440 3581 1508 subscripsi.

2142 1511 2427 1566 Dsonnus
2459 1512 2540 1565 vir
2564 1512 2785 1567 illustris
2812 1515 3154 1566 consentiens
3185 1510 3501 1579 subscripsi.

2139 1583 2455 1637 CARIATIITO
2481 1583 2565 1635 vir
2592 1582 2814 1637 illustris
2837 1584 3179 1639 consentiens
3209 1581 3522 1649 subscripsi.

2140 1652 2463 1707 Mancecws
2490 1654 2571 1706 vir
2597 1653 2817 1707 illustris
2846 1653 3189 1709 consentiens
3220 1652 3537 1720 subscripsi.

2142 1733 2168 1771 ε
2198 1725 2475 1778 Νλιιλτιυε
2507 1726 2591 1778 vir
2623 1722 2857 1779 illustris
2885 1725 3229 1781 consentiens
3255 1722 3568 1791 subscripsi.

2072 1852 2221 1892 sonte
2239 1837 2398 1907 unius
2424 1852 2439 1889 :
2463 1845 2518 1891 et
2544 1837 2596 1890 in
2622 1837 2790 1905 ipsius
2815 1838 3005 1907 synodi
3033 1838 3276 1897 exordio,
3299 1853 3402 1890 non
3428 1845 3659 1905 quatuor

2073 1910 2162 1975 qui
2196 1906 2535 1962 interfuerint
2562 1907 2634 1961 ibi
2666 1906 2926 1976 praefecti,
2955 1909 3049 1964 sed
3078 1922 3212 1962 unus
3250 1909 3527 1961 dumtaxat
3562 1907 3657 1962 Li-

2078 1978 2259 2033 berius
2288 1977 2542 2046 patricius
2568 1979 2874 2032 nominatur
2898 1986 2919 2031 ξ
2940 1994 3002 2033 ac
3030 1979 3259 2047 denique
3286 1978 3386 2030 hoc
3414 1987 3659 2047 tempore

2075 2048 2368 2102 Athalarici
2418 2050 2582 2117 regis,
2615 2063 2719 2101 non
2746 2059 2972 2113 quatuor
3001 2049 3276 2115 praefectos
3302 2048 3526 2103 Galliam
3558 2048 3655 2101 ad-

2071 2120 2433 2186 ministrasse,
2461 2120 2554 2173 sed
2583 2134 2743 2172 unum
2775 2119 2914 2172 hunc
2942 2118 3210 2172 Liberium
3243 2128 3386 2187 patet
3414 2135 3479 2173 ex
3511 2119 3659 2183 ejus-

2071 2190 2194 2244 dem
2225 2189 2368 2259 regis
2403 2190 2628 2259 epistola
2657 2191 2721 2242 ad
2754 2189 3001 2243 eumdem
3041 2190 3311 2243 Liberium
3340 2189 3462 2243 data
3506 2190 3659 2256 (Cas-

2070 2261 2205 2341 siod.
2304 2275 2419 2327 VIII,
2449 2259 2625 2341 φρ).
2655 2260 2751 2341 Qui
2771 2259 2988 2341 quidem
3008 2261 3106 2341 ille
3132 2261 3248 2341 ipse
3270 2275 3391 2314 esse
3411 2260 3661 2341 Liberius

2072 2332 2363 2395 invenitur,
2404 2330 2488 2385 cui
2539 2330 2907 2385 Theudoricus
2954 2332 3239 2385 Atlialarici
3292 2333 3660 2398 praedecessor

2071 2402 2247 2455 fasces
2277 2411 2433 2455 antea
2476 2401 2800 2455 crediderat.
2844 2400 3052 2470 Quippe
3085 2404 3172 2469 qui
3221 2401 3363 2454 inter
3390 2401 3490 2454 alia
3524 2416 3661 2469 prte-

2072 2473 2217 2526 clare
2243 2474 2312 2525 ab
2342 2474 2478 2537 ipso,
2512 2472 2649 2525 bello
2698 2487 2932 2539 paceque
2961 2474 3012 2526 in
3047 2473 3215 2537 Italia,
3246 2471 3416 2526 Gallia
3448 2481 3503 2525 et
3531 2472 3659 2524 alibi

2072 2553 2242 2607 gesta,
2271 2542 2680 2597 commendatus
2710 2558 2775 2595 ex
2803 2557 2869 2596 eo
2910 2544 3154 2609 habetur,
3184 2542 3324 2610 quod
3358 2542 3519 2595 Italos
3545 2542 3656 2594 Co-

2072 2612 2180 2667 this
2210 2612 2554 2675 consociarit,
2598 2613 2755 2666 tertia
2787 2628 3033 2681 agrorum
3082 2624 3231 2681 parte
3269 2612 3371 2665 illis
3401 2626 3655 2667 concessa

2078 2682 2264 2752 (Ibid.,
2299 2684 2335 2737 ι.
2368 2698 2426 2747 II,
2458 2685 2607 2753 epist.
2638 2683 2727 2744 I5,
2754 2683 2821 2735 ad
2852 2682 3085 2753 Senam.

2149 2753 2169 2792 ί
2205 2753 2281 2808 Ex
2321 2754 2508 2809 eadem
2539 2753 2668 2807 edit.
2718 2761 2849 2807 IOIII.
2885 2752 2952 2806 Χ.
2990 2754 3128 2822 Aug.
3177 2752 3339 2823 Oper.
3389 2763 3658 2806 mutamus

2074 2825 2393 2893 subscripsit,
2423 2823 2564 2890 quod
2623 2824 2814 2892 legitur
2856 2824 2905 2876 in
2951 2823 3226 2878 codicibus
3262 2824 3654 2892 Prosperianis,

2077 2895 2127 2949 in
2142 2894 2424 2965 subscripsi
2440 2894 2530 2947 hic
2543 2902 2597 2948 et
2621 2894 2673 2948 in
2689 2895 3069 2965 sequentibus.

2148 2972 2174 3011 s
2207 2967 2317 3016 Hoc
2345 2963 2564 3030 nomen,
2593 2975 2647 3020 et
2688 2963 2804 3017 haec
2849 2964 3168 3032 subscriptio
3197 2964 3411 3018 additur
3452 2979 3515 3018 ex
3550 2965 3660 3017 Au-

2073 3035 2272 3103 gustini
2301 3043 2433 3088 tom.
2452 3033 2568 3088 Xin
2590 3034 2823 3104 append.
2847 3051 2860 3087 :
2894 3050 3013 3089 cum
3032 3035 3166 3089 desit
3186 3035 3657 3090 editionibnsl'rm

2074 3106 2241 3174 speri.
2272 3105 2501 3168 Lovan.,
2536 3105 2699 3160 Duac.
2728 3116 2783 3158 et
2819 3104 3013 3160 Colon.
3052 3105 3216 3175 Cujus
3242 3105 3557 3160 auctoritate
3602 3106 3659 3157 in

2074 3176 2561 3246 subscriptionibus
2603 3190 2695 3229 sex
2739 3190 2860 3243 qua!
2887 3178 3197 3244 praecedunt
3240 3180 3536 3244 posuimus,
3582 3176 3659 3228 vir

2075 3247 2313 3314 illustris,
2343 3246 2434 3301 ubi
2460 3258 2619 3302 antea
2652 3246 2971 3315 habebatur,
3003 3250 3080 3301 vir
3102 3246 3437 3301 clarissimus.

370 3470 3626 3500 ————————L—————_—-————————————

1672 3574 2339 3658 ADMONITIO

831 3712 912 3773 IN
956 3712 1256 3774 LIBRUM
1302 3712 1406 3773 DE
1450 3711 2114 3775 PROMISSIONIBUS
2156 3714 2258 3775 ΕΤ
2306 3714 2994 3779 ΡΒᾸΞΒΙΟΤΙΟΝΙΒΠΞ
3036 3719 3190 3779 DEI.

447 3834 805 3909 Cassiodorus
831 3834 883 3888 in
915 3833 1053 3909 libro
1074 3834 1310 3888 lnstitut.
1340 3835 1515 3909 Divin.
1534 3835 1745 3909 _Litter.
1773 3836 1951 3905 capite
1982 3837 2180 3909 primo,
2206 3836 2453 3891 hortatur
2483 3837 2783 3909 uhassidue
2814 3848 2869 3893 et
2897 3849 3100 3894 attente
3131 3840 3375 3908 lcgantur
3399 3839 3520 3893 libri
3550 3850 3658 3896 tres

369 3905 425 3959 in
454 3907 647 3973 quibus
676 3916 889 3959 sanctus
921 3906 1151 3973 Prosper
1181 3920 1367 3960 omnes
1400 3906 1549 3959 verbi
1581 3907 1750 3960 divini
1783 3910 2131 3961 auctoritates
2163 3908 2215 3959 in
2247 3918 2463 3977 centum
2490 3905 2871 3977 quinquaginta
2904 3911 3073 3963 tribus
3099 3905 3369 3971 canitulis,
3403 3910 3660 3967 adinstar

373 3985 590 4029 centum
623 3977 1003 4048 quinquaginta
1036 3980 1194 4029 trium
1226 3977 1456 4048 piscium
1472 3992 1613 4048 quos
1643 3979 1962 4046 Evangelica
2008 3979 2141 4031 retia
2173 3979 2242 4031 de
2276 3976 2432 4045 hujus
2462 3976 2651 4048 saeculi
2689 3976 3049 4044 tempestuosa
3084 3980 3443 4048 profunditate
3474 3991 3656 4037 traxe-

369 4055 519 4119 runt,
544 4047 855 4119 complexus
884 4055 985 4119 est.
1018 4049 1149 4119 Quae
1176 4050 1374 4119 vix‘est
1398 4047 1552 4119 rullus
1581 4047 1860 4102 dubitandi
1890 4048 2042 4119 locus
2087 4048 2155 4103 ab
2195 4061 2261 4101 eo
2300 4048 2403 4101 dici
2447 4047 2513 4102 de
2566 4047 2734 4103 hocce
2766 4064 2929 4119 opere
2964 4051 3047 4104 cui
3083 4047 3266 4105 titulus
3304 4060 3405 4108 est.
3440 4052 3504 4105 de
3524 4051 3657 4106 Pro-

368 4117 697 4192 missionibus
715 4127 767 4192 _et
796 4114 1537 4192 Prtedictianibusbei._Hanc
1564 4122 1707 4172 enim
1738 4119 1879 4173 illius
1909 4118 2073 4172 fuisse
2104 4118 2511 4192 mente_m,_indc
2540 4114 2823 4192 conjicitur
2847 4161 2861 4183 ,
2892 4121 3033 4187 quod
3066 4120 3334 4187 ipsemet,
3366 4122 3481 4176 libri
3514 4125 3659 4192 ejus-

369 4188 498 4240 dem
526 4202 645 4265 cap‘.
676 4189 765 4251 ΓΙ,
796 4186 1842 4265 dehhistoricis_ChristianiSEermonem
1876 4203 2223 4265 persequens,
2242 4189 2616 4265 .de_Prospero
2643 4192 2727 4265 ita
2746 4186 2994 4261 loquatur
3025 4192 3197 4265 (Cap.
3233 4192 3302 4246 84
3330 4193 3392 4265 )7:
3436 4186 3659 4249 Sanetus

366 4257 823 4335 quogueProstLer
851 4254 1107 4310 Chronica
1135 4258 1200 4335 ab
1224 4258 1395 4335 Ant-lam
1420 4258 1488 4335 ad
1518 4257 1780 4335 Genserici
1811 4254 2113 4335 tempora'et
2138 4258 2278 4335 urbis
2308 4254 2499 4335 Roma!
2517 4254 2951 4335 deprtcdatianeut
2978 4254 3410 4335 us‘que'perduéit.
3453 4264 3659 4330 Quibus

368 4329 552 4401 verbis
584 4329 724 4381 hunc
751 4328 1070 4401 Prusperutn
1115 4328 1202 4401 qui
1234 4328 1495 4383 Chronica
1535 4330 1770 4398 scripsit,
1803 4328 2051 4384 eumdem
2084 4344 2143 4383 se
2171 4330 2481 4384 existimare
2535 4328 2663 4385 satis
2712 4334 2883 4387 innuit
2928 4328 3087 4401 quem
3133 4328 3239 4389 tres
3285 4335 3449 4389 libros
3477 4328 3660 4390 “totius

368 4399 570 4469 «lirium
620 4398 950 4469 auctoritatis
992 4398 1333 4453 elucubraSSe
1385 4410 1542 4453 antea
1588 4409 1813 4453 testatus
1867 4409 1983 4455 erat
2036 4415 2051 4453 :
2096 4410 2323 4468 uterque
2373 4402 2514 4455 enim
2561 4413 2779 4457 sanctus
2828 4404 2901 4455 illi
2946 4398 3244 4469 reputatur.
3286 4404 3354 4457 At
3390 4403 3656 4461 Chronica

370 4469 463 4521 illa
495 4465 872 4546 Cassiodorum
898 4471 1143 4546 Prospcri
1167 4470 1332 4522 nostri
1357 4471 1853 4546 opus_int_elle_xisse
1884 4486 1950 4524 ex
1978 4486 2043 4524 eo
2063 4465 2290 4546 quisque
2313 4472 2603 4546 intelliget,
2632 4474 2774 4541 quod
2803 4465 3110 4546 Gennadius
3136 4473 3394 4546 Chronica
3425 4476 3665 4546 ejusdem

368 4540 583 4613 nomine
608 4540 1140 4613 prtptitulatavidisse
1162 4554 1220 4592 se
1249 4549 1475 4613 testetur
1502 4540 1551 4592 in
1570 4537 1936 4613 Catalogo,_ex
1962 4537 2187 4609 quo’sua
2204 4537 2358 4595 haud
2381 4537 2542 4597 dubie
2573 4537 2847 4598 mutuatus
2865 4553 2948 4597 cst
2968 4541 3223 4611 Senator,
3246 4545 3335 4613 qui
3358 4537 3468 4612 jam
3491 4547 3659 4601 citato

366 4608 572 4677 capite,
608 4608 764 4678 hujus
784 4610 971 4677 aperis
995 4610 1276 4663 lectionem
1309 4609 1552 4677 impense
1582 4608 1946 4664 commendat.

453 4680 563 4749 Iloc
585 4695 714 4734 vero
741 4695 875 4749 opus
903 4679 1059 4734 hodie
1092 4680 1141 4732 in
1175 4681 1410 4748 quinque
1442 4688 1643 4749 partes,
1665 4691 1723 4734 ut
1742 4680 1810 4734 ab
1837 4690 2055 4735 auctore
2080 4681 2308 4743 exierat,
2340 4680 2689 4736 distributum
2734 4682 2980 4737 habetur.
3011 4682 3107 4737 Ille
3133 4693 3310 4739 autem
3342 4685 3408 4740 ad
3439 4698 3658 4744 centum

366 4748 757 4824 Quinquaginta
781 4748 891 4824 tres
923 4750 1045 4803 illos
1078 4754 1248 4824 pisces
1271 4766 1408 4824 quos
1435 4748 1688 4824 apostoli,
1718 4760 1837 4818 post
1866 4751 2065 4824 Christi
2111 4754 2589 4824 resurrectionem,
2622 4767 2730 4807 uno
2769 4751 2918 4807 retis'
2934 4754 3080 4821 jactu
3115 4757 3322 4824 cepisse
3349 4758 3661 4813 referuntur

367 4820 437 4898 inn
457 4820 946 4898 E_vaiigelio_({oan.
972 4835 1088 4898 xxi,
1132 4822 1241 4888 Η),
1267 4819 1535 4884 alludens,
1568 4821 1667 4898 sub
1694 4833 1913 4898 centum
1943 4820 2324 4891 quinquaginta
2356 4822 2523 4898 tribus
2547 4823 2722 4898 titulis
2740 4824 2820 4898 (ut
2842 4819 3045 4898 notavit
3066 4819 3447 4898 Cassiodorus)
3470 4844 3661 4883 omnes

365 4888 574 4943 Christi
610 4888 814 4966 Domini
847 4892 1374 4966 promissionester
1397 4893 1881 4966 tot_umSc_riptura:
1902 4888 2339 4966 sset-tercanipum
2366 4892 2611 4956 diﬂ'usas,
2639 4888 2809 4966 voluit
2831 4896 3095 4966 contineri
3132 4914 3145 4950 :
3178 4912 3310 4966 quas
3334 4888 3454 4951 ideo
3486 4900 3575 4953 ille
3607 4901 3659 4953 in

367 4974 543 5034 unum
567 4961 802 5029 collegit,
826 4970 880 5013 ut
903 4974 995 5014 eas
1020 4976 1145 5034 vere
1168 4976 1195 5012 a
1219 4960 1435 5034 Christo
1464 4962 1628 5034 fuisse
1660 4962 1927 5034 impletas,
1948 4972 2042 5017 ant
2071 4965 2119 5016 in
2152 4960 2423 5031 posterum
2444 4972 2593 5034 certo
2617 4964 2816 5019 certius
2844 4965 3147 5034 implendas
3178 4960 3292 5021 lure
3321 4968 3661 5022 demonstra-

369 5040 482 5107 ret.
505 5029 634 5107 Cum
660 5042 840 5107 autem
870 5032 1254 5107 promissiones
1281 5032 1385 5107 illze
1421 5032 1610 5100 partim
1640 5029 1762 5107 ante
1806 5033 1998 5107 iegem,
2044 5029 2233 5107 part—im
2262 5035 2361 5088 sub
2407 5038 2523 5103 lege
2555 5033 2710 5107 facta:
2736 5076 2753 5107 ε
2790 5029 3006 5107 tandem
3036 5050 3277 5107 tempore
3304 5040 3661 5092 manifestatze

366 5099 913 5179 hominibusgratite,
948 5100 1189 5179 impleas;
1211 5099 1569 5179 inveniantur,
1596 5118 1699 5155 non
1732 5099 1953 5158 defuere
1988 5104 2078 5172 qui
2121 5103 2287 5179 hocce
2314 5099 2694 5173 Opus'nomine
2725 5104 2864 5179 Libri
2885 5117 3002 5179 ante
3032 5099 3210 5179 legent,
3241 5110 3333 5160 sub
3356 5110 3467 5179 iege
3488 5120 3535 5161 et
3567 5110 3661 5163 sub

364 5171 564 5247 gratia,
584 5170 950 5247 designarent.
969 5171 1323 5247 Cassiodorus
1340 5173 1749 5247 verolocumex
1776 5182 1926 5240 parte
1960 5170 2063 5247 terit
2086 5190 2113 5227 a
2147 5170 2366 5247 petitum
2398 5186 2667 5245 tamquam
2693 5176 2866 5247 sancti
2900 5170 3143 5245 Pro-peri
3168 5170 3364 5231 dictmn
3392 5170 3657 5247 producit.

453 5239 1337 5316 DuctissimnsquoqueAnnalium
1368 5239 1870 5316 ,Ecclesiasticor’um
1899 5239 2160 5298 condiior'
2182 5244 2249 5298 ad
2280 5260 2481 5316 annum
2525 5239 2647 5300 ierat
2688 5246 3007 5301 Christiane
3036 5239 3143 5301 λιι
3169 5239 3442 5302 auctorem
3471 5252 3657 5316 operis

365 5310 447 5386 de
478 5311 927 5386 Promissionibus
958 5322 1011 5386 et
1045 5313 1483 5386 lr’i-mdictionibus
1509 5315 1598 5366 Dei
1629 5314 1957 5386 I’rosperum
1987 5329 2108 5386 esse
2135 5314 2343 5380 scribit,
2372 5329 2530 5385 atque
2558 5318 2629 5370 ita
2660 5318 2809 5371 illmn
2832 5319 3004 5386 longis
3036 5317 3309 5372 itineribus
3339 5334 3434 5386 per
3457 5310 3661 5373 Italiam

364 5381 1133 5456 Alricainque‘circumducit;
1187 5394 1295 5436 tum
1344 5383 1416 5437 illi
1451 5398 1582 5435 nova
1628 5384 1765 5456 bella
1801 5395 1987 5439 contra
2018 5385 2335 5452 Pelagianos
2372 5381 2649 5453 attribuit,
2681 5403 2800 5456 qnte
2831 5381 3007 5440 omnia
3050 5403 3113 5442 ex
3145 5381 3352 5442 eodem'
3374 5390 3521 5443 fonte
3550 5405 3665 5443 ma-

366 5461 528 5522 nant.
553 5449 911 5520 In‘utriusque
938 5467 1096 5518 supra
1124 5457 1403 5507 memorati
1433 5455 1667 5508 auctoris
1699 5456 2020 5509 sententiam
2055 5449 2234 5522 multi,
2266 5471 2325 5510 re
2348 5469 2607 5511 maturius
2633 5449 2737 5509 no'n
2762 5460 3087 5520 examinata,
3117 5458 3212 5511 teli
3241 5459 3660 5514 descenderunt.

363 5519 487 5576 Nec
505 5530 693 5596 tamen
724 5519 879 5596 facile
914 5522 1162 5596 definiam
1192 5538 1261 5577 an
1291 5540 1357 5577 ex
1399 5526 1514 5578 sola
1557 5526 1835 5596 utriusque
1863 5529 2185 5581 auctoritate
2222 5519 2368 5581 recte
2398 5527 2643 5580 concludi
2685 5526 2855 5593 possit
2898 5529 3058 5592 hujus
3080 5519 3262 5596 ’operis
3290 5533 3495 5584 auctori
3525 5530 3663 5584 Pro-

364 5589 521 5665 speri
550 5606 743 5646 nomen
774 5592 1121 5665 fuisse.fQua:
1149 5597 1459 5662 conjectura
1492 5608 1521 5648 a
1542 5589 1863 5665 quibusdam
1906 5610 2011 5649 non
2044 5598 2366 5665 improbata,
2395 5598 2464 5649 ab
2504 5597 2622 5649 aliis
2649 5589 2870 5651 omnino
2900 5589 3180 5651 refutatur.
3216 5599 3322 5653 Hos
3353 5600 3495 5655 inter
3523 5600 3663 5654 emi-

366 5662 1035 5737 nentissimuscardinalis
1065 5663 1327 5725 Norisius,
1359 5662 1604 5737 Historiae
1630 5664 1928 5734 Pelagiana:
1959 5667 2099 5719 libro
2122 5662 2381 5729 secundo,
2406 5669 2579 5737 capite
2606 5666 2818 5719 decimo
2848 5676 3069 5735 quarto,
3104 5684 3214 5722 rem
3244 5685 3338 5737 pro
3368 5670 3663 5725 verosimili

367 5745 707 5813 supponens,
736 5734 853 5786 libri
881 5745 1151 5787 auctorem
1186 5744 1335 5813 putat
1357 5736 1575 5813 agnosci
1611 5749 1765 5813 posse
1792 5746 2035 5813 sanctum
2063 5738 2403 5813 i’rosperum,
2432 5736 2783 5813 ltttcgicnsem
2812 5734 3143 5813 episcopum,
3168 5734 3328 5796 alium
3351 5756 3380 5796 a
3398 5741 3665 5813 PrOSpcro

367 5802 667 5870 Aquitano,
703 5820 859 5871 qnem
885 5820 1137 5872 umquam
1168 5802 1456 5875 episcopali
1484 5802 1744 5875 dignitate
1767 5817 1979 5861 auctum
2006 5810 2171 5863 fuisse
2192 5802 2298 5862 non
2327 5808 2501 5861 credit
2530 5802 2607 5861 vir
2634 5802 3001 5865 doctissimus.
