4040 6178
373 235 476 290 731
1220 229 1312 284 AD
1349 226 1582 284 OPERA
1622 229 1682 286 S.
1726 226 2062 285 PROSPERI
2107 226 2431 295 AQUITANI
2473 228 2836 284 APPENDIX.
3551 224 3657 283 732

449 352 514 398 At
543 359 670 399 vero
697 342 766 398 de
793 341 894 396 hac
923 339 1231 411 conjectura
1277 340 1532 409 quidquid
1565 341 1747 404 fuerit,
1790 357 1856 396 ex
1901 355 1963 394 ea
2015 341 2142 396 illud
2191 341 2381 395 saltem
2433 343 2486 394 in
2531 357 2616 396 res
2661 351 2872 395 nostras
2901 340 3221 407 accederet,
3272 341 3414 411 quod
3453 351 3506 397 et
3538 345 3654 410 ejus

379 418 542 470 etiam
569 415 889 469 auctoritate
920 409 1225 481 confirmari
1260 423 1457 476 posset,
1487 412 1809 478 Prosperum
1837 424 2076 465 nostrum
2107 413 2364 466 librorum
2400 411 2467 466 de
2489 412 2682 481 quibus
2710 411 2796 465 hic
2826 413 3020 480 agitur,
3051 409 3322 466 auctorem
3347 412 3452 466 dici
3485 409 3652 467 nulla-

382 496 536 540 tenus
575 499 749 552 posse,
781 483 874 537 sed
907 483 1134 534 alterum
1163 480 1228 533 iis
1258 495 1377 534 esse
1409 483 1718 537 necessario
1749 483 2154 551 assignandum.
2201 483 2331 546 Quae
2379 498 2468 536 res
2496 480 2600 536 tam
2629 498 2692 535 ex
2725 483 3056 536 eruditorum
3081 483 3385 537 criticorutn
3426 483 3650 550 judicio,

383 572 541 626 quam
575 571 638 608 ex
671 556 927 626 librorum
964 552 1152 626 horum
1186 553 1410 626 lectione
1434 562 1492 626 et
1513 553 1640 626 styli
1671 568 1856 626 eorum
1887 563 2046 626 gustu
2074 568 2185 626 _non_
2210 553 2428 626 difficile
2457 555 2739 608 evincitur.
2771 552 2925 626 Nam,
2955 560 3014 605 ut
3038 557 3242 622 optime
3269 563 3520 626 notarunt
3545 561 3652 620 jam

388 622 1025 695 l"hilippus_l.abbcus_in
1060 622 1194 695 libro
1226 622 1291 695 d_e
1319 622 1693 695 ‘Scriptoribus
1725 623 2137 695 Ecclesiasticis,
2173 623 2225 677 in
2255 623 2556 690 Prospero,
2607 640 2668 677 ac
2717 623 2876 676 etiam
2927 626 3242 695 accuratius
3275 639 3432 688 supra
3481 625 3654 695 dictus

387 692 646 750 Henricus
673 693 932 758 Norisins,
963 692 1209 744 Historia:
1241 692 1540 761 Pelagiana;
1568 694 1702 746 libro
1731 694 1972 748 secundo
2001 709 2122 760 cap.
2154 695 2242 761 l4,
2276 695 2356 747 vel
2389 696 2618 761 ipsomet
2645 704 2779 746 teste
2807 703 3050 755 auctore,
3084 711 3186 745 non
3220 693 3536 763 Aquitanus,
3561 694 3654 748 sed

384 767 668 821 Africanus
699 765 798 817 fuit
830 781 841 816 :
874 765 1070 830 quippe
1095 763 1208 828 qui,
1243 776 1596 830 przeterquam
1621 763 1764 830 quod
1789 765 1926 818 inter
1955 764 2150 817 multos
2174 765 2477 828 haereticos,
2507 765 2574 818 de
2600 764 2886 818 Donatistis
2912 765 3196 831 prtecipue,
3223 765 3655 817 Maximianistis-

385 853 489 904 que
547 838 802 904 loquitur,
827 835 1217 901 Ticoniumque
1261 833 1531 886 hominem
1572 835 1710 888 inter
1737 835 2039 888 Douatistas
2065 835 2336 889 celebrem
2364 837 2516 899 citat,
2547 843 2770 888 eventus
2805 849 3018 903 quoque
3055 835 3311 902 quosdam
3352 833 3653 896 singulares

385 911 473 975 qui
503 908 554 961 in
589 905 764 960 Africa
786 907 1148 972 contigerunt,
1187 911 1243 955 ut
1266 904 1415 956 testis
1444 920 1630 975 eorum
1653 904 1894 958 oculatus
1927 906 1977 959 in
2013 906 2244 958 tnedium
2275 905 2511 958 adducit.
2558 904 2687 958 Nam
2730 904 3052 972 Carthagine
3083 905 3306 968 degebat
3345 905 3658 975 adolescens

385 973 580 1039 adhuc,
613 992 733 1032 cum
759 991 818 1026 ea
841 976 906 1049 in
930 975 1068 1049 urbe
1091 984 1306 1049 sanctus
1333 974 1568 1049 pontifex
1593 976 1841 1049 Aurelius
1869 975 2124 1040 templum
2155 975 2280 1027 illud
2312 975 2427 1029 dea:
2444 974 2694 1049 Caelestis
2724 975 3464 1049 Longe_lateque_diffamatum
3498 973 3658 1028 Chri-

383 1059 470 1101 sto
493 1065 618 1102 vero
643 1047 852 1102 caelesti
879 1044 1009 1110 Regi
1039 1043 1337 1098 dedicavit:
1368 1047 1508 1112 quod
1541 1046 1670 1098 satis
1701 1047 1897 1098 indicat
1928 1061 2041 1098 rem
2068 1059 2314 1110 narrans,
2342 1055 2490 1110 parte
2523 1047 2700 1110 tertia,
2727 1043 3092 1100 Promissione
3108 1047 3197 1110 '58,
3223 1045 3659 1114 subjungensque

387 1119 588 1180 Statim,
615 1115 736 1186 Ipse
763 1127 884 1169 tunc
905 1118 1253 1186 aderam_cum
1281 1117 1428 1167 sociis
1459 1124 1504 1167 et
1527 1117 1724 1168 amicis.
1759 1115 1933 1182 Atque
1967 1116 2091 1169 dum
2123 1131 2261 1177 se~e,
2312 1125 2370 1169 ut
2395 1117 2812 1186 adolescentium
2843 1125 2972 1167 aetas
3000 1118 3136 1168 solet
3165 1157 3178 1178 ,
3229 1115 3515 1183 impatiens
3549 1119 3656 1168 cir-

387 1184 720 1258 cumquaq'ue
743 1194 1082 1258 verterenet
1107 1184 1230 1237 dum
1249 1186 1454 1258 singula
1476 1186 1688 1258 curiose
1716 1202 1836 1238 cum
1858 1187 2360 1258 amicisaspiceret,
2394 1188 2586 1240 mirum
2619 1185 2886 1258 quoddam
2919 1194 2974 1238 et
3005 1187 3314 1240 incredibile
3352 1202 3408 1239 se
3437 1187 3659 1247 ingessit

387 1255 651 1326 aspectui,
698 1257 881 1310 titulus
929 1257 1176 1310 videlicet
1206 1257 1373 1326 amcis
1397 1255 1877 1322 grandioribusque
1909 1255 2100 1309 litteris
2141 1259 2190 1308 in
2227 1256 2402 1310 fronte
2429 1258 2608 1324 templi
2646 1256 2987 1322 conscriptus
3033 1275 3045 1310 :
3095 1258 3370 1311 Auasucs
3399 1271 3656 1310 PONTIFEX

388 1324 690 1384 ns'ntcsvt'r.
721 1327 852 1381 Cum
883 1328 1039 1392 igitur
1062 1325 1314 1387 templum
1337 1324 1605 1387 Cmiestis,
1637 1327 1825 1380 eodem
1854 1326 1971 1392 ipso
1992 1333 2264 1387 assertore
2287 1326 2562 1392 Africano,
2586 1327 2769 1394 paucis
2801 1335 2915 1393 post
2948 1326 3124 1388 lineis,
3158 1329 3265 1380 Deo
3286 1338 3658 1381 consecratum

390 1400 549 1453 fuerit
576 1399 864 1453 occasione
892 1398 1023 1466 legis
1044 1397 1111 1450 ab
1145 1395 1697 1466 Honoriog'l‘heodosii
1734 1394 1974 1450 Senioris
2005 1397 2113 1448 filio
2141 1398 2280 1454 lataz,
2311 1412 2414 1464 qua
2449 1399 2645 1463 templa
2677 1399 2854 1449 omnia
2875 1411 2996 1466 cum
3022 1398 3124 1452 sibi
3149 1398 3520 1465 adiacentibus
3542 1412 3662 1465 spa-

393 1470 480 1524 tiis
509 1469 752 1524 ecclesiis
783 1464 1030 1529 contulit,
1065 1466 1333 1531 simulque
1355 1464 1615 1537 idolorum
1649 1466 1932 1537 simulacra
1956 1466 2221 1537 confringi
2249 1466 2490 1531 indulsit,
2515 1475 2760 1537 superest
2787 1475 2846 1520 ut
2875 1465 2974 1520 hoc
3005 1464 3522 1536 facinuscontigerit
3545 1464 3662 1535 pust

394 1557 586 1597 annum
617 1540 740 1601 599,
776 1553 881 1598 quo
907 1539 1089 1590 datum
1130 1537 1230 1588 boc
1259 1551 1377 1588 curn
1415 1535 1534 1590 aliis
1571 1535 1874 1590 istiusmodi
1914 1536 2149 1591 edictum
2178 1535 2191 1602 ,
2241 1537 2329 1591 vel
2359 1537 2482 1592 talis
2513 1535 2736 1593 facultas
2765 1550 3048 1604 concessa,
3084 1539 3263 1608 idque,
3295 1549 3353 1592 ut
3381 1535 3660 1602 Observat,

394 1611 631 1680 paschali
661 1608 999 1680 solemnitate
1026 1615 1356 1680 recurrente.

468 1681 671 1736 Eodem
699 1679 859 1734 etiam
891 1677 1198 1746 Carthagini
1222 1677 1533 1748 constituto,
1567 1675 1772 1744 Aspare
1806 1691 1856 1730 v1
1884 1677 2126 1748 consuler
2152 1677 2170 1745 (
2193 1677 2410 1748 sirecta
2452 1677 2696 1733 codicum
2729 1681 2937 1736 censeri
2969 1678 3138 1748 possit
3164 1677 3366 1748 lectio)
3394 1719 3410 1744 ,
3442 1679 3666 1748 contigit

392 1752 624 1821 signum,
657 1762 716 1805 ut
755 1752 850 1813 ait,
883 1759 1290 1821 monstruosum
1311 1747 1759 1821 diabolicumque,
1800 1749 1956 1816 quod.
1989 1747 2160 1821 inquit
2189 1747 2305 1816 (De
2337 1747 2586 1821 Promiss.
2617 1760 2662 1821 et
2695 1749 2942 1804 Prwdict.
2974 1747 3162 1804 rdimid.
3197 1747 3391 1821 temper
3429 1765 3546 1818 cap.
3581 1747 3660 1815 6),

392 1816 506 1890 quis
529 1821 668 1875 illius
695 1823 875 1888 patria!
901 1821 1022 1872 civis
1046 1820 1247 1888 ignorat
1270 1818 1295 1871 ?
1321 1817 1431 1871 lloc
1451 1816 1644 1890 deinde
1671 1817 1838 1890 fusius
1863 1829 2063 1890 narrat,
2094 1819 2161 1890 de
2184 1820 2471 1886 jnvencula
2497 1819 2725 1887 quadam
2754 1822 2928 1875 Araba
2955 1823 3195 1881 natione,
3219 1816 3338 1888 quae
3369 1820 3420 1872 in
3449 1816 3662 1890 pinnam

393 1888 638 1960 aspectus
667 1890 916 1960 impudici
944 1905 972 1942 a
1004 1891 1248 1942 daemone
1273 1899 1484 1960 arrepta
1509 1928 1540 1960 ,Α
1576 1888 1703 1940 nihil
1735 1889 1838 1940 cibi
1867 1889 1950 1943 vel
1994 1889 2166 1960 poculi
2219 1904 2313 1960 per
2355 1891 2685 1956 septuaginta
2731 1891 2901 1945 ferme
2942 1893 3059 1946 dies
3088 1890 3336 1958 trajicere
3365 1888 3574 1951 valens,
3607 1892 3658 1943 in

396 1957 722 2016 monaSIerio
743 1957 1046 2028 puellarum
1073 1975 1099 2010 a
1131 1958 1409 2011 sacerdote
1439 1957 1701 2011 collocata
1732 1968 1835 2021 est,
1869 1960 1957 2013 ubi
1998 1957 2092 2028 per
2121 1959 2255 2012 duas
2278 1959 2649 2014 hebdomadas
2674 1961 2808 2015 nihil
2847 1961 2954 2016 cibi
2983 1973 3075 2015 aut
3097 1957 3254 2028 potus
3291 1976 3513 2014 sumens
3541 1976 3659 2016 cum

396 2034 716 2097 mansisset,
763 2031 851 2084 die
883 2032 1093 2083 tandem
1121 2030 1307 2097 quinto
1336 2028 1544 2081 decimo
1578 2046 1592 2079 :
1622 2028 1938 2082 Ascendente
1981 2031 2243 2083 nobiscum
2279 2029 2377 2097 (ait
2417 2030 2526 2096 ille)
2569 2033 2832 2085 sacerdote
2857 2073 2872 2096 ,
2920 2042 2978 2086 ut
3013 2033 3318 2085 matutinum
3355 2033 3667 2098 sacriﬁcium

394 2103 502 2155 illic
529 2103 816 2170 o/ferretur.
848 2100 1072 2170 puellam
1096 2100 1399 2170 praepositus
1422 2099 1489 2150 ad
1517 2098 1678 2151 altare
1702 2099 1961 2165 perduxit.
1978 2112 2082 2154 etc.
2111 2101 2314 2166 Quibus
2337 2101 2518 2154 verbis
2549 2103 2768 2170 insignis
2793 2103 2918 2157 facti
2943 2114 3128 2158 testem
3155 2103 3424 2155 oculatum
3451 2117 3511 2155 se
3533 2117 3668 2168 pra:-

393 2172 554 2237 dicat,
591 2173 681 2242 qui
718 2173 768 2225 in
798 2173 989 2225 Africae
1020 2170 1300 2238 metropoli
1332 2179 1456 2242 tunc
1487 2170 2011 2242 temporisgdegeret,
2043 2180 2099 2224 et
2123 2171 2304 2242 aliqua
2344 2170 2484 2242 forte
2512 2172 2654 2240 apud
2685 2174 2887 2227 clerum
2919 2174 3066 2227 illum
3093 2172 3351 2237 dignitate
3380 2173 3463 2225 vel
3489 2173 3666 2226 officio

394 2245 573 2312 aliquo
603 2239 982 2297 cohonestatus
1010 2251 1189 2304 esset;
1239 2239 1380 2309 quod
1411 2239 1643 2312 innuere
1681 2240 1948 2312 videntur,
1975 2241 2064 2294 illa
2112 2241 2436 2312 narrationis
2465 2246 2629 2297 verba
2663 2260 2678 2298 :
2725 2243 3040 2298 Ascendente
3079 2244 3340 2298 nobiscum
3381 2244 3661 2304 sacerdote,

394 2310 500 2368 etc:
532 2313 606 2368 lbi
637 2327 766 2381 ergo
791 2312 1018 2381 degebat
1038 2313 1251 2381 Aspare
1281 2326 1332 2363 vi
1359 2311 1601 2381 consule,
1637 2311 1737 2381 hoc
1762 2320 1844 2366 est
1888 2310 1952 2365 ad
1979 2327 2179 2364 annum
2211 2311 2318 2365 ιδι
2343 2353 2359 2376 ,
2400 2327 2508 2379 qtto
2536 2323 2725 2368 contra
2754 2314 3106 2369 Gensericum
3139 2315 3440 2367 invasorem
3471 2314 3667 2366 acriter

395 2385 559 2438 armis
587 2380 981 2439 decertabatur.
1036 2380 1268 2452 Prosper
1297 2396 1423 2435 vero
1445 2380 1546 2432 hoc
1575 2380 1764 2452 eodem
1791 2397 1934 2434 anno
1953 2381 2213 2436 adversus
2243 2382 2603 2438 Massilienses
2634 2383 2962 2452 pertinacius
2993 2386 3046 2438 in
3069 2386 3239 2439 sancti
3265 2383 3544 2452 Augustini
3572 2383 3666 2436 do-

395 2456 618 2508 ctrinam
650 2455 1030 2508 tumultuantes
1057 2451 1324 2506 calamum
1348 2465 1648 2516 resumens,
1667 2451 1906 2506 Cassiani
1935 2453 2147 2506 illorum
2177 2453 2510 2522 antesignani
2533 2451 2729 2524 scripta
2754 2470 2980 2510 nervosa
3003 2451 3668 2524 responsione'percellere

397 2527 610 2580 tandem
638 2535 854 2580 coactus
885 2526 1075 2577 fuerat.

468 2596 648 2650 Refert
671 2595 916 2666 (Ibidem)
948 2607 1161 2663 quoque
1194 2606 1253 2666 se
1275 2591 1517 2666 novisse,
1545 2607 1666 2666 cum
1695 2592 2069 2664 Carthaginem
2101 2593 2337 2660 advenit,
2365 2593 2650 2663 quemdam
2676 2595 2778 2649 sub
2807 2595 2988 2663 specie
3014 2595 3282 2657 monachi,
3305 2593 3394 2662 qui
3414 2594 3658 2666 quaedam

398 2665 548 2733 signa
581 2663 917 2720 curationum
950 2680 1008 2719 se
1037 2664 1247 2732 cperari
1268 2664 1502 2735 iactabat
1525 2663 1668 2716 circa
1694 2663 2055 2734 aegros,’quos
2095 2667 2238 2727 oleo,
2271 2667 2454 2719 nescio
2483 2666 2635 2732 cujus
2675 2666 2872 2722 mortui
2899 2681 3021 2721 osse
3047 2666 3246 2732 infuso,
3277 2665 3499 2720 finiebat
3533 2683 3546 2719 :
3577 2666 3664 2735 qui

398 2745 580 2792 tamen
611 2753 731 2790 cum
762 2736 1002 2790 fraudem
1029 2749 1181 2787 suam
1211 2733 1476 2805 proditam
1508 2736 1784 2805 cognovit,
1811 2733 1989 2788 statim
2024 2750 2089 2788 ex
2119 2736 2203 2788 illa
2230 2735 2362 2788 urbe
2391 2735 2615 2805 aufugit.

469 2810 523 2862 Si
555 2818 733 2860 autem
775 2806 1008 2873 scriptor
1034 2805 1135 2858 iste
1176 2803 1692 2875 aimocirciter‘tio
1719 2803 1768 2856 in
1802 2805 2162 2859 adolescentia
2203 2803 2541 2875 conSIitutus'
2561 2807 2936 2875 Carthaginem
2983 2807 3238 2871 incoluit,
3280 2817 3334 2861 et
3384 2806 3451 2860 ibi
3485 2806 3664 2860 sedem

397 2877 573 2932 adhuc
595 2879 751 2931 fixam
783 2877 1046 2931 retinebat
1071 2891 1210 2928 anno
1236 2873 1342 2929 454
1363 2914 1377 2936 ,
1403 2874 1628 2928 difficile
1667 2890 1788 2927 eum
1816 2876 1979 2928 alium
2009 2891 2167 2944 quam
2195 2873 2690 2944 Carthaginiensem
2711 2919 2727 2943 ,
2758 2873 2840 2933 vel
2871 2879 3058 2934 saltem
3093 2878 3398 2932 Africanum
3427 2876 3665 2942 dixeris;

399 2948 676 3017 multoque
705 2949 949 3002 minusin
979 2955 1127 3000 tanto
1155 2946 1410 3017 temporis
1434 2944 1722 3017 intervallo
1747 2946 2026 3017 eumdem,
2061 2963 2167 3000 non
2199 2946 2484 3000 mediocris
2516 2948 2744 3001 nominis
2776 2951 2980 3012 virum,
3009 2949 3308 3017 Augustino
3349 2958 3457 3000 tum
3489 2947 3541 3000 in
3569 2947 3666 3000 bac

399 3015 704 3087 metropoli,
727 3029 835 3072 tum
864 3034 930 3072 ex
963 3016 1252 3086 provinciae
1277 3015 1606 3085 synodorum
1630 3017 1914 3070 occasione
1941 3015 1991 3070 in
2018 3017 2099 3070 his
2127 3017 2434 3081 regionibus
2459 3019 2658 3084 saepius
2683 3019 2996 3082 diversanti,
3027 3015 3258 3073 defacie
3289 3028 3472 3072 notum
3506 3018 3669 3071 fuisse

401 3093 702 3156 negaveris.
735 3092 802 3142 At
829 3089 1055 3156 Prosper
1080 3099 1265 3140 noster
1292 3094 1346 3139 et
1377 3088 1671 3159 Aquitanus
1699 3087 1863 3159 fuisse
1892 3088 2129 3159 omnium
2178 3087 2454 3157 hucusque
2479 3091 2837 3144 consensione
2865 3090 3173 3157 perhibetur
3193 3131 3209 3154 ,
3231 3099 3310 3159 iet
3341 3089 3667 3159 llipponensi

401 3160 623 3215 antistiti
649 3160 718 3213 de
747 3159 883 3214 facie
912 3159 1121 3228 ignotus
1147 3164 1358 3212 suomet
1384 3158 1689 3210 testimonio
1723 3157 1983 3222 proditur.
2022 3156 2153 3210 Nam
2180 3159 2246 3210 ad
2276 3156 2523 3211 eumdem
2550 3160 2820 3226 scribens,
2866 3156 2941 3213 Sic
2974 3161 3174 3214 habet:
3219 3156 3432 3228 Ignotus
3469 3161 3669 3227 quidem

404 3179 623 3215 anusuu
649 3179 718 3213 tle
747 3179 883 3214 laete
913 3179 1121 3228 IgIIOIUS
1147 3179 1358 3212 δυυιιιυι
1385 3179 1689 3210 ιρδιιιιιυιιιυ
1723 3179 1983 3222 prnuuur.
2022 3179 2153 3210 l‘alll
2180 3179 2246 3210 au
2276 3179 2523 3211 CUIINICIII
2550 3179 2820 3226 SCI'IDenS,
2866 3179 2941 3213 SIC
2974 3179 3137 3214 113061,
3162 3179 3174 3212 ἶ
3219 3179 3240 3212 Ι
3287 3179 3432 3213 natus
3469 3179 3669 3227 quraem

404 3231 493 3282 tibi
517 3229 780 3301 facie,_scd
802 3233 918 3300 jam
943 3230 1290 3301 aliquatenus,
1321 3228 1364 3301 si
1393 3228 1974 3301 reminiscaris,‘animo_
1991 3244 2052 3280 ac
2080 3244 2309 3301 sermone
2336 3239 2646 3301 compertus,
2670 3239 2776 3284 etc.
2812 3229 3008 3301 (Supra
3049 3231 3149 3284 col.
3180 3179 3295 3300 (ξιξ.
3351 3231 3485 3284 Hinc
3530 3239 3671 3301 patet

401 3295 523 3354 eum
547 3299 640 3368 qui
677 3299 774 3354 hos
803 3295 970 3352 libros
997 3295 1060 3350 de
1093 3297 1535 3368 Promissionibus
1551 3307 1594 3348 et
1625 3295 2050 3351 Prwdictionibus
2083 3297 2178 3350 Dei
2199 3295 2555 3362 elucubravit,
2587 3315 2707 3354 esse
2732 3295 2948 3354 omnino
2977 3295 3299 3355 diversunia
3329 3310 3512 3353 sancto
3540 3298 3670 3353 Pro-

401 3366 874 3441 spero'Aquitano.
909 3368 986 3441 Ne
1024 3369 1263 3422 dicamus
1301 3366 1637 3420 Genuadium
1683 3367 1735 3420 in
1765 3369 2021 3438 Catalogo
2060 3370 2390 3441 Scriptorum
2429 3370 2958 3441 Ecclesiasticorum,
2985 3372 3186 3426 aliosve
3235 3371 3326 3441 qui
3351 3380 3470 3440 post
3499 3371 3668 3439 ipsum

403 3439 801 3493 ecclesiasticos
829 3440 1124 3505 scriptores
1149 3447 1558 3498 recensuerunt,
1583 3452 1845 3506 nusquam
1875 3454 1969 3493 eos
1992 3446 2250 3492 tractatus
2275 3439 2541 3504 Prospero
2568 3440 2840 3495 tribuisse.

479 3509 572 3564 llis
611 3510 859 3564 omnibus
885 3506 1369 3578 testimoniisadde
1410 3509 1572 3560 etiam
1603 3522 1706 3561 non
1746 3508 1962 3563 dubiam
1985 3509 2036 3562 in
2068 3511 2208 3578 stylo
2235 3509 2555 3575 dicendique
2585 3511 2894 3566 charactere
2918 3511 3282 3567 diversitatem
3315 3512 3455 3564 inter
3481 3522 3667 3565 aucto-

409 3595 523 3634 rem
570 3582 795 3634 istorum
838 3579 1097 3650 librorum
1127 3587 1181 3650 et
1218 3577 1538 3650 Prosperum
1571 3578 1926 3645 Aquitanum;
1974 3579 2044 3634 de
2069 3577 2190 3650 qua
2237 3580 2410 3648 quivis
2440 3595 2625 3649 aequus
2652 3597 2831 3635 rerum
2875 3583 3171 3637 aestimator
3200 3581 3358 3636 facile
3381 3581 3663 3650 judicabit.

403 3651 651 3705 Auctoris
699 3651 896 3718 quippe
937 3648 1107 3703 oratio
1154 3647 1408 3712 bumilis,
1440 3647 1623 3716 jejuna
1671 3659 1723 3702 et
1749 3650 2017 3714 simplex;
2065 3647 2312 3717 Prosperi
2348 3647 2596 3717 loquendi
2623 3666 2790 3718 genus
2831 3652 3131 3715 abundans,
3181 3653 3352 3716 dives,
3383 3647 3590 3705 viribus
3618 3665 3670 3704 et

405 3722 583 3775 nervis
613 3719 820 3782 valens,
853 3721 1201 3791 locupleSque
1228 3719 1528 3791 sententiis.
1563 3718 1780 3791 Frustra
1811 3735 1938 3773 vero
1965 3721 2085 3788 quis
2111 3720 2304 3773 dixerit
2325 3729 2600 3791 exaratum
2632 3721 2732 3776 hoc
2761 3738 2894 3790 opus
2921 3739 2948 3776 a
2974 3725 3239 3791 Prospero
3273 3723 3522 3790 juniore,
3549 3737 3668 3777 cum

403 3793 470 3844 sit
495 3791 729 3845 hominis
756 3800 910 3861 actate
940 3787 1208 3861 provecti,
1230 3799 1287 3842 tit
1310 3787 1423 3861 ipse
1450 3797 1636 3861 auctor
1661 3789 1728 3861 de
1753 3787 2086 3861 se_testat_ur,
2118 3799 2173 3843 et
2197 3806 2262 3844 ex
2295 3789 2478 3845 multis
2498 3790 2629 3845 locis
2650 3787 2880 3846 Constat.
2907 3787 3186 3848 Scribebat
3213 3787 3390 3846 autem
3418 3804 3671 3861 regnante

405 3861 782 3932 Valentiniano
804 3860 901 3926 lll;
934 3857 1009 3924 at,
1042 3872 1099 3914 ut
1129 3859 1358 3932 videtur,
1387 3857 1634 3932 defuncta
1663 3859 2083 3932 jamiPlacidia}
2114 3867 2169 3914 et
2197 3863 2275 3914 sic
2305 3871 2649 3932 pestannum
2679 3863 2784 3918 450
2811 3873 2865 3917 et
2885 3874 3006 3918 ante
3039 3864 3163 3918 455.
3194 3865 3249 3917 lu
3284 3864 3464 3916 multis
3483 3857 3671 3932 'Augu-

404 3935 603 4004 stiuum
631 3931 900 4004 sequitur,
941 3941 999 4004 et
1049 3928 1336 4004 identidem
1387 3928 1560 3998 ipsum
1591 3931 1742 4004 citat.
1774 3931 2012 4004 Denique
2042 3930 2401 4004 Lovanienses
2423 3930 2695 4004 doctores,
2736 3935 2825 4002 qui
2849 3936 3017 3988 sancti
3051 3936 3297 4001 Prosperi
3339 3949 3503 4002 Opera
3534 3928 3670 4004 typis

401 4002 642 4058 tnandari
672 3999 946 4066 curarunt,
977 4001 1212 4054 fatentur
1243 3999 1504 4072 hocgopus
1529 4001 1671 4072 stylo
1703 4010 1757 4055 et
1800 4000 2086 4054 eruditioni
2127 4002 2298 4054 sancti
2335 4001 2584 4068 Prosperi
2630 4003 2729 4055 sibi
2756 3999 2935 4059 'videri
2961 3999 3241 4071 imparem,
3277 3999 3668 4072 textumquein

404 4073 583 4127 multis
616 4071 752 4144 locis
775 4072 1119 4144 depravatum
1157 4077 1212 4122 ct
1238 4069 1505 4144 mutilum.
1537 4070 1631 4144 Cui
1664 4087 1760 4144 nos
1787 4073 1938 4144 vitio,
1966 4072 2016 4124 in
2047 4081 2301 4140 quantum
2334 4071 2501 4135 licuit,
2530 4087 2633 4141 ope
2667 4075 3014 4144 manuscripti
3042 4069 3671 4144 llemigiano—Rcmensis

402 4156 664 4196 annorum
695 4140 820 4204 800,
845 4148 898 4192 ct
921 4149 1157 4194 veterum
1189 4139 1480 4192 editionum
1512 4140 1711 4193 mederi
1740 4143 1914 4194 conati
1940 4139 2146 4194 sumus.

475 4210 540 4284 |d_
574 4219 749 4264 autem
780 4225 919 4284 noue
960 4225 1080 4284 cum
1121 4209 1452 4284 aliqua‘cura
1482 4210 1790 4284 expendere
1818 4229 1920 4284 non
1950 4212 2172 4284 pigebit,
2206 4212 2348 4268 unde
2379 4213 2592 4268 tandem
2621 4213 2817 4267 factum
2866 4213 2940 4268 sit
2985 4223 3044 4267 ut
3092 4215 3177 4269 hic
3225 4215 3492 4284 Prospero
3533 4214 3672 4268 fctus

404 4281 690 4349 ascriptus,
725 4289 776 4352 et
806 4281 945 4334 inter
974 4280 1090 4348 ejus
1112 4293 1274 4347 opera
1300 4279 1457 4332 fuerit
1481 4282 1796 4352 recensitos.
1822 4279 1976 4344 Nam,
2010 4283 2069 4335 1°
2100 4286 2198 4338 etsi
2235 4300 2299 4337 ex
2333 4285 2455 4352 Styli
2486 4284 2836 4339 similitudine
2866 4301 2970 4338 non
2996 4286 3227 4352 potuerit
3247 4279 3398 4340 error
3435 4287 3670 4352 prodire,

405 4368 524 4424 cum
559 4361 703 4404 tanta
732 4351 803 4404 sit
830 4353 967 4424 inter
999 4361 1281 4424 utrumque
1310 4350 1901 4424 auctoremdiversitas
1943 4352 2106 4422 styli,
2142 4370 2207 4408 ne
2241 4354 2366 4420 quid
2389 4350 2555 4408 etiam
2603 4354 2815 4408 dicatur
2853 4356 2920 4409 de
2969 4350 3215 4424 loquendi
3247 4350 3486 4409 formulis
3519 4357 3676 4423 plane

404 4423 707 4495 diSparibus
738 4438 753 4477 :
787 4422 988 4495 non_sic
1019 4432 1194 4474 tamen
1228 4420 1406 4490 lapsus
1435 4421 1647 4495 occasio
1671 4423 1816 4495 nasci
1847 4420 2080 4495 nequivit
2104 4438 2165 4476 ex
2194 4424 2479 4479 aﬂectuum
2511 4425 2917 4492 studiorumque
2939 4420 3070 4480 satis
3113 4441 3301 4495 magna
3330 4427 3468 4479 inter
3500 4420 3676 4478 utros-

405 4507 510 4559 que
552 4492 833 4564 affinitate.
885 4492 1016 4545 Nam
1069 4501 1419 4564 prmterquam
1461 4492 1721 4564 quodhic
1760 4493 1990 4560 scriptor
2021 4493 2088 4564 in
2120 4496 2397 4563 Augustini
2430 4496 2658 4564 lectione
2699 4498 2829 4549 satis
2875 4511 2934 4549 se
2977 4492 3246 4550 versatum
3267 4496 3451 4564 .prodit
3476 4537 3490 4556 ,
3523 4497 3677 4563 cujus

406 4564 648 4634 adeoque
676 4563 834 4634 verba
849 4572 920 4634 _et
948 4562 1319 4634 auctoritatem
1350 4561 1575 4634 assumit
1607 4562 1784 4634 inhoc
1813 4563 2088 4634 opusculo,
2121 4561 2227 4617 non
2257 4581 2412 4618 secus
2440 4579 2503 4617 ac
2531 4563 2763 4634 Prosper
2795 4567 2845 4619 in
2878 4567 3011 4630 suis,
3037 4566 3088 4620 id
3121 4561 3289 4620 etiam
3326 4567 3554 4634 ingenue
3589 4561 3678 4618 la-

409 4633 624 4684 tendum
657 4641 758 4694 est,
792 4631 1096 4686 Africanum
1119 4634 1276 4684 istum
1306 4631 1360 4702 in
1387 4630 1505 4702 aliis
1532 4631 1707 4685 multis
1732 4630 1976 4701 Prosperi
2001 4635 2214 4700 genium
2240 4634 2392 4702 quasi
2414 4635 2514 4687 sibi
2543 4630 2886 4702 proposuisse
2908 4637 3234 4701 sequendum
3259 4646 3311 4690 et
3332 4630 3672 4690 imitandum.

409 4703 556 4774 Patet
591 4701 638 4754 id
673 4702 844 4774 primo
873 4717 940 4754 ex
973 4704 1138 4774 prima
1168 4701 1344 4774 operis
1387 4701 1571 4774 linea,
1603 4703 1692 4756 tibi
1725 4705 1880 4758 toties
1909 4705 2176 4759 laudatam
2219 4701 2265 4762 a7
2300 4701 2565 4774 Prospero
2595 4705 2745 4759 Pauli
2772 4706 2791 4760 l
2821 4705 3064 4761 Corinth.
3098 4722 3178 4769 ιιι,
3211 4707 3242 4759 7
3265 4748 3278 4771 ,
3321 4707 3673 4772 sententiam,

407 4770 909 4848 Neguequiplantat
930 4770 999 4824 est
1026 4771 1242 4848 aliquid,
1277 4787 1434 4840 neque
1459 4773 1547 4840 qui
1592 4774 1750 4848 rigat,
1781 4782 1886 4827 etc.
1911 4815 1925 4837 ,
1956 4775 2168 4848 adducit
2202 4783 2262 4848 et
2293 4777 2407 4842 ipse
2429 4770 2765 4848 praefationis
2805 4777 2955 4830 initio
2979 4792 3000 4848 ί
3023 4787 3243 4845 tumque
3267 4770 3336 4830 de
3355 4770 3678 4848 agricultura

406 4841 623 4915 (celestis
642 4852 690 4895 et
717 4841 904 4915 regalis
933 4843 1252 4915 patrimonii,
1283 4856 1440 4915 quam
1469 4841 1818 4915 cxcoltjerunt
1844 4844 2096 4910 apostoli,
2123 4841 2356 4914 loquitur
2376 4845 2441 4897 ad
2469 4856 2704 4900 mentem
2730 4849 2950 4900 omnino
2977 4841 3223 4915 Prosperi
3245 4889 3260 4910 ,
3288 4841 3445 4915 quem
3476 4849 3528 4900 in
3558 4848 3678 4901 istis

407 4913 742 4988 frequentem
768 4913 928 4988 fuisse
955 4911 1112 4988 facile
1139 4911 1596 4988 animadvertitur.
1622 4911 1730 4988 sed
1761 4915 1939 4988 et_a|ia
1966 4911 2261 4988 suppetunt
2298 4915 2456 4984 hujus
2489 4915 2802 4970 imitationis
2833 4911 3145 4988 argumenta
3171 4935 3183 4970 :
3229 4911 3348 4971 nam
3387 4915 3450 4967 2°
3485 4930 3594 4972 tum
3622 4921 3676 4972 in

409 4983 725 5056 praefatione
765 4983 928 5037 totius
954 4985 1134 5052 operis
1159 5024 1174 5048 ,
1208 4993 1320 5056 turn
1353 4984 1407 5056 in_
1448 4987 1694 5056 sequenti
1726 4985 1969 5056 prologo,
1997 4983 2388 5039 distributionis
2420 4989 2745 5056 praescripta:
2793 4983 3075 5042 tnetbodus
3119 4988 3532 5056 Prosperianum
3581 5004 3680 5056 ge-

411 5069 560 5106 nium
588 5054 922 5129 aliquatenus
943 5051 1018 5129 spi
1031 5062 1131 5118 rat,
1162 5051 1305 5129 quod
1328 5052 1411 5105 vel
1439 5068 1503 5129 ex
1535 5051 1635 5106 hac
1666 5051 1914 5129 loquendi
1949 5053 2174 5129 formula
2198 5051 2596 5129 satiselu'cescit
2625 5051 2780 5112 {Sub
2806 5059 2973 5129 gratia
3003 5051 3290 5129 manifesta,
3324 5073 3436 5125 qua:
3464 5051 3677 5112 occultis

403 5139 605 5197 semper
633 5124 905 5197 interfuit:
933 5124 1019 5178 ubi
1039 5123 1291 5197 occultum
1320 5123 1592 5197 manifesto
1622 5124 1926 5197 opponitur,
1958 5124 2025 5178 ad
2052 5139 2172 5179 eum
2215 5125 2430 5180 modum
2461 5142 2566 5195 quo
2596 5141 2742 5196 sicpe
2779 5123 2975 5196 sa-pius
3007 5131 3057 5180 iu
3087 5123 3352 5197 Prospero
3395 5129 3478 5181 hae
3513 5143 3678 5182 voces

409 5194 513 5248 sibi
549 5192 775 5267 invicem
807 5193 1292 5267 correspondentes
1338 5193 1599 5267 leguntur.
1653 5194 1716 5246 Et
1745 5196 1900 5267 paulo
1927 5203 2044 5262 post
2069 5198 2332 5250 sententia
2365 5192 2747 5266 Augustiniana
2787 5192 2985 5252 citatur
3007 5199 3073 5251 ab
3113 5192 3414 5267 illo,'quam
3438 5197 3678 5266 Prosper

405 5275 564 5319 antea
595 5263 908 5330 deflorasse,
934 5273 988 5318 et
1012 5265 1122 5317 suis
1147 5279 1212 5318 ex
1235 5263 1528 5338 Augustino
1541 5266 1826 5338 _excerptis
1849 5264 2139 5320 inseruisse
2164 5263 2546 5336 reperiturfi’i0
2571 5267 2624 5338 lu
2649 5270 2828 5322 multis
2849 5282 3028 5335 operte
3060 5269 3225 5322 titulis
3248 5263 3491 5338 quccdam
3519 5263 3678 5323 assu-

412 5345 626 5406 muntur
648 5345 955 5403 argumenta
980 5332 1375 5406 pertractanda,
1398 5348 1515 5406 quas
1541 5332 1768 5406 Prosper
1789 5346 2161 5406 occupaverat,
2190 5332 2352 5390 immo
2374 5349 2426 5390 et
2449 5337 2712 5392 interdum
2742 5332 3065 5392 illius-verba
3088 5332 3494 5406 depromuntur.
3516 5338 3679 5393 Nam-

405 5419 514 5477 que
538 5405 885 5477 Prosperiana
917 5406 1129 5477 penitus
1148 5415 1230 5458 est
1257 5403 1369 5456 haec
1397 5404 1615 5477 phrasis
1635 5414 1782 5468 parte
1822 5421 1861 5468 ι,
1888 5405 2057 5474 praad.
2083 5409 2117 5462 ὅ
2142 5403 2156 5470 ,
2188 5407 2277 5461 ubi
2306 5407 2505 5462 diaboli
2550 5411 2872 5462 sententiam
2897 5423 2993 5462 eos
3029 5403 3245 5463 manere
3288 5410 3418 5463 dicit
3444 5413 3530 5477 qui
3557 5415 3680 5477 ejus

408 5476 616 5599 {sariunt
641 5476 987 5598 tltoluntatem.
1015 5475 1145 5541 Qua:
1179 5477 1490 5596 .frelquenter
1516 5473 1568 5526 in
1601 5475 1845 5545 Prospcri
1873 5473 2043 5530 nostri
2086 5478 2359 5545 responsis
2385 5477 2648 5534 adversus
2687 5479 3104 5534 calumniatores
3151 5478 3331 5534 Gallos
3365 5473 3676 5549 usurpatur.

455 5561 482 5598 e
542 5561 568 5599 c
613 5561 643 5598 a
671 5561 702 5598 ιι
728 5557 1119 5599 consequenter
1155 5555 1249 5598 titu
1280 5561 1316 5599 ι.

455 5555 518 5615 ed
542 5555 594 5599 et
613 5555 702 5598 aln
728 5557 1119 5615 consequenter
1155 5555 1316 5601 tituli.

485 5614 562 5668 Ex
585 5615 667 5667 his
699 5613 1097 5684 igituraliisque
1117 5615 1545 5690 siinilibus,_qum
1573 5613 1748 5690 facile
1768 5614 1818 5690 in
1848 5615 1931 5669 bis
1959 5615 2110 5690 libris
2139 5617 2491 5690 reperientur,
2527 5633 2753 5690 pronum
2795 5626 2882 5690 est
2909 5618 3134 5674 credere
3165 5619 3364 5674 sciolos
3389 5617 3679 5690 quosdam,

408 5682 511 5740 bac
549 5682 984 5752 argumentorum
1012 5682 1361 5742 consonantia
1390 5685 1627 5756 delusos,
1653 5685 1751 5741 viri
1777 5687 2178 5757 Augustiuianze
2204 5682 2472 5744 doctrina:
2497 5682 2743 5758 studiosi,
2769 5689 2862 5746 sed
2891 5690 3164 5761 anonymi,
3216 5690 3382 5747 fetum
3409 5682 3517 5748 'uon
3540 5682 3677 5746 con;
