4040 6178
433 300 539 357 755

1278 296 1367 354 AD
1403 296 1632 354 OPERA
1667 295 1729 352 S.
1772 291 2108 351 PROSPERI
2146 291 2473 361 AQUITANI
2509 290 2873 348 APPENDIX.

3605 288 3708 345 73¢

434 418 560 465 ante
602 410 772 480 legem
802 416 901 463 est.
938 408 983 480 Α
1010 406 1212 478 Moyse,
1236 408 1320 463 cui
1352 408 1438 463 lex
1469 408 1590 480 data
1619 417 1705 461 est
1745 407 1798 462 in
1829 413 2012 480 monte
2043 405 2088 464 Α
2116 411 2385 480 cuturam,
2410 405 2455 480 si
2487 405 2664 480 vetita
2683 405 3004 480 tetigissent,
3032 403 3221 480 dicens
3246 420 3261 458 :
3295 401 3377 458 Ex
3404 405 3544 480 omni
3564 406 3705 480 ligno

433 480 559 535 Sina
588 478 787 547 (Exod.
818 495 907 541 xx,
934 479 960 532 1
995 486 1151 547 seq.),
1179 493 1347 546 usque
1393 480 1444 532 itt
1487 478 1776 531 adventum
1821 478 2008 533 Salva-

431 552 564 604 toris
595 548 800 605 Domini
828 549 998 603 nostri
1030 548 1155 603 Jesu
1185 549 1405 613 Christi,
1431 549 1533 603 sub
1568 550 1684 617 lege
1711 556 1815 602 est.
1846 548 2012 602 Mani-

431 621 625 674 t‘estato
674 633 851 674 autem
902 633 969 673 eo
1016 620 1067 672 in
1112 634 1296 681 carne,
1344 620 1625 682 crucilixo,
1668 629 2006 688 resurgente,

428 700 589 754 atque
624 691 954 745 ascendente
985 690 1037 743 in
1067 693 1285 755 etnlum,
1314 705 1483 759 usque
1510 705 1653 744 nunc
1682 699 1738 745 et
1763 691 1814 742 in
1845 690 2006 745 linem

431 761 632 820 mundi,
664 776 784 816 cum
811 761 901 813 illo
936 760 1052 827 ipso
1081 760 1226 814 brevi
1253 761 1426 829 spatio
1445 769 1471 795 “
1498 759 1838 821 Antichristi,
1868 768 2007 814 tem-

428 846 527 900 pus
558 835 730 899 agitur
758 831 967 901 gratiae.
989 829 1193 896 Quibus
1216 832 1385 884 tribus
1415 831 1743 894 temporibus
1765 832 2010 885 modern-

429 904 574 956 tione
601 903 682 957 sui
714 904 939 955 (lrcator
975 902 1304 968 justissimus
1344 901 1486 954 Deus
1516 901 1590 955 ita
1628 901 1748 967 jura
1775 904 2008 968 promis-

425 985 593 1041 s:tque
639 988 735 1027 sua
786 971 1085 1034 ordinavit,
1138 981 1197 1025 ut
1246 987 1351 1025 non
1397 975 1575 1028 omnia
1628 970 1752 1025 fidei
1804 982 2007 1026 tantum

424 1044 694 1098 credenda
720 1044 1102 1101 committeret.
1129 1041 1221 1095 sed
1255 1043 1511 1110 pleraque
1539 1042 1791 1096 intuenda
1840 1044 2010 1096 oculis

423 1114 829 1167 commendaret
857 1131 870 1163 :
898 1127 929 1166 e
959 1113 1152 1180 quibus
1184 1113 1269 1165 ἱΙΙςι
1294 1126 1415 1181 quae
1446 1111 1621 1166 futura
1653 1113 2010 1181 sperabantur

426 1183 510 1234 his
548 1199 668 1252 qu:e
696 1183 1017 1237 videbantur
1055 1182 1407 1236 crederentur
1447 1184 1741 1252 implenda.
1771 1183 2009 1252 Singulis

424 1252 587 1314 igitur
634 1255 905 1323 prtudictis
955 1253 1288 1323 temporibus
1340 1253 1577 1319 singulas
1624 1262 1804 1321 partes
1851 1255 2009 1323 hujus

426 1322 581 1389 libri,
630 1322 685 1377 ut
734 1323 1115 1393 promisimus,
1144 1322 1169 1359 δ
1201 1323 1639 1391 οοηςίεηθδίηιιιε
1677 1342 1689 1375 :
1722 1340 1842 1393 quae
1884 1322 2008 1392 pro-

422 1395 583 1447 tnissa
614 1391 759 1457 sunt,
787 1410 977 1462 quztsve
998 1391 1215 1446 Christo
1238 1407 1288 1446 et
1320 1394 1577 1447 Ecclesia:
1605 1391 1829 1461 ﬁgurate
1850 1396 2007 1450 exhi-

424 1463 564 1526 bita;
598 1480 716 1533 quae
746 1465 952 1519 credita
994 1464 1181 1517 relicui
1214 1465 1340 1527 sint,
1374 1464 1627 1517 intuenda
1670 1464 1883 1528 futuris,
1912 1481 2006 1520 ca~

422 1534 584 1607 pitula
635 1552 728 1601 per
772 1536 1015 1589 ordinem
1083 1536 1255 1602 posita
1320 1534 1767 1589 dentonstrabunt
1812 1534 2004 1607 (Sent.

421 1602 612 1675 Prosp.
639 1607 791 1678 2H).
1059 1671 1289 1730 CAPUT
1328 1675 1367 1729 L

2115 476 2352 545 paradisi
2387 477 2575 541 edetis,
2629 474 2694 528 de
2733 474 2877 546 ligno
2907 486 3078 529 autem
3119 475 3482 545 dignoscemus
3511 474 3629 529 boni
3655 486 3703 531 et

2114 546 2241 597 mali
2269 562 2371 598 non
2402 547 2559 599 edetis
2592 562 2656 599 ea:
2680 563 2758 600 eo.
2817 546 2932 608 Qua
2957 546 3041 599 die
3072 554 3246 599 autem
3279 547 3511 610 ederitis,
3542 558 3703 601 morte

2112 616 2402 685 moriemini
2448 617 2467 685 (
2490 616 2671 670 Cenes.
2709 632 2777 681 tt,
2819 615 2941 685 16).
2992 616 3321 684 Praeceptum
3362 626 3578 680 autem,
3608 615 3700 669 fal-

2116 684 2263 755 lente
2310 684 2555 754 diabOlo,
2624 694 3072 752 contemnentes,
3131 688 3354 740 vetitum
3409 686 3703 755 tetigerunt

2111 753 2319 823 (Genes.
2350 771 2426 820 Ill,
2453 756 2531 825 ti).
2584 756 2738 823 Quod
2772 766 3046 825 peccatum
3072 760 3198 809 dum
3235 756 3315 810 vir
3352 753 3578 809 excusat
3604 772 3701 825 per

2115 824 2418 890 mulierem,
2446 824 2638 880 mulier
2663 843 2757 893 per
2774 824 3105 894 Scrpentem,
3130 836 3355 880 mortem
3385 824 3701 894 praedictam

2114 910 2218 948 non
2252 907 2454 949 tantum
2478 898 2580 952 sibi
2622 938 2637 960 ,
2664 907 2926 965 quantum
2976 898 3089 950 suis
3116 898 3279 950 etiam
3311 896 3543 964 posteris
3575 913 3701 966 pro-

2116 966 2362 1031 pinarunt
2407 967 2598 1034 (Rom.
2623 983 2685 1029 v,
2715 967 2833 1034 14).
2890 966 3038 1021 lianc
3075 969 3218 1020 enim
3248 967 3508 1035 expendit
3536 984 3699 1022 omne

2112 1035 2269 1089 simul
2300 1052 2469 1105 genus
2502 1038 2792 1091 humanum
2812 1079 2826 1099 ,
2852 1039 3013 1090 aliam
3042 1036 3351 1106 signiﬁcans
3382 1045 3695 1106 perpetuam

2114 1116 2340 1161 mortem
2358 1152 2371 1173 ,
2396 1106 2548 1176 cujus
2575 1123 2771 1175 expers
2802 1109 2907 1161 erit
2933 1108 3109 1160 omnis
3138 1108 3227 1175 qui
3264 1107 3511 1161 mandata
3538 1107 3697 1161 Chri-

2110 1176 2178 1229 sti
2208 1179 2502 1231 servaverit
2536 1176 2716 1248 (Joan.
2751 1193 2862 1248 vut,
2896 1178 3021 1244 5|);
3065 1193 3187 1230 eum
3217 1192 3346 1232 vero
3365 1179 3455 1246 qui
3489 1180 3694 1248 monita

2111 1248 2362 1301 salutaria
2398 1247 2608 1302 Domini
2641 1250 2806 1303 nOSIri
2830 1247 2955 1302 Jesu
2987 1248 3187 1302 Christi
3216 1256 3255 1283 ιιι
3286 1247 3570 1302 temnenda
3596 1249 3696 1301 du-

2111 1322 2279 1384 xerit,
2327 1320 2445 1373 sine
2490 1319 2595 1371 ulla
2624 1318 2954 1372 dubitatione
2992 1318 3270 1387 suscipiet.
3319 1317 3509 1371 Beatus
3547 1320 3690 1371 enim

2109 1396 2158 1458 et
2186 1397 2420 1458 sanctus,
2452 1390 2526 1441 ait
2551 1390 2787 1443 Joannes
2828 1388 3133 1455 apostolus,
3182 1389 3270 1457 qui
3301 1388 3448 1441 habet
3498 1399 3693 1458 partem

2109 1457 2163 1509 in
2189 1455 2286 1509 hac
2326 1461 2493 1527 prima
2534 1460 2938 1523 resurrectione,
2978 1466 3007 1494 ιι
3051 1460 3103 1510 in
3149 1455 3251 1525 quo
3287 1455 3511 1511 secunda
3555 1475 3692 1512 mors

2110 1542 2212 1598 non
2250 1526 2398 1582 habet
2445 1536 2745 1588 potestatem
2794 1529 2975 1597 (Apoc.
3019 1544 3118 1590 xx.
3147 1528 3226 1598 6).
3288 1529 3350 1581 Et
3380 1528 3639 1582 Dominus
3673 1546 3688 1583 :

2112 1596 2214 1670 Qui
2234 1598 2402 1663 audit,
2437 1608 2462 1634 °
2490 1601 2679 1670 inquit,
2704 1596 3092 1670 vet'ba’mea,et
3113 1596 3271 1670 credit
3295 1599 3338 1651 ei
3363 1599 3450 1668 qui
3489 1616 3567 1652 me
3595 1602 3692 1651 mi-

2106 1668 2195 1740 sit,
2250 1671 2396 1721 habet
2426 1668 2582 1723 vitam
2608 1680 2893 1732 (sternam;
2945 1678 2991 1722 et
3016 1669 3070 1740 in
3088 1669 3345 1740 judicium
3369 1685 3478 1740 non
3501 1672 3689 1736 veniet,

424 1755 446 1782 ο
470 1743 553 1799 Ex
570 1746 699 1802 libro
721 1744 970 1837 Gencsleqs
987 1745 1441 1837 _creaturte,vest'in.
1458 1744 1624 1798 Adam
1650 1752 1697 1800 et
1726 1746 1780 1799 in
1811 1745 1993 1814 Evam,

2107 1738 2196 1790 sed
2225 1740 2477 1794 transiliet
2496 1757 2527 1793 a
2547 1749 2707 1793 morte
2733 1740 2802 1792 ad
2827 1740 2983 1793 vitam
3010 1738 3192 1810 (Joan.
3226 1755 3279 1806 v,
3317 1738 3431 1808 24).

873 1815 1136 1870 Christum
1163 1826 1209 1869 et
1242 1814 1550 1869 Ecclesium.

488 1909 542 1963 3.
567 1908 621 1962 In
648 1910 909 1978 principio
934 1908 959 1947 ἀ
984 1910 1111 1965 fecit
1129 1910 1268 1965 Deus
1291 1912 1485 1964 coelum
1505 1919 1557 1964 et
1581 1918 1804 1978 terram,
1824 1926 1990 1976 mare,

418 1980 706 2049 omniaque
755 1997 974 2046 eorum;
1009 1984 1061 2034 in
1108 1983 1247 2035 ctelo
1286 1979 1564 2048 fulgentia,
1590 1981 1889 2047 gradientia
1941 1984 1993 2037 in

420 2052 596 2112 terris,
627 2054 676 2104 in
713 2066 839 2105 aere
864 2052 1118 2109 volantia,
1149 2051 1382 2104 natantia
1425 2055 1473 2103 in
1506 2053 1660 2119 aquis
1690 2051 1897 2119 (Cenes.
1927 2051 1990 2114 ι).

420 2121 625 2185 QuihUs
658 2122 925 2189 perlectis,
953 2122 1083 2175 dixit
1109 2121 1255 2175 Deus
1281 2137 1293 2172 :
1330 2119 1608 2173 Faciamus
1640 2122 1896 2175 hominem
1926 2127 1993 2177 ad

419 2192 694 2260 imaginem
723 2205 771 2245 et
805 2193 1191 2245 similitudinem
1222 2200 1447 2243 nostram
1475 2189 1665 2254 (Ibid.,
1691 2192 1808 2255 26).
1840 2203 1862 2230 θ
1891 2193 1993 2247 Eo-

418 2277 525 2334 que
554 2262 781 2315 formato
806 2277 870 2316 ex
900 2262 1027 2315 limo
1054 2262 1532 2334 terrtepinsu/ﬂavit
1571 2262 1625 2334 in
1665 2263 1849 2332 faciem
1879 2266 1991 2334 ejus

419 2331 658 2402 spiritum
686 2334 817 2393 vitae,
847 2341 893 2385 et
929 2336 1093 2402 factus
1120 2342 1191 2383 est
1232 2332 1385 2385 homo
1411 2335 1462 2385 in
1492 2331 1716 2385 animam
1747 2331 1990 2389 viventem

420 2398 627 2462 (Cenes.
658 2418 717 2461 ll,
744 2405 821 2466 7).
854 2398 1079 2455 Et'dixit
1124 2402 1259 2455 Deus
1285 2418 1303 2455 :
1337 2402 1457 2455 Non
1498 2413 1573 2455 est
1614 2402 1799 2456 bonum
1824 2405 1990 2457 solum

419 2471 673 2524 hominem
720 2488 865 2543 esse;
901 2472 1175 2525 Faciamus
1213 2474 1261 2525 ei
1304 2473 1620 2543 adjutorium
1650 2474 1669 2512 τ
1696 2476 1860 2528 simile
1888 2476 1988 2540 illi,

416 2543 772 2595 consiliarium
795 2541 981 2608 (Ibid.,
1009 2544 1117 2612 18).
1148 2543 1211 2595 Et
1238 2541 1395 2610 paulo
1418 2554 1537 2611 post
1560 2561 1573 2597 :
1599 2542 1820 2599 Immisit
1846 2543 1990 2600 Deus

416 2628 651 2677 saporem
678 2614 731 2666 in
761 2614 946 2678 Adam,
978 2625 1025 2667 et
1055 2615 1379 2668 obdormivit.
1415 2613 1481 2666 Et
1504 2615 1724 2679 sumpsit
1754 2632 1910 2669 unam
1927 2618 1991 2671 de

415 2683 567 2733 costis
596 2684 706 2752 ejus
739 2682 901 2753 (Ibid.
936 2684 1052 2753 2i),
1083 2694 1128 2738 et
1170 2684 1407 2751 format-it
1438 2702 1551 2739 eam
1591 2686 1644 2739 in
1678 2686 1937 2740 mulierem
1968 2704 1987 2742 :

414 2762 460 2802 et
489 2754 706 2826 adduxit
725 2771 842 2826 eam
862 2756 930 2826 a_d
960 2755 1146 2819 Adam,
1165 2764 1199 2826 γε
1228 2763 1284 2809 ut
1316 2756 1519 2826 videret
1538 2756 1665 2826 quid
1688 2772 1805 2810 eam
1830 2772 1988 2813 voca-

415 2832 493 2894 ret
522 2823 684 2891 (Ibid.
716 2824 831 2891 22).
870 2824 1109 2894 Dixitque
1137 2825 1303 2877 Adam
1335 2840 1353 2877 :
1382 2824 1497 2878 Hoc
1528 2823 1661 2879 nunc
1709 2843 1765 2879 os
1813 2843 1879 2880 es:
1905 2844 1991 2881 os-

412 2892 550 2945 sibus
576 2896 719 2955 meis,
745 2904 793 2947 et
816 2911 937 2949 caro
968 2892 1030 2948 de
1049 2912 1201 2948 carne
1226 2911 1377 2959 mea;
1400 2894 1508 2947 lucc
1532 2896 1810 2958 vocabitur,
1839 2894 1868 2934 ιι
1897 2897 1986 2951 γε.

412 2978 559 3038 1³190,
600 2966 842 3038 quoniam
896 2967 961 3019 de
1007 2967 1114 3018 viro
1168 2982 1262 3018 suo
1303 2976 1505 3038 sumptu
1549 2965 1827 3038 est(Ibid.
1854 2966 1982 3036 2'5).

412 3030 632 3104 Propter
652 3036 765 3101 hoc,
795 3038 981 3105 inquit,
1014 3038 1264 3105 relinquet
1290 3030 1442 3088 homo
1465 3030 1665 3104 patrem
1681 3046 1728 3091 et
1750 3030 1981 3104 matreri,

411 3112 460 3155 et
509 3106 786 3160 udtnerebit
836 3109 986 3160 uxori
1024 3122 1155 3169 suta,
1188 3114 1236 3159 et
1279 3115 1430 3159 erunt
1476 3108 1580 3160 duo
1609 3109 1662 3161 in
1689 3124 1844 3162 carne
1883 3127 1984 3164 una

2726 1830 2953 1887 CAPUT
2978 1831 3065 1887 111.

2197 1922 2407 1978 Diaboli
2428 1926 2727 1979 sententiam
2755 1941 2841 2049 eqs
2882 1939 3087 1978 monere
3116 1924 3205 1995 qui
3234 1925 3347 1995 ejus
3372 1924 3590 1995 fecerint

2732 2012 2792 2048 vo
2820 2003 3040 2049 untates.

2732 2003 3040 2049 voluntates.

2502 2083 2559 2140 In
2588 2085 2784 2142 Genesi
2816 2086 3017 2141 credita
3048 2095 3103 2142 et
3124 2086 3258 2140 visa.

2172 2177 2229 2234 5.
2259 2178 2519 2249 Sequitur
2546 2180 2597 2232 in
2627 2191 2931 2249 serpentem
2959 2179 3228 2234 diabolum
3258 2179 3464 2248 prolata
3492 2178 3690 2248 praedi-

2094 2254 2287 2319 ctaque
2317 2251 2606 2316 sententia,
2642 2250 2693 2303 in
2717 2266 2819 2320 qua
2850 2252 3193 2304 metuendum
3234 2251 3486 2319 quiddam
3530 2265 3688 2314 repe-

2094 2320 2250 2385 ritur,
2274 2319 2417 2388 quod
2447 2322 2495 2374 ei
2523 2323 2660 2373 inter
2685 2319 2879 2376 caetera
2907 2320 3110 2374 dictum
3143 2329 3229 2372 est
3257 2338 3269 2372 :
3295 2320 3510 2374 Terram
3538 2337 3684 2372 man-

2094 2390 2304 2442 ducabis
2335 2391 2570 2444 omnibus
2597 2390 2776 2462 diebus
2812 2392 2927 2444 vita:
2955 2400 3058 2445 tute
3081 2389 3287 2462 (Cenes.
3320 2406 3398 2457 tu,
3422 2390 3531 2457 14).
3558 2391 3688 2462 Ter-

2096 2462 2241 2513 renis
2262 2461 2405 2514 enim
2454 2461 2832 2529 cupiditatibus
2862 2462 3129 2516 inhiantes
3163 2462 3354 2515 animae
3375 2504 3389 2527 ,
3422 2470 3577 2513 terra:
3607 2461 3681 2514 si-

2093 2529 2247 2602 miles
2275 2541 2678 2602 comparantur,
2708 2546 2907 2600 easque
2933 2532 3405 2602 impiaspropheta
3427 2531 3590 2584 David
3618 2531 3669 2602 iu

2095 2600 2269 2667 primo
2291 2602 2497 2669 psalmo
2524 2601 2789 2670 designat,
2822 2602 3008 2655 dicens
3043 2619 3056 2655 :
3091 2600 3256 2654 Erunt
3286 2613 3546 2671 tamquam
3567 2600 3685 2671 pul-

2090 2672 2183 2754 vis,
2215 2688 2367 2753 quem
2396 2672 2602 2754 projicit
2632 2680 2810 2754 ventus
2837 2673 3023 2754 afacie
3054 2682 3201 2725 terra:
3228 2671 3400 2754 (Psal.
3434 2687 3474 2734 ι,
3506 2673 3582 2739 Δ).
3613 2671 3680 2751 Et

2090 2739 2353 2795 Jeremias
2371 2739 2630 2809 propheta
2661 2759 2674 2795 :
2714 2739 3026 2797 Recedentes
3052 2760 3083 2795 a
3111 2753 3177 2807 te,
3202 2739 3367 2807 ait,in
3399 2752 3533 2793 terra
3558 2743 3685 2795 scti-

2092 2810 2273 2883 bentur
2301 2810 2517 2883 (Jerent.
2548 2827 2675 2874 xvtt,
2706 2812 2815 2882 15).
2866 2812 2968 2867 Job
2991 2813 3149 2867 etiam
3178 2812 3311 2883 dicit
3335 2831 3347 2865 :
3381 2810 3545 2865 Terra
3573 2820 3683 2863 tra-

2090 2881 2199 2954 dita
2228 2881 2389 2934 estin
2420 2898 2618 2954 manus
2664 2883 2813 2954 impii
2841 2883 2964 2952 (Job
3014 2899 3063 2936 ts
3090 2924 3104 2943 ,
3131 2882 3247 2951 24).
3300 2882 3619 2954 ltem_David
3663 2899 3676 2933 :

2092 2949 2377 3023 Memento,
2411 2950 2656 3023 Domine,
2700 2949 2946 3023 quoniam
2986 2964 3121 3008 terra
3160 2949 3335 3006 sumus
3375 2950 3558 3022 (Psal.
3589 2966 3683 3012 cu,

2095 3022 2209 3090 14).
2262 3022 2332 3078 Se
2360 3037 2490 3094 vero
2512 3022 2636 3077 exui
2669 3022 2894 3090 aterra,
2928 3038 3087 3094 quam
3120 3024 3322 3092 peccati
3351 3024 3686 3094 meritosar-

2094 3106 2226 3161 pens
2267 3093 2657 3146 comedendum
2707 3092 2961 3160 accepit;
3005 3094 3058 3147 in
3110 3094 3216 3147 alio
3255 3094 3462 3161 psalmo
3507 3092 3680 3145 dicit:

413 3149 951 3249 (ιωάηξέἱῇἾιὸἔῖ
968 3149 1166 3245 ’ίιὲιῖίᾶὲ
1188 3149 1403 3231 Ῑξωῖιηιί
1425 3149 1578 3243 θὲὲὲζ
1599 3149 1662 3233 ιΪὶ
1686 3149 1984 3249 teste}:

2106 3160 2252 3249 salva
2281 3179 2379 3249 mel
2395 3162 2459 3243 de
2499 3162 2658 3249 luto,
2677 3175 2731 3244 ut
2763 3149 2865 3249 non
2904 3149 3182 3217 inluta-eam
3210 3149 3328 3249 (Ps.
3354 3177 3546 3226 uvm,
3572 3162 3681 3227 l5).

413 3253 498 3318 ret
520 3255 574 3299 et
600 3246 855 3318 ﬁguram,
872 3248 1146 3316 aposmlus
1171 3248 1369 3301 Paulus
1391 3250 1542 3318 testis
1561 3258 1662 3301 est.
1691 3246 1984 3318 Exponens

410 3315 609 3386 quippe
654 3316 794 3372 hunc
845 3315 1018 3371 locum
1074 3319 1127 3370 in
1169 3318 1393 3385 epistola
1438 3317 1504 3371 ad
1548 3315 1833 3386 Ephesios,
1863 3323 1981 3375 ait:

412 3383 951 3457 Sacramentumjioc
1002 3383 1243 3457 magnum
1290 3398 1398 3453 est;
1437 3404 1529 3456 ego
1559 3383 1728 3441 autem
1771 3391 1885 3444 dico
1930 3393 1985 3446 in

410 3453 616 3527 Clit-isto
643 3466 691 3509 et
726 3458 782 3510 in
816 3455 1046 3511 Ecclesia
1075 3453 1295 3527 ('Epltes.
1329 3473 1385 3522 v,
1420 3453 1534 3527 5'2).
1567 3458 1978 3516 Sacrameutum

409 3524 572 3597 igitur
603 3542 854 3595 magnum
883 3528 1023 3593 quod
1054 3524 1375 3596 promissum
1406 3524 1644 3597 speravit
1669 3529 1985 3593 Adatn,sibi

407 3595 772 3670 Ct)ltju!lClnﬂl_
821 3598 972 3670 vidit,
1005 3613 1161 3670 quam
1210 3595 1448 3670 credidit
1489 3600 1793 3670 conjugem,
1833 3603 1988 3657 nobis

408 3679 505 3732 per
554 3665 713 3722 ﬁdem
760 3665 1047 3722 ivivorum
1104 3668 1336 3739 signavit
1379 3665 1611 3723 futuram
1655 3665 1984 3740 'Ecclesiam,

409 3745 636 3812 matrem
671 3740 961 3809 appellavit
990 3742 1231 3812 omnium
1263 3739 1504 3812 vivorum
1533 3739 1838 3812 (Genes.tu,
1869 3743 1984 3812 20);

406 3820 469 3858 ea
500 3807 717 3863 scilicet
733 3825 895 3863 causa
923 3826 1047 3879 qua,
1079 3825 1144 3864 ex
1170 3810 1339 3866 latere
1372 3811 1499 3866 Adae
1526 3807 1848 3868 dormientis
1878 3807 1989 3868 tor-1

409 3887 563 3949 tuuta
586 3878 715 3945 Eva,
742 3896 805 3934 ex
840 3878 1006 3935 latere
1048 3880 1245 3935 Christi
1280 3882 1330 3935 in
1372 3896 1535 3937 cruce
1575 3883 1853 3949 pendentis
1882 3884 1990 3939 lor-

407 3947 680 4013 tnaudam,
712 3960 771 4005 ut
816 3949 1011 4004 factum
1060 3960 1164 4016 est,
1215 3951 1463 4020 praevidit
1511 3947 1824 4017 Ec‘clesiam,
1869 3970 1989 4022 quae

406 4029 535 4070 vere
566 4030 645 4072 est
673 4030 847 4074 mater
872 4023 1113 4075 omnium
1161 4025 1429 4075 vivorum.
1459 4024 1583 4077 Haec
1613 4034 1696 4078 est
1722 4025 1865 4079 enim
1898 4026 1989 4080 illa

406 4088 592 4160 mulier
615 4105 731 4157 qua:
759 4092 1049 4144 custoditur
1075 4108 1165 4159 per
1192 4103 1389 4159 tempus
1418 4103 1463 4145 et
1492 4104 1742 4160 tempora,
1776 4094 1800 4131 ι
1830 4102 1879 4148 et
1910 4096 1964 4147 di
1975 4126 1991 4136 -

407 4158 622 4238 midium
653 4161 942 4238 temporisa
963 4158 1525 4238 conspectuserpentis,
1554 4158 1611 4217 ut
1640 4164 1693 4218 in
1723 4165 1992 4238 ApOCaly-

408 4227 492 4293 psi
529 4224 680 4299 (Cap.
718 4224 811 4298 xit,
841 4246 889 4285 v.
925 4229 1011 4299 14)
1043 4224 1108 4284 de
1139 4224 1377 4287 Ecclesia
1411 4233 1631 4287 dicitur.

1022 4321 1251 4377 CAPUT
1291 4323 1353 4377 11.

558 4408 577 4450 ι
610 4412 678 4466 In
710 4414 953 4468 mandata
981 4424 1268 4484 contempto
1293 4416 1426 4469 duas
1451 4416 1596 4484 sequi
1625 4426 1833 4472 mortes.

2091 3231 2229 3303 [tem
2282 3232 2411 3286 alibi
2444 3249 2457 3285 :
2490 3232 2659 3287 stit
2692 3234 2744 3286 in
2795 3244 2933 3288 terra
2975 3246 3145 3288 venter
3187 3231 3395 3298 noster;
3448 3248 3683 3303 exsurge,

2095 3300 2334 3373 Domine,
2364 3304 2620 3357 auxiliare
2642 3303 2808 3369 nobis,
2842 3314 2889 3357 et
2918 3305 3112 3358 redime
3150 3320 3241 3358 nos
3272 3312 3482 3373 prapter
3505 3300 3685 3373 nomen

2090 3379 2232 3444 tuum
2259 3372 2377 3444 (Ps.
2402 3388 2555 3435 mu,
2581 3373 2696 3443 25).
2730 3374 2860 3428 Item
2884 3375 3011 3428 alibi
3056 3373 3205 3444 ziNe
3229 3372 3409 3427 tradas
3439 3372 3683 3444 metDoo

2089 3443 2247 3506 mine,
2269 3440 2311 3495 ἀ
2341 3442 2599 3516 desiderio
2619 3440 2740 3516 meo
2768 3445 3024 3516 peccatori
3046 3443 3164 3515 (Ps.
3188 3459 3405 3507 cxxnx,
3439 3440 3521 3512 9).
3546 3442 3682 3516 Pro-

2090 3524 2212 3581 pter
2259 3513 2435 3582 quod,
2482 3514 2722 3583 quotidie
2767 3513 3065 3570 monendos
3106 3529 3207 3569 nos
3242 3530 3340 3583 per
3374 3513 3685 3569 sacerdotes

2089 3585 2300 3637 censuit
2329 3583 2513 3638 divina
2540 3584 2863 3646 clementia,
2903 3600 2999 3639 eor
3026 3599 3240 3639 sursum
3282 3584 3525 3654 erigere,
3562 3599 3685 3636 nos-

2089 3668 2196 3721 que
2226 3654 2548 3723 prolltemur
2570 3655 2769 3710 habere
2800 3656 2867 3709 ad
2887 3656 3208 3718 Dominum;
3239 3656 3285 3709 si
3312 3665 3493 3708 tamen
3521 3668 3685 3718 spon-

2090 3727 2173 3795 sio
2236 3735 2420 3795 noetrs
2468 3725 2618 3778 lirma
2670 3726 2777 3791 sit,
2823 3735 2884 3780 ut
2915 3727 3059 3792 quod
3110 3726 3287 3780 verbis
3343 3723 3681 3795 proferimus,

2092 3792 2253 3864 pjugi
2285 3797 2458 3864 gratia
2495 3796 2651 3851 lactis
2679 3797 2841 3852 etiam
2872 3799 3261 3865 compleamus.

2701 3906 2929 3964 CAPUT
2968 3907 3059 3962 IV.

2189 3996 2258 4053 In
2290 3999 2563 4055 maledicto
2594 3998 2825 4054 mulieris
2852 3999 2995 4070 sequi
3024 3998 3278 4069 originale
3304 4006 3595 4067 peccatum.

2092 4086 2412 4145 Praedictum
2452 4099 2729 4159 peccatum
2756 4089 3040 4171 originale.
3092 4088 3148 4144 In
3172 4088 3372 4143 Genesi
3394 4087 3598 4144 credita
3629 4094 3685 4142 et

2824 4174 2960 4215 visa.

2166 4252 2219 4307 6.
2252 4251 2458 4307 Mulieri
2496 4262 2673 4306 autem
2726 4250 2870 4306 dixit
2896 4251 3040 4306 Deus
3066 4268 3081 4304 :
3110 4249 3470 4320 Multiplicans
3507 4248 3685 4302 multi-

2097 4322 2354 4394 plicabo}!
2380 4324 2599 4394 gemitus
2629 4322 2931 4394 et‘dolores
2973 4332 3123 4394 tuos;
3167 4323 3223 4375 in
3260 4322 3469 4374 tristitia
3517 4321 3689 4394 paries

2097 4388 2235 4460 ﬁlios
2265 4388 2477 4461 (Cenes.
2511 4406 2567 4447 tu
2594 4432 2610 4457 ,
2647 4391 2761 4461 16).
2818 4392 2910 4447 Sic
2949 4392 3115 4461 nasci,
3140 4399 3595 4460 transgressurum
3628 4388 3681 4442 ﬁ-

2102 4464 2200 4515 lios
2231 4460 2398 4516 David
2432 4462 2689 4532 propheta
2722 4460 3010 4516 Conﬁrmat
3044 4479 3058 4514 :
3097 4460 3159 4513 ln
3188 4461 3573 4531 iniquitatibus,
3601 4461 3661 4532 in

475 4521 527 4575 4.
554 4521 808 4579 Prtedisit
834 4525 972 4580 Deus
1006 4528 1133 4581 Adae
1155 4520 1453 4586 et'mulieri
1483 4527 1602 4597 ejus
1635 4536 1867 4584 mortem
1895 4543 1984 4586 se-
2015 4522 2065 4583 Ι)
2092 4535 2227 4602 quit,
2258 4520 2697 4602 conceptus'sum,
2742 4543 2764 4571 τ
2797 4542 2845 4586 et
2872 4533 2927 4586 in
2954 4532 3174 4600 peccatis
3202 4536 3257 4585 in
3276 4520 3431 4584 'utero
3459 4546 3538 4583 me
3557 4520 3686 4585 alui.

479 4644 503 4708 ξ
667 4637 855 4708 llemig
885 4681 899 4703 ,
921 4650 1040 4694 ante
1067 4640 1240 4694 istum.

475 4704 504 4742 ι’
533 4706 629 4779 Ms.
646 4704 957 4775 Remigiano
977 4711 1253 4765 Rentensis
1268 4719 1436 4767 totum
1462 4712 1634 4766 locum
1655 4712 1733 4766 sic
1746 4714 1983 4779 praefert,

404 4777 814 4853 consignavimus
838 4794 856 4832 :
878 4796 991 4853 qua:
1022 4783 1289 4853 (promissa
1324 4786 1425 4836 sint
1477 4785 1721 4836 intuenda
1749 4777 1984 4853 futuris,

404 4864 577 4923 quave
607 4846 1149 4923 Christoet’Ecclesitv
1184 4852 1404 4921 ﬁgurate
1440 4855 1685 4915 exhibita,
1714 4846 1830 4923 qua:
1872 4846 1987 4908 ere;

405 4919 542 5039 ditab
556 4918 734 5039 relticta
774 4922 899 4987 sint,
928 4921 1154 4991 capitula
1182 4918 1274 4989 per
1304 4924 1535 4977 ordinem
1570 4918 1737 4995 posita
1773 4924 1987 4979 demon-

405 4999 510 5039 stra
547 5005 613 5039 un
648 5027 660 5039 .

405 4997 660 5042 strabunt.

480 5068 503 5096 ο
532 5058 595 5129 In
615 5074 714 5113 ms.
745 5057 1065 5129 Remigiano
1091 5060 1275 5115 titulus
1305 5062 1425 5118 talis
1453 5072 1537 5118 est
1568 5080 1581 5117 :
1615 5061 1902 5119 Promissio
1924 5081 1988 5119 ex

406 5128 525 5181 libri
554 5126 826 5195 Geneseos,
850 5126 1043 5184 credita
1071 5141 1117 5183 et
1146 5133 1274 5186 visa.

475 5197 503 5234 ά
540 5198 680 5253 Etlit.
711 5200 926 5265 Colum,
958 5202 1168 5254 creavit.

480 5280 504 5305 ο
534 5268 632 5323 Ms.
681 5269 887 5345 Remig.
909 5316 937 5345 ,ξ
956 5288 1167 5341 eumque
1195 5271 1468 5340 formatum
1489 5308 1503 5322 .
1524 5311 1537 5323 .
1559 5308 1574 5325 .
1594 5312 1608 5325 .
1634 5312 1649 5327 .
1680 5273 1953 5345 insit/ﬂavit
1970 5316 1985 5342 ,

407 5339 599 5413 dictum
629 5350 726 5413 est,
757 5342 808 5393 in
836 5343 1037 5413 faciem.

482 5409 498 5447 ²
534 5410 633 5481 Ms.
670 5409 900 5481 liemig‘.,
925 5411 1137 5465 similem
1160 5412 1239 5465 illi
1260 5413 1629 5468 consiliarium.

478 5480 661 5553 [litae
693 5498 797 5535 non
826 5480 948 5537 Sunt
970 5498 1092 5552 pars
1121 5493 1299 5538 textus
1326 5484 1488 5551 sacri,
1520 5486 1572 5538 in
1607 5484 1853 5553 Vulgata,
1888 5499 1988 5542 nec

408 5550 463 5605 in
500 5550 745 5604 Hebraeo.

481 5617 506 5657 ιι
537 5620 631 5674 Ms.
661 5622 893 5691 Remig.,
928 5623 1132 5676 mulier.

487 5700 501 5726 ι
532 5690 627 5743 Ms.
658 5690 890 5759 Retuig.,
924 5691 1040 5747 Hoc
1071 5696 1160 5745 ita.

459 5759 498 5809 ~l
539 5760 635 5816 Ms.
668 5760 899 5832 Retnig.,
933 5765 1157 5817 virorum
1180 5765 1395 5835 signavit
1436 5768 1666 5832 futuram
1698 5764 1983 5822 Ecclesium

2096 4658 2329 4711 matrem,
2358 4656 2566 4715 prapter
2594 4647 2733 4715 quod
2762 4645 2991 4699 eamdem
3030 4646 3299 4715 mulierem
3329 4660 3477 4697 suam
3518 4643 3690 4695 Adam

2096 4726 2311 4785 matrem
2358 4714 2639 4785 appellavit
2685 4719 2910 4769 omnium
2958 4717 3204 4771 virorum.
3246 4714 3371 4768 ﬂare
3409 4723 3481 4785 est
3522 4715 3688 4785 enim,

2094 4784 2454 4910 stc.b01nissis
2503 4801 2625 4856 qua:
2672 4785 2993 4842 intermedia
3020 4786 3273 4856 leguntur
3320 4786 3371 4837 in
3403 4784 3562 4837 editis
3592 4799 3690 4838 co-

2136 4870 2199 4909 tct
2244 4871 2330 4910 us.

2136 4870 2330 4910 ICIDUS.

2168 4924 2193 4963 ¹ί
2226 4926 2323 4979 Ms.
2341 4924 2589 4996 (Remign
2611 4932 2667 4996 (et
2697 4925 2971 4979 dimidium
3005 4933 3205 4996 tempus
3225 4942 3258 4978 a
3284 4934 3558 4991 conspectu
3577 4940 3690 4977 ser-

2094 4997 2280 5067 pentis.
2339 4995 2564 5067 Reliqua
2588 4994 2806 5067 desunt.

2169 5064 2187 5103 ι
2225 5066 2281 5118 In
2307 5080 2407 5119 ms.
2448 5065 2656 5133 Remig.
2676 5066 2882 5120 titulus.
2914 5063 3169 5119 Prtedixit
3193 5063 3331 5118 Deus
3353 5063 3477 5116 Adae
3497 5070 3545 5117 et
3565 5079 3691 5115 mu—

2093 5134 2210 5190 lieri
2231 5139 2344 5206 ejus
2376 5145 2590 5206 mortem
2616 5145 2926 5199 secuturam,
2956 5137 3002 5188 si
3024 5137 3176 5189 vetita
3193 5136 3484 5206 tetigissent
3515 5150 3532 5195 ;
3574 5144 3689 5185 tum

2092 5222 2121 5258 a
2155 5203 2336 5259 linea:
2387 5203 2455 5258 In
2484 5203 2669 5259 Genesi
2717 5207 2913 5258 credita
2932 5216 2984 5260 et
3016 5208 3143 5260 visa.
3192 5203 3395 5260 Deinde
3433 5213 3593 5272 caput
3650 5219 3690 5256 ιι

2223 5383 2319 5398 Δῐισι
2352 5383 2586 5409 ιιυιιιιηο,
2625 5383 2729 5398 ιινσο
2760 5383 2998 5400 υυιιιιιιοισο

2164 5423 2189 5450 ¹¹
2214 5414 2304 5470 Sic
2328 5431 2429 5469 ms.
2455 5415 2664 5481 Remig.
2691 5413 2833 5469 Editi
2861 5431 3012 5478 vero,
3037 5416 3090 5467 in
3115 5430 3213 5483 qua
3236 5429 3397 5467 mors.

2167 5493 2192 5520 °
2215 5485 2341 5540 Haec
2362 5500 2487 5549 vos,
2514 5485 2701 5554 inquit,
2734 5484 2925 5555 legitur
2947 5486 3001 5540 in
3033 5501 3133 5541 ms.
3169 5484 3484 5554 Remigiano
3504 5524 3521 5551 ,
3572 5498 3688 5538 non

2096 5570 2226 5610 vero
2260 5556 2309 5608 itt
2341 5557 2502 5609 editis

2165 5636 2193 5673 ρ
2221 5626 2318 5697 Ms.
2346 5625 2590 5697 Bentig.,
2615 5626 2784 5697 adjuti
2810 5626 2999 5695 gratia.

2165 5704 2192 5744 ιι
2226 5696 2323 5751 Ms.
2347 5696 2584 5763 Remig.,
2606 5698 2819 5766 gemitus
2844 5706 2979 5749 tuos.

2166 5774 2187 5803 τ
2219 5766 2309 5822 Sic
2336 5782 2435 5821 tus.
2471 5766 2675 5837 Rcmig.
2708 5766 2866 5835 Editi,
2891 5782 3007 5819 cum
3045 5766 3279 5835 peccatis.
