3972 6176
250 187 343 245 ’157

764 177 968 235 LIBER
1006 177 1098 233 DE
1136 175 1700 234 PROMISSIONIBUS
1741 176 1828 231 ET
1872 174 2471 233 PREDICI‘IONIBUS
2511 175 2644 230 DEI.
2685 174 2861 231 PARS
2901 176 2941 229 Ι.

3401 179 3505 235 738

250 306 397 355 rnater
424 308 536 363 mea
569 289 740 363 (Psal.
774 308 805 346 ι.
826 332 843 355 ,
874 291 955 361 7).
1022 289 1529 363 Salomonrquoque
1557 291 1703 359 paria
1738 300 1815 363 te-
1847 293 1892 351 Α
1921 288 2062 363 dicio
2092 287 2633 363 divintesentcntim,
2665 305 2831 363 seque
2851 304 2882 343 a
2914 288 3145 363 propriis
3161 290 3507 363 paternisque

250 380 405 427 statur
433 381 448 418 :
476 360 675 426 Grave,
707 364 801 425 ait,
828 360 1011 433 jugum
1059 377 1213 431 super
1266 362 1404 428 filios
1433 362 1630 433 Adam,
1673 377 1704 412 α
1726 360 1817 433 die

251 443 397 495 exitus
424 437 488 488 de
517 445 687 487 ventre
714 430 908 485 matris
927 430 1130 501 eorum,
1155 448 1315 501 usque
1343 433 1401 501 in
1424 432 1559 484 diem
1588 430 1818 497 sepultu-

252 527 318 565 m
358 509 409 560 in
443 513 657 557 matrem
705 504 933 573 omnium
981 499 1182 573 (Eccli.
1216 499 1314 564 η.
1350 500 1434 573 1).
1491 501 1621 556 Item
1654 502 1813 573 ipse:

254 579 313 635 Et
332 593 418 646 ego
445 583 599 627 natus
626 572 1000 646 accepi,__dicit,
1031 587 1348 646 communem
1376 586 1567 635 aerem,
1598 582 1645 646 et
1672 572 1817 646 in‘si-

256 641 426 704 miliier
458 648 646 714 factam
686 641 852 714 decidi
881 650 1100 714 terram.
1146 643 1365 712 primam
1389 656 1570 714 vocem
1596 641 1817 694 similem

252 712 467 775 omnibus
496 714 642 768 emisi
677 713 889 781 plorans
907 753 919 771 .
965 713 1021 765 in
1066 712 1426 765 involumentis
1454 717 1675 765 nutritus
1703 726 1816 764 sum

252 802 294 844 et
320 788 448 841 curis
477 785 665 855 magis._
722 781 890 855 Nemo
935 783 1069 836 enim
1110 782 1422 855 e:c_regibus
1450 784 1607 855 aliud
1642 782 1817 855 habuit

252 856 517 914 nativitatis
553 850 777 906 initium.
836 850 983 907 Unus
1019 860 1092 905 est
1124 852 1258 905 enim
1281 850 1529 905 omnibus
1572 852 1817 905 introitus

250 933 313 983 ad
338 929 507 992 vitam,
533 934 578 977 et
607 922 794 976 similis
809 924 969 976 exitus
994 921 1265 993 (Sap.vtt,
1290 924 1323 978 5
1351 921 1536 992 seqq.)
1571 924 1634 975 Et
1658 921 1817 993 paulo

251 990 801 1072 post_:i_Sem_en_en_im
844 1002 953 1072 emit
1000 990 1333 1046 maledictum
1373 990 1621 1072 ab'initio
1651 990 1814 1072 (ibid.

252 1063 339 1133 in,
367 1069 478 1130 ll).
541 1065 605 1117 Et
622 1063 799 1133 ilsaias
830 1080 844 1116 :
879 1064 1063 1133 Semen
1093 1065 1447 1133 nequamtait.
1482 1063 1579 1128 ,‘ilii
1595 1063 1813 1124 scelesti,

252 1130 586 1207 dereliquistii
612 1132 891 1207 Dominum
930 1132 1083 1207 (Isai.
1124 1148 1171 1196 t,
1326 1130 1429 1186 Job
1457 1134 1615 1207 etiam
1644 1132 1772 1207 dicit
1800 1149 1813 1183 :

254 1204 436 1264 Nullus
466 1216 541 1258 est
571 1204 809 1257 immunis
826 1221 857 1256 a
881 1204 1061 1272 sorde,
1089 1219 1177 1256 nec
1206 1205 1379 1272 infans
1400 1204 1546 1272 cujus
1568 1213 1641 1272 est
1665 1204 1817 1272 unius

250 1282 342 1333 diei
387 1278 487 1330 vita
528 1290 682 1344 super
742 1282 932 1327 terram
989 1271 1124 1343 (Job
1182 1270 1303 1338 xlv,
1347 1272 1381 1325 4
1437 1270 1542 1326 sec.
1605 1270 1814 1342 LXX).

251 1351 374 1405 ltem
401 1348 515 1414 ipse
548 1362 561 1396 :
594 1342 763 1397 Nemo
801 1352 959 1409 potest
998 1342 1164 1410 facere
1191 1344 1437 1396 mundum
1458 1344 1522 1397 de
1558 1344 1819 1414 immundo

252 1413 538 1481 conceptum
562 1416 774 1477 semine,
798 1415 897 1467 nisi
910 1415 1089 1482 tu,qui
1109 1414 1250 1466 solus
1272 1415 1491 1466 mundus
1502 1413 1618 1479 esll
1628 1414 1815 1474 bidem,

250 1506 344 1545 sec.
374 1486 576 1555 Vulg)
627 1484 733 1537 Pro
764 1486 918 1553 cujus
944 1484 1247 1555 expiatione
1278 1485 1541 1555 maledicti
1571 1486 1817 1546 seminis,

254 1553 579 1614 imuumditia
608 1556 866 1621 parientis
896 1555 1132 1625 mulieris
1160 1564 1214 1608 et
1232 1553 1451 1607 infantis
1480 1553 1664 1625 (Leuit.
1699 1555 1816 1622 xu),

1922 358 2137 412 delictis
2184 360 2405 426 expiare
2451 360 2822 427 contendunt,
2881 358 2946 415 ex
2993 358 3242 428 primitiis
3299 358 3506 428 frugum

1923 443 2142 482 suarum
2175 430 2439 485 sacrificia
2470 432 2798 485 obtulerunt.
2833 430 3056 484 Minoris
3071 431 3204 486 Abel
3228 446 3296 485 ex
3318 433 3505 487 ovibus

1919 502 2215 570 oblatum,
2244 500 2580 570 acceptabile
2617 500 2906 570 suscipitur
2934 502 3289 567 sacrificium,
3342 518 3502 569 repu-

1921 569 2100 642 diatur
2128 569 2276 642 Cain
2313 569 2529 642 (Cenes.
2563 585 2614 623 tv
2636 612 2653 636 ,
2677 569 2779 640 'l),
2829 584 2934 625 non
2983 581 3128 625 recte
3148 573 3320 624 divisa
3352 582 3508 642 terrae

1921 639 2203 711 particula.
2263 639 2461 694 Invidia
2508 640 2634 694 hinc
2680 642 2964 695 nascitur:
3001 644 3326 711 prtesciaque
3368 641 3506 696 divi-

1921 710 2062 762 nitas
2095 710 2427 774 futurorum,
2453 710 2641 765 indicit
2680 711 2987 777 patientiam
3024 710 3251 775 furenti,
3282 710 3503 765 dicitur-

1917 794 2025 847 que
2052 781 2271 854 adCain
2299 798 2325 854 εΔ
2350 779 2607 854 Peccasti,
2637 787 2840 854 quiesce
2859 822 2875 847 ,
2903 781 2971 833 ad
3002 792 3050 835 te
3076 782 3340 835 conversio
3370 785 3502 854 ejus,

1917 858 1964 901 et
1991 859 2046 901 tu
2096 850 2441 904 dominaberis
2487 854 2599 911 eius
2624 850 2726 905 :id
2756 862 2867 917 est,
2914 860 2972 904 ut
3011 863 3229 916 peccato
3266 866 3365 904 suo
3388 850 3508 919 ipse

1919 919 2312 989 dominaretur.
2340 935 2440 974 nec
2471 920 2621 975 fieret
2643 936 2829 974 servus
2854 920 3139 988 peccati,si
3175 921 3505 989 praecipienti

1918 987 2135 1060 humilis
2163 990 2424 1044 obediret.
2477 991 2669 1045 Verum
2700 991 2829 1044 Cain
2850 987 3381 1060 contmnam—suique
3404 993 3505 1045 im-

1921 1058 2131 1125 patiens
2152 1100 2165 1121 .
2223 1060 2411 1114 inslliit
2439 1076 2601 1127 super
2643 1060 2775 1114 Abel
2809 1061 2859 1113 in
2890 1076 3168 1127 campum.
3218 1070 3274 1115 et
3298 1058 3511 1115 occidit

1918 1144 2063 1200 eum.
2114 1129 2256 1183 Proh
2279 1129 2427 1191 nefas
2450 1131 2465 1183 ι
2499 1132 2738 1185 haeccine
2765 1140 2926 1196 sunt,
2946 1129 3075 1184 Cain
3094 1174 3107 1195 ,
3134 1132 3507 1200 germanitatis

1919 1199 2160 1270 hedera?
2207 1201 2445 1255 haeccine
2498 1203 2759 1270 principia
2803 1202 2956 1255 bona:
2988 1199 3231 1255 natum?
3272 1201 3511 1256 hazccine

1920 1268 2074 1340 bona:
2104 1270 2298 1324 indolis
2323 1285 2449 1338 spes
2476 1268 2579 1336 est,
2614 1268 2827 1324 utante
2851 1280 2904 1325 te
2936 1272 3076 1325 norit
3106 1282 3258 1340 pater
3288 1272 3511 1326 ltomici-
3552 1328 3558 1339 ,

1919 1339 2044 1393 dam
2089 1356 2249 1409 quam
2290 1341 2488 1395 lilium!
2549 1340 2655 1396 Sed
2690 1340 2773 1394 his
2800 1340 3059 1403 ausibus,
3110 1339 3319 1396 facinus
3355 1356 3509 1396 suum

1920 1409 2047 1463 Cain
2091 1413 2274 1464 multis
2306 1410 2332 1446 ἀ
2378 1411 2539 1464 etiam
2590 1411 2823 1465 vinculis
2862 1410 3213 1465 connodavit.
3276 1411 3511 1466 Eﬁectus

1920 1489 2260 1550 contemptor
2290 1480 2454 1534 divini
2501 1482 2765 1542 mandati.
2799 1482 3066 1550 superbiae
3096 1490 3282 1549 caput,
3326 1493 3514 1536 auctor

1922 1549 2167 1621 invidias,
2208 1552 2458 1619 princeps
2489 1552 2651 1607 illatae
2678 1549 2900 1619 mortis,
2938 1561 2993 1607 et
3019 1552 3223 1621 primus
3253 1553 3304 1606 in
3337 1552 3511 1607 b0nii-

252 1626 503 1685 sacriﬁcia
543 1620 670 1678 sunt
700 1626 890 1707 legalia
931 1624 1211 1715 institutad
1240 1639 1410 1691 usque
1453 1620 1518 1715 ag
1540 1620 1815 1715 pbristuin
1855 1658 1896 1715 Β
1926 1620 2395 1715 ηἰὺὲιςιμπςὶᾳξᾴθ.

253 1706 555 1770 regnantem
589 1711 603 1747 :
632 1695 722 1763 qui
752 1697 831 1748 sui
854 1698 1098 1770 corporis
1126 1695 1307 1770 oblato
1333 1694 1617 1770 sacrificio,
1641 1696 1819 1770 salvos

254 1764 365 1825 facit
390 1765 616 1837 pusillos
636 1780 755 1818 cum
776 1768 1004 1835 magnis.
1038 1764 1157 1835 Ipse
1169 1767 1305 1817 enim
1331 1766 1529 1817 salvum
1556 1766 1825 1837 facietpo-

252 1834 604 1910 pulumisuum
624 1876 639 1894 .
670 1834 879 1890 dictum
899 1846 1003 1897 est,
1032 1834 1312 1910 a_’_peccatis
1341 1850 1519 1910 eorum
1543 1834 1758 1903 (Matth.
1786 1850 1826 1900 t,

151 1954 157 1965 .
251 1905 355 1981 Et).
403 1908 533 1961 Haec
586 1913 764 1960 tamen
791 1922 908 1981 qua:
932 1907 1185 1981 praedicta
1223 1914 1379 1981 sunt,
1420 1905 1492 1959 ita
1524 1916 1830 1981 cernuntur

256 1975 494 2047 impleta,
554 1984 612 2029 ut
649 1975 818 2048 usque
862 1975 1126 2031 intinem
1159 1975 1343 2030 mundi
1382 1976 1682 2046 supplenda
1733 1976 1832 2031 do-

255 2058 486 2107 mum"
885 2115 1112 2173 CAPUT
1137 2114 1201 2170 v.

343 2211 406 2267 In
427 2214 600 2267 Adam
629 2212 863 2267 omnibus
885 2211 1103 2283 posteris
1127 2210 1291 2276 labor,
1323 2209 1484 2264 sudor
1510 2220 1559 2264 et
1586 2210 1759 2265 dolor.

257 2305 505 2362 Prmdicta
546 2313 945 2377 pr0pagataque
974 2303 1267 2427 tsententia.
1320 2303 1377 2357 ln
1402 2302 1599 2358 Genesi
1628 2304 1830 2359 credita

938 2390 968 2427 e
1016 2390 1147 2427 Visa.

938 2390 993 2429 el
1016 2390 1147 2428 Visa.

321 2468 370 2521 'l.
403 2469 531 2522 Adae
560 2474 733 2519 autem
768 2464 896 2518 dixit
927 2462 1065 2519 Deus
1098 2478 1118 2518 :
1149 2463 1405 2528 Quoniam
1440 2463 1631 2517 audisti
1664 2480 1832 2519 vacem

256 2539 470 2591 mulieris
503 2548 639 2599 tute,
673 2546 699 2572 ιι
724 2535 995 2605 plusquam
1020 2550 1158 2606 dme,
1200 2544 1248 2587 et
1291 2534 1502 2606 tetigisti
1531 2536 1595 2587 de
1650 2535 1836 2589 arbore

258 2609 316 2660 de
339 2626 437 2676 qua
465 2609 585 2662 sola
614 2604 956 2677 prleceperam
987 2604 1078 2657 tibi
1112 2620 1175 2677 ne
1200 2604 1535 2677 manducares
1562 2620 1626 2659 ea:
1656 2622 1745 2670 ea,
1784 2614 1833 2659 et

256 2675 570 2731 mariducasti
602 2675 621 2730 ἐ
656 2677 931 2729 maledicta
963 2683 1099 2728 terra
1146 2676 1200 2726 in
1230 2675 1463 2743 operibus
1494 2678 1623 2739 tuis,
1656 2677 1834 2743 spinas

257 2759 298 2800 et
326 2748 533 2803 tribulos
566 2751 729 2815 pariet
761 2747 851 2799 tibi
875 2763 895 2810 ;
939 2746 993 2798 in
1025 2745 1233 2797 tristitia
1262 2754 1307 2797 et
1352 2745 1543 2815 gemitu
1585 2745 1701 2799 edes
1732 2762 1831 2815 pa-

256 2819 417 2872 bulum
442 2819 563 2888 agri
584 2818 682 2881 tui,
714 2817 767 2869 in
786 2817 977 2888 sudore
1003 2815 1170 2868 vultus
1196 2816 1271 2867 tui
1290 2815 1623 2888 manducabis
1650 2832 1835 2886 panem

257 2898 407 2951 tuum,
438 2885 607 2942 donec
635 2887 905 2941 revertaris
932 2887 987 2938 in
1017 2894 1205 2938 terram
1223 2925 1238 2948 ,
1270 2885 1335 2938 de
1353 2902 1455 3009 Eua
1481 2885 1712 2957 sumptus
1738 2904 1790 2940 es
1814 2902 1834 2941 :

258 2960 482 3009 quoniam
509 2968 655 3009 terra
693 2974 747 3009 es
784 2968 829 3009 et
862 2957 915 3009 in
946 2966 1133 3009 terram
1161 2955 1258 3009 ibis
1313 2955 1333 3009 l
1401 2971 1538 3009 enes.
1571 2972 1628 3009 Ill
1649 2998 1665 3009 .
1696 2957 1758 3009 l7
1783 2968 1831 3009 et

258 2960 482 3025 quoniam
509 2968 655 3012 terra
693 2974 747 3011 es
784 2968 829 3011 et
862 2957 915 3009 in
946 2966 1133 3009 terram
1161 2955 1258 3009 ibis
1313 2955 1538 3026 (Cenes.
1571 2955 1665 3023 tit,
1696 2957 1758 3011 l7
1783 2968 1831 3010 et

2004 1690 2059 1744 9.
2085 1691 2178 1744 llic
2209 1690 2358 1744 initia
2399 1690 2627 1745 bellandi
2661 1691 2918 1757 instituit,
2969 1701 3028 1746 ut
3068 1708 3191 1746 reus
3232 1692 3511 1747 innoxium

1931 1762 2245 1829 sanguinem
2279 1770 2301 1797 υ
2330 1760 2624 1826 diffundat,
2652 1761 2840 1816 livoris
2872 1763 3061 1831 plenus
3089 1764 3311 1831 gloriam
3349 1762 3367 1800 ί
3406 1770 3509 1815 ini-

1932 1832 2065 1903 petit
2094 1830 2359 1903 alienam.
2388 1831 2538 1903 _Nam
2569 1832 2820 1903 praeclara
2853 1830 2981 1903 hinc
3005 1830 3205 1903 fulsere
3229 1834 3508 1903 martyrio.

1933 1902 2058 1953 dum
2088 1901 2219 1967 justi
2250 1901 2569 1955 occiduntur
2598 1901 2666 1955 ab
2696 1902 2893 1968 impiis.
2951 1902 3056 1957 Sed
3083 1911 3141 1956 ut
3169 1918 3327 1957 omne
3357 1901 3511 1956 nobis

1931 1971 2072 2042 quod
2103 1980 2279 2025 actum
2298 1983 2402 2038 est,
2439 1970 2699 2039 proﬁcere
2724 1974 3120 2027 demonstraret
3142 1972 3319 2027 divina
3340 1975 3517 2042 provi-

1931 2041 2134 2105 dentia,
2166 2042 2381 2095 fratrem
2413 2056 2442 2095 a
2465 2042 2625 2095 fratre
2650 2043 2893 2112 requirit,
2918 2051 2941 2089 ι
2966 2058 3121 2112 quem
3142 2042 3253 2112 jam
3274 2041 3515 2097 oecisum

1935 2119 2191 2177 noverat;
2258 2121 2578 2180 negantem,
2620 2108 2761 2165 terra
2802 2108 2831 2148 ιι
2855 2108 3025 2177 teste,
3065 2108 3341 2168 convicit:
3381 2113 3515 2179 Vox,

1934 2180 2140 2251 inquit,
2187 2183 2453 2251 sanguinis
2479 2182 2657 2250 fratris
2686 2183 2759 2235 tui
2807 2183 2992 2235 clantat
3041 2184 3113 2235 ad
3148 2200 3227 2236 me
3273 2185 3336 2237 de
3384 2193 3520 2237 terra

1934 2198 2140 2251 inquit,
2187 2198 2279 2234 san
2320 2198 2453 2235 unus
2479 2198 2657 2250 ιιάιηι
2686 2198 2759 2235 tui
2807 2198 2992 2235 ctamat
3041 2198 3109 2235 aa
3148 2200 3227 2236 me
3273 2198 3336 2237 ae
3384 2198 3516 2237 terra

1934 2250 2087 2323 (Gen.
2116 2198 2325 2323 v.10).
2352 2251 2504 2323 _Cain
2528 2252 2783 2319 ﬁgurasse
2813 2252 3090 2307 Judaicum
3124 2254 3375 2323 populum
3409 2266 3516 2309 ter-

1936 2322 2084 2377 renis
2113 2321 2396 2392 desideriis
2424 2322 2744 2383 inhiantem,
2782 2322 2917 2377 Abel
2943 2321 3213 2377 Christum
3246 2333 3513 2392 pastorem

1934 2393 2145 2463 ovium,
2198 2391 2269 2446 ab
2302 2407 2368 2446 eo
2399 2392 2592 2461 populo
2622 2393 2891 2459 occisum,
2953 2394 3129 2448 nullus
3154 2391 3263 2462 jam
3295 2394 3521 2463 ambigit

1936 2460 2304 2525 Christianus,
2350 2460 2506 2532 cuius
2542 2476 2754 2516 sacrum
2792 2466 3109 2532 sanguinem
3153 2460 3333 2517 omnis
3378 2460 3521 2517 nunc

1937 2541 2078 2587 terra
2108 2532 2400 2604 accipiens,
2439 2529 2454 2568 ί
2486 2533 2682 2604 clamat
2714 2550 2727 2585 :
2757 2529 2925 2604 Amen
2953 2534 3113 2604 (quod
3140 2543 3241 2595 est,
3275 2534 3518 2601 Verum),

1939 2612 1993 2653 ut
2040 2602 2254 2670 neganti
2294 2599 2484 2655 Judmo
2513 2602 2655 2668 quod
2703 2599 2970 2656 ceciderit
2999 2599 3313 2668 Christum,
3370 2599 3519 2656 recte

1935 2669 2147 2726 dicatur
2165 2686 2195 2725 a
2217 2670 2331 2727 Deo
2359 2687 2373 2725 :
2413 2669 2529 2725 Vos:
2552 2671 2816 2744 sanguinis
2837 2672 3014 2739 fratris
3040 2674 3115 2726 tui
3132 2674 3319 2727 clamat
3345 2673 3415 2725 ad
3442 2690 3524 2727 me

1925 2752 1989 2799 de
2016 2756 2184 2800 terra.
2204 2748 2310 2800 Pro
2330 2746 2488 2811 Abel,
2510 2762 2672 2816 quem
2698 2748 2903 2800 occidit
2921 2746 3079 2809 Cain,
3102 2755 3259 2816 natus
3280 2752 3364 2816 est
3387 2744 3522 2816 Selii

1952 2816 2183 2899 gen._tv,
2206 2816 2419 2899 25),“ex
2441 2812 2552 2899 quo
2571 2834 2669 2887 per
2698 2817 2951 2899 ordinem
2976 2814 3347 2899 successionis
3374 2812 3528 2899 venit

1975 2889 2168 2970 nocb.
2192 2888 2288 2958 qui
2318 2889 2432 2970 Deo
2460 2888 2617 2970 dum
2654 2888 3279 2970 .placeretnltrar'isiatus
3322 2893 3410 2966 est
3441 2898 3526 2970 ‘ne

1927 2968 2177 3031 gustaret
2210 2953 2465 3015 'mortem
2515 2953 2705 3031 (Eccli.
2736 2975 2888 3031 ιιιιιο,Δ
2915 2957 3202 3031 Δ16),Ειὶεικι
3231 2953 3528 3031 sociandus

259 3022 398 3101 sem).
431 3030 585 3101 Hanc
610 3029 917 3101 praedictam
954 3040 1168 3094 pinnam
1212 3022 1447 3101 peccati,
1493 3041 1651 3095 quam
1675 3028 1824 3101 radix
1857 3022 1901 3087 C
1930 3022 2023 3101 (1V
2046 3030 2173 3101 Reg.
2207 3047 2266 3093 ιι,
2301 3031 2414 3099 ll),
2448 3022 2651 3085 ut'duo
2681 3037 2850 3085 testes
2877 3022 3339 3101 idon'ei_secundo
3367 3022 3529 3101 Ch_ri-

261 3094 461 3153 htimani
485 3099 710 3169 generis
736 3100 903 3151 Adam
926 3111 1033 3169 Apro
1056 3094 1320 3169 sententia
1350 3094 1590 3165 excepit,
1623 3112 1686 3151 ac
1712 3099 1825 3169 suis

263 3166 779 3237 posteristamqtiam
808 3166 971 3221 rantis
998 3166 1023 3204 δ
1058 3166 1373 3233 transfodit,
1416 3181 1505 3237 per
1544 3183 1704 3221 unum
1732 3168 1827 3222 ho-

258 3242 448 3307 minem,
470 3238 612 3294 dicit
637 3239 947 3307 Apostolus,
967 3248 1227 3307 peccatum
1243 3237 1538 3291 intrassein
1551 3238 1824 3302 mundum,

257 3320 298 3362 et
316 3312 383 3363 ita
398 3314 448 3363 in
459 3325 640 3364 omnes
664 3310 893 3379 homines
920 3308 1294 3375 pertransisse.
1312 3308 1367 3359 in
1387 3323 1486 3376 quo
1510 3324 1683 3362 omnes
1709 3325 1830 3379 pec-

257 3391 481 3434 caverunt
506 3380 761 3450 (Rom.v,
779 3378 889 3450 12).
919 3379 1301 3443 Humusenim,
1317 3392 1439 3450 qua:
1460 3378 1715 3433 creatoris
1735 3382 1831 3433 im-

258 3453 396 3517 perio
417 3461 438 3488 ε
471 3448 669 3504 fertilis
690 3492 705 3515 ,
751 3449 1098 3515 salubresque
1130 3462 1197 3502 ex
1226 3463 1284 3503 se
1315 3448 1545 3513 herbas,
1583 3452 1701 3504 sine
1725 3450 1828 3502 ulla

260 3520 452 3574 cultura
495 3521 705 3575 bOtnini
736 3529 859 3572 ante
890 3518 1133 3581 produxit
1159 3559 1173 3582 ,
1233 3527 1354 3585 post
1379 3519 1634 3573 aerumnis
1663 3520 1831 3572 senti-

258 3588 451 3660 busque
491 3588 696 3646 referta
735 3600 858 3653 est;
908 3600 964 3642 ut
1014 3590 1065 3641 in
1104 3589 1299 3642 sudore
1328 3603 1391 3643 ac
1427 3589 1612 3660 labore
1650 3604 1719 3644 ex
1766 3603 1829 3643 ea

258 3658 458 3716 omnem
493 3660 773 3715 hominem
801 3660 962 3714 edere
989 3673 1176 3727 panem
1207 3667 1453 3727 Oporteat
1474 3699 1488 3723 ,
1532 3658 1705 3713 donec
1746 3675 1832 3713 re-

260 3733 501 3786 curratin
522 3738 782 3786 mortem.
844 3729 958 3783 Non
999 3740 1201 3782 tantum
1236 3730 1489 3797 przedicta
1526 3730 1712 3783 audire
1733 3731 1831 3783 istc

260 3804 570 3867 meruimus,
598 3817 758 3871 quam
786 3800 947 3855 etiam
984 3800 1199 3866 probata
1230 3800 1558 3868 expendere.
1602 3798 1756 3871 Unde
1779 3807 1835 3854 et

264 3871 417 3926 David
443 3872 581 3927 dicit
608 3869 625 3925 ἑ
654 3870 829 3925 Exibit
859 3872 1009 3923 homo
1037 3871 1106 3922 ad
1132 3887 1260 3937 opus
1288 3886 1462 3935 suum,
1491 3880 1539 3923 et
1566 3869 1634 3922 ad
1655 3884 1836 3937 opera-

259 3942 434 3997 tionem
460 3958 613 3997 suarn
658 3958 815 4008 usque
839 3941 908 3993 ad
941 3956 1199 4011 vesperam
1245 3940 1264 4011 (
1284 3940 1429 3994 Psat.
1458 3955 1573 4011 om,
1594 3939 1719 4011 23)ξ
1772 3941 1835 4011 Et

261 4012 442 4068 iterum
477 4031 491 4066 ε
535 4012 764 4067 Labores
796 4008 1038 4064 manuum
1070 4008 1275 4064 tuarum
1300 4010 1629 4064 manducabis
1659 4008 1834 4081 (Psal.

261 4096 450 4145 cxxvu,
478 4082 558 4145 2).
626 4085 664 4136 Δ

264 4096 450 4145 cxxvu,
478 4086 558 4153 2).
626 4086 911 4151 Apostolus
961 4095 1172 4149 quoque
1224 4086 1396 4135 dicit:
1450 4086 1549 4146 Qui
1594 4096 1698 4133 non
1730 4086 1837 4134 vult

264 4156 458 4218 operari
481 4194 498 4218 ,
545 4169 641 4206 nec
662 4152 931 4205 manducet
962 4150 1027 4220 (ll
1058 4150 1235 4207 Thess.
1274 4166 1354 4213 ιιι.
1388 4151 1500 4216 10).
1566 4151 1632 4204 Ει
1659 4151 1840 4204 Domi-

262 4237 356 4276 nus
381 4240 552 4292 usque
582 4228 634 4275 in
665 4222 1001 4276 undecimam
1041 4220 1233 4276 horam
1262 4222 1538 4289 Operarios
1568 4220 1732 4275 mittit
1770 4220 1838 4274 ad

262 4294 461 4349 vineam
490 4293 708 4363 (Matth.
732 4308 798 4346 xx
820 4333 835 4358 ,
868 4292 947 4357 9).

883 4382 1107 4437 CAPUT
1139 4381 1227 4437 Vl.

267 4466 329 4525 In
350 4470 475 4527 Cain
506 4483 557 4528 et
585 4472 749 4541 Abel,
804 4473 1021 4526 duorum
1058 4474 1396 4543 populorum,
1436 4472 1845 4529 Christianorum

850 4552 897 4597 et
935 4544 1261 4596 Judceorum.

333 4634 622 4692 Praedictio
647 4638 866 4704 figurata
890 4677 905 4700 ,
937 4634 1163 4691 duorum
1197 4635 1514 4704 ponulorum
1545 4635 1773 4693 scilicet.

677 4709 734 4761 In
766 4707 959 4762 Genesi
984 4707 1188 4760 credita
1209 4716 1265 4761 et
1296 4709 1427 4761 visa.
1483 4721 1489 4725 ·

674 4082 911 4151 postolus
961 4095 1172 4151 quoque
1224 4082 1396 4135 dicit:
1450 4081 1549 4146 Qui
1594 4080 1698 4133 non
1730 4080 1837 4134 vult

334 4797 386 4852 8.
419 4798 495 4853 Ex
520 4798 710 4868 primis
734 4798 894 4868 igitur
922 4798 1223 4853 hominibus
1260 4798 1570 4852 mortalibus
1588 4798 1695 4861 iam
1722 4798 1851 4855 elle-

267 4868 385 4938 ctis,
402 4870 512 4923 duo
540 4869 633 4923 ﬁlii
666 4870 927 4938 procreati
954 4878 1099 4932 sunt,
1118 4870 1540 4923 ambomortales
1556 4887 1568 4922 :
1586 4868 1715 4923 Cain
1737 4886 1850 4923 ma-

267 4937 367 5008 jor,
391 4941 571 4993 minor
599 4937 769 5004 Abel;
814 4948 995 5007 pastor
1016 4940 1194 4993 ovium
1227 4955 1364 4993 unus
1390 4980 1405 5003 ,
1435 4940 1568 4992 alius
1591 4940 1846 5008 agricola.

273 5007 333 5061 lli
359 5010 485 5065 dum
517 5020 716 5065 terram
748 5010 1283 5081 incolunt‘laboribus
1304 5009 1414 5079 jam
1443 5007 1735 5065 obnoxiam
1763 5010 1849 5081 ju-

338 5174 368 5273 ξ
396 5165 723 5273 ξξοέξξξίἷ,
1035 5181 1133 5230 me,
1155 5164 1423 5220 adduntur
1434 5180 1499 5219 ex
1524 5180 1622 5220 ms.
1640 5165 1851 5237 Remig.

347 5235 365 5273 δ
398 5236 494 5289 bis.
525 5235 761 5305 Remig.,
794 5235 1004 5304 infudit.

347 5317 367 5387 ξ
401 5307 571 5387 ᾖξάίιῇ
600 5307 809 5387 fertiles.
860 5306 957 5387 bis.
986 5304 1460 5387 Remigq‘fertilis.

342 5374 370 5412 ἀ
400 5377 496 5429 Ms.
533 5376 768 5445 Remig.,
792 5378 967 5429 multis
994 5392 1056 5429 ea:
1075 5376 1315 5430 vinculis.

349 5456 371 5517 ξ
401 5447 499 5501 Ms.
530 5447 767 5517 Remig”
800 5447 1002 5517 fundat.

350 5514 368 5553 τ
399 5517 502 5571 Ms.
524 5514 733 5587 Remig.
754 5514 1023 5585 impetrat;
1045 5530 1144 5571 nec
1165 5516 1325 5579 male,
1348 5515 1394 5570 si
1417 5515 1620 5571 referas
1647 5518 1709 5571 ad
1730 5533 1852 5573 mox

285 5589 556 5656 sequentia
586 5603 599 5637 :
632 5584 893 5642 Pratclara
916 5588 1034 5640 hinc
1058 5587 1247 5651 fulsere
1274 5590 1543 5657 martyria,
1570 5588 1715 5659 dum,
1742 5599 1850 5645 etc.

354 5666 378 5706 ο
407 5658 507 5714 ills.
540 5655 749 5726 Remig.
768 5699 785 5726 ,
819 5658 921 5726 Qui
944 5659 1051 5726 iam
1076 5658 1294 5713 occisum
1322 5659 1535 5715 noverit.

458 5674 507 5714 3.
540 5672 749 5729 nemtg.
768 5699 785 5726 ,
819 5672 921 5726 ραι
944 5674 1051 5729 fam
1076 5673 1294 5713 occisum
1322 5672 1535 5715 ηουιηι.

1928 3094 2001 3155 sti
2025 3094 2286 3172 adventui
2320 3094 2932 3172 prteparentur_(Apoc._
2961 3114 3035 3161 xi,
3064 3096 3193 3172 ὅ)ιρ
3230 3096 3285 3149 ἱη
3316 3094 3523 3172 confit:

1932 3172 2196 3225 tationem
2224 3163 2579 3229 Antichristi.
2611 3178 2669 3224 et
2707 3163 2763 3223 in
2799 3163 3028 3237 gloriam
3057 3163 3363 3237 iudicantis
3404 3163 3527 3217 Filii

1930 3238 2067 3305 Dei;
2099 3240 2169 3297 de
2192 3241 2397 3311 quibus
2428 3254 2532 3295 suo
2556 3240 2681 3294 loco
2710 3236 3027 3294 testimonia
3055 3236 3423 3309 protei-emus.

2531 3360 2758 3417 CAPUT
2809 3361 2921 3415 Vll.

2056 3478 2121 3529 In
2149 3476 2403 3530 diluvium
2427 3491 2582 3543 arcae,
2612 3491 2727 3545 qua
2746 3475 3050 3546 signiﬁcavit
3084 3472 3391 3528 Ecclesiam.

1932 3566 2246 3623 Praedictio:
2284 3566 2338 3622 in
2368 3566 2563 3623 Genesi
2608 3566 2808 3691 inedita
2840 3575 2896 3621 et
2928 3566 3062 3622 visa.
3103 3566 3422 3621 Pra-dictuin
3445 3566 3528 3621 di-

2636 3652 2839 3691 unum.

2636 3652 2839 3692 unum.

2008 3748 2094 3804 lO.
2127 3749 2257 3803 Dum
2282 3749 2376 3802 lilii
2406 3749 2496 3802 Del
2536 3763 2564 3801 a
2603 3749 2878 3818 proposito
2899 3746 2924 3785 ιι
2952 3747 3309 3818 desciscerent
3331 3750 3527 3803 sancti-

1938 3822 2097 3880 tatis.
2126 3819 2265 3874 Deus
2288 3818 2402 3873 Noe
2428 3816 2629 3886 justum
2661 3816 2739 3872 sic
2761 3816 3079 3872 admonuit:
3115 3817 3288 3883 Finis,
3332 3822 3524 3887 inquit,

1936 3891 2185 3943 universa
2205 3891 2372 3943 carnis
2401 3891 2533 3943 venit
2552 3904 2728 3942 caram
2756 3905 2834 3940 me
2861 3904 2880 3940 :
2904 3888 3101 3959 repleta
3125 3901 3199 3941 est
3222 3891 3355 3942 enim
3377 3898 3516 3959 terra

1937 3962 2204 4025 iniquitate
2231 3976 2426 4022 eorum,
2459 3968 2507 4013 et
2538 3974 2631 4030 ego
2651 3960 2947 4030 disperdam
2975 3974 3059 4012 eos
3088 3972 3203 4010 cum
3231 3970 3382 4013 terra.
3416 3958 3524 4013 Fac

1939 4032 2028 4083 tibi
2046 4046 2216 4083 arcam
2247 4030 2310 4083 de
2342 4030 2492 4100 lignis
2522 4028 2811 4097 quadratis,
2848 4030 3224 4081 tricameratam
3251 4032 3405 4099 facies
3431 4047 3524 4083 ar-

1940 4116 2053 4153 cam
2071 4140 2087 4160 .
2127 4112 2176 4153 et
2205 4100 2527 4153 bitumtnabis
2568 4100 2868 4152 intrinsecus
2898 4112 2943 4151 et
2972 4100 3324 4164 extrinsecus;
3380 4111 3426 4154 et
3453 4104 3528 4154 sic

1943 4173 2097 4239 facies
2133 4187 2265 4225 eam.
2315 4169 2676 4223 Trecentorum
2698 4170 2983 4222 cubitorum
3010 4171 3107 4222 erit
3146 4170 3414 4238 longitudo
3440 4188 3528 4223 ar-

1943 4257 2035 4307 ca),
2064 4242 2431 4311 quinquaginta
2463 4241 2749 4311 cubiiorum
2772 4240 3008 4300 latitudo,
3033 4248 3079 4292 et
3102 4242 3308 4308 triginta
3333 4243 3530 4293 cubito-

1945 4328 2060 4363 rum
2093 4307 2311 4365 altitudo
2335 4310 2516 4374 ipsius.
2562 4307 2863 4363 Fenestram
2902 4311 3059 4378 facies
3087 4310 3141 4361 in
3173 4307 3328 4372 arca,
3380 4320 3429 4363 et
3472 4312 3525 4364 in

1876 4389 1924 4447 ι)
1952 4382 2119 4434 cubito
2168 4381 2540 4435 consummabis
2584 4396 2719 4433 eum.
2767 4378 2968 4431 Ostium
3002 4389 3171 4431 autem
3208 4394 3340 4432 arca:
3370 4397 3526 4448 pones

1951 4468 2016 4505 ex
2040 4451 2217 4505 latere.
2246 4451 2375 4505 Ecce
2404 4452 2659 4504 adducam
2679 4448 2924 4501 diluvium
2952 4464 3098 4516 aqua!
3126 4465 3279 4517 super
3316 4465 3524 4516 terram,

1952 4532 1999 4574 et
2027 4523 2334 4590 interﬁciam
2356 4537 2555 4574 omnem
2577 4535 2804 4590 carnem,
2830 4520 2885 4571 in
2915 4535 3018 4588 qua
3046 4527 3117 4590 est
3148 4520 3361 4587 spiritus
3388 4522 3523 4587 vita,

1951 4592 2043 4645 sub
2071 4588 2197 4645 cato
2228 4590 2382 4662 (Gen.
2410 4606 2488 4651 vt.
2519 4592 2585 4644 15
2612 4600 2659 4643 et
2684 4588 2837 4659 seq.).
2870 4591 3002 4662 Dum
3035 4589 3193 4662 igitur
3224 4590 3356 4644 fides
3384 4608 3528 4645 como

1956 4662 2140 4716 niodat
2165 4658 2517 4729 ac'praaparat
2544 4658 2796 4721 mentem,
2824 4659 3100 4728 creditque
3122 4658 3356 4713 futurum
3389 4664 3529 4731 quod

1954 4741 2136 4799 sperat
2174 4730 2529 4800 implendum,
2562 4732 2799 4800 mystica:
2824 4731 3048 4796 jussioni
3077 4741 3131 4785 et
3161 4731 3375 4784 fabrica:
3404 4730 3532 4785 obe-

1958 4803 2108 4855 diem
2140 4802 2273 4868 Noe,
2304 4815 2505 4864 arcam,
2537 4816 2637 4869 qua
2668 4815 2727 4855 se
2751 4815 2872 4854 cum
2902 4800 3112 4855 mundis
3140 4802 3533 4870 immundisqtte

1956 4873 2300 4937 animalibus,
2331 4878 2731 4940 utpraaceptum
2764 4870 2954 4935 fuerat,
2988 4870 3276 4933 conderet,
3306 4871 3533 4925 fabrica-

1961 4942 2037 4995 vit
2066 4959 2080 4997 :
2110 4944 2435 5012 geometrica
2458 4943 2655 5012 quippe
2668 4956 2941 5005 mensura,
2970 4955 3110 5012 quin,
3140 4956 3197 4993 ut
3224 4940 3417 5008 fertur,
3445 4956 3532 4997 se-

1956 5013 2070 5068 xies
2100 5009 2305 5067 tantum
2336 5009 2495 5083 quam
2526 5009 2757 5067 1nostra
2784 5027 2845 5067 se
2869 5009 3130 5067 extendit.

2024 5164 2054 5203 ιι
2084 5166 2183 5222 Ms.
2215 5166 2425 5237 Remig.
2438 5208 2453 5232 ,
2478 5176 2710 5222 testante.

2035 5237 2051 5274 ί
2087 5238 2186 5291 Ms.
2218 5235 2449 5308 Hemig.,
2473 5242 2659 5292 clamat
2680 5248 2849 5291 tamen
2868 5235 3006 5306 quod
3023 5251 3217 5302 verum,
3242 5243 3299 5289 ut
3318 5245 3536 5306 negante

1956 5307 2141 5379 Juda’o
2169 5309 2306 5379 quod
2337 5307 2594 5362 occiderat
2621 5308 2895 5362 Christum.

2036 5376 2049 5451 ᾗ
2089 5376 2190 5451 bis;
2206 5379 2438 5451 ﬂemig.,
2452 5381 2505 5432 in
2525 5379 2876 5451 confutatione
2896 5377 3196 5433 Antichristi
3216 5389 3263 5434 et
3284 5379 3337 5433 in
3347 5379 3533 5451 gloria.

2031 5446 2057 5484 ¹ι
2088 5448 2187 5503 Ms.
2221 5446 2453 5516 Remig”
2498 5446 2788 5516 deﬁcerent.

2038 5516 2057 5555 ι
2094 5519 2231 5572 Edit.
2263 5519 2458 5588 Lugd.,
2484 5534 2635 5584 quam
2658 5527 2866 5574 nostras.
2918 5519 3016 5574 Ms.
3052 5518 3287 5589 Remig.,
3339 5536 3537 5590 geome-

1963 5590 2145 5642 tricant
2172 5590 2362 5657 quippe
2391 5604 2705 5653 mensuram,
2742 5605 2875 5663 quis,
2900 5600 2955 5646 ut
2985 5590 3178 5663 fertur,
3205 5592 3402 5647 sexiens
3423 5600 3537 5647 tan-

1966 5670 2078 5713 tum
2098 5676 2253 5725 quam
2282 5668 2458 5715 nostra
2485 5667 2558 5715 est
2579 5664 2885 5716 extenditur.
