3972 6176
293 229 382 288 741

819 220 1018 278 LIBER
1058 221 1146 275 DE
1187 217 1759 275 PROMISSIONIBUS
1801 215 1888 271 ET
1931 212 2530 270 PREDICTIONIBUS
2571 212 2704 267 DEI.
2749 212 2926 269 PARS
2966 213 3008 267 l.

3442 212 3548 268 7&2

295 336 548 400 itnmunda
578 335 855 398 animalia,
889 335 1061 390 bonos
1092 333 1369 403 malosque
1401 341 1619 403 portare
1650 345 1851 403 cogno-
1883 335 1929 392 Α
1960 327 2189 403 signata;
2215 337 2357 391 sunt,
2422 342 2490 382 eo
2535 327 2940 403 u_rdine_divino
2975 343 3084 398 quo
3133 324 3392 403 pradicta
3423 341 3550 384 ante

293 414 461 472 scitur,
495 422 662 474 usque
689 406 742 460 in
774 405 1091 474 praedictum
1125 402 1326 458 linem:
1361 403 1427 457 de
1451 418 1562 471 quo
1587 402 1853 474 Dominus

294 494 342 537 et
382 471 617 537 Salvator
665 471 850 530 noster
896 477 948 529 in
997 475 1290 542 Evangelio
1342 482 1589 528 testatus
1633 471 1867 542 est,gdi-

292 568 447 606 cens:
489 549 574 603 Sic
610 547 848 600 futurum
893 541 1183 599 adventum
1224 561 1380 598 suum
1406 541 1864 609 quemadmodum

295 622 382 677 fuit
410 620 458 673 in
490 619 678 672 diebus
706 617 840 679 Noe,
873 616 1056 669 subito
1095 615 1551 668 manducantibus
1589 628 1654 666 ac
1680 613 1867 665 biben-

297 694 440 749 tibus.
488 689 796 742 ementibus
827 699 881 740 et
925 686 1290 740 vendentibus
1318 681 1526 753 (Matth.
1561 698 1710 748 xxiv,
1745 684 1863 748 57).

290 759 514 816 Credidit
542 760 703 827 igitur
731 758 843 812 Noe
871 772 988 824 quae
1021 756 1279 827 praedicta
1305 753 1438 806 vidit
1469 752 1528 827 iii
1547 767 1704 827 agca.
1729 753 1866 827 Gre-

295 833 416 886 diilit
443 823 617 897 quin"
654 829 830 881 futura
861 823 980 880 erat
1002 823 1159 880 nobis
1187 823 1826 897 prtesentandaEcclesia
1853 839 1865 874 :

293 893 561 956 nobiscum
614 909 798 968 sperat
853 910 977 967 qua:
1027 897 1133 951 erit
1180 895 1370 950 ultimo
1419 893 1626 963 judicio
1680 893 1864 948 decla-

291 970 468 1025 randi.

866 1036 1096 1092 CAPUT
1139 1035 1275 1090 Vlll.

290 1131 353 1185 In
396 1131 556 1186 tribus
605 1131 730 1200 ﬁliis
763 1129 900 1193 Noe,
937 1141 1136 1199 gentes,
1182 1144 1306 1200 quas
1333 1124 1568 1180 Christus
1611 1122 1868 1178 Dominus

708 1217 918 1270 sparsas
941 1198 1162 1264 invenit,
1203 1198 1430 1270 collegit.

291 1294 561 1348 Praedictze
589 1304 778 1362 gentes
817 1309 830 1344 :
869 1291 895 1328 δ
937 1308 1002 1346 ex
1047 1292 1217 1346 tribus
1260 1291 1381 1344 tiliis
1410 1288 1544 1344 Noe.
1585 1288 1640 1343 ln
1671 1288 1867 1344 Genesi

790 1363 1054 1416 creditum
1085 1372 1138 1416 et
1168 1363 1364 1414 visum.

357 1455 440 1510 M.
482 1454 560 1508 Ex
609 1455 781 1509 tribus
821 1453 985 1521 igitur
1027 1453 1150 1505 (iliis
1200 1452 1338 1516 Noe,
1379 1447 1748 1513 Sem,Cham,
1777 1448 1869 1504 Ja-

288 1525 430 1595 pllel,
459 1525 790 1593 totidemque
812 1523 1038 1595 nuribus
1059 1523 1198 1589 ejus,
1223 1523 1535 1595 mortalium
1562 1521 1866 1595 fecunditas

287 1592 407 1649 ilum
460 1592 808 1658 accrevisSet,
861 1594 1014 1647 radix
1066 1595 1273 1662 peccati
1322 1592 1611 1661 superbia,
1662 1592 1865 1662 mundo

290 1678 550 1735 pereunte
591 1667 825 1730 diluvio,
878 1665 992 1733 ipsa
1037 1660 1218 1732 perire
1268 1660 1617 1735 nonpotuit.
1668 1660 1859 1735 Turris

287 1733 511 1804 superba
556 1751 586 1789 a
617 1736 863 1804 superbis
913 1736 1228 1804 exstruitur,
1268 1733 1439 1804 cuius,
1469 1740 1625 1800 caput
1653 1733 1848 1785 coelum

289 1803 541 1860 hactenus
591 1803 884 1874 occuparet
929 1803 1102 1874 (Gen.
1140 1820 1214 1868 xi,
1248 1805 1346 1872 4).
1400 1803 1566 1871 Hujus
1613 1813 1790 1870 empta
1822 1816 1853 1854 a

288 1893 410 1931 vero
453 1878 667 1930 artilice
718 1878 824 1929 Deo
869 1891 964 1945 per
1019 1874 1389 1929 confusionem
1447 1875 1768 1945 linguarum_
1800 1874 1851 1926 in

286 1950 492 2001 irritum
525 1941 923 2000 deducuntur':
967 1946 1046 2000 sic
1074 1945 1217 1998 enim
1250 1947 1506 2013 scriptum
1534 1941 1620 1996 est
1660 1961 1671 1995 :
1720 1941 1854 1996 Ecce

286 2018 474 2071 labium
503 2034 670 2070 unum
693 2028 768 2069 est
797 2017 932 2069 omni
961 2025 1130 2078 ωτι-ω,
1173 2025 1222 2069 et
1251 2015 1346 2068 lioc
1374 2023 1630 2085 coeperunt
1660 2018 1849 2082 facere,

289 2098 367 2140 cet
387 2104 521 2140 nunc
541 2104 643 2140 non
660 2087 893 2154 deﬁcient
913 2088 975 2139 ab
995 2086 1065 2139 eis
1088 2086 1258 2138 omnia
1276 2101 1607 2155 quwcumque
1627 2085 1856 2153 aggressi

283 2169 398 2211 sunt
435 2159 611 2226 facere
641 2157 830 2225 (lbid.,
865 2155 940 2227 6).
973 2157 1038 2210 Et
1065 2156 1201 2227 dixit
1229 2155 1395 2219 Deus,
1436 2155 1854 2227 Venitedescen-

285 2225 482 2292 damus,
513 2239 565 2280 et
609 2225 1088 2298 confundamusjbi
1117 2226 1322 2295 linguas
1350 2242 1524 2279 eorum
1537 2225 1598 2298 μ
1609 2225 1740 2287 bid.,
1773 2225 1853 2293 7).

285 2298 421 2352 Deus
450 2298 670 2353 trinitas
702 2296 957 2364 loquitur.
991 2296 1328 2350 Descendere
1358 2311 1490 2349 vero
1535 2296 1736 2361 Deum,
1770 2306 1854 2349 est

289 2371 553 2423 humanos
589 2377 740 2422 actus
771 2369 1060 2436 inspicere,
1092 2366 1177 2419 vel
1223 2381 1410 2419 eorum
1451 2367 1697 2420 sensibus
1725 2379 1852 2434 pro-

286 2439 568 2508 pinquare.
622 2435 926 2504 Quieﬁl’ut
976 2436 1227 2506 praedicta
1275 2444 1422 2500 sunt,
1467 2451 1590 2489 mox
1616 2436 1854 2508 impleta

283 2506 426 2563 sunt.
455 2509 722 2564 Confusa:
751 2508 952 2578 quippe
993 2508 1189 2575 linguai
1222 2514 1566 2578 non‘tantum
1597 2506 1856 2575 disposita

284 2582 534 2649 supplere
569 2575 951 2647 nequiverunt,
991 2587 1250 2646 quantum
1280 2575 1444 2649 etiam
1475 2577 1734 2645 dispersa:
1758 2591 1856 2644 per

281 2647 462 2704 orbem
519 2660 723 2720 gentes
775 2662 1018 2720 quasque
1070 2661 1170 2701 suo
1209 2656 1250 2720 Α·
1300 2647 1596 2720 distinxere
1641 2649 1857 2720 eloquio

285 2720 491 2788 (lbid.,
525 2717 643 2788 '9).
684 2717 932 2774 Attamen
978 2718 1253 2788 Creatoris
1301 2727 1354 2770 et
1395 2718 1590 2784 judicis
1638 2717 1856 2788 impleta

279 2787 544 2856 censura,
599 2787 696 2860 per
741 2789 1000 2844 humilem
1052 2787 1254 2842 Clll’lSll
1301 2792 1567 2856 gratiam,
1615 2787 1858 2860 charitas

279 2877 382 2914 uno
403 2862 508 2916 sub
535 2859 794 2929 dogmate
814 2861 1178 2928 congregavit,
1200 2873 1319 2928 quae
1347 2861 1579 2926 superba
1612 2859 1859 2924 impietas

283 2930 300 2969 ι
335 2934 473 2986 male
501 2933 862 3000 disperserat.
892 2931 1070 2983 Omnis
1090 2944 1218 3000 ergo
1247 2944 1388 3000 nunc
1415 2931 1466 2983 in
1491 2944 1652 2982 unum
1681 2930 1859 3000 lingua

277 2998 616 3070 conﬁteatur,
640 3002 774 3072 quod
819 2999 1072 3054 Dominus
1092 3071 1099 3072 ί
1118 2998 1307 3072 Jesus_
1329 2998 1582 3072 Cligistus,
1627 3001 1722 3072 qui
1749 2998 1860 3072 gest

1969 413 2129 462 quam
2161 399 2353 452 tierent
2374 439 2388 460 ,
2421 399 2686 467 pr0plieta
2724 399 2885 452 David
2919 408 3148 454 testatus
3176 409 3280 462 est,
3319 400 3505 454 dicens
3533 439 3549 454 .

1969 467 2132 540 _Tituli
2179 469 2561 540 inscriptionem
2603 486 2666 524 ne
2711 485 3009 534 corrumpas
3043 470 3060 539 (
3091 469 3236 523 Psal.
3270 485 3418 538 ινιιι,
3452 472 3475 524 1
3506 470 3550 540 ).

1969 538 2170 607 Regem
2219 538 2365 593 enim
2411 539 2724 594 Judieorum
2770 538 3086 595 cruciﬁxum
3135 540 3226 594 ille
3260 538 3553 607 scripserat

1963 609 2127 677 judex
2162 609 2363 674 (Joan.
2401 626 2512 675 xix,
2548 610 2678 674 19).
2713 611 2866 664 llunc
2914 626 3007 665 sua
3041 612 3219 679 lingua
3269 608 3295 647 ιι
3338 610 3549 666 1181)ΐῖιῇ

1968 681 2094 733 dum
2126 681 2386 748 legerent,
2417 695 2539 746 quae
2570 679 2742 750 primo
2774 682 2827 734 iii
2860 681 2976 734 loco
3002 682 3170 748 posita
3202 689 3338 746 erat,
3369 695 3550 750 postu-

1970 751 2143 803 lantes
2191 750 2543 816 mutandum,
2597 748 2899 805 ldivinitus
2929 761 3082 804 actus
3124 748 3550 816 Pilntiis,'Quod

1967 821 2186 892 scripsi,
2209 822 2402 888 inquit,
2429 822 2614 892 scripsi
2647 819 2836 892 (Ibid.,
2868 823 2963 887 22)
2993 839 3003 873 :
3041 831 3097 874 ut
3121 833 3174 875 et
3202 821 3336 874 tituli
3371 823 3544 876 iuviu-

1970 891 2096 950 lata.
2147 890 2286 944 sicut
2329 890 2664 960 promissum
2706 901 2808 957 est,
2861 903 3102 946 maneret
3151 893 3450 959 integritas,
3496 903 3545 946 et

1969 960 2146 1029 lingua
2173 961 2396 1015 Hebraea
2430 961 2531 1014 sub
2557 963 2865 1015 testimonio
2894 963 2945 1016 iu
2974 963 3321 1030 principalem
3349 963 3547 1028 locum,

1969 1046 2126 1098 quem
2161 1041 2282 1100 post
2309 1033 2509 1098 amisit,
2543 1033 2738 1086 merito
2769 1035 3086 1101 signaretur.
3143 1035 3218 1085 Ex
3251 1034 3355 1085 isto
3389 1035 3550 1098 igitur

1971 1101 2150 1156 Heber
2195 1106 2366 1155 currit
2417 1105 2702 1171 progenies
2732 1118 2901 1171 usque
2949 1105 3013 1156 ad
3058 1103 3328 1157 Abraham
3375 1103 3546 1169 (Cen.

1974 1187 2051 1236 XI,
2089 1174 2152 1226 17
2183 1181 2228 1224 et
2275 1190 2413 1242 seqq.
2444 1173 2488 1242 ),
2517 1189 2546 1226 a
2592 1187 2723 1241 quo,
2773 1185 2828 1226 ut
2857 1175 3072 1242 quidam
3121 1177 3321 1236 dicunt,
3371 1175 3549 1228 Abrtei

1972 1242 2036 1314 [Γ.
2069 1242 2364 1314 Ahralitei],
2399 1245 2533 1296 sicut
2562 1245 2629 1295 ab
2657 1243 2835 1298 Heber
2865 1244 3079 1297 Hebraei
3113 1244 3370 1310 appellati
3402 1259 3547 1298 sunt.

1971 1313 2306 1367 l’riiiiitivum
2333 1313 2468 1367 vero
2514 1328 2635 1367 esse
2664 1315 2804 1368 hunc
2834 1315 3113 1380 populum,
3144 1315 3270 1368 licet
3297 1316 3409 1382 ipse
3440 1315 3547 1367 Do-

1970 1386 2146 1436 minus
2193 1393 2500 1446 attestclitr,
2543 1383 2768 1445 dicens.
2827 1383 3130 1438 Primitivus
3185 1401 3324 1438 meus
3378 1383 3550 1437 Israel

1973 1451 2191 1522 (Exod.
2249 1469 2321 1519 iv,
2371 1454 2515 1524 ‘22);
2583 1455 2636 1506 in
2690 1455 3107 1509 Deuteronomio
3157 1456 3295 1508 libro
3341 1456 3552 1523 plenius

1969 1525 2291 1577 oswuditur.
2330 1523 2456 1578 Cum
2481 1526 2848 1590 dispariiretur
2875 1526 3168 1579 Altissimus
3197 1526 3417 1595 (dictum
3446 1529 3550 1595 est)

1971 1595 2226 1658 nationes,
2276 1595 2752 1665 statuit_terminos
2798 1597 3022 1665 gentium
3058 1597 3338 1650 secundum
3368 1613 3549 1650 nume-

1969 1679 2083 1715 rum
2135 1663 2582 1737 angelorumDei.
2619 1663 2867 1737 Etfac'ta
2910 1679 2984 1737 est
3027 1669 3194 1737 portio
3221 1670 3332 1737 ejus
3358 1666 3547 1733 Jucob,

1963 1738 2115 1804 series
2164 1733 2485 1787 Itivi'editatis
2536 1736 2646 1804 ejus
2692 1735 2860 1788 Israel
2906 1733 3100 1804 (Deut.
3145 1733 3318 1800 xxxii,
3362 1740 3415 1802 8,
3444 1753 3546 1790 sec.

1960 1801 2174 1866 LXX).
2225 1804 2331 1860 Sed
2386 1806 2469 1859 hic
2498 1801 2688 1867 Jacob,
2737 1808 2826 1874 qui
2875 1801 3176 1875 appellatus
3233 1816 3318 1860 est
3361 1807 3549 1874 Israel,

1958 1891 2020 1927 ex
2073 1890 2180 1940 quo
2231 1877 2446 1929 tramite
2495 1876 2676 1929 veniat
2730 1892 2825 1944 per
2875 1878 3120 1931 ordinem
3171 1892 3549 1940 recurranius,

1957 1955 2015 2017 ut
2063 1944 2330 2012 Abrabze,
2381 1945 2536 2015 cujus
2585 1945 2671 2000 hic
2725 1961 2893 2015 nepos
2938 1956 3044 2014 est,
3094 1949 3361 2016 promissa
3413 1962 3547 2017 sup-

1957 2015 2222 2084 pleantur.

2588 2086 2816 2142 CAPUT
2857 2087 2927 2142 X.

1958 2174 2024 2229 In
2056 2177 2277 2232 Abralite
2312 2178 2596 2242 vocatione,
2639 2189 2772 2231 terra
2803 2178 3075 2232 viventium
3113 2175 3408 2234 Christiano
3436 2197 3540 2250 po-

2576 2250 2696 2320 pulo
2724 2250 2922 2318 futura.

1974 2335 2270 2392 Promissio
2319 2337 2458 2392 facta
2507 2347 2562 2393 et
2592 2343 2834 2420 ﬁgurata.
2865 2347 2906 2376 ω
2943 2337 3003 2393 ln
3033 2339 3232 2396 Genesi
3262 2340 3463 2395 credita
3497 2351 3553 2395 et

2684 2425 2820 2464 Visa.

2031 2505 2118 2561 l6.
2161 2506 2239 2560 Ex
2287 2508 2493 2562 semine
2541 2507 2702 2575 igitur
2747 2508 2873 2562 Sem
2931 2506 3028 2561 iilii
3075 2507 3212 2572 Noe,
3259 2518 3418 2561 natus
3467 2518 3552 2560 est

1963 2577 2163 2648 lleber,
2194 2577 2352 2648 cujus
2399 2578 2499 2630 fuit
2544 2577 2686 2631 illius
2731 2578 2930 2647 Phaleg
2966 2577 3140 2648 (Gen.
3184 2594 3240 2639 x,
3271 2577 3553 2648 25),_sub

1959 2662 2066 2715 quo
2095 2645 2282 2700 divisae
2312 2656 2439 2700 sunt
2467 2647 2686 2717 linguie.
2726 2645 2930 2716 Plialeg
2975 2645 3164 2715 genuit
3207 2649 3326 2702 Heu
3373 2645 3549 2714 (Gen.

1959 2733 2038 2782 xi,
2074 2718 2141 2772 18
2171 2727 2219 2770 et
2242 2717 2450 2788 seqq.)
2494 2736 2506 2770 :
2557 2721 2670 2774 Heu
2701 2719 2886 2788 genuit
2916 2719 3159 2783 Seruch;
3201 2717 3411 2772 Seruch
3455 2733 3548 2786 ge-

1960 2791 2077 2841 nuit
2123 2787 2365 2853 Nachor;
2410 2787 2627 2843 Nacbor
2675 2787 2862 2858 genuit
2892 2790 3104 2853 Tliare;
3147 2788 3330 2842 Tbare
3356 2790 3552 2857 genuit

1959 2858 2198 2928 Abram,
2245 2859 2335 2925 qui
2388 2867 2580 2928 postea
2628 2859 2807 2914 dictus
2851 2869 2936 2913 est
2983 2867 3010 2895 ³³
3039 2860 3348 2922 Abraham;
3397 2859 3556 2928 cujus

1963 2943 2134 2996 nepos
2174 2926 2277 3000 fuit
2310 2926 2497 2984 Iacob.
2539 2930 2691 2984 Hunc
2721 2937 2745 2964 °
2786 2930 3053 3000 Abraham
3093 2929 3231 3000 apud
3263 2926 3554 3000 Chaldaeos

1963 3001 2200 3068 genitum
2233 2999 2506 3066 Scriptura
2557 3009 2785 3056 teStatur
2833 2999 3002 3070 (Gen.
3060 2999 3137 3063 xi,
3168 3000 3239 3054 28
3265 2999 3305 3069 ).
3340 2999 3416 3053 Ex
3449 3015 3551 3069 qua

281 3066 442 3126 turris
473 3066 838 3137 fortitudinis,
889 3071 1133 3140 ingloria
1160 3079 1245 3140 est,
1261 3066 1363 3140 Dei
1395 3067 1570 3120 Patris
1617 3066 1858 3140 (Philip.
1892 3073 1937 3135 ο
1967 3066 2128 3140 gente
2171 3081 2413 3140 vocatus,
2465 3071 2590 3124 dum
2640 3066 2851 3140 primus
2875 3081 2901 3120 P
2930 3070 3197 3132 crederet,
3230 3066 3382 3139 pater
3429 3066 3553 3124 lidei

277 3156 334 3204 ii,
368 3143 480 3214 11).
515 3145 698 3209 Quem
750 3138 1094 3214 inebriat—uin,
1129 3151 1187 3214 ut
1231 3139 1344 3194 Noe
1367 3155 1438 3214 ex
1485 3138 1638 3214 Vinea
1685 3138 1861 3214 (Cen.

277 3226 348 3277 ix,
378 3208 499 3284 21⁷),
533 3208 908 3281 nudatumque
939 3212 990 3264 in
1041 3213 1292 3284 passione
1314 3249 1329 3273 ,
1358 3208 1533 3284 Citam
1559 3208 1706 3262 lilius'
1745 3211 1865 3284 irri-

273 3285 425 3350 dens,
451 3280 511 3339 iti
545 3285 788 3338 Cantiam
823 3280 946 3336 lilio
985 3281 1330 3334 maledictum
1362 3280 1660 3347 excipietis,
1691 3281 1868 3349 genti-

273 3353 369 3408 bus
418 3355 759 3424 propinavit.
804 3353 956 3420 Quod
1003 3351 1230 3424 abstulit
1259 3351 1417 3424 lesus
1449 3351 1742 3424 Dominus,
1777 3351 1868 3420 qui

269 3437 364 3492 pro
393 3418 561 3480 nobis
598 3423 772 3480 iactus
802 3418 885 3479 est
911 3423 1259 3476 maledictum
1288 3418 1490 3490 (Calai.
1520 3435 1600 3487 iii,
1637 3421 1747 3491 15).

889 3511 1118 3567 CAPUT
1167 3509 1260 3565 IX.

269 3602 333 3658 In
359 3603 546 3660 [leber
585 3622 716 3678 gens
747 3604 1000 3678 Hebrtza,
1047 3619 1200 3678 quem
1229 3603 1519 3678 primatum
1572 3599 1870 3658 Christiano

840 3674 1033 3745 popqu
1065 3673 1305 3726 tradidit.

269 3746 534 3802 Praedicta
569 3762 712 3817 gens
740 3743 993 3817 Hebraea,
1020 3761 1050 3798 a
1081 3759 1188 3817 quo
1218 3751 1408 3817 exorta
1449 3743 1868 3817 sit,_primatum

335 3821 553 3874 habens
573 3813 648 3872 'iu
681 3818 936 3872 omnibus
964 3815 1182 3886 linguis.
1229 3822 1254 3860 ε
1287 3817 1343 3868 In
1369 3813 1570 3870 Genesi
1601 3815 1868 3869 creditum

332 3901 388 3943 et
413 3893 625 3945 visum.

337 3983 426 4035 15.
473 3980 638 4036 Inter
680 3988 907 4033 caeteros
951 3991 1089 4046 quos
1139 3975 1441 4046 linguarum
1484 3973 1732 4046 conlusio
1765 3991 1870 4046 per

337 3993 426 4035 15.
473 3993 638 4036 Inter
680 3993 907 4033 caeteros
993 3993 1089 4032 uos
1139 3993 1441 4046 linguarum
1484 3993 1732 4030 contusio
1774 3993 1867 4042 per

260 4063 450 4126 gentes
480 4052 700 4126 divisit,
726 4049 754 4085 ιι
781 3993 1123 4126 unuslleber
1148 4049 1324 4126 dictus
1352 4044 1612 4126 es_t.(Gen.
1649 4059 1724 4110 xi,
1756 4045 1867 4126 ii),

262 4123 312 4175 in
357 4138 492 4193 quo,
544 4130 612 4177 ut
664 4121 858 4193 fertur,
911 4120 1134 4174 llebrtea
1185 4119 1355 4186 prima
1408 4118 1590 4193 lingua
1626 4118 1865 4193 resedit,

260 4185 404 4248 unde
460 4185 644 4249 etiam
693 4191 917 4245 Hebraea
966 4205 1096 4259 gens
1128 4185 1326 4242 numen
1359 4189 1602 4259 accepit.
1626 4185 1866 4242 Primam

258 4278 387 4316 vero
418 4264 723 4318 Hebrteam
772 4276 893 4316 esse
942 4258 1209 4329 linguam,
1261 4268 1521 4328 mysticus
1553 4258 1642 4329 ille
1678 4260 1866 4312 titulus

257 4350 284 4384 a
315 4335 492 4388 Pilato
541 4333 896 4399 conscriptus
922 4327 1176 4384 ostendit.
1229 4327 1359 4382 Erat
1387 4331 1532 4399 enim
1571 4327 1582 4399 ξ
1618 4329 1662 4380 is
1698 4331 1868 4399 tribus

256 4404 456 4474 linguis
493 4397 827 4474 insignitus,
849 4402 1072 4455 llebrwa
1096 4442 1110 4466 ,
1144 4399 1330 4454 Graeca
1372 4408 1437 4474 _et
1466 4397 1653 4474 Latina
1683 4397 1862 4474 (Joan.

257 4469 366 4539 xix',
399 4475 476 4530 20
502 4476 524 4544 )
575 4491 590 4527 :
617 4469 766 4542 'qute
799 4473 992 4544 linguae
1023 4481 1314 4544 primatum
1338 4471 1482 4544 lere
1528 4469 1582 4544 in
1611 4472 1866 4544 omnibus

254 4540 568 4602 retinentes
621 4540 849 4613 linguis,
883 4540 1076 4596 eidem
1107 4540 1351 4596 Creatori
1386 4543 1400 4590 t
1444 4541 1497 4593 in
1529 4543 1685 4594 titulo
1732 4555 1862 4595 cou-

323 4687 350 4714 ⁸
385 4679 494 4757 Ms.
529 4674 787 4757 licmig,
817 4675 990 4757 futura
1016 4682 1160 4757 erant
1185 4713 1200 4727 .
1226 4713 1240 4727 .
1267 4710 1282 4725 .
1314 4671 1598 4757 nobiscum.
1645 4672 1864 4742 Sperat-

248 4765 348 4820 que
378 4750 452 4800 ad
482 4747 744 4800 ultimum
766 4747 1024 4813 judicium
1050 4745 1385 4797 declaranda.

323 4820 348 4856 δ
384 4821 520 4873 ιιωε
575 4820 832 4870 addimus
874 4831 941 4868 ex
971 4832 1071 4868 ins.
1110 4815 1446 4885 Remigiano,
1477 4813 1530 4868 iii
1567 4829 1682 4885 quo
1705 4827 1865 4883 caput

251 4889 365 4943 Vill
397 4897 482 4943 sic
519 4888 758 4958 incipit:
788 4885 861 4939 lis
891 4886 1179 4958 nominibus
1210 4883 1353 4952 sem,
1384 4885 1548 4940 Cltam
1574 4897 1620 4939 et
1649 4883 1861 4958 Japltet,

247 4973 385 5023 εις..
423 4962 604 5023 lurte,
640 4957 714 5009 Iis
744 4957 1053 5011 hominibus.

325 5041 350 5068 ο
385 5029 706 5099 Sequentia
735 5029 933 5099 absunt
968 5043 996 5078 a
1029 5043 1130 5082 ins.
1167 5026 1376 5097 Remig.
1409 5039 1463 5082 et
1493 5027 1635 5082 Edit.
1671 5029 1866 5098 Lugd.,

251 5117 430 5212 usque
463 5096 536 5154 ad
565 5116 584 5153 :
616 5097 688 5150 Et
715 5097 842 5150 dixit
867 5096 1029 5150 Deus.
1333 5096 1342 5097 “
1757 5096 1771 5098 ⁷

382 5173 442 5212 In
492 5191 610 5212 llis-
658 5170 886 5212 Hmnim-
933 5168 1060 5212 (lum
1087 5167 1333 5212 sintdicta
1369 5180 1486 5212 sunt
1540 5185 1659 5212 mna:
1685 5180 1731 5212 at
1768 5171 1787 5212 ὅ

293 5167 348 5260 ’(⁸
381 5173 442 5226 In
492 5191 610 5224 ius.
656 5170 888 5238 llemig.,
933 5168 1060 5232 Quae
1086 5167 1333 5237 prtcdicta
1369 5180 1507 5238 sunt,
1540 5185 1659 5224 mox
1685 5180 1731 5224 et
1768 5171 1868 5224 im-

251 5253 393 5312 pieta
418 5253 570 5295 sunt.

325 5324 351 5352 θ
386 5315 493 5368 Ms.
531 5309 782 5378 [teinig.,
815 5325 1064 5363 creavere.

324 5385 346 5422 τ
379 5386 643 5438 Additur
678 5381 826 5446 male,
859 5396 926 5434 ex
952 5398 1051 5434 ius.
1083 5380 1290 5450 llemig.

322 5465 349 5502 ς
387 5458 524 5508 llazc
549 5451 814 5506 addimus
842 5466 907 5504 ex
939 5451 1042 5504 lide
1073 5468 1173 5505 ins.
1207 5452 1526 5522 liemigiaui.

323 5522 350 5562 ¹δ
382 5529 570 5580 Abest
628 5538 735 5576 vox
776 5538 932 5587 unus,
971 5537 1002 5575 a
1047 5537 1149 5576 ius.
1200 5521 1410 5592 Hemig.
1447 5534 1500 5578 et
1526 5522 1655 5578 edit.
1690 5521 1862 5593 Lugd.

243 5607 299 5652 et
329 5596 551 5650 Lovan.

327 5666 345 5707 1
377 5666 485 5724 Ms.
519 5662 774 5731 Remig.,
808 5663 888 5715 his
920 5663 1098 5716 tribus.

2019 3139 2169 3193 Rom.
2219 3155 2293 3203 iv,
2326 3139 2386 3194 11
2421 3140 2464 3208 ),
2516 3139 2682 3209 gratia
2725 3143 2988 3203 vocantis,
3039 3141 3234 3194 meruit
3264 3140 3546 3209 appellari.

1999 3210 2209 3263 llialdaii
2245 3211 2591 3265 astronomia:
2623 3211 2788 3266 dediti
2815 3252 2829 3274 ,
2881 3211 3008 3266 dum
3035 3211 3229 3265 callide
3259 3212 3556 3279 positiones

1972 3280 2213 3334 siderum
2258 3291 2688 3348 perscrutantur,
2724 3281 2949 3335 multum
2982 3291 3226 3336 errantes
3255 3281 3402 3335 eirea
3435 3283 3552 3334 cul-

1973 3359 2087 3404 tum
2133 3351 2551 3420 religionemque
2593 3352 2864 3420 divinam,
2896 3352 3210 3406 Creatorem
3256 3360 3284 3400 ει
3313 3351 3552 3404 omnium

1974 3436 2154 3474 rerum
2188 3421 2406 3475 minime
2434 3423 2838 3490 perquirentes,
2887 3429 3220 3488 evanuerunt,
3272 3431 3328 3476 ut
3356 3421 3556 3474 Paulus

1972 3491 2123 3556 dicit,
2163 3492 2216 3543 in
2252 3492 2647 3560 cogitationibus
2685 3494 2814 3560 sitis,
2853 3503 2899 3546 et
2935 3494 3262 3546 obscuratum
3300 3501 3372 3545 est
3421 3493 3552 3545 insi—

1972 3563 2117 3632 piens
2155 3578 2244 3614 cor
2267 3579 2462 3634 eorum
2502 3563 2692 3634 (Rom.
2725 3578 2764 3632 ι,
2810 3563 2940 3634 ¹21).
2976 3563 3018 3617 E
3053 3563 3248 3634 quibus
3277 3562 3554 3616 Abraham

1973 3649 2080 3685 non
2132 3641 2154 3669 ι
2199 3632 2404 3686 callida:
2449 3632 2732 3697 creaturae,
2781 3633 2876 3687 sed
2925 3633 3109 3687 calore
3159 3633 3324 3686 divini
3371 3635 3551 3686 cultus

1973 3716 2254 3764 accensus,
2283 3701 2349 3754 ab
2375 3703 2557 3755 stultis
2587 3714 2640 3756 et
2671 3703 3046 3771 insipientibus
3075 3702 3290 3756 Domini
3331 3718 3556 3756 munere

1974 3783 2286 3841 segregatus
2332 3781 2434 3826 est.
2466 3771 2594 3838 Exi,
2629 3775 2798 3840 inquit
2823 3773 2874 3826 ei
2908 3773 3062 3832 Deus,
3111 3772 3175 3824 de
3218 3781 3353 3825 terra
3389 3783 3477 3824 tua
3507 3781 3557 3825 et

1973 3847 2036 3895 de
2075 3842 2375 3912 cognatione
2404 3853 2521 3905 tua,
2562 3854 2607 3897 et
2638 3843 2748 3896 veni
2772 3843 2826 3895 in
2858 3852 3046 3894 terram
3070 3858 3440 3912 quamcumque
3467 3842 3558 3896 tibi

1973 3910 2238 3965 ostendero
2291 3910 2463 3982 (Gen.
2510 3927 2605 3978 xit,
2659 3915 2755 3981 1).
2800 3912 2881 3966 Ad
2925 3924 3252 3981 princeptum
3289 3910 3554 3978 vocantis,

1975 3984 2148 4052 prima
2180 3982 2309 4036 sede
2337 3984 2766 4053 cognationeque
2812 3983 3020 4047 relicta,
3059 3999 3154 4050 per
3185 3983 3346 4038 iidem
3385 3983 3559 4037 credit

1973 4069 2095 4123 qua:
2142 4067 2247 4107 non
2279 4053 2429 4123 vidit,
2474 4053 2652 4109 donec
2691 4053 2876 4107 videre
2907 4066 3180 4108 mereatur
3221 4069 3385 4108 omne
3414 4053 3557 4120 quod

1974 4122 2167 4178 credit.
2205 4122 2402 4177 Exiens
2433 4125 2592 4193 igitur
2618 4124 2685 4177 de
2716 4132 2857 4178 terra
2886 4124 3296 4191 Chaldaeorum,
3345 4125 3559 4178 habita-

1974 4196 2051 4246 vit
2081 4194 2300 4249 Charra:
2329 4193 2482 4264 (Act.
2515 4209 2608 4257 vii,
2641 4193 2730 4262 4),
2764 4195 2814 4248 iu
2843 4211 2945 4262 qua
2981 4197 3231 4250 omnibus
3265 4204 3285 4230 ³
3319 4198 3557 4264 repletus

1974 4275 2058 4336 est
2085 4265 2309 4318 divitiis.
2338 4265 2523 4318 Terrze
2549 4280 2765 4334 quoque
2796 4266 2984 4332 ipsius,
3010 4266 3063 4319 in
3094 4281 3188 4336 spe
3219 4266 3303 4320 sui
3336 4265 3556 4320 seminis

1978 4335 2210 4390 futui-ain
2267 4336 2508 4403 suscepit
2553 4336 2946 4389 haereditaiein.
2997 4335 3132 4390 Cum
3160 4339 3321 4390 etiam
3355 4352 3418 4390 ex
3450 4351 3559 4390 auu

1979 4407 1997 4441 ι
2032 4415 2085 4458 et
2113 4405 2279 4460 sterili
2314 4409 2566 4475 conjuge,
2603 4421 2828 4475 vergens
2851 4421 3064 4472 quoque
3089 4408 3202 4474 ipse
3242 4409 3293 4460 in
3323 4408 3553 4471 senium,

1973 4485 1999 4511 ι
2041 4492 2135 4544 per
2183 4477 2595 4543 promissionem
2635 4486 2908 4544 exspectat
2941 4476 3242 4542 literedem,
3287 4477 3372 4532 hic
3402 4478 3560 4531 nobis

1969 4557 2122 4616 pater
2171 4547 2296 4600 tidei
2345 4547 2630 4612 ostendit,
2681 4562 2781 4601 nec
2834 4547 3096 4602 incolatus
3149 4548 3320 4604 nosui
3367 4549 3563 4619 longos

2045 4692 2059 4730 ι
2099 4680 2197 4734 Ms.
2231 4679 2467 4748 Remig.,
2497 4679 2550 4732 in
2576 4680 2800 4733 titulum.

2044 4749 2070 4787 ¹ί
2103 4751 2264 4808 Editi.
2297 4749 2561 4802 Hebraici.

2049 4820 2064 4858 ι
2103 4822 2198 4875 Ms.
2231 4821 2465 4889 Reinig.,
2500 4819 2744 4875 divinitus
2765 4830 2959 4889 actum,
2996 4822 3221 4881 Pilatus.

2002 4901 2092 5015 .lml
2116 4893 2443 4961 Supplentur
2470 4891 2586 4946 liwc
2615 4905 2718 4961 Ope
2745 4907 2846 4946 ms.
2868 4893 3102 4965 Remig.,
3121 4900 3205 4950 cui
3233 4898 3382 4952 deest
3406 4900 3562 4968 prior

2003 4979 2012 5013 l
2044 4981 2072 5013 ll
2099 4979 2182 5015 IIS.

1978 4971 2182 5016 ltliilus.

2048 5042 2073 5067 υ
2105 5034 2181 5086 lia
2232 5033 2459 5100 legimus
2507 5031 2559 5086 in
2604 5049 2707 5088 ms.
2763 5031 2972 5103 Remig.
3019 5036 3255 5092 Aberant
3283 5053 3414 5094 vero
3442 5040 3558 5095 hie:

1971 5103 2040 5156 ab
2066 5104 2254 5175 editis,
2280 5103 2493 5172 Abram,
2520 5106 2605 5170 qui
2636 5112 2812 5175 postea
2843 5106 3011 5159 dictus
3038 5118 3131 5160 est.

2045 5181 2069 5208 °
2102 5174 2200 5230 Ms.
2234 5173 2466 5243 Remig.,
2496 5173 2707 5227 Abram.

2044 5254 2070 5292 P
2101 5245 2196 5298 Ms.
2233 5244 2468 5314 Remig.,
2503 5247 2789 5298 crediderit.

2045 5325 2069 5363 τι
2099 5314 2196 5367 Ms.
2227 5314 2463 5383 Remig.,
2497 5332 2670 5368 rerum
2697 5316 2922 5368 omnium
2949 5319 3248 5372 munimine.

2048 5395 2069 5421 τ
2097 5385 2458 5463 llls_.ullemig.,
2487 5386 2674 5439 callide
2712 5398 2975 5454 creatura;
3015 5389 3129 5443 sola
3158 5392 3322 5445 editio
3350 5392 3550 5463 Ltigd.,

1973 5473 2077 5510 non
2106 5456 2306 5510 callida:
2333 5466 2601 5510 creaturte.

2047 5534 2068 5606 ξ
2230 5527 2464 5606 θειώδη
2500 5525 2724 5592 repletus
2748 5527 2961 5606 divitiis,
2991 5539 3139 5586 terra:
3166 5550 3391 5606 quoque.

2049 5599 2067 5632 τ
2101 5599 2196 5652 Ms.
2229 5599 2458 5665 ﬂeniig.,
2491 5609 2536 5649 et
2565 5611 2628 5646 ex
2654 5599 2836 5650 sterili.

2048 5678 2074 5704 α
2105 5671 2199 5722 bis.
2229 5669 2418 5735 Remig
2450 5708 2464 5732 ,
2495 5669 2867 5732 promissionis.
