3972 6176
326 264 430 320 761

882 373 1114 430 CAPUT
1154 376 1370 431 XXXV.

327 471 398 526 In
425 471 604 526 eodem
637 467 834 540 Moyse,
866 470 975 538 qui,
995 478 1060 590 ,αἱ
1087 467 1319 608 ϐἔινξῖιιιε
1351 469 1622 534 Dominus,
1651 469 1914 525 diabolum

987 555 1039 591 tn
1065 555 1116 591 er
1144 555 1211 592 ρει
1240 578 1256 594 .

987 555 1256 594 ιηιενιρειι.

327 632 616 689 Ριδιῑᾶῐειὶο
646 638 785 688 taeta
817 638 871 684 et
898 630 1143 699 ﬁgurata,
1175 646 1278 699 qua
1320 630 1565 686 diabolus
1605 647 1632 684 a
1677 633 1772 686 Dei
1814 631 1916 686 mi-

437 703 624 758 nistris
655 712 1013 769 expugnatur.
1047 700 1104 754 In
1136 701 1323 755 Exodo
1349 703 1553 756 credita
1585 711 1639 757 et
1670 703 1804 756 visa.

400 795 490 850 48.
534 792 766 863 lngressi
807 793 989 864 itaque
1027 793 1237 864 Moyses
1277 802 1332 848 et
1369 793 1549 850 Aaron
1580 797 1645 848 ad
1680 794 1914 849 Pharao-

324 881 481 926 nem,
513 879 619 918 noti
654 873 858 917 tantum
883 863 1123 931 jussione
1151 863 1330 916 divina
1363 865 1524 918 verba
1569 879 1690 932 quze
1728 864 1913 919 audie-

325 945 449 990 rant
494 943 868 1003 narraret-unt.
896 944 1152 1002 quantum
1189 937 1340 1002 signa
1382 951 1500 1003 qua:
1537 935 1657 987 data
1700 934 1913 989 fuerant

322 1006 650 1060 exhibentes
693 1002 888 1070 (Exod.
922 1018 969 1065 v,
1009 1006 1028 1057 I
1062 1015 1107 1056 et
1138 1005 1324 1074 seqq.).
1354 1002 1510 1072 Virga
1550 1019 1711 1071 quam
1751 1019 1911 1059 manu

322 1077 543 1146 Moyses
581 1077 850 1146 portabat,
880 1088 1062 1127 coram
1108 1075 1388 1146 Pharaone
1426 1076 1688 1143 projects,
1720 1074 1911 1130 effecta

323 1143 685 1214 est'serpens.
721 1144 856 1212 Magi
886 1159 1098 1212 quoque
1127 1143 1441 1207 Pharaonis,
1469 1155 1529 1198 ut
1557 1155 1582 1181 tt
1608 1146 1786 1198 divina
1819 1160 1912 1213 po-

323 1217 495 1271 tentia
525 1225 929 1280 superarentur,
960 1216 1084 1267 talia
1108 1217 1257 1282 signa
1289 1215 1465 1270 facere
1489 1216 1759 1282 permissi,
1789 1230 1913 1283 pro-

322 1288 578 1359 jicientes
609 1286 783 1353 virgas
812 1283 991 1359 suaetb
1024 1287 1183 1339 etiam
1214 1289 1312 1350 ipsi
1351 1295 1661 1359 serpentum
1695 1287 1909 1352 species

323 1355 722 1426 ostenderunt:
769 1355 1084 1426 voravitque
1133 1370 1361 1426 serpens
1415 1356 1582 1426 Moysi
1633 1370 1908 1426 magorum

323 1436 608 1492 serpentes
649 1423 844 1492 (Exod.
883 1439 975 1488 vn,
1003 1423 1084 1479 'IO
1123 1437 1168 1478 et
1205 1424 1401 1494 seqq.);
1450 1423 1517 1479 ut
1550 1423 1911 1479 nostri’ducis

322 1497 529 1551 Christi
556 1506 576 1532 ε
604 1496 746 1562 virga
779 1495 1035 1548 doctrina:
1064 1496 1303 1549 omnium
1338 1511 1665 1563 paganorum
1693 1496 1909 1548 hacreti-

323 1581 622 1634 corutnque
671 1565 920 1633 dogmata
966 1566 1146 1618 divina
1178 1566 1376 1620 virtute
1405 1565 1756 1633 consumpsit.
1792 1564 1907 1620 Non

326 1633 588 1691 tantumd
619 1645 676 1688 ut
703 1635 800 1688 ltac
833 1636 1042 1688 actione
1073 1635 1292 1702 ﬁgurata
1325 1638 1619 1703 signarent,
1650 1645 1906 1703 quantum

323 1709 490 1759 etiam
517 1707 789 1771 propheta:
812 1706 977 1759 David
1007 1707 1274 1771 praeconia
1299 1715 1617 1759 resonarent
1639 1706 1905 1762 dicentis:

339 1778 548 1847 Virgam
568 1777 764 1829 virtutis
785 1784 886 1829 tua:
905 1778 1097 1829 emittet
1125 1777 1370 1847 Dominus
1390 1793 1453 1829 ex
1475 1775 1624 1843 Sion,
1646 1777 1910 1830 dominare

323 1851 384 1902 in
406 1845 573 1899 medio
594 1847 920 1900 inimicorum
940 1858 1141 1899 tuorum
1165 1845 1278 1917 (Ps.
1299 1846 1497 1915 cmi).
1524 1847 1678 1900 Aliud
1697 1847 1909 1914 signum

326 1920 750 1990 Moysescoratn
783 1917 984 1986 populo
1009 1927 1262 1990 ostentat,
1297 1917 1352 1970 in
1386 1917 1561 1990 sinum
1605 1932 1762 1990 suum
1799 1932 1912 1990 Ina-

325 1987 458 2043 nutu
500 1988 741 2050 mittens,
791 1997 814 2023 °
857 2001 1027 2054 eaque
1064 1987 1342 2054 producta,
1386 1987 1602 2056 Ieprosa
1640 1988 1780 2041 sicut
1821 1987 1912 2042 nix

324 2059 521 2114 eﬂecta
565 2065 677 2121 est;
720 2072 931 2111 rttrsum
977 2057 1196 2111 reducta
1241 2058 1621 2124 productaque,
1667 2057 1912 2111 restituta

325 2140 415 2184 est
440 2129 494 2182 in
524 2129 706 2181 colore
725 2141 826 2181 suo
847 2125 1043 2191 (Exod.
1075 2142 1154 2188 tv.
1176 2128 1257 2194 6).
1288 2127 1344 2181 In
1376 2128 1494 2180 sinu
1521 2129 1765 2194 signatur
1790 2142 1914 2180 ora-

325 2203 408 2254 tio
435 2213 532 2266 pro
561 2207 805 2266 peccato,
836 2196 1048 2266 dicente
1074 2198 1240 2251 David
1273 2216 1285 2249 :
1315 2198 1495 2250 Oratio
1525 2213 1634 2250 mea
1660 2198 1716 2249 in
1743 2199 1914 2251 sinum

323 2265 499 2324 meum
539 2265 918 2322 convertebatur
957 2265 1074 2330 (Ps.
1107 2283 1288 2328 xxxw,
1318 2268 1428 2336 15).
1456 2266 1608 2333 Quod
1642 2281 1770 2320 vero
1801 2283 1915 2320 ma-

327 2355 437 2395 nus
469 2338 537 2393 de
562 2338 682 2392 sinu
713 2338 968 2404 producta
999 2338 1180 2391 nivem
1207 2337 1618 2402 demonstravit,
1646 2338 1914 2404 signiﬁca-

325 2411 408 2464 vit
437 2409 743 2463 Mediatoris
769 2408 968 2463 Christi
1005 2408 1220 2461 Domini
1265 2408 1379 2462 fusa
1421 2409 1668 2461 oratione
1698 2423 1795 2473 pro
1819 2423 1916 2462 tto-

325 2481 434 2542 ltis,
457 2488 638 2533 nastra
663 2481 823 2532 etiam
853 2489 1068 2546 peccata
1094 2478 1330 2547 purgari.
1355 2478 1444 2547 Stc
1469 2492 1563 2546 per
1586 2477 1777 2531 Isaiam
1802 2479 1914 2547 ipse

324 2550 563 2604 ostendit
592 2565 608 2605 :
643 2549 701 2602 Si
737 2551 924 2617 fuerint
962 2558 1167 2616 peccata
1201 2546 1365 2601 uestra
1399 2546 1418 2585 ί
1454 2557 1510 2600 ut
1542 2546 1833 2612 coccinum,
1861 2559 1916 2601 ut

326 2621 496 2673 niuem
523 2618 768 2672 dealbabo
799 2617 952 2687 (lsai.
1018 2633 1086 2674 tt.
1125 2618 1232 2686 I8).
1264 2627 1289 2664 κ
1319 2617 1488 2687 Eique
1515 2627 1693 2671 cantat
1728 2618 1913 2672 Eccle-

325 2694 408 2743 sia
435 2688 685 2743 :Lavabis
707 2706 805 2751 me,
829 2699 878 2741 et
903 2704 1056 2754 super
1077 2689 1237 2741 nivem
1259 2688 1530 2740 dealbabor
1555 2687 1724 2748 (Psal.
1755 2705 1805 2748 ι..
1833 2688 1912 2755 9).

325 2763 648 2815 Advocatum
677 2763 818 2813 enitn
854 2759 1095 2811 habemus
1121 2761 1258 2823 apud
1297 2757 1525 2819 Patrem,
1556 2756 1734 2810 Jesum
1769 2757 1919 2811 Chri-

324 2843 464 2955 sits?
493 2829 790 2955 Domimit)»,
818 2840 861 2882 et
891 2830 999 2899 ipse
1028 2838 1100 2882 est
1127 2831 1360 2882 exoratio
1383 2846 1473 2897 pro
1502 2829 1700 2883 delictis
1731 2831 1918 2884 nostris

326 2906 343 2955 l
446 2918 564 2954 oan.
592 2917 660 2955 ιι.
758 2942 771 2954 .

356 2901 564 2955 Iloan.
592 2917 660 2955 ιι.
695 2901 771 2955 il.

326 2901 374 2972 (l
405 2901 564 2955 ’Μ’
592 2917 660 2967 ¹¹’
695 2901 747 2971 1)
758 2942 771 2954 ’
877 2967 1109 3023 CAPUT
1144 2967 1386 3022 xxxvr.

368 3060 436 3114 In
463 3062 658 3125 eodem,
689 3078 802 3114 cum
821 3022 1101 3132 ﬂagrisput
1129 3060 1356 3124 Pharao,
1384 3061 1597 3115 cteditur
1622 3022 1875 3116 diabolus.

327 3151 358 3193 ³³
391 3153 508 3208 Jam
554 3155 821 3221 przetlicue
868 3153 1034 3221 plaga:
1073 3152 1320 3224 indurato
1361 3153 1650 3217 Pharaoni,
1696 3155 1919 3224 ejusque

405 3226 610 3293 popqu
652 3235 1024 3292 prmsentatus,
1060 3223 1253 3293 quibus
1287 3223 1582 3293 judicatus.
1627 3226 1686 3279 Itt
1728 3223 1921 3280 Exodo

402 3295 608 3349 credita
639 3306 692 3349 et
723 3295 856 3348 visa.

403 3387 496 3440 49.
538 3387 688 3441 Sicut
712 3388 1035 3455 promissum
1064 3396 1145 3441 est
1173 3386 1403 3442 Abrahae
1429 3387 1582 3455 (Gen.
1607 3404 1698 3451 xv,
1723 3389 1836 3458 Η),
1863 3389 1921 3444 Il-

328 3458 435 3512 lios
459 3458 643 3521 Israel,
662 3473 796 3525 quos
821 3461 1063 3526 captivos
1083 3460 1175 3512 diu
1200 3469 1506 3523 tenuerant,
1531 3458 1682 3513 inviti
1707 3461 1922 3514 tandem

329 3528 624 3600 aliquando
652 3528 964 3600 dimittant:
993 3544 1116 3600 mox
1137 3543 1352 3598 quoque
1373 3528 1489 3597 ipse
1520 3528 1730 3584 Pharao
1755 3531 1921 3600 digno

330 3599 502 3652 exitio
522 3613 644 3652 cum
665 3597 1168 3669 suissupplicioque
1197 3597 1467 3667 periturus
1493 3600 1695 3653 dimisit
1719 3597 1918 3669 (Ex'od.

331 3683 407 3723 vtt
455 3680 502 3722 et
547 3668 729 3740 seqq.).
783 3668 979 3740 Decem
1025 3684 1156 3724 Sane
1203 3669 1386 3738 plagas
1433 3669 1613 3724 illatas
1661 3669 1920 3740 Egypto,

333 3739 732 3810 comparandas
760 3739 949 3793 decem
982 3742 1266 3810 pratceptis
1305 3755 1426 3808 qua:
1453 3744 1662 3810 accepit
1698 3739 1926 3810 populus

333 3810 389 3864 in
421 3809 662 3880 deserto,
692 3808 793 3863 hac
821 3811 1051 3875 ratione,
1092 3809 1318 3864 Domino
1339 3808 1651 3878 adjuvante,
1684 3808 1925 3880 suscepi-

332 3894 459 3933 mus
489 3879 864 3934 dentonstrare
885 3920 899 3942 ,
931 3895 1032 3948 qua
1064 3881 1280 3934 sibimet
1311 3881 1696 3946 respondentia
1728 3880 1743 3918 ί
1779 3879 1929 3936 cont-

331 3951 656 4023 probentur.
699 3949 868 4023 PltllA
911 3965 1081 4005 PLAGA
1124 3949 1516 4017 Ecvntosuu,
1555 3967 1651 4021 per
1691 3953 1926 4023 Moysent

327 4034 504 4087 aquas
559 4020 721 4075 fuisse
757 4021 808 4073 itt
849 4025 1162 4088 sanguinem
1211 4036 1532 4079 conversas:
1558 4020 1641 4077 iet
1693 4020 1921 4089 priinum

333 4103 667 4160 praeceptum
707 4092 719 4140 i
764 4091 1002 4143 continet
1033 4109 1044 4142 :
1079 4090 1248 4155 Audi,
1283 4089 1450 4144 Israel
1482 4109 1502 4146 :
1536 4092 1643 4160 Ego
1669 4109 1782 4146 sum
1821 4093 1925 4145 Do-

330 4165 508 4213 minus
543 4159 678 4233 Deus
706 4170 820 4233 tuus
841 4201 855 4223 ,
888 4162 972 4228 qui
1005 4174 1049 4212 te
1075 4162 1233 4233 eduxi
1262 4164 1324 4214 de
1352 4173 1488 4214 terra
1517 4163 1758 4233 Egypti.
1802 4163 1922 4215 Non

326 4243 486 4284 erunt
515 4232 602 4283 tibi
634 4229 764 4302 {dii
790 4243 1098 4302 prosternis.
1135 4231 1254 4284 Non
1285 4235 1443 4302 facies
1475 4235 1562 4285 tibi
1588 4229 1748 4286 ullam
1775 4235 1922 4286 simi-

326 4303 606 4353 Iitttdinem
633 4300 807 4373 (Deut,
836 4317 887 4353 Vl
907 4341 922 4364 ,
955 4301 1021 4373 4;;
1058 4301 1228 4355 Exod.
1262 4300 1365 4366 xx,
1394 4301 1470 4371 2).
1501 4305 1600 4369 Qui
1630 4305 1810 4373 igitur,
1841 4319 1925 4358 re-

325 4373 469 4426 Itcto
500 4387 606 4425 uno
630 4388 755 4426 vero
783 4372 894 4426 Deo
913 4415 928 4440 ,
957 4371 1061 4425 diis
1096 4373 1246 4426 falsis
1274 4375 1553 4440 serviunt,
1595 4371 1839 4430 in'carne
1868 4383 1923 4429 et

411 4586 436 4611 ⁸
466 4574 562 4628 Ms.
596 4573 801 4643 Betuig.
822 4613 837 4636 ,
869 4584 923 4628 ut
959 4574 1129 4627 divina
1163 4577 1387 4643 potentia
1415 4587 1766 4643 superaretur,
1799 4575 1922 4630 talia
1949 4578 2001 4638 Ι)

327 4651 488 4715 signa
514 4645 679 4714 facere
709 4646 936 4711 permissi
959 4655 1075 4697 sunt
1094 4684 1110 4710 ,
1146 4647 1487 4718 projicientcs.

414 4720 439 4754 υ
473 4717 566 4768 Ms.
603 4716 833 4783 Iletttig.,
862 4716 1016 4767 etiam
1044 4717 1189 4782 ἔρδω,
1220 4716 1500 4772 referendo
1519 4717 1587 4772 ad
1617 4718 1810 4785 virgas.

415 4799 436 4824 ε
469 4786 563 4838 Ms.
598 4786 804 4852 Remig.
824 4825 837 4844 ,
867 4786 1007 4856 virga
1036 4787 1384 4852 doctrinaque.

309 4869 316 4872 ‘
410 4856 437 4892 ιι
473 4858 594 4909 Ihec
652 4856 1032 4919 particula,ut.
1049 4858 1200 4910 abest
1240 4860 1308 4912 ab
1349 4858 1506 4912 editis
1553 4858 1828 4912 veteribus
1869 4866 1925 4911 et

328 4943 442 4982 ms.
479 4926 813 4990 Remigiano,
835 4929 934 4978 etsi
966 4926 1066 4980 loci
1095 4927 1253 4994 hujus
1279 4938 1428 4982 recto
1454 4931 1634 4981 sensui
1667 4930 1812 4980 utilis
1839 4929 1923 4980 vi-

327 5003 552 5052 deatur.
587 4998 730 5049 Idem
765 5009 892 5048 vero
921 5011 1021 5050 ms.
1057 5013 1071 5050 :
1113 4996 1233 5050 Non
1268 5008 1462 5050 tantum
1489 4998 1597 5051 hcet:
1625 4999 1758 5050 actio
1789 4999 1925 5067 ﬁgu-

327 5078 454 5122 rata
487 5067 711 5135 signare,
747 5077 988 5131 quantum
1017 5067 1169 5121 etiam
1197 5067 1445 5136 prapheta
1471 5067 1640 5121 David
1668 5070 1924 5137 prwconia

330 5153 581 5192 resonare
604 5137 847 5188 dicentes.

415 5218 441 5246 ε
470 5208 574 5261 Ms.
625 5206 866 5274 Hemig.,
912 5223 1122 5276 eantque
1166 5208 1454 5274 producens
1493 5211 1584 5262 nia:
1610 5207 1792 5275 effecta
1829 5219 1925 5264 est.

329 5280 501 5337 Tum.
537 5277 784 5347 reducens
814 5279 1211 5347 produrensquc.

418 5348 437 5386 ί
475 5349 571 5400 Ms.
605 5346 833 5415 Remig.,
865 5345 1138 5415 phwnices.

414 5429 440 5465 ε
471 5419 569 5471 Ms.
605 5417 835 5486 Remig.,
869 5415 1053 5486 Eique.
1090 5417 1251 5482 Editi,
1284 5417 1350 5472 Et
1375 5435 1490 5485 qua:

416 5486 442 5524 ιι
475 5489 646 5542 Abest
675 5487 978 5560 hie‘titulus
1002 5503 1166 5560 a_tns.
1201 5489 1546 5558 Retnigiano,
1575 5488 1629 5544 in
1657 5506 1764 5560 quo
1796 5491 1926 5543 titu-

335 5562 426 5615 ιιις
467 5560 614 5630 prior
653 5557 730 5630 sic
768 5558 962 5630 legitur
994 5574 1007 5610 :
1040 5557 1320 5614 Prtedictio
1350 5557 1489 5627 facta
1517 5573 1563 5613 et
1594 5557 1844 5630 ﬁgurato,
1877 5563 1929 5615 in

333 5646 403 5683 eo
429 5629 760 5696 cuntﬂagris,
791 5638 844 5680 ut
874 5628 1106 5694 Pharao,
1136 5631 1348 5684 creditur
1372 5628 1716 5685 diaboluan
1746 5631 1931 5685 Exodo

337 5701 542 5754 credita
564 5710 608 5752 et
632 5699 770 5763 visa;
797 5713 914 5768 qua:
937 5709 1210 5770 pestreuta
1235 5703 1392 5757 verbi
1415 5703 1637 5758 aberant
1659 5704 1725 5757 ab
1748 5702 1926 5760 editis.

863 263 1067 318 LIBER
1108 262 1197 317 DE
1236 261 1799 319 PROMISSIONIBUS
1839 263 1927 316 ET
1965 260 2560 318 PREDICTIONIBUS
2597 261 2730 319 DEI.
2780 263 2958 318 PARS
2997 265 3037 321 I.

3498 263 3606 322 163

1941 379 1989 438 Α
2020 378 2284 452 sanguine
2304 378 2645 452 volutantur;
2669 391 2716 435 et
2732 395 2852 452 caro
2874 385 3374 452 etsangutsregnum
3390 379 3484 436 Dei
3501 401 3602 437 non

1941 1748 1987 1808 B

2019 447 2389 520 hiereditabunt
2429 449 2488 517 (l
2522 448 2640 502 Cor.
2671 466 2761 505 xv.
2795 450 2921 520 50).
2967 447 3388 515 (Zorrttpti'et-tim
3423 467 3602 506 mores

2017 517 2344 571 elementum
2367 535 2520 586 aquze
2545 530 2854 586 corruptum
2884 517 3087 574 habere
3113 532 3444 575 meruerunt.
3477 522 3601 577 Ideo

2015 602 2166 657 aquze
2188 589 2242 641 iu
2265 593 2576 658 sanguinem
2605 600 2895 649 mutantur.
2921 591 3040 658 quia
3065 591 3430 646 sacriﬁcantes
3462 592 3600 645 lllios

2016 667 2072 710 et
2102 658 2238 710 lilias
2269 657 2394 712 suas
2429 657 2446 696 ι
2483 659 2763 712 darmoniis
2784 701 2798 718 .
2828 657 3129 714 elluderunt
3165 664 3478 728 sanguinem
3519 665 3600 714 itt-

2017 739 2302 799 nocentem
2334 729 2452 799 (Ps.
2485 745 2571 792 cv,
2601 732 2690 792 57,
2725 730 2840 796 38),
2877 733 2990 794 puri
3025 731 3246 798 liquoris
3279 732 3479 785 [cutem
3508 747 3599 786 ve-

2016 813 2134 868 rum
2173 798 2350 851 Dennt
2379 800 2650 853 Christum
2697 801 3086 868 repudianteg:
3127 802 3277 867 cujus
3317 804 3484 868 gratia
3532 818 3599 856 ex

2015 865 2162 920 Iluxu
2204 870 2480 935 sanguinis
2519 872 2713 924 mulier
2752 861 2937 924 sanata
2983 861 3207 933 (Matth:
3231 861 3433 932 13.92;
3465 869 3596 924 Luc.

2014 952 2127 995 vttt.
2152 937 2272 1005 4-4),
2292 941 2524 992 animant
2548 941 2616 992 ab
2639 941 2955 994 idololatriae
2978 941 3123 994 ﬂuxu
3145 950 3354 995 erutam
3376 940 3601 994 demon-

2014 1011 2224 1061 stravit.
2245 1018 2284 1044 σι
2303 1010 2549 1064 Saeuum
2573 1024 2744 1064 rue:
2763 1010 3132 1067 :Ecvrrtonuu
3157 1026 3276 1073 ssr,
3300 1011 3599 1066 scaturiens

2015 1093 2264 1149 ranarum
2299 1081 2615 1138 multitudo.
2657 1080 2819 1133 fetido
2855 1082 3103 1149 squalore
3143 1096 3358 1134 omnem
3411 1088 3599 1135 conta-

2015 1148 2539 1224 tninanstgyptum
2574 1151 2768 1220 (Exod.
2789 1148 2912 1224 _v_ttt,
2940 1150 3355 1224 3).rSecundum
3383 1165 3598 1224 quoque

2015 1219 2324 1291 matt_tlatbttt
2371 1222 2421 1272 in
2466 1219 2591 1291 lege
2617 1230 2700 1274 est
2733 1237 2747 1272 :
2783 1220 2900 1274 Non
2931 1223 3150 1291 accipies
3167 1236 3358 1291 _nomen
3390 1219 3599 1291 Domini

2013 1289 2089 1339 tui
2128 1289 2182 1340 in
2221 1306 2429 1343 vanum.
2461 1299 2487 1325 ιι
2522 1289 2643 1344 Νοη
2672 1291 2808 1344 enim
2852 1289 3115 1345 mundabit
3156 1289 3406 1343 Dominus
3445 1289 3600 1344 talem

2015 1356 2214 1426 (Exod.
2249 1375 2340 1424 xx,
2370 1360 2448 1426 7).

2071 1356 2214 1428 Exod.
2249 1375 2340 1424 xx,
2370 1360 2448 1428 7).

2083 1427 2172 1480 50.
2194 1427 2603 1499 νΟιηιιίςὶιςιψιθ
2631 1429 2933 1487 ha-reticus.
2967 1430 3237 1499 perjnrus,
3271 1428 3600 1496 sacrilegus-

2013 1511 2140 1570 qne,
2174 1498 2297 1570 dum
2320 1500 2466 1553 aliud
2490 1498 2646 1552 sonat
2677 1500 2851 1568 lingua
2878 1510 2902 1536 ο
2930 1498 3086 1570 quam
3120 1516 3314 1556 nomen
3343 1499 3595 1570 Domini,

2014 1564 2186 1621 fetore
2213 1569 2591 1635 disputationis
2635 1564 2776 1628 sua:
2797 1564 3044 1624 ranarum
3094 1574 3145 1623 in
3194 1564 3599 1625 similitudinem

2013 1636 2250 1691 clamitat
2307 1651 2493 1693 contra
2561 1641 2615 1692 D1
2643 1656 2752 1693 uin.
2832 1639 2991 1694 Labia
3065 1641 3247 1695 dolosa
3310 1641 3365 1692 in
3421 1640 3598 1704 corde,

2012 1716 2061 1759 et
2099 1709 2250 1762 corde
2280 1707 2398 1777 (Ps.
2428 1725 2515 1772 xl,
2554 1712 2610 1772 3)
2656 1710 2946 1777 loquuntur
2979 1712 3134 1765 mala.
3182 1711 3290 1765 Nec
3333 1708 3604 1763 immerito

2015 1777 2100 1831 Itis
2120 1780 2478 1834 animantibus
2498 1789 2898 1846 comparantur,
2921 1783 3008 1848 qui
3048 1784 3098 1834 in
3121 1782 3341 1834 lacunar
3370 1780 3601 1845 rebapti-

2014 1860 2256 1902 satorum
2297 1849 2572 1903 confectas
2611 1849 2804 1903 Sordes
2845 1866 2948 1903 ntttt
2991 1853 3244 1913 abluunt,
3287 1851 3380 1902 setl
3425 1851 3603 1915 potius

2014 1920 2287 1972 cumulant
2331 1920 2546 1974 deliCIa.
2591 1919 2796 1974 Teum
2839 1936 3006 1976 ruas
3052 1921 3421 1976 [Ecrrrtonuu
3465 1933 3599 1983 επ,

2021 1986 2259 2060 sinipbes
2291 1997 2403 2042 toto
2430 2004 2555 2044 aere
2584 1990 2877 2060 vibrantes,
2903 2007 3082 2044 morsu
3110 2005 3322 2060 quoque
3347 1989 3602 2060 pestifero

2016 2057 2212 2112 mediis
2240 2060 2462 2112 testibus
2484 2069 2510 2108 tt
2540 2058 2857 2115 infestantes
2879 2061 3163 2130 )Egyptios
3194 2078 3207 2114 :
3234 2057 3288 2114 in
3314 2075 3418 2126 qua
3448 2059 3599 2127 plaga

2015 2130 2193 2200 omnis
2240 2144 2516 2200 magorum
2564 2131 2808 2200 doctrina
2840 2131 3064 2195 deiecit;
3102 2130 3432 2200 prolessique
3474 2136 3603 2182 sunt

2016 2197 2239 2266 digitum
2273 2197 2366 2253 Dei
2394 2215 2517 2254 esse
2545 2200 2597 2253 in
2631 2199 2750 2263 illa;
2780 2211 2807 2250 tt
2835 2201 2966 2270 ipsis
2996 2197 3209 2270 quoque
3239 2197 3478 2270 vexatis.
3510 2213 3603 2249 va-

2016 2282 2115 2339 cua
2157 2270 2434 2339 inanisque
2462 2285 2650 2326 eorum
2691 2267 2949 2326 remansit
2995 2267 3190 2325 astutia
3238 2267 3458 2339 (Exod.
3485 2281 3601 2339 vttt.

2017 2338 2107 2399 i7.
2137 2339 2221 2402 I8,
2254 2338 2366 2410 l9).
2401 2340 2464 2393 Et
2492 2343 2707 2393 tertium
2737 2353 3066 2410 prteceptttm
3098 2342 3154 2395 in
3186 2337 3303 2405 lege
3326 2349 3411 2392 est
3445 2354 3458 2390 :
3495 2337 3600 2410 Va-

2017 2409 2158 2463 Catio
2186 2409 2394 2463 sabbati
2437 2410 2534 2463 ηἰπί
2577 2408 3097 2472 [υρι-ὶίοὺεει-νειε,
3147 2411 3442 2475 perituram
3484 2408 3601 2460 ani-

2019 2493 2161 2560 trtam
2189 2480 2255 2534 de
2281 2481 2478 2560 papqu
2508 2495 2607 2560 suo
2641 2478 2842 2560 (Exod.
2874 2497 2965 2545 xx,
2998 2484 3059 2541 8.
3102 2479 3214 2560 εἰ).
3243 2478 3417 2560 Quam
3446 2491 3604 2530 vaca-

2018 2548 2220 2619 tionem
2249 2551 2508 2616 pr0plteta
2542 2548 2726 2614 David,
2756 2566 2820 2604 ex
2853 2564 3081 2619 persona
3107 2549 3316 2603 Domini
3339 2557 3361 2585 ι’
3387 2562 3601 2619 annuu-

2021 2620 2118 2688 tiat
2144 2614 2329 2673 dicens
2354 2614 2368 2670 ὲ
2408 2620 2594 2673 Vacate
2616 2660 2631 2684 ,
2656 2630 2704 2674 et
2734 2614 2892 2673 uidete
2919 2622 3162 2688 quoniam
3190 2635 3282 2688 ego
3320 2632 3434 2670 sum
3465 2614 3601 2688 Deus

2022 2686 2138 2811 (Ps.
2172 2704 2295 2749 va,
2327 2687 2436 2757 11).
2467 2691 2526 2742 lli
2556 2691 2716 2758 igitur
2740 2689 2830 2759 qui
2863 2685 3045 2743 votum
3087 2685 3341 2743 voventes
3370 2701 3492 2740 sese
3520 2685 3603 2738 ol-

2043 2769 2200 2811 erunt
2233 2761 2360 2811 Deo.
2391 2760 2614 2811 eiusoue
2636 2760 2800 2811 verbo
2825 2769 3102 2811 vacantes.
3129 2758 3371 2811 spiritale
3403 2755 3600 2810 sabba-

2043 2760 2200 2813 eruut
2233 2761 2361 2823 Deo,
2391 2755 2614 2829 ejusque
2636 2755 2800 2813 verbo
2825 2769 3102 2822 vacantes,
3129 2758 3371 2827 spiritale
3403 2755 3600 2829 sabba-

2022 2839 2132 2882 tum
2162 2831 2449 2883 observant
2475 2847 2488 2881 :
2519 2827 2573 2883 ut
2603 2829 2762 2884 Mat-ia
2789 2845 2908 2898 qua:
2940 2830 3217 2883 meliorem
3247 2841 3451 2894 partettt
3483 2827 3600 2880 ele-

2019 2899 2095 2967 git
2117 2897 2268 2968 (Luc.
2297 2915 2352 2960 x.
2383 2899 2502 2968 42).
2530 2901 2572 2954 Δ
2599 2914 2704 2969 quo
2725 2897 3058 2953 declinantes
3078 2901 3129 2953 in
3151 2898 3596 2965 strangulatione.

2021 2969 2146 3022 dum
2171 2971 2452 3023 mundanis
2468 2971 2612 3024 curis
2627 2970 2970 3031 innodantur,
2993 2984 3172 3023 morsu
3193 2969 3446 3035 pestifero
3468 2981 3605 3035 prte-

2021 3039 2177 3092 dictzr
2206 3041 2376 3108 plagae
2413 3041 2679 3094 lmtluntur
2701 3049 2722 3075 ⁸
2756 3041 2807 3094 itt
2835 3043 3009 3093 anima
3038 3039 3346 3092 redimenda
3377 3037 3600 3108 per-ilu-

1949 3114 1995 3176 (ζ
2025 3105 2379 3185 cetttJesunt,
2411 3113 2497 3173 qui
2533 3111 2786 3185 Domitius
2815 3122 2896 3164 est
2921 3111 3124 3164 sabbati
3151 3109 3310 3185 (Luc.
3338 3122 3414 3166 vt,
3446 3105 3526 3185 5)..

2097 3178 2184 3233 51.
2209 3179 2427 3246 Quae“
2452 3195 2616 3235 ιιιΑοΑ
2646 3180 3034 3242 AEcvrrtoauu,
3055 3179 3368 3248 cwnotttyia,
3399 3178 3606 3231 canina:

2027 3252 2234 3306 scilicet
2262 3265 2490 3316 muscae,
2522 3251 2740 3305 secretis
2765 3251 2926 3305 etiam
2958 3251 3216 3304 membris
3245 3261 3435 3316 panas
3458 3260 3606 3298 mor-

2029 3322 2178 3375 sibus
2203 3321 2500 3386 inlligentes
2539 3320 2740 3390 (Exod.
2770 3336 2863 3375 vut
2883 3361 2897 3383 ,
2925 3319 3042 3387 9A).
3077 3319 3144 3372 Et
3166 3327 3415 3386 quat-tutu
3443 3330 3603 3390 t_ttau_-

2029 3392 2210 3460 datum
2242 3392 2293 3444 itt
2322 3385 2440 3460 lege
2460 3385 2581 3445 est:
2615 3392 2959 3445 honorandos
2989 3385 3110 3444 esse
3136 3385 3385 3460 parentes
3406 3385 3604 3460 (Exod.

2029 3477 2122 3525 xx,
2151 3459 2260 3529 ιε).
2309 3455 2461 3533 ριῖοά
2492 3462 2718 3527 pritnutn
2748 3461 2814 3515 ad
2853 3461 3102 3533 homines
3127 3458 3359 3533 refertur
3388 3455 3608 3533 manda-

2033 3543 2143 3583 tum
2166 3571 2205 3602 ,Ψ
2219 3528 2472 3602 quoniam
2500 3533 2517 3567 ι
2551 3533 2827 3602 superiora
2870 3531 3138 3585 Divinitati
3172 3528 3417 3583 videntur
3447 3528 3609 3578 ascri-

2030 3612 2137 3667 pta.
2163 3601 2229 3654 Ili
2261 3616 2390 3655 vero
2419 3602 2508 3668 qui
2535 3601 2640 3654 non
2667 3616 2729 3654 ea
2764 3603 3045 3654 honestate
3069 3608 3393 3653 venerantur
3421 3609 3610 3664 paren-

2029 3683 2110 3724 tes
2131 3686 2234 3736 qua
2265 3671 2576 3724 mandatum
2618 3682 2732 3732 eSt,
2758 3673 2984 3725 canibus
3012 3670 3235 3731 similes,
3266 3668 3466 3720 rabiem
3493 3679 3606 3716 sua:

2029 3741 2286 3796 Imditatis
2323 3743 2670 3812 exercentes;
2709 3749 2738 3776 ιι
2788 3741 3018 3808 longaevi
3058 3739 3111 3812 in
3150 3751 3290 3812 terra
3339 3749 3458 3812 esse
3495 3748 3610 3812 .non

2031 3820 2277 3880 possunt.
2322 3810 2507 3877 Neque
2548 3812 2743 3864 talibus
2791 3805 3035 3880 sanctum
3072 3808 3305 3862 danduut
3356 3805 3614 3858 Dominus

2031 3879 2083 3935 itt
2118 3881 2405 3946 Evangelio
2433 3881 2565 3934 dicit
2589 3880 2802 3950 (Matth.
2835 3879 3016 3950 vtt,_6)
3043 3894 3057 3942 ;
3082 3893 3117 3950 a7
3141 3891 3369 3950 quorum
3392 3887 3615 3950 consor-

2033 3956 2106 4006 tio
2143 3944 2445 4006 Cltanantea
2476 3944 2862 4022 “dei-Dltlndtﬂa
2889 3995 2903 4017 ,
2935 3944 3120 4022 humili
3153 3944 3354 4016 pioque
3376 3944 3612 4022 .latratu,

2030 4024 2201 4077 etsihi
2231 4024 2456 4091 gratiam
2487 4033 2541 4076 et
2567 4020 2690 4074 ﬁliae
2718 4012 2968 4091 salutem,
2999 4012 3170 4091 nullis
3184 4012 3612 4091 praecedentibus

2032 4087 2264 4156 tneritis',
2310 4093 2618 4157 impetravit
2655 4087 2868 4160 (Matth.
2898 4105 2983 4152 xv,
3030 4089 3152 4160 27).
3193 4087 3403 4153 Quian
3448 4096 3617 4140 ruas

2031 4163 2401 4218 rEch'rtonUtt
2434 4178 2551 4225 ss'r.
2583 4161 2823 4216 omnium
2858 4175 3108 4228 pecorum
3137 4159 3614 4227 jumentorumque

2030 4235 2348 4300 repentinus
2381 4234 2626 4302 interitus
2656 4230 2852 4302 (Exod.
2884 4246 2960 4296 tx,
2992 4229 3069 4302 ὃ).
3109 4229 3171 4302 Et
3192 4229 3435 4302 quiutu_ut
3465 4239 3620 4302 utan-

2032 4292 2215 4358 d;tttttn
2248 4305 2381 4369 legis
2412 4312 2496 4357 Cal.
2525 4321 2536 4355 :
2577 4292 2700 4355 Non
2750 4292 2956 4355 occides
2979 4302 2996 4369 (
3019 4292 3184 4353 Exod.
3215 4292 3306 4360 xx,
3345 4295 3466 4369 l5).
3502 4292 3618 4347 Non

2035 4374 2197 4439 igitur
2225 4367 2524 4444 qui—gladio
2554 4384 2757 4427 tantum
2788 4414 2803 4437 ,
2837 4367 3019 4426 verum
3049 4371 3210 4425 etiam
3237 4369 3325 4437 qui
3358 4367 3484 4420 odio
3516 4379 3617 4417 sa:-

2105 4573 2120 4613 ί
2155 4575 2299 4629 Edit.
2334 4573 2526 4638 Duac.,
2558 4574 2974 4640 comprobantur.

2105 4648 2119 4696 i
2154 4647 2254 4701 Ms.
2286 4643 2520 4711 Remig.,
2545 4645 2853 4696 continetur.

2101 4715 2127 4753 κ
2164 4717 2260 4770 Ms.
2297 4714 2540 4782 Remig.,
2573 4714 2644 4765 dii
2675 4715 2787 4766 alii.

2107 4785 2122 4824 ι
2159 4787 2255 4839 Ms.
2286 4785 2520 4851 licutig"
2552 4784 2898 4837 daemonibus.

2099 4867 2137 4893 πη
2170 4859 2222 4909 In
2250 4870 2350 4908 ms.
2377 4845 2584 4918 Réiuig.
2621 4854 2707 4909 hic
2735 4857 3134 4908 interserutttur
3161 4851 3274 4905 haec
3313 4849 3476 4903 verba
3511 4865 3525 4901 :
3555 4845 3621 4901 In

2027 4926 2212 4981 Exodo
2235 4925 2428 4979 credita
2448 4935 2494 4976 et
2522 4925 2649 4977 uisa.
3200 4930 3202 4933 '

2099 5007 2124 5033 ιι
2177 4998 2231 5050 Ill
2276 5012 2377 5049 ms.
2426 4995 2658 5064 Retttig.,
2710 4995 2835 5050 Non
2878 4996 3014 5049 enim
3062 4991 3323 5046 mandavit
3364 4988 3619 5040 Dominus

2034 5067 2173 5121 Deus
2194 5069 2315 5119 tale.

2106 5148 2130 5173 ο
2160 5139 2254 5190 Μς.
2289 5135 2526 5204 Remig.,
2547 5153 2701 5206 quam
2731 5146 2802 5190 est
2830 5151 3014 5188 nomen
3047 5131 3253 5186 Domini
3286 5127 3400 5181 Dei.

2108 5220 2134 5258 P
2167 5209 2264 5261 M~.
2295 5206 2534 5278 lienttg"
2560 5209 2878 5278 infectantes.

2105 5291 2130 5328 tt
2165 5279 2260 5331 Ms.
2293 5274 2526 5345 Remig.,
2556 5274 2655 5344 ipsi
2677 5292 2877 5347 quoque
2904 5274 3089 5327 vexati.

2107 5360 2128 5387 ι’
2165 5349 2260 5401 Ms.
2294 5347 2532 5416 Remig.,
2563 5349 2852 5401 denuntiat.
2984 5411 3017 5416 η
3049 5411 3060 5416 Δ
3126 5413 3136 5416 _
3292 5410 3302 5416 _
3565 5405 3598 5416 _,

2107 5428 2128 5454 '
2163 5419 2200 5474 S
2223 5433 2251 5472 c
2281 5433 2381 5472 ttts.
2407 5410 2641 5487 [temth
2675 5432 2771 5486 pro
2797 5428 2908 5484 quo
2935 5411 3087 5480 editi,
3119 5413 3172 5465 in
3214 5410 3440 5462 animant
3483 5410 3619 5458 redi-

2033 5493 2236 5544 menda.

2110 5563 2128 5597 ί
2171 5560 2265 5611 Ms.
2301 5557 2510 5625 llemig.
2541 5556 2688 5609 addit
2716 5555 2803 5608 hic
2831 5553 2932 5625 tria
2961 5550 3246 5625 superiora.

2105 5640 2133 5667 υ
2193 5617 2551 5684 Eutettdatttus
2601 5641 2669 5680 cx
2727 5640 2829 5678 tus.
2890 5622 3096 5692 lietttig.
3150 5619 3285 5675 tditi
3342 5617 3622 5684 hactenus,

2037 5703 2206 5770 longe.
