3972 6176
279 309 372 364 76')

800 305 1000 362 LIBER
1045 307 1131 361 DE
1176 306 1743 365 PRUMISSIOMBUS
1784 307 1847 362 ΕΊ

1957 305 2504 363 REDICTIONlBl'S
2546 306 2679 363 DEI.
2725 307 2901 365 PARS
2939 309 3004 365 11.

3439 309 3547 366 770

279 448 292 498 ι
321 427 480 479 Exod.
512 442 666 484 xuu.
705 427 755 491 1,
788 428 820 480 5
848 436 895 498 et
924 427 1105 494 seqq)
1139 426 1206 498 Et
1252 427 1431 480 omnia
1463 443 1606 496 quia,
1631 437 1686 481 ut
1709 426 1842 492 dixi,
1875 427 1924 486 Α
1951 424 2412 498 quinquagenario
2445 437 2682 498 humero
2730 423 3061 498 psalmorum
3113 420 3540 498 misericordiam

278 501 387 553 novi
417 512 479 550 ac
514 498 714 549 veteris
742 497 992 550 mandata
1023 497 1324 559 continent,
1371 499 1610 551 discussa
1639 537 1654 562 ,
1701 498 1845 550 nulla

276 584 334 623 cx
362 575 506 633 parte
530 567 748 620 sibimet
775 567 1123 635 repugnantia
1153 567 1530 631 inveniuntur,
1559 582 1680 619 cum
1709 576 1764 620 et
1794 567 1846 620 in

279 653 406 691 novo
457 635 807 689 Testamento
843 653 948 689 non
996 651 1156 703 parva
1191 637 1556 704 terribiliaque
1601 638 1846 705 exempla

280 707 515 760 vindictze
541 707 900 773 processerint
925 723 937 758 :
961 706 1086 758 dum
1119 707 1326 773 spiritui
1356 707 1632 759 immundo
1658 723 1847 775 super-

273 778 362 829 bus
404 776 633 828 traditur
666 787 718 828 ut
748 777 909 828 discat
941 793 1039 827 non
1069 775 1421 841 blasphemare
1448 775 1486 843 (l
1512 776 1643 828 Tim.
1669 793 1702 836 I,
1727 776 1843 844 20);

270 851 387 899 dum
419 847 645 900 adulleri
679 847 958 899 traduntur
987 847 1199 898 Satance
1221 856 1261 903 ,σι
1307 849 1360 898 in
1396 857 1640 898 ceternum
1671 847 1848 899 interi-

270 929 367 968 tum
401 918 595 977 carnis,
638 926 693 968 ut
725 918 936 981 spiritus
966 917 1134 968 salvus
1163 917 1228 968 sit
1257 918 1309 968 in
1333 916 1417 968 die
1450 915 1660 968 Domini
1688 917 1849 969 nostri

267 986 384 1038 Jesu
423 986 611 1050 (ICor.
655 1001 708 1046 ν,
753 985 855 1053 5);
905 987 1030 1038 tluttt
1087 985 1396 1038 lraudautes
1448 987 1847 1054 mendacesque

272 1057 497 1109 Ananias
516 1068 571 1110 et
593 1059 820 1124 Sapltira
863 1056 1036 1109 subita
1090 1067 1262 1109 morte
1295 1058 1596 1122 plectuntur
1619 1056 1756 1125 (Act.
1791 1072 1840 1119 v,

271 1127 320 1188 5,
345 1125 440 1196 9);
472 1128 596 1178 dum
643 1127 890 1178 manibus
925 1125 1251 1194 pedibusque
1293 1125 1464 1196 ligatis
1502 1127 1552 1178 itt
1597 1129 1848 1180 tenebras

269 1195 564 1249 ex'erinres
601 1197 831 1248 mittitur
868 1196 956 1259 qui
985 1206 1186 1248 vestem
1224 1211 1329 1249 non
1365 1195 1607 1250 habuerit
1638 1201 1848 1264 nuptia-

270 1267 364 1318 letn
394 1265 604 1333 (Matth.
622 1265 890 1335 muli):
914 1280 1035 1334 qua:
1063 1275 1146 1319 est
1171 1266 1491 1335 charitaside
1511 1265 1664 1318 corde
1693 1282 1842 1334 puro.

267 1338 568 1388 conscientia
604 1340 759 1398 bona,
793 1350 840 1388 et
870 1336 974 1404 ﬁde
1005 1352 1104 1387 non
1154 1335 1274 1403 ﬁcta
1304 1336 1360 1401 (I
1391 1334 1522 1388 Tim.
1570 1350 1607 1397 ι,
1649 1337 1730 1402 5).
1784 1336 1848 1389 Et

267 1421 611 1473 qua-cumque
637 1405 739 1458 alia
772 1421 838 1458 ex
874 1407 1142 1459 veteribus
1173 1407 1336 1469 signis
1363 1407 1412 1456 in
1442 1420 1580 1459 novo
1601 1405 1844 1473 suppleta

268 1488 558 1529 noscuntur
579 1518 592 1536 ,
625 1492 801 1538 sacro,
830 1487 883 1526 ut
907 1476 1110 1528 dictum
1138 1485 1240 1536 est,
1283 1478 1544 1544 sanguine
1591 1475 1846 1530 Mediato-

267 1546 354 1607 ris.
382 1549 541 1600 simul
570 1564 690 1599 eum
717 1551 830 1613 ipso
855 1545 1050 1614 p0pulo
1078 1560 1394 1598 consecrata
1418 1558 1558 1600 sunt.

890 1637 1119 1691 CAPUT
1161 1637 1224 1688 ll.

609 1708 628 1758 Ι
655 1725 800 1760 omus
834 1707 921 1761 Dei
950 1710 1001 1759 in
1029 1705 1256 1760 Ecclesia
1283 1716 1478 1760 sancta.

333 1797 624 1852 Protuissio
672 1797 807 1851 facta
839 1807 893 1852 et
927 1798 1172 1862 ﬁgurata.
1206 1796 1233 1834 δ
1265 1796 1320 1850 lu
1362 1795 1547 1850 Exodo
1573 1797 1776 1851 credita
1878 1797 1925 1857 Β

951 1881 1000 1919 et
1034 1868 1163 1920 visa.

330 1959 382 2012 3.
432 1957 615 2010 Eidem
669 1958 834 2028 Moysi
867 1957 1098 2010 dicitur:
1152 1957 1281 2009 Vide
1319 1966 1374 2009 ut
1403 1958 1566 2026 facias
1613 1960 1846 2013 taberna-

263 2033 453 2093 culum,
493 2029 922 2088 quemadmodum
970 2028 1060 2080 til'i
1089 2039 1425 2081 monstratum
1466 2041 1538 2082 est
1579 2031 1630 2082 in
1671 2041 1848 2083 sancto

265 2111 431 2150 monte
459 2098 650 2168 (Exod.
685 2115 828 2161 xxVI,
871 2098 979 2164 30).
1017 2099 1077 2150 Et
1116 2113 1179 2151 ex
1224 2099 1418 2164 quibus
1459 2101 1621 2152 rebus
1653 2101 1846 2154 oblatis

264 2169 388 2221 illud
428 2170 831 2222 tabernaculum
864 2182 1045 2236 surgat
1097 2169 1366 2222 indicitur.
1405 2169 1626 2233 Dabunt,
1675 2173 1848 2237 inquit

266 2241 419 2292 lleus.
444 2249 464 2277 ο
483 2241 534 2291 in
560 2239 818 2291 oblatione
832 2240 924 2306 ﬁlii
947 2239 1110 2291 Israel
1127 2240 1297 2290 lanam
1314 2240 1714 2308 hyacinthinam,
1731 2243 1847 2310 bys-

262 2326 369 2360 sum
415 2320 622 2371 tortum,
670 2326 976 2380 purpuram,
1025 2325 1227 2360 coccum
1269 2310 1341 2362 bis
1380 2314 1592 2362 tinctum
1649 2311 1843 2379 (Exod.

264 2395 385 2444 xxv,
423 2380 504 2447 3).
540 2381 578 2432 Ε
610 2383 801 2442 quibus
832 2395 996 2448 ope-re
1029 2381 1178 2432 vario
1225 2380 1448 2433 tentoria
1493 2382 1843 2444 tabernaculi,

262 2450 531 2518 simulque
573 2461 628 2503 et
675 2450 840 2504 venis
889 2450 1240 2502 sacerdotalis
1286 2449 1561 2512 conlecta,
1618 2453 1842 2521 ntystit'a

261 2521 442 2572 otnuia
473 2521 524 2574 in
557 2529 797 2586 tempore
831 2521 1018 2571 futura:
1066 2522 1320 2574 Ecclesize
1355 2521 1743 2574 revelarentur.
1790 2521 1844 2574 lu

261 2593 532 2656 Opertoria
564 2607 693 2643 sane
724 2591 1048 2642 tabernaculi
1075 2590 1239 2656 pelles
1265 2592 1658 2658 ltyuciutbinas,
1684 2592 1846 2644 alias-

259 2675 360 2723 que
393 2661 662 2722 rubratas,
691 2671 742 2714 et
767 2661 1012 2714 undecim
1037 2661 1153 2712 vela
1182 2676 1244 2714 ex
1271 2661 1391 2728 pilis
1412 2675 1691 2728 caprarum
1711 2677 1845 2714 con-

261 2729 487 2782 llcienda
533 2730 723 2792 (Exod.
766 2745 914 2794 xxvi,
962 2730 984 2782 1
1035 2740 1081 2782 et
1117 2729 1304 2799 seqq.),
1346 2731 1522 2782 divina
1557 2733 1847 2785 auctoritas

261 2801 500 2853 mandat.
529 2800 657 2866 Quae
696 2805 872 2853 omnia
916 2801 1060 2868 signa
1097 2800 1284 2868 fuisse,
1330 2801 1496 2870 ipsius
1537 2801 1666 2870 legis
1693 2817 1845 2856 resq-

260 2881 381 2922 uant
419 2871 744 2924 testimonia.
775 2871 826 2922 lu
854 2871 1201 2938 hyacinthina
1219 2873 1403 2924 colore
1432 2871 1604 2938 pallor
1626 2874 1844 2940 quidam

261 2949 342 3012 est
386 2955 512 2993 cum
551 2941 841 3012 splendore
877 2941 1242 3012 concordatis,
1290 2940 1512 3012 jejunus
1542 2943 1846 3012 eleemosy-

260 3011 456 3079 nisque
473 3011 814 3064 convt-niens.
849 3011 999 3080 Unde
1027 3021 1081 3063 et
1108 3021 1323 3064 sanctus
1353 3011 1588 3080 Raphztel
1613 3011 1847 3065 archan-

256 3081 412 3146 gelus
445 3081 509 3130 ad
549 3081 770 3133 Tobiam
799 3099 811 3132 :
846 3079 992 3132 Bona
1025 3091 1119 3140 est,
1169 3083 1359 3147 inquit,
1389 3079 1574 3142 oratio,
1620 3097 1734 3133 cum
1773 3084 1848 3147 ie-

257 3098 412 3146 gﬂllS
445 3098 509 3130 εια
562 3098 770 3133 ιυυιίηη
799 3099 811 3132 ἶ
846 3098 992 3132 bona
1025 3098 1119 3140 εει.
1169 3098 1220 3133 ιη
1265 3098 1286 3134 ι]

257 3153 429 3216 iunio,
464 3159 510 3203 et
555 3151 872 3220 eleetnosyna
900 3150 1052 3213 (Tob.
1083 3167 1176 3214 xtt,

261 3223 308 3272 iu
337 3223 706 3292 eleemosynis
729 3221 983 3292 Splendor
1015 3221 1261 3290 refulget,
1285 3224 1374 3289 qui
1393 3221 1680 3292 hyacinthi
1713 3224 1845 3289 ligu-

259 3306 371 3342 ram
405 3287 436 3326 ἀ
466 3287 777 3360 ostendunt.
813 3290 1030 3360 Dyssum
1059 3287 1208 3354 vero,
1242 3287 1511 3349 mandunt.
1545 3300 1603 3344 ut
1630 3287 1844 3359 Apoca-

259 3361 429 3432 l‘ypsis
477 3359 629 3426 dicit,
662 3359 884 3432 justitia:
919 3373 1211 3414 sanctorum
1253 3371 1369 3414 sunt
1403 3363 1587 3432 (Apoc.
1624 3377 1731 3423 xtx,
1764 3362 1842 3430 8).

257 3429 411 3495 Quod
461 3429 676 3483 dictum
708 3441 810 3492 e~t,
859 3442 1046 3484 tortmn
1071 3448 1088 3483 :
1131 3448 1219 3498 per
1259 3429 1446 3484 multas
1475 3429 1844 3484 tribulationes

255 3508 460 3570 oportet
483 3501 655 3568 justos
683 3501 894 3553 introire
919 3502 972 3553 in
1021 3517 1232 3570 regnum
1278 3498 1372 3553 Dei
1403 3501 1535 3569 (Act.
1571 3516 1679 3566 xlv,
1704 3502 1843 3570 fit).

259 3568 507 3638 Purpura
542 3573 706 3624 vestis
745 3581 827 3624 est
857 3571 1032 3639 regia;
1064 3568 1162 3634 qua
1207 3570 1319 3640 ipse
1347 3586 1440 3625 rex
1484 3580 1666 3625 noster
1686 3568 1845 3625 Chri-

255 3649 372 3709 stus
418 3640 700 3706 Dominus,
727 3641 776 3693 iu
809 3655 901 3694 Sua
931 3642 1178 3709 passione
1220 3641 1432 3695 indutus
1461 3650 1562 3695 est.
1599 3641 1654 3694 In
1680 3656 1845 3694 cocco

258 3707 339 3762 bis
384 3713 558 3780 tincto
587 3714 837 3780 martyria
868 3707 1048 3764 sancta
1080 3713 1299 3764 rutilant
1325 3727 1339 3763 :
1369 3727 1487 3778 qua:
1518 3713 1683 3765 semel
1719 3713 1848 3779 bap-

258 3780 424 3833 tismo
457 3779 652 3834 Christi
681 3779 739 3834 in
775 3782 1032 3849 sanguine
1064 3783 1361 3849 tinguntur,
1392 3791 1550 3850 atque
1580 3795 1678 3833 suo
1703 3782 1844 3835 effu-

254 3850 434 3905 si0uis
474 3864 665 3903 cruore
693 3859 717 3887 ο
752 3851 929 3906 denuo
956 3860 1079 3904 sunt
1108 3851 1341 3904 retineti.
1372 3852 1460 3904 Sic
1481 3853 1620 3904 enim
1648 3860 1701 3905 et
1732 3853 1845 3917 ipse

256 3918 464 3974 tinctus
486 3929 566 3974 est
594 3919 850 3974 Dominus
872 3921 1037 3975 semel
1063 3921 1116 3974 itt
1139 3921 1393 3985 Jordane,
1422 3925 1613 3974 iterum
1643 3921 1693 3974 in
1723 3935 1844 3989 pns-

252 3992 436 4054 sione,
481 3990 548 4044 de
584 4006 688 4057 qua
719 3991 848 4044 dicit
885 3991 1162 4058 discipulis
1191 3995 1300 4044 suis
1333 4009 1344 4043 :
1380 3991 1645 4058 Baptisma
1685 3990 1845 4044 habeo

254 4059 516 4128 baptizari
537 4061 674 4131 quod
694 4077 777 4114 vos
801 4061 1046 4131 ignoratis
1078 4060 1231 4131 (Luc.
1256 4077 1350 4126 ιιι,
1385 4062 1496 4129 50).
1542 4063 1652 4115 Hoc
1678 4062 1846 4127 pelles

252 4131 521 4201 rubraue,
553 4131 1016 4201 hyacinthinaeque
1043 4142 1306 4186 testantur
1331 4131 1526 4199 (Exod.
1559 4147 1700 4191 xxvt.
1725 4133 1839 4197 5|).

251 4199 493 4254 Centum
540 4199 636 4270 per
663 4212 876 4255 centum
917 4203 1127 4255 cubitos
1165 4202 1271 4256 duo
1313 4203 1477 4256 latera
1519 4203 1845 4255 tabernaculi

254 4272 691 4336 protenduntur;
743 4271 954 4340 aliaque
996 4273 1102 4326 duo
1141 4272 1412 4340 frontalia,
1462 4274 1844 4342 quinquaginta

252 4353 354 4407 per
393 4343 776 4410 quinquaginta
805 4359 817 4394 :
864 4353 1135 4410 tamquam
1167 4343 1529 4397 misericordia
1568 4353 1620 4396 et
1649 4344 1848 4397 veritas

251 4422 615 4480 occurrentes
648 4413 775 4475 sibi,
800 4411 1006 4480 justitia
1042 4421 1098 4466 et
1141 4427 1240 4480 pax
1273 4415 1578 4467 osculantes
1611 4414 1844 4467 invicem

252 4479 441 4543 (Psat.
480 4497 696 4547 uxxtv,
743 4479 868 4552 tt);
906 4479 1236 4552 quatuor’ex
1277 4484 1514 4551 partibus
1546 4484 1848 4551 conjunctis

1953 491 2005 550 et
2027 491 2284 564 judicium
2315 510 2413 548 suo
2445 494 2674 548 Domino
2696 501 2876 546 cantat
2910 492 3026 558 (Ps.
3054 506 3107 557 c,
3139 491 3217 558 1).

2024 561 2078 619 ἰ.
2123 565 2307 634 Neque
2351 574 2374 610 κ
2416 565 2535 618 sine
2568 565 2825 633 mysterio
2849 563 3105 634 undecim
3138 561 3270 634 velis
3314 561 3543 634 cilicinis

1954 631 2357 688 tabernaculum
2409 635 2476 687 de
2520 631 2680 704 super
2711 633 2950 699 operitur
2993 632 3202 704 (ExodL
3222 647 3368 696 xxVI,
3420 631 3538 701 H);

1951 721 2060 772 quo
2093 721 2242 760 reum
2271 719 2390 757 esse
2417 703 2666 756 ostendat
2693 713 2861 755 totum
2895 702 3145 756 mundum
3176 702 3304 764 Deo,
3347 717 3411 756 ac
3440 708 3540 756 sub

1953 771 1979 810 5
2011 776 2376 839 tteuitentiatn
2409 775 2626 841 degere.
2681 773 2850 840 Ipsius
2878 774 3019 825 enim
3050 786 3304 825 numerus
3345 773 3535 840 pSalmi

1953 843 2114 898 habet
2157 846 2520 911 principium:
2552 842 2766 896 Salvum
2799 857 2876 894 me
2919 847 3035 910 fac,
3086 841 3256 902 Deus,
3299 844 3536 907 quoniam

1952 916 2136 979 defecit
2167 923 2372 967 sanctus
2411 913 2585 977 (Psal.
2620 929 2693 975 xt,
2725 914 2803 980 2).
2840 913 2905 966 Et
2933 928 3028 966 cur
3061 911 3075 949 ί
3112 912 3372 965 defecerit
3409 927 3534 966 nar-

1950 995 2072 1040 rat:
2100 985 2355 1048 Quoniam
2387 985 2650 1036 diminth
2673 993 2815 1044 sunt,
2846 987 2936 1040 ait.
2971 983 3205 1034 veritates
3231 998 3262 1033 a
3292 981 3414 1047 ﬁliis
3440 981 3536 1034 Ito-

1949 1055 2187 1106 minum:
2218 1069 2315 1122 pro
2344 1054 2537 1122 quibus
2569 1053 2836 1122 salvandis
2868 1051 3077 1106 Veritas
3106 1052 3217 1119 ipsa
3249 1050 3263 1100 i
3300 1051 3368 1106 de
3397 1054 3536 1106 caelo

1950 1121 2252 1188 descendit,
2285 1121 2402 1191 quas
2430 1122 2642 1190 dignata
2675 1133 2758 1174 est
2789 1121 3032 1175 habitare
3061 1136 3182 1175 cum
3228 1122 3536 1177 hominibus

1952 1193 2006 1247 in
2038 1202 2200 1248 terra.
2254 1193 2512 1246 Interiora
2537 1207 2668 1246 vero
2697 1193 3026 1245 tabernaculi
3058 1192 3140 1244 bis
3165 1207 3227 1244 ex
3259 1193 3418 1244 rebus
3446 1206 3536 1245 or-

1950 1273 2164 1317 nantur.
2193 1263 2281 1318 Dis
2303 1263 2457 1316 dena:
2494 1263 2544 1315 in
2575 1271 2729 1330 parte
2757 1262 3022 1315 columna:
3054 1277 3120 1314 ex
3168 1261 3325 1330 lignis
3360 1263 3533 1328 impu-

1951 1334 2218 1387 trihilibus
2251 1331 2446 1400 (Exod.
2496 1347 2665 1396 xxvu,
2709 1331 2820 1401 to),
2853 1346 2957 1384 non
2989 1341 3095 1385 tam
3127 1341 3359 1401 VSanctos
3403 1346 3533 1399 apo-

1950 1403 2120 1456 stolos
2167 1418 2329 1471 quam
2377 1403 2624 1456 doctores
2670 1400 2882 1470 quoque
2934 1400 3293 1456 Ecclesiarum
3345 1404 3531 1471 praesi-

1949 1484 2134 1542 guant,
2175 1469 2309 1542 quos
2351 1476 2510 1526 etiam
2541 1471 2736 1524 Paulus
2769 1469 3031 1533 ostendit,
3073 1471 3300 1542 dicens:
3347 1469 3531 1524 Petrus

1949 1552 1993 1595 et
2019 1540 2268 1601 Joannes.
2298 1543 2384 1610 qui
2419 1542 2718 1595 videbantur
2763 1543 3014 1610 columna:
3038 1557 3166 1604 esse,
3205 1540 3409 1594 dextras
3445 1545 3532 1593 de-

1950 1612 2135 1665 derunt
2153 1613 2272 1665 mihi
2291 1609 2334 1664 et
2353 1611 2601 1665 Darnaba:
2621 1612 2875 1664 societatis
2899 1609 3043 1682 (Gal.
3074 1627 3132 1673 tl,
3155 1610 3236 1680 9).
3261 1611 3532 1682 Barnabas

1950 1685 2092 1735 enim
2121 1683 2171 1735 iu
2204 1684 2562 1750 aposwlalum
2585 1691 2666 1736 est
2687 1695 2967 1749 susceptus
2987 1685 3036 1734 in
3056 1681 3268 1744 ordine,
3303 1681 3528 1735 Domino

1953 1751 2297 1820 prmcipiente
2332 1761 2387 1806 et
2417 1752 2666 1805 dicente:
2701 1750 2952 1816 Separate
2990 1751 3117 1804 mihi
3147 1750 3438 1804 Barnabam
3483 1762 3531 1804 et

1955 1823 2180 1875 I’aulum
2217 1823 2269 1874 in
2298 1838 2423 1890 Opus
2449 1823 2501 1874 in
2533 1823 2666 1886 quod
2694 1821 2959 1888 prouocaui
2996 1837 3081 1874 eos
3119 1823 3256 1889 (Act.
3297 1836 3406 1883 xut,
3447 1823 3528 1888 2).

1956 1894 2010 1947 lu
2050 1907 2156 1960 quo
2197 1906 2360 1957 Opere
2392 1894 2502 1959 ipsa
2543 1891 2813 1960 Sapientia
2848 1891 3119 1960 fabricans
3142 1891 3246 1944 sibi
3286 1890 3529 1956 domum,

1952 1959 2185 2017 subdidit
2213 1961 2488 2015 Columnas
2519 1959 2723 2030 septem
2758 1960 2936 2030 (Prov.
2971 1977 3043 2025 ts,
3079 1959 3132 2029 1)
3163 1979 3175 2012 :
3205 1975 3358 2029 quas,
3386 1971 3527 2014 terra

1949 2047 2069 2086 Cum
2123 2032 2434 2085 tlelluxisset
2491 2030 2721 2098 peccatis
2780 2031 3204 2092 incursantibus,
3256 2031 3531 2086 columnas

1950 2105 2065 2167 ejus
2098 2105 2207 2165 ipsa
2245 2103 2582 2156 eonlirmavit
2613 2099 2781 2172 (Psal.
2818 2116 2998 2160 Lxxtv,
3031 2102 3106 2172 ι).
3140 2101 3340 2172 Harum
3370 2101 3530 2168 igitur

1951 2175 2324 2226 columnarum
2356 2170 2680 2225 numerus’in
2709 2171 2914 2224 duabus
2937 2171 3176 2239 partibus
3200 2170 3529 2225 tabetnaculi

1953 2241 1976 2279 ι
2003 2244 2351 2311 quadraginta
2381 2253 2524 2303 sunt,
2551 2242 3014 2310 quadragesimum
3037 2241 3179 2294 diem
3203 2241 3534 2311 ascensionis

1951 2310 2157 2366 Domini
2209 2316 2660 2373 demonstrantes,
2700 2313 2752 2364 in
2793 2327 2892 2378 qua
2933 2313 3046 2365 suis
3094 2311 3161 2364 ait
3204 2310 3530 2378 discipulis:

1958 2383 2059 2435 l’os
2100 2384 2265 2436 svdele
2304 2383 2356 2434 in
2396 2383 2616 2447 civitate,
2667 2384 2825 2435 donec
2853 2381 3139 2434 induamini
3187 2378 3204 2417 ι
3245 2382 3426 2434 virtute
3470 2397 3536 2435 ea:

1950 2461 2054 2504 atto
2101 2453 2254 2523 (Luc.
2305 2468 2454 2523 xxiv,
2506 2453 2624 2520 49).
2660 2461 2699 2523 πη
2729 2453 2921 2505 Ternis
2961 2452 3533 2523 serisgeonnectuntur

1950 2521 2217 2576 eolutnuze
2249 2541 2260 2574 :
2294 2522 2544 2590 quoniam
2576 2522 2721 2581 lidei,
2756 2523 2867 2587 spei
2893 2531 2943 2573 et
2974 2521 3252 2575 charitatis
3277 2523 3530 2574 trinitatis

1951 2595 2168 2647 vinculo
2186 2594 2437 2646 doctores
2457 2593 2819 2646 Ecclesiarum
2834 2591 3120 2645 salubriter
3134 2594 3532 2657 astringantur:

1949 2679 2013 2716 ex
2046 2671 2072 2698 υ
2117 2665 2258 2716 basis
2303 2663 2593 2729 argenteis,
2628 2663 2996 2730 capitibusque
3032 2662 3230 2718 aureis.
3262 2670 3532 2728 tamquam

1953 2737 2004 2786 in
2049 2734 2303 2800 operibus
2338 2741 2361 2767 ο
2397 2732 2782 2786 misericordiae
2815 2745 2829 2784 :
2877 2743 2934 2782 ut
2979 2735 3260 2784 sanctitate
3291 2731 3534 2798 virginali

1950 2806 2322 2857 columnarum
2343 2817 2503 2855 omne
2525 2801 2690 2856 decus
2711 2811 2982 2870 exsurgat.
3002 2801 3196 2855 Sancta
3221 2810 3532 2856 sanctorum

1952 2873 2002 2927 iu
2039 2873 2377 2926 interioribus
2418 2881 2543 2925 sunt
2574 2871 2923 2933 tabernaculi,
2958 2872 3206 2925 habentia
3248 2885 3425 2924 arcam
3459 2880 3535 2927 te-

1951 2942 2207 3014 stamenti
2235 2942 2482 2996 refertam
2532 2941 2800 3014 mysteriis
2843 2941 3028 3014 (Hebr.
3072 2957 3150 3014 tx,
3179 2943 3254 3008 5).
3285 2942 3337 2994 ln
3375 2956 3532 3014 quam

1952 3024 1979 3062 P
2028 3013 2325 3082 ingreditur
2366 3011 2619 3065 sacerdos
2668 3014 2719 3066 in
2751 3011 2893 3066 anno
2920 3012 3087 3066 semel
3117 3028 3238 3064 cum
3277 3011 3536 3082 sanguine

1951 3084 2128 3138 alieno
2378 3084 2479 3164 7)_:
2511 3097 2576 3136 ex
2602 3099 2703 3150 qua
2747 3082 3021 3164 accipiens
3051 3095 3368 3164 responSum
3398 3081 3536 3134 divi-

1321 3152 1376 3229 ln
1397 3151 1844 3229 jejuoiispallor,
1875 3165 1922 3229 ρ
1955 3169 2114 3229 nuur,
2138 3151 2298 3229 _illud
2354 3151 2573 3206 verbum
2601 3162 2836 3229 resonat.
2869 3151 3010 3229 quod
3057 3151 3288 3205 Verbum
3315 3166 3533 3229 carnem

1953 3223 2274 3292 suscipiens,
2309 3232 2549 3276 nostram
2589 3224 2658 3275 ob
2704 3219 3152 3288 redemptionem,
3201 3219 3537 3292 consecravit

1951 3291 2132 3348 arcam
2157 3309 2262 3346 non
2293 3297 2510 3356 veteris,
2539 3293 2633 3346 sed
2659 3292 2781 3346 novi
2810 3292 3170 3346 Testamenti:
3205 3291 3269 3343 In
3299 3308 3400 3356 qua
3420 3300 3535 3343 sunt

1950 3380 2122 3416 omnes
2164 3363 2390 3416 thesauri
2429 3363 2696 3429 sapientia:
2722 3373 2750 3412 (ι
2782 3373 2828 3416 et
2852 3363 3076 3415 scientia:
3099 3358 3386 3414 absconditi
3411 3358 3532 3422 (Co-

1948 3432 2072 3486 loss.
2112 3449 2171 3495 tt,
2201 3435 2278 3502 3).
2313 3432 2392 3487 Ad
2423 3447 2583 3500 quam
2627 3447 2747 3485 cum
2796 3447 2894 3485 suo
2933 3433 3193 3499 sanguine
3224 3429 3534 3502 vertts__ipse

1950 3503 2199 3572 princeps
2229 3499 2570 3557 sacerdmum
2603 3503 2987 3572 introiitsetnel
3030 3502 3082 3554 in
3126 3513 3310 3555 saneta
3342 3499 3530 3570 (Hebr.

1948 3588 2026 3638 tx,
2062 3571 2175 3642 12);
2201 3575 2455 3641 quoniam
2487 3574 2655 3626 semel
2683 3571 2928 3626 Christus
2944 3572 3156 3642 oblatus
3180 3583 3286 3642 est,
3313 3582 3369 3624 ut
3398 3572 3536 3626 mul-

1952 3640 2139 3696 torutu'
2175 3640 2390 3710 peccata
2424 3652 2661 3713 portaret
2708 3642 2900 3713 (lbid..
2931 3641 3046 3713 28).
3096 3640 3193 3694 Cui
3239 3641 3370 3694 dicit
3413 3655 3537 3708 pro-

1951 3713 2107 3780 pheta
2135 3720 2158 3764 :'
2185 3713 2454 3781 Exsurge,
2474 3712 2790 3774 Domine,in
2820 3712 3048 3778 requiem
3071 3723 3230 3772 tuam,
3265 3721 3320 3762 tu
3340 3719 3386 3762 et
3413 3726 3536 3762 arca

1947 3783 2234 3835 sanctitatis
2267 3780 2370 3834 tute
2397 3780 2568 3851 (Psal.
2597 3797 2777 3846 cxxxr,
2807 3781 2882 3849 8).
2922 3781 3160 3834 Mensam
3192 3795 3403 3846 quoque
3435 3793 3533 3848 po-

1949 3853 2108 3905 situm
2143 3862 2163 3888 ι’
2194 3863 2248 3906 et
2275 3866 2446 3915 aratn,
2477 3866 2596 3919 quas
2623 3865 2839 3904 carnem
2863 3864 3070 3903 sacram
3099 3857 3154 3902 et
3182 3851 3534 3904 sacrilicantis

1948 3923 2242 3990 exciperet,
2289 3923 2417 3989 quid
2467 3921 2608 3974 aliud
2651 3920 2702 3974 in
2733 3920 2816 3974 his
2846 3935 3003 3988 quam
3034 3933 3253 3990 crttcetn
3279 3919 3535 3987 intelligi-

1951 3988 2090 4057 mus,
2125 3992 2176 4046 iu
2209 3988 2314 4061 qua
2341 3999 2539 4045 noster
2577 3995 2758 4058 Agnus
2791 3992 3094 4043 immolatus
3141 3988 3260 4043 est?
3291 3991 3405 4055 ipse
3451 4004 3536 4040 sa-

1949 4064 2142 4117 cerdos
2172 4074 2224 4117 et
2254 4063 2467 4115 victima
2503 4075 2692 4130 panem
2724 4061 3137 4121 sanctiﬁcatum,
3163 4073 3329 4130 suum
3350 4073 3533 4112 sacra-

1953 4142 2309 4204 tumctirpus,
2357 4128 2534 4204 insua
2567 4146 2751 4185 mensa
2793 4132 3141 4204 conﬁrmans.
3171 4128 3269 4204 (Qui
3321 4129 3533 4204 lucerna

1951 4199 2251 4272 septil'ortiii
2296 4202 2496 4270 Spiritu
2547 4216 2770 4255 accensa
2822 4205 2917 4256 toti
2975 4199 3118 4254 lucet
3165 4199 3534 4272 tabernaculo.

1951 4269 2217 4340 Quoniam
2268 4269 2440 4341 fulgur
2481 4273 2619 4326 illius
2663 4280 2721 4324 ut
2765 4273 2943 4325 lumen
2986 4279 3008 4306 ι
3052 4279 3134 4323 est
3172 4289 3185 4322 :
3229 4269 3363 4322 atria
3410 4282 3538 4322 vero

1954 4345 2116 4413 hujus
2143 4346 2404 4415 spiritalis
2436 4344 2790 4415 tabernaculi,
2824 4341 2983 4415 cord_a
3017 4341 3225 4415 piorum
3253 4347 3376 4392 sunt
3408 4352 3538 4415 coo-

1953 4407 2215 4488 litéutium
2245 4424 2300 4488 et
2339 4413 2668 4488 laudantium
2699 4413 2886 4488 Deum.
2933 4407 3536 4488 Dquuibus_proplt.eta

1951 4484 2080 4538 dicit
2139 4485 2302 4538 David
2347 4502 2359 4536 :
2412 4485 2557 4537 Atria
2599 4484 2709 4552 ejus
2751 4483 2806 4535 in
2851 4477 3087 4550 hymnis,
3133 4477 3447 4547 conﬁtemini
3493 4478 3538 4532 ei

249 4552 472 4618 angulis
501 4552 718 4627 dign-um
759 4548 1160 4627 gubernaculum
1209 4551 1228 4590 ί
1271 4548 1733 4627 demonstrarent;
1767 4553 1846 4606 lu-
1877 4548 1928 4608 D
1954 4555 2072 4627 (Ps.
2099 4571 2251 4619 setx,
2284 4555 2366 4624 4).

251 4627 444 4674 turum
473 4623 729 4693 templum
758 4621 852 4677 Dei
885 4623 1201 4690 Ecclesiam,
1227 4638 1345 4694 qua:
1372 4624 1426 4678 in
1455 4624 1766 4679 centenario
1794 4633 1850 4678 et

331 4839 359 4900 9
394 4829 495 4884 Ms.
529 4828 762 4900 Remtg.,
790 4832 844 4885 in
874 4831 1103 4884 interitu.

328 4898 358 4937 ιι
393 4900 496 4953 Ms.
539 4898 774 4968 Remig,
813 4902 1015 4955 omisso
1047 4902 1216 4969 primo
1242 4900 1418 4968 titulo,
1448 4900 1534 4957 hic
1557 4899 1725 4966 addit,
1757 4900 1850 4954 do.

252 4988 374 5024 mus
397 4969 757 5051 Pet-Caetera
784 4971 1028 5051 babe_t_ut_
1047 4972 1197 5025 editi.

334 5051 358 5110 ξ
397 5040 492 5094 Ms.
522 5041 757 5110 Remig.,
788 5043 842 5095 in
872 5042 1200 5094 oblationem.

329 5108 358 5148 ἀ
396 5111 486 5164 Sic
517 5128 620 5165 ms.
653 5108 862 5179 Remig.
891 5111 1031 5164 Editi
1059 5127 1268 5180 omnes,
1298 5113 1538 5166 ostendit.

335 5191 360 5251 τ
398 5181 498 5236 Ms.
531 5182 762 5251 Remig.,
788 5183 958 5235 denuo
989 5183 1152 5234 tincti.

338 5249 360 5287 τ
395 5251 493 5321 Ms.
525 5249 758 5321 Remig.,
789 5254 1163 5304 demonstrant.

333 5320 491 5426 nt:-

339 5530 355 5600 ᾖ
397 5529 496 5600 Ms.
531 5531 764 5600 Retnig.,
787 5533 1044 5585 descendit
1071 5532 1134 5586 de
1160 5532 1317 5587 caelis.

334 5597 761 5684 {Emen‘d‘am'us
801 5618 903 5668 Ope
947 5617 1048 5684 ms:
1093 5602 1773 5684 ltetnigiano-Remensis:
1800 5612 1853 5658 et

255 5670 485 5743 quidem
510 5673 574 5725 ad
600 5672 759 5725 tidem
793 5683 973 5726 textus
1003 5673 1169 5726 Exodi
1197 5670 1314 5743 cap.
1342 5690 1505 5739 xxvtt,
1533 5691 1681 5730 num.
1713 5675 1777 5730 1ο
1801 5685 1855 5728 et

259 5741 358 5797 ﬂ.
415 5740 549 5797 Editi
590 5743 857 5800 habebant
895 5743 1164 5805 undecim;
1195 5740 1278 5799 cui
1327 5745 1546 5802 lectioni
1593 5757 1854 5812 repugnat

1955 4829 2244 4910 applicatio
2288 4827 2682 4910 quadragesimi
2741 4828 2850 4884 diei
2903 4827 3274 4894 AscensiOuis,
3318 4841 3438 4896 qua:
3477 4827 3542 4881 ab

1958 4912 2183 4954 auctore
2203 4909 2379 4952 statim
2410 4908 2728 4952 instttultur.

2035 4969 2050 5007 ¹
2089 4972 2186 5024 M~.
2218 4970 2448 5038 Remig,
2484 4971 2746 5023 virtutem.

2028 5051 2066 5077 ω
2099 5042 2195 5094 Ms.
2224 5041 2459 5108 Retnig.,
2488 5039 2747 5093 Externis.

2028 5111 2201 5235 "Este;1
2217 5129 2318 5165 ms.
2337 5107 2551 5180 Retuig.
2577 5111 2740 5176 Editi,
2761 5111 2915 5176 vasis,
2940 5109 3224 5174 mendose,
3248 5117 3302 5161 ut
3335 5107 3544 5161 videtur

2102 5198 2168 5234 XO
2210 5200 2260 5233 ll.

1956 5198 2020 5236 CX
2057 5198 2260 5235 L300".

2026 5261 2050 5287 ο
2083 5253 2178 5305 Ms.
2217 5252 2424 5320 Remig.
2453 5267 2556 5306 non
2589 5252 2749 5305 habet
2797 5265 2984 5306 vocem
3016 5250 3410 5316 misericordia,
3444 5259 3535 5302 set;

1962 5323 2111 5392 legit,
2142 5325 2196 5375 in
2232 5325 2469 5390 aperibus
2500 5333 2545 5375 et
2573 5324 2626 5375 in
2657 5323 2935 5376 sanctitate.

2037 5404 2063 5442 Ρ
2084 5392 2181 5446 Ms.
2207 5389 2443 5463 Remig.,
2474 5394 2754 5463 ingreditur
2776 5393 3032 5446 sacerdos.
3061 5389 3223 5457 Editi,
3251 5391 3540 5462 ingreanm

1961 5472 2047 5518 tur
2076 5462 2386 5517 sacerdotes.
2417 5462 2548 5518 Vide
2574 5464 2735 5516 llebr.
2769 5478 2815 5516 c.
2849 5479 2922 5528 ix,
2952 5481 3006 5517 ν.
3038 5463 3092 5518 Ἱ.

2034 5545 2061 5584 ct
2094 5535 2192 5588 Ms.
2222 5533 2434 5599 Retnig.
2465 5533 2611 5586 addit
2639 5542 2684 5585 et
2712 5534 2950 5586 scientia.

2037 5616 2058 5643 τ
2095 5605 2166 5657 lta
2195 5621 2297 5658 ms.
2326 5603 2536 5670 Remig.
2569 5603 2734 5668 Editi,
2762 5614 2809 5657 et
2838 5619 3032 5658 arcam.

2038 5684 2058 5712 ⁸
2094 5675 2194 5728 Ms.
2229 5674 2435 5743 Betttig.
2468 5674 2616 5727 addit
2639 5685 2750 5740 est;
2779 5686 2889 5729 tum
2927 5675 3068 5731 idem
3110 5688 3240 5742 ms.,
3262 5685 3416 5728 coraa
3441 5671 3548 5743 pio.

1963 5762 2077 5799 runt
2105 5755 2253 5809 sunt;
2281 5745 2369 5802 ubi
2402 5744 2554 5812 editi,
2581 5746 2783 5815 piorum
2814 5747 3026 5804 scilicet.
