3972 6176
270 268 366 325 785

1039 270 1234 325 LIBER
1274 270 1362 324 DE
1404 268 1709 325 PROMISS.
1759 267 1843 322 ΕΤ
1884 264 2225 325 PIiEDICT.
2268 267 2401 322 DEI.
2445 268 2622 324 PARS
2662 270 2725 325 II.

3401 271 3505 324 786

261 396 435 435 secum
467 380 715 435 admonet
744 382 981 438 Joannes
1006 382 1281 449 apostolus
1320 381 1507 434 dicens
1535 378 1824 432 :Cltarissi-
1851 379 1905 438 Δ
1927 376 2170 449 cinisque
2194 386 2555 449 peccatorum),
2582 394 2800 433 suorum
2838 380 3202 449 unusquisque
3234 382 3503 449 construi.

261 470 345 519 un,
369 452 460 517 ﬁlii
491 451 585 504 Dei
606 468 801 514 sumus,
839 460 885 505 et
905 451 1119 504 necdum
1164 452 1400 519 apparuit
1431 459 1455 486 ⁸
1479 450 1603 519 quid
1637 450 1824 519 erimus

260 518 300 583 tl
328 520 580 592 Joan.tn,
607 521 688 592 Ξ).
718 521 1005 590 Coujungit
1031 532 1083 592 et
1134 518 1326 592 Paulus
1352 539 1365 571 :
1398 519 1458 592 _Si
1492 518 1671 592 autem
1700 518 1820 585 ﬁlii,

256 590 584 662 e_t_h(ercdes;
642 589 1116 662 hwrcdesquidem
1159 590 1273 655 Dei,
1327 589 1612 644 coheredes
1654 598 1825 643 autem

257 658 441 714 Christi
462 659 639 729 (llam.
663 676 778 727 vin,
812 660 924 729 17).

822 747 1045 805 CAPUT
1084 748 1220 804 XVI.

359 840 461 895 Per
484 839 668 896 Iesum
689 842 962 897 Dominum
986 842 1156 894 omnia
1177 841 1297 894 vitia
1326 840 1687 911 expugnanda.

250 934 281 978 ι
302 933 593 988 Promissio
619 933 755 987 facta
782 942 836 986 et
855 933 1096 1012 ﬁgurata.
1130 931 1185 984 In
1215 932 1341 987 Jesu
1370 930 1513 985 Nave
1537 930 1740 987 credita
1765 943 1821 988 et

974 1016 1107 1054 visa.

318 1091 406 1148 30.
450 1093 727 1163 Expugnat
761 1092 920 1147 Jesus
950 1092 1091 1145 Nave
1121 1090 1260 1144 [ilius
1288 1090 1666 1157 Chananmum,
1713 1089 1818 1146 Ce-

247 1161 469 1229 thazum,
490 1161 851 1227 Pheresaaum,
883 1170 1210 1228 craterasque
1236 1175 1679 1230 g-‘ntes,quarum
1712 1173 1794 1215 tcr

1927 446 2267 516 gitur(Prov.
2298 462 2355 515 ν,
2378 447 2493 516 22).
2517 448 2872 504 Clamaveruut
2903 450 2996 503 lilii
3036 446 3195 503 Israel
3224 452 3291 501 ad
3326 448 3503 501 Domi-

1925 533 2065 582 num,
2089 532 2209 573 cum
2235 533 2538 585 pressuram
2573 529 2875 586 paterentur
2894 557 2907 578 ,
2945 529 2989 567 t’t
3030 518 3095 571 de
3119 519 3500 572 necessitatibus

1924 603 2098 659 eorum
2156 587 2386 642 liberauit
2414 587 2542 659 eos(
2573 587 2664 642 Ps.
2692 604 2803 659 cy.
2836 594 2866 641 ϋ
2891 592 2930 658 ).
2962 590 3093 659 Dicit
3126 591 3285 641 etiam
3319 600 3501 643 noster

1924 656 2186 712 Dominus
2216 673 2310 726 per
2338 656 2653 727 prophetam
2690 678 2701 711 :
2729 657 2845 711 Erit
2871 656 2985 711 cum
3017 656 3034 695 ί
3068 660 3410 711 clamaveritis
3432 661 3499 711 ad

1924 743 2003 779 me
2040 737 2088 780 et
2140 729 2412 798 diageritis,
2444 726 2651 793 ’Pater,
2700 730 2975 781 exaudiam
3024 744 3110 798 vos
3154 738 3205 779 ut
3253 731 3499 798 populum

1922 805 2151 850 sanctum
2175 796 2327 866 (Isai.
2358 812 2503 860 Lvnt,
2537 798 2616 865 9).
2647 797 2811 866 Cujus
2843 801 2892 852 in
2925 796 3499 863 manifestatibne,cln-

1922 878 2157 921 mantem
2186 866 2252 921 ad
2284 878 2486 935 patrem
2516 868 2681 938 lilium
2707 867 2994 936 perditum,
3020 883 3140 922 cum
3174 882 3361 938 magna
3392 869 3493 921 mi-

1922 941 2191 991 seratione
2212 939 2329 1001 pius
2359 949 2507 1003 pater
2534 937 2589 991 in
2624 939 2912 1003 Evangelio
2945 938 2959 988 i
2997 937 3346 1004 pmuitcntem
3373 952 3489 991 sns-

1911 1007 2049 1079 cipit
2066 1007 2387 1079 redeuntem
2409 1008 2556 1075 (Luc.
2580 1024 2670 1071 xv,
2689 1008 2802 1077 2t).
2823 1010 2844 1047 ιι
2864 1009 3219 1077 Subsequens
3236 1009 3506 1079 injudici-

1912 1074 2053 1148 busl
2074 1076 2302 1148 Delbora
2324 1078 2641 1146 prophetes,
2660 1074 2834 1131 mater
2851 1074 3089 1132 surrexit
3110 1080 3161 1132 in
3181 1074 3365 1139 Israel,
3384 1096 3504 1148 quae

1908 1145 2455 1227 judicavitpopulum
2477 1148 2638 1227 annis
2659 1148 3019 1227 quadraginta
3038 1150 3184 1227 (Ind.
3208 1149 3303 1227 ιν)Σ
3328 1145 3505 1217 Hujus

244 1247 330 1302 ras
365 1218 559 1302 populo
588 1248 686 1287 suo
716 1218 971 1287 Dominus
997 1232 1051 1302 in
1079 1218 1819 1302 ihmre‘ditatcm'promiserat
1914 1218 2267 1302 {QJQWPQW
2308 1218 2792 1302 ,δὶιπξψξέιιξίξειη
2823 1218 2983 1302 ,ζθὲξίξ
3028 1220 3192 1302 ξέᾴιθίμῐξ
3240 1220 3506 1302 ράνυιβῃε

243 1299 450 1367 (losue,
483 1319 535 1357 ιι
607 1306 661 1369 3,
685 1312 732 1357 et
756 1299 1038 1372 seg.cap.).
1072 1301 1355 1372 Expugnat
1375 1310 1429 1355 et
1450 1309 1631 1355 noster
1660 1300 1816 1355 Je-us

243 1372 506 1426 Dominus
535 1372 914 1437 idololatriam,
939 1370 1276 1436 superbiam,
1324 1371 1601 1436 invidiam,
1659 1372 1815 1424 luxu-

241 1442 400 1507 riam,
425 1454 726 1511 caeteraque
749 1442 894 1501 vitia.
912 1442 1091 1495 utsuis
1107 1440 1339 1508 seipsnm
1372 1451 1813 1511 prmpareta'ter-

251 1527 377 1564 nam
435 1512 829 1567 haereditatem.
886 1511 940 1565 In
983 1510 1218 1564 funiculo
1272 1511 1425 1565 Jesus
1457 1511 1599 1565 Nave
1651 1510 1811 1576 ﬁlius,

244 1583 440 1635 victori
484 1585 683 1651 populo
734 1592 933 1636 terram
965 1582 1145 1635 divisit
1166 1579 1281 1651 (Ps.
1312 1596 1509 1644 Lxxvn,
1539 1579 1649 1651 54).
1683 1583 1817 1651 Dicit

239 1650 496 1706 etnoster
527 1653 857 1720 triumphans
889 1655 938 1704 in
969 1652 1183 1705 Christo
1207 1650 1331 1705 Jesu
1388 1650 1615 1720 υοριιιυς
1651 1668 1663 1703 :
1695 1650 1806 1704 Fu-

238 1737 323 1774 ues
356 1724 641 1802 ceciderunt
803 1722 1153 1802 inprwclaris.
1182 1720 1320 1802 litum
1336 1730 1379 1772 et
1401 1719 1812 1802 [funditas-mea
1843 1743 1889 1802 Β

239 1794 499 1861 prec-(ara
544 1804 615 1846 est
658 1794 780 1846 mihi
824 1789 943 1861 (Ps.
974 1806 1063 1854 xv,
1094 1792 1182 1859 6).
1212 1791 1373 1861 Jubet
1402 1789 1657 1861 Dominus
1688 1791 1810 1846 tiliis

240 1860 639 1929 Sulphad,quia
662 1860 841 1915 virum
861 1862 1127 1916 haeredem
1151 1874 1254 1914 non
1283 1860 1808 1929 reliquit,paternam

236 1932 519 2000 suscipere
537 1929 900 1987 haereditatem
925 1931 1110 2003 (Num.
1146 1946 1308 2003 xsvn,
1337 1929 1415 2001 6),
1437 1940 1493 1984 ut
1515 1933 1565 1983 iu
1594 1932 1810 1986 hisaui-

236 2017 337 2054 ma:
373 2004 569 2056 auxilio
597 2014 619 2041 ο
656 2006 886 2056 humano
939 2002 1207 2056 destitutae
1257 2002 1618 2070 signareutur,
1679 2017 1811 2069 quas

235 2071 367 2124 dum
400 2073 615 2137 respicit
642 2073 1001 2136 Deus,dicunt
1030 2088 1045 2128 :
1072 2070 1323 2124 Dominus
1346 2072 1510 2139 portio
1534 2072 1809 2126 [neredita-

234 2142 294 2194 tis
315 2157 448 2195 mete
475 2154 521 2196 et
551 2145 724 2197 calicis
759 2144 855 2195 mei
880 2152 971 2206 ;tu
992 2158 1041 2195 es
1060 2142 1147 2211 qui
1170 2144 1403 2195 restitues
1431 2141 1558 2194 mihi
1586 2142 1807 2197 haeredi-

234 2220 396 2266 tatem
427 2229 591 2265 meam
621 2212 735 2282 (Ps.
779 2228 867 2274 xv,
892 2214 924 2267 5
944 2212 982 2281 ).
1015 2211 1294 2265 Terminus
1348 2214 1556 2280 positos
1584 2228 1809 2282 quaeque

236 2282 411 2351 tribus
435 2282 686 2336 inviolata
712 2282 815 2337 ﬁde
840 2282 1093 2336 custodit.
1127 2282 1331 2335 Dicitur
1359 2292 1415 2335 et
1435 2293 1619 2336 nostro
1642 2297 1809 2351 pupu-

236 2351 315 2404 lo:
348 2350 473 2403 Non
494 2352 880 2423 transgredieris
894 2352 1133 2423 terminos
1155 2359 1368 2423 ceternos
1384 2368 1513 2422 quos
1529 2350 1808 2421 posuerunt

236 2432 410 2488 patres
439 2423 551 2492 tui(
578 2420 730 2479 Prov.
758 2438 891 2486 χιιι.
920 2421 990 2477 28
1011 2420 1053 2492 ).
1081 2423 1119 2475 Ε
1140 2422 1341 2476 mundo
1371 2420 1695 2491 migraturus
1719 2422 1808 2478 Je-

234 2505 351 2557 sus,
384 2492 563 2545 ultima
592 2493 995 2548 contestatiouis
1022 2508 1131 2546 sua:
1164 2493 1347 2553 verba.
1389 2494 1528 2547 sicut
1572 2493 1802 2561 Moyses,

238 2564 355 2614 haec
391 2564 584 2629 populo
612 2563 829 2617 tradidit
852 2578 867 2619 :
890 2562 936 2616 A
960 2563 1218 2617 mandatis
1249 2562 1458 2617 Domini
1507 2578 1613 2617 non
1640 2565 1808 2618 disce-

235 2630 499 2695 dendum,
528 2634 571 2685 si
596 2634 1024 2702 velleutsemper
1045 2646 1164 2686 esse
1193 2633 1369 2699 liberi,
1392 2640 1447 2687 et
1472 2633 1540 2687 ab
1562 2635 1807 2687 inimico-

234 2716 355 2755 rum
392 2703 595 2757 insidiis
613 2705 770 2757 alieni
800 2717 815 2755 :
841 2705 1076 2769 nihilque
1112 2718 1171 2756 se
1197 2703 1264 2755 ab
1285 2702 1364 2756 eis
1393 2705 1687 2770 accepisse,
1714 2704 1800 2758 vel

234 2786 326 2843 eos
352 2772 411 2824 in
438 2774 615 2841 aliquo
645 2774 843 2828 laesisse
866 2775 1153 2828 conﬁrmat
1178 2770 1357 2843 (Iosue
1396 2776 1570 2843 χχιιι).
1592 2775 1656 2843 Et
1679 2788 1803 2827 suos

234 2840 397 2895 Iesus
428 2840 611 2897 nosier
640 2840 1201 2907 Doniinnstransiens,
1223 2843 1321 2895 hac
1352 2840 1641 2910 pactioned
1668 2859 1802 2897 con-

232 2912 456 2975 stringit
481 2928 497 2964 :
521 2913 581 2966 Si
615 2914 847 2980 feceritis,
879 2913 1069 2982 inquit,
1099 2928 1212 2982 qua:
1257 2914 1444 2965 mando
1481 2913 1654 2979 vobis,
1690 2929 1805 2968 vere

234 2984 329 3033 mei
369 2981 614 3050 discipuli
642 2985 782 3052 estis,
805 2994 854 3037 et
882 2981 1191 3052 cognoscetis
1220 2984 1502 3048 veritatem,
1544 2994 1590 3036 et
1618 2986 1802 3036 veritas

232 3051 471 3104 liberavit
501 3069 599 3124 _vos
626 3051 822 3124 (Joan.
877 3051 990 3118 vni,
1041 3053 1381 3120 3i).Quibus
1410 3069 1529 3105 cum
1565 3053 1803 3124 dedisset

232 3122 669 3176 exercendorum
702 3124 1077 3178 miraculorum
1110 3133 1425 3191 potestatem
1445 3164 1457 3185 ,
1492 3123 1707 3190 nequid
1739 3126 1806 3177 ab

232 3194 422 3264 aliqua
461 3203 761 3264 sperarent,
804 3194 946 3264 quod
994 3194 1093 3262 ipsi
1127 3208 1231 3264 non
1262 3193 1544 3255 dederunt,
1571 3202 1594 3229 ο
1626 3195 1768 3247 dixit
1797 3234 1812 3258 ,

230 3260 414 3314 Grafis
437 3261 584 3326 date(
592 3262 781 3318 Matth.
802 3260 853 3326 ἱ,
871 3264 949 3332 8).
967 3260 1091 3317 Post
1114 3263 1423 3316 abscessum
1448 3264 1573 3317 Jesu
1592 3264 1816 3330 populus

233 3332 329 3405 ille
348 3347 471 3405 (non
500 3333 710 3397 ducem,
744 3334 836 3388 sed
857 3334 1071 3405 iudices
1092 3334 1355 3400 regendos
1372 3332 1807 3405 accepit(.ludic.

232 3416 268 3462 ι,
304 3401 395 3467 2).
432 3403 641 3455 Etcum
665 3416 848 3458 noswr
866 3404 1023 3458 lesus
1045 3403 1307 3456 Dominus
1338 3401 1685 3458 transiret’de
1716 3407 1819 3459 hoc

231 3472 443 3525 tnundo
495 3472 560 3525 ad
612 3472 847 3539 Patrem,
881 3482 1114 3528 rectores
1144 3472 1400 3527 Ecclesiae
1426 3487 1539 3527 suae
1569 3490 1663 3543 per
1691 3477 1815 3529 uni-

231 3557 457 3596 versum
481 3543 712 3597 instituit
736 3544 1015 3601 mundum.

804 3635 1029 3691 CAPUT
1067 3634 1229 3690 XVII.

373 3725 409 3779 1
415 3744 445 3780 ιι
469 3728 634 3796 ﬁgura
662 3725 905 3782 Ecclesia!
929 3727 1150 3781 Delbora
1176 3726 1369 3782 hostem
1397 3729 1675 3793 superavit.

303 3814 326 3853 τ
359 3818 654 3872 Praedictio
695 3817 833 3872 facta
854 3828 908 3872 et
949 3818 1193 3895 ﬁgurata.
1218 3815 1275 3870 In
1295 3819 1543 3874 Judicum
1570 3829 1595 3867 ε
1615 3819 1817 3876 credita

928 3901 983 3942 et
1012 3903 1147 3942 visa.

298 3980 399 4032 3|.
443 3977 656 4049 Primus
706 3977 874 4049 ludas
926 3979 1065 4033 inter
1098 3989 1327 4034 czeteros
1353 3978 1571 4034 Iudices
1602 3979 1703 4034 fuit
1726 3984 1817 4049 qui

229 4049 559 4119 iudicarunt
577 4047 737 4102 Israel
771 4044 922 4119 (Jud.
948 4064 988 4111 ι,
1016 4050 1095 4115 2).
1129 4050 1204 4103 De
1227 4051 1379 4118 cujus
1406 4050 1569 4117 tribu,
1597 4061 1653 4103 ut
1673 4044 1817 4119 saepe

228 4118 501 4182 diximus,
542 4117 798 4173 Dominus
849 4117 1095 4173 Christus
1141 4121 1264 4175 huic
1296 4117 1496 4173 mundo
1527 4123 1578 4174 in
1610 4117 1774 4175 carne
1798 4162 1814 4185 ,

226 4187 411 4257 Judex
454 4188 687 4241 omnium
720 4190 1015 4242 animarum
1069 4199 1423 4257 praesentatns
1468 4199 1570 4243 est.
1608 4189 1816 4246 Relicto

224 4274 361 4332 vero
388 4256 538 4332 Deo,
574 4260 799 4332 populus
815 4258 986 4332 Israel
1017 4256 1216 4332 oblitus
1237 4260 1619 4332 mandatorum
1646 4261 1815 4332 Moysi

224 4340 278 4381 et
306 4330 446 4383 Jesu
470 4327 783 4381 famulorum
813 4328 1171 4393 Dei,servivit
1200 4330 1354 4383 idolis
1382 4327 1817 4399 genitiuin,heos-

222 4414 333 4461 que
374 4411 612 4467 sequens
657 4400 910 4465 vindicta,
943 4415 1036 4467 per
1074 4399 1313 4454 conﬁnes
1356 4400 1604 4454 inimicos
1654 4416 1817 4454 vexa-

222 4471 303 4521 vit

221 4538 359 4592 dum
416 4538 593 4591 renati
640 4554 734 4609 per
784 4539 1103 4606 baptismum
1154 4540 1244 4593 lilii
1290 4540 1423 4604 Dei,
1453 4542 1601 4593 vanis
1628 4538 1824 4609 super;

221 4609 545 4664 stitiouibus
585 4608 834 4679 curisque
876 4612 1033 4678 hujus
1070 4610 1253 4665 saeculi
1301 4610 1667 4679 implicantur,
1700 4608 1813 4666 viu-

298 4774 326 4801 ι
360 4763 644 4819 Editiones
660 4772 892 4828 veteres,
924 4765 1059 4832 quod
1081 4765 1286 4817 erimus.

292 4835 325 4875 ιι
368 4834 462 4889 Sic
490 4849 592 4906 ms.
617 4834 822 4903 Remig.
850 4849 971 4887 cum
1002 4834 1129 4887 edit.
1173 4835 1360 4889 Colon.
1392 4845 1445 4890 et
1485 4838 1811 4906 posteriori-

220 4908 350 4961 bus.
379 4904 723 4971 Antiquiores
755 4920 900 4969 vero,
928 4906 1205 4973 prwdictio.

300 4989 326 5016 ο
366 4977 466 5029 bis.
501 4973 706 5043 Itemig.
728 4974 877 5028 addit
903 4991 1086 5028 vocem
1136 4976 1293 5040 hanc,
1320 4974 1564 5031 humano.

297 5046 328 5084 δ
370 5044 469 5099 Ms.
504 5043 1123 5114 Remig.,constriugens.

300 5126 326 5154 ε
370 5115 471 5168 Ms.
499 5114 726 5183 liemig.,
760 5114 949 5180 Gratis,
980 5117 1128 5180 dixit,
1154 5115 1292 5168 date.

302 5185 326 5224 τ
374 5184 429 5237 In
461 5183 697 5240 editione
726 5185 914 5239 Colon.
966 5196 1020 5239 et
1051 5183 1458 5248 recentioribus,
1492 5185 1797 5243 Promissio.

300 5264 331 5303 ε
496 5254 703 5333 Remig.
734 5265 788 5333 et
816 5257 1138 5333 recentiores
1159 5257 1423 5333 editiones
1448 5258 1531 5308 hic
1568 5269 1620 5311 et
1642 5259 1801 5333 inse-

216 5326 521 5397 quentibus
561 5324 917 5397 capitulorum
959 5326 1126 5397 titulis
1176 5324 1381 5379 addunt
1422 5340 1606 5380 vocem
1657 5329 1804 5391 libro,

214 5394 515 5467 {inalicet
537 5396 754 5461 omissa,
774 5394 1261 5467 subiutelligiturjn
1282 5397 1671 5465 antiquioribus
1696 5401 1811 5452 ραι-

216 5465 492 5521 tionibus.

302 5533 340 5573 h
378 5535 471 5587 bis.
507 5535 737 5602 Renng.,
767 5551 1000 5605 eumque.

302 5605 330 5648 ι
380 5605 473 5657 Ms.
500 5605 734 5674 Remig,
762 5606 886 5659 Cum
917 5607 1191 5660 clamantes
1230 5606 1303 5659 ad
1331 5623 1408 5659 me
1438 5607 1699 5662 dixeritis.

300 5687 323 5725 ξ
375 5674 533 5731 Deest
553 5691 655 5730 vox
680 5678 789 5741 illa,
819 5679 1167 5748 paenitentiam,
1202 5678 1252 5730 in
1279 5692 1378 5730 ms.
1403 5676 1611 5747 Rctnig.

1919 1284 2149 1351 plebem‘
2176 1286 2382 1339 Domini
2418 1286 2786 1350 rebellantem,
2813 1284 2991 1339 divina
3026 1285 3196 1337 virtus
3238 1287 3288 1336 in
3322 1297 3482 1335 manu

1918 1353 2129 1408 femina:
2145 1356 2457 1411 conclusit"!I
2479 1374 2492 1407 :
2514 1355 2662 1409 illum
2682 1356 2889 1409 scilicet
2914 1354 3203 1407 terribilem
3220 1354 3490 1414 curribus,

1918 1425 2208 1490 equitibus,
2240 1426 2553 1495 populisque
2590 1426 2952 1480 metuendum.
2977 1424 3085 1477 Nec
3110 1439 3232 1477 eum
3245 1432 3279 1495 in
3305 1423 3449 1477 ferro
3474 1460 3491 1486 ,

1916 1496 2010 1548 sed
2037 1494 2432 1549 femina'virum
2461 1496 2602 1563 ligno
2630 1495 2871 1559 cnnﬁxit,
2895 1495 3013 1560 palo
3044 1508 3107 1546 ac
3132 1494 3325 1547 malleo
3358 1502 3496 1546 tem-

1918 1578 2046 1633 pora
2076 1566 2221 1619 illius
2245 1565 2600 1619 transfodiens
2626 1565 2810 1636 (Ibid.,
2834 1565 2928 1630 2|)
2962 1582 2972 1616 :
3005 1579 3123 1632 qua
3153 1572 3348 1617 nostra:
3374 1578 3493 1615 ma-

1916 1638 2014 1687 tris
2044 1636 2298 1689 Ecclesiae
2317 1636 2715 1689 similitudinem
2742 1650 2954 1703 gerens,
2975 1643 3000 1669 ο
3036 1649 3167 1688 voce
3212 1639 3491 1688 resonaret

1917 1703 1967 1757 in
1993 1706 2249 1759 Psalmis:
2282 1704 2349 1758 Ili
2371 1707 2421 1757 in
2453 1707 2685 1758 curribus
2706 1715 2752 1757 et
2770 1705 2825 1757 hi
2844 1706 2897 1756 in
2924 1704 3085 1772 equis,
3116 1720 3210 1756 nos
3247 1712 3414 1756 autem
3436 1704 3493 1755 in

1915 1776 2118 1829 nomine
2142 1776 2234 1829 Dei
2277 1776 2438 1828 nostri
2484 1775 2950 1845 magniﬁcabimur.
2974 1773 3110 1844 Ipsis
3139 1774 3349 1842 obligati
3375 1779 3494 1826 sunt

1914 1848 2089 1912 pedes,
2132 1856 2177 1899 et
2209 1848 2515 1910 ceciderunt,
2544 1862 2637 1898 nos
2667 1861 2782 1898 vero
2808 1845 3120 1898 surreximus
3150 1853 3198 1896 et
3226 1846 3375 1896 erecti
3406 1859 3484 1894 suo

1913 1931 2027 1968 mus
2053 1915 2226 1986 (Psal.
2265 1932 2374 1979 XIX,
2403 1917 2455 1980 8,
2483 1914 2562 1986 9).
2597 1915 2721 1986 Ilaec
2753 1923 2808 1968 et
2835 1915 2941 1966 alia
2967 1921 3357 1986 cantatsancta
3390 1912 3491 1966 Ec:-

1911 1984 2075 2040 clesia
2122 2002 2433 2055 expugnans
2485 1984 2625 2039 idola
2645 2026 2659 2049 ,
2685 1985 3060 2052 idolorumque
3086 1984 3326 2055 cultores
3350 2022 3364 2047 ,
3392 1996 3493 2055 nec

1912 2070 2020 2109 non
2047 2066 2101 2109 et
2128 2052 2335 2110 vicinos
2365 2058 2546 2110 hostes
2591 2069 2718 2109 suos
2758 2055 3060 2109 haereticos.
3097 2054 3197 2118 Qui
3231 2052 3360 2105 dum
3392 2053 3493 2104 ad-

1909 2140 2097 2180 versus
2121 2140 2237 2181 eam
2260 2137 2431 2180 castra
2455 2126 2804 2187 constituunt,
2834 2140 2939 2177 non
2993 2126 3183 2177 timere
3209 2139 3305 2175 cor
3334 2137 3491 2175 suum

1910 2195 2068 2260 dicit;
2092 2209 2165 2261 et,
2188 2196 2254 2265 Si
2293 2205 2558 2265 exsurgat,
2590 2196 2684 2254 ait.
2708 2199 2762 2248 in
2808 2211 2885 2248 me
2914 2194 3119 2257 bellum,
3151 2194 3203 2245 in
3229 2192 3365 2265 illud
3397 2209 3489 2261 ego

1906 2269 2119 2329 sperabo
2150 2264 2319 2337 (Psal.
2353 2263 2504 2330 xxvi,
2536 2265 2612 2335 5).
2643 2267 2709 2319 Et
2737 2268 2787 2318 in
2811 2265 2918 2318 alio
2940 2267 3147 2337 psalmo
3176 2280 3189 2315 :
3215 2263 3366 2327 Sarpe
3394 2279 3485 2315 ex-

1907 2335 2257 2407 pugnaverunt
2283 2352 2359 2390 me
2385 2352 2417 2388 a
2429 2337 2694 2407 juventute
2719 2352 2849 2407 mea,
2872 2335 3061 2407 etenim
3093 2350 3192 2407 non
3220 2341 3494 2403 potuerunt

1907 2404 2075 2477 milti(
2113 2404 2198 2459 Ps.
2229 2404 2462 2471 cxxvni,
2491 2410 2544 2470 ‘I,
2581 2406 2661 2475 2).
2694 2406 2828 2470 Quia
2859 2404 3107 2458 Dominus
3130 2406 3303 2474 justus
3333 2412 3360 2451 P
3401 2416 3495 2470 per

1907 2478 2082 2532 crucis
2110 2477 2307 2547 lignum
2338 2478 2568 2530 contrivit
2594 2478 2807 2529 cervices
2828 2483 3170 2544 peccatorum.

2464 2587 2688 2645 CAPUT
2726 2588 2905 2643 XVIII.

1903 2677 1971 2732 In
1996 2679 2164 2752 ﬁgura
2188 2681 2391 2734 Gedeon
2416 2682 2638 2752 gratiam
2686 2680 2893 2735 Domini
2920 2681 3109 2735 Christi
3138 2680 3487 2736 commendat.

2008 2771 2300 2825 Promissio
2319 2771 2452 2826 facta
2469 2782 2522 2825 et
2544 2770 2786 2852 figurata.
2812 2771 2867 2825 lo
2892 2772 3141 2827 iudicum
3167 2772 3372 2827 credita

2583 2851 2639 2896 et
2666 2851 2801 2895 visa.

1975 2932 2062 2987 '52.
2093 2931 2324 2987 Rursum
2363 2948 2463 3003 pro
2496 2944 2718 3003 peccato
2746 2933 3063 3004 idololatria:
3112 2934 3365 3004 amigitur
3391 2947 3491 3001 po-

1906 3005 2062 3071 pulus
2103 3017 2223 3057 eum
2265 3004 2600 3071 deprimente
2642 3005 2849 3059 Madiun
2884 3003 3039 3075 (Iud.
3083 3003 3494 3075 γι,1)⁷.ΑΜὶεευε

1908 3076 2129 3139 angelus
2176 3074 2385 3127 Domini
2434 3075 2502 3127 ob
2542 3073 2963 3139 redemptionem
3002 3090 3227 3133 eorum.
3270 3073 3492 3129 Gedeon

1920 3141 2083 3212 lilium
2112 3141 2237 3197 Joas
2261 3160 2423 3197 unum
2454 3160 2519 3198 ex
2553 3145 2790 3198 Ilebrreis
2844 3143 2910 3198 ad
2954 3145 3304 3212 iudicandum
3350 3159 3489 3211 prae

1918 3211 2263 3282 liandumque
2316 3229 2411 3281 pro
2458 3228 2523 3268 eo
2578 3215 2831 3277 mittens,
2891 3213 2993 3270 hoc
3048 3214 3193 3269 dicto
3242 3214 3491 3268 instruit:

1918 3280 2384 3353 Dominus'tecum,
2429 3293 2606 3353 potens
2652 3288 2705 3337 in
2748 3284 2976 3351 virtute;
3016 3295 3071 3338 et
3117 3284 3334 3339 Gedeon
3372 3300 3386 3336 :
3432 3282 3495 3339 Si

1921 3352 2174 3421 Dominus
2200 3353 2461 3405 nobiscum
2496 3363 2590 3417 est,
2616 3354 2708 3418 ait,
2737 3370 2896 3421 quare
2918 3371 3009 3407 nos
3027 3356 3329 3408 invenerunt
3356 3355 3499 3407 mala

1918 3422 2026 3475 lucc
2058 3420 2243 3492 (Ibid.,
2274 3422 2361 3488 12,
2390 3421 2514 3491 i5)?
2541 3425 2602 3477 Et
2622 3424 2879 3492 angelus:
2911 3425 3072 3489 Vade,
3098 3435 3127 3474 «ι
3149 3427 3249 3478 ait:
3270 3426 3320 3477 in
3340 3439 3499 3477 manu

1918 3495 2053 3567 enim
2075 3501 2172 3567 tua
2201 3492 2492 3567 liberabitur
2518 3492 2686 3548 Israel
2735 3494 2797 3547 de
2818 3511 2991 3567 manu
3046 3493 3263 3567 Mgadian
3301 3492 3494 3567 (Ibid.,

1920 3562 2033 3632 {14).
2066 3560 2306 3631 Cumque
2349 3562 2568 3618 Gedeon
2601 3573 2625 3601 τ
2651 3581 2717 3618 ex
2760 3564 2975 3619 minima
3024 3564 3167 3619 tribu
3200 3580 3258 3619 se
3292 3560 3413 3619 esse
3442 3565 3494 3617 in

1919 3630 2085 3686 Israel
2108 3630 2288 3686 coram
2314 3632 2543 3686 Domino
2566 3634 2845 3694 fateretur.
2872 3636 2940 3688 ab
2968 3649 3034 3688 eo
3051 3636 3138 3701 qui
3171 3634 3367 3688 exaltat
3394 3634 3496 3685 hu.

1919 3702 2124 3772 milem,
2154 3716 2384 3772 cumque
2413 3703 2604 3758 sedere
2628 3703 2755 3757 facit
2781 3718 2903 3756 cum
2936 3705 3265 3772 principibus
3307 3702 3490 3771 pepuli

1918 3775 2001 3824 sui
2026 3771 2142 3841 (Ps.
2173 3786 2302 3837 cxn,
2333 3771 2412 3840 8),
2447 3772 2746 3837 robOratus,
2778 3773 2956 3826 statim
2986 3788 3134 3827 aram
3165 3773 3311 3837 Bual,
3333 3786 3492 3839 quam

1919 3841 2012 3894 lilii
2048 3841 2207 3894 Israel
2249 3851 2703 3906 construxerant,
2733 3842 3014 3897 subvertit.
3071 3843 3221 3895 Hunc
3263 3842 3497 3910 papulns

1920 3926 2018 3980 pro
2049 3910 2149 3965 hoc
2178 3910 2314 3963 iacto
2358 3912 2669 3980 insectatus,
2703 3919 2725 3947 ³
2762 3911 2813 3964 in
2838 3912 3054 3965 domum
3101 3913 3265 3979 patris
3294 3911 3380 3965 sui
3407 3910 3492 3964 fu-

1918 3979 2149 4050 gientem
2174 3980 2385 4051 obsedit
2414 3979 2563 4050 (Jud.
2595 3996 2670 4045 vi,
2701 3983 2769 4036 27
2816 3991 2863 4034 et
2892 3981 3080 4051 αντιφ).
3112 3982 3348 4051 Cumque
3393 3982 3494 4034 im-

1920 4062 2098 4112 petum
2130 4050 2308 4117 populi
2339 4050 2681 4117 declinasset,
2718 4063 2867 4115 pater
2913 4050 3027 4117 ejus
3058 4051 3183 4105 Joas
3231 4050 3493 4105 l‘urcntem

1904 4116 2534 4187 plcbcm_hismitigavit
2566 4116 2753 4171 verbis
2778 4135 2790 4170 :
2815 4117 3087 4187 Numquid
3118 4136 3228 4183 vos,
3258 4120 3355 4181 ait.
3379 4123 3497 4174 vin-

1905 4185 2093 4257 dicatis
2120 4185 2278 4250 Baal,
2317 4196 2409 4240 aut
2448 4186 2657 4241 salvum
2692 4188 2869 4257 facitis
2898 4185 3059 4243 cuin?
3095 4189 3196 4254 Qui
3250 4192 3345 4244 tin
3378 4209 3498 4245 eum

1903 4256 2137 4331 injurias
2164 4258 2399 4331 ingessit,
2421 4259 2723 4331 morietur“
2746 4259 2799 4311 in
2829 4276 3004 4312 mane.
3028 4258 3087 4315 Si
3106 4260 3245 4314 Deus
3271 4271 3366 4324 est,
3389 4265 3499 4331 ipse

1904 4342 1961 4380 se
1982 4327 2268 4381 vindicabit
2294 4327 2475 4395 (Ibid.,
2499 4327 2614 4395 3i).
2642 4327 2844 4383 Verum
2886 4345 3011 4385 cum
3050 4331 3286 4399 populus
3317 4327 3499 4399 placa-

1928 4411 2017 4455 tus
2041 4401 2375 4462 ahscederet,
2401 4402 2623 4461 spiritus
2653 4402 2859 4456 Domini
2886 4402 3056 4455 induit
3079 4400 3316 4464 Gedeon,
3346 4413 3496 4453 eum-

374 4465 548 4537 (Jud.
579 4482 681 4542 Διι,
722 4470 797 4542 it
834 4480 881 4521 et
914 4465 1037 4542 (seq.
1061 4470 1101 4538 ).
1153 4470 1264 4542 Hoc
1291 4480 1379 4542 _et_
1428 4485 1568 4524 nunc
1624 4473 1821 4539 agitur,
1851 4466 1901 4525 D
1930 4487 2033 4542 que
2061 4470 2580 4542 virtutesubl’ultum
2612 4473 2675 4524 ad
2699 4472 3045 4542 prieliandum
3068 4471 3251 4534 mittit,
3285 4470 3507 4542 signum.

1933 4539 2173 4595 {victorias
2206 4541 2462 4594 voluntati
2493 4543 2611 4608 ejus
2652 4541 2956 4609 assignans.
3002 4540 3116 4594 Duo
3161 4548 3341 4594 tamen
3380 4539 3497 4609 ipse

1923 4612 2187 4684 poposcit,
2217 4625 2337 4680 qua:
2364 4611 2417 4665 in
2461 4626 2654 4680 magno
2690 4611 2946 4682 mysterio
2988 4625 3159 4681 usque
3189 4611 3241 4665 in
3283 4618 3497 4680 tempus

1985 4765 2013 4804 ιι
2053 4765 2110 4819 In
2140 4781 2241 4821 ius.
2268 4766 2475 4835 Rcmig.
2511 4782 2751 4836 praesens
2770 4776 2931 4834 caput
2960 4767 3214 4824 dividitur
3230 4777 3362 4823 ante
3388 4769 3490 4821 hoc

1916 4838 2163 4901 verbum,
2180 4836 2557 4909 Subsequent
2569 4839 2657 4892 cui
2678 4842 2971 4909 przcligitur
2999 4840 3203 4899 titulus,
3219 4838 3495 4892 Prtzdictia

1916 4911 2122 4980 factaet
2154 4908 2381 4980 figurata
2401 4906 2768 4980 ,{iuJudjcum
2790 4906 2986 4964 credita
3010 4920 3058 4963 et
3086 4910 3213 4966 visa.

1991 4976 2011 5015 ι
2052 4976 2147 5031 Ms.
2181 4976 2389 5046 Remig.
2422 4979 2571 5046 legit,
2607 4978 2859 5034 Dsbbora.

1987 5057 2025 5083 ω
2064 5047 2205 5101 Editi
2251 5047 2521 5119 addebant
2569 5049 2657 5103 hic
2697 5065 2883 5105 vocem
2938 5049 3118 5115 illum;
3145 5062 3264 5119 quze
3293 5061 3358 5103 ex
3389 5061 3490 5105 ius.

1918 5119 2233 5188 Romigiano
2258 5117 2533 5186 judicatur
2562 5121 2854 5188 superﬂua.

1983 5198 2009 5224 ιι
2042 5186 2138 5261 iis.
2166 5187 2399 5261 Betuig“
2423 5186 2688 5257 ferrum...
2715 5190 2930 5261 lignum.

1982 5266 2005 5293 ο
2048 5258 2144 5311 Ms.
2178 5258 2409 5327 Remig.,
2432 5274 2622 5314 vocem.

1982 5338 2008 5377 P
2050 5328 2144 5400 llis.
2175 5328 2409 5400 Bemig.,
2440 5331 2601 5384 crucis
2631 5329 2792 5400 ligno.

1984 5408 2010 5446 ιι
2053 5398 2147 5470 Ms.
2181 5399 2418 5470 Remig.,
2459 5402 2642 5470 inquit.

1986 5479 2006 5504 τ
2054 5468 2216 5532 Editi,
2245 5472 2299 5522 in
2336 5468 2565 5524 minima.

1986 5547 2005 5571 ε
2051 5538 2145 5593 Ms.
2172 5539 2381 5608 Remig.
2411 5551 2556 5594 curet
2589 5539 2844 5606 particula
2878 5541 2950 5596 in.

1990 5612 2005 5643 ι
2054 5609 2147 5661 Me.
2185 5611 2417 5675 Rclnig.,
2448 5611 2535 5677 qui
2564 5610 2629 5661 ei.

1989 5688 2015 5712 ιι
2056 5679 2147 5732 Ms.
2184 5679 2412 5749 Ilufiiiig,
2445 5695 2599 5748 usque
2628 5695 2801 5733 mane.
