4040 6178
457 217 553 275 791

1266 218 1359 275 AD
1397 218 1625 274 OPERA
1666 218 1725 276 S.
1765 218 2103 276 PROSPERI
2147 218 2476 288 AQUITANI
2515 218 2882 276 APPENDIX.

3608 217 3717 274 79'2

456 345 574 397 xtv,
604 329 661 392 5,
687 327 767 397 6).
794 328 1027 384 Rursum
1055 328 1271 385 rediens
1299 330 1681 400 declinansque
1707 332 1869 394 viam,
1896 330 2022 385 dum
2051 333 2100 393 Α
2131 333 2434 400 prehensis,
2459 346 2644 387 earum
2675 332 2729 386 in
2756 333 2985 387 invicem
3014 332 3529 399 caudasiunectens,
3569 332 3718 384 faces

459 401 689 455 cadaver
716 399 927 468 inspicit
954 401 1259 468 animantis,
1314 401 1488 455 favmn
1517 399 1690 455 mellis
1718 402 1770 454 in
1792 416 1887 455 ore
1911 402 2026 454 leo-

461 473 544 524 nis
590 469 886 541 suspiciens
933 471 1182 533 abstulit,
1215 471 1371 541 idque
1403 473 1690 526 comedens
1727 473 1838 525 suis
1867 487 1929 525 ex
1963 486 2029 525 eo

465 540 771 609 parentibus
805 539 971 603 dedit,
1002 556 1174 609 neque
1204 539 1305 595 illis
1334 542 1530 597 factum
1574 548 1655 596 sui
1701 541 1880 609 operis
1908 542 2031 595 inti-

464 608 625 663 mavit
658 608 847 681 (lbid.,
881 609 958 681 8).
990 608 1100 665 Hoc
1130 621 1182 666 et
1217 624 1400 667 noster
1429 612 1711 666 Nazaraeus
1742 608 1895 666 Jesus
1927 611 2034 664 Do-

464 681 637 733 minus
678 680 805 749 egit.
841 681 1128 748 Discerpsit
1163 683 1413 750 populum
1438 682 1767 746 Judmorum,
1804 691 1827 718 ι
1859 689 1916 733 ιιι
1943 696 2027 734 ca-

465 750 632 821 tulum
662 750 853 815 leunis,
900 752 1147 821 misitque
1166 767 1279 821 _per
1320 763 1496 821 partes
1533 770 1546 805 :
1596 752 1664 806 de
1684 766 1789 821 quo
1820 752 2031 805 Balaam

464 820 724 888 propheta
750 820 963 887 gentilis
985 818 1102 874 ait’:
1148 818 1362 875 Catulus
1393 823 1551 876 leonis
1572 821 1598 860 δ
1620 824 1674 875 in
1702 818 1797 875 'via
1820 821 2036 887 fortissi-

462 886 581 961 mus
615 886 778 943 Israel
828 890 1017 961 (Nam.
1062 906 1213 955 satu,
1262 893 1377 960 24).
1423 893 1589 961 Hujus
1626 886 1910 961 particulas
1943 905 2036 961 per

464 960 652 1013 orbem
683 974 895 1026 Sparsas
925 961 1179 1030 prapheta
1212 962 1377 1016 David
1424 960 1675 1025 testatur,
1717 960 1901 1015 dicens
1932 960 2032 1030 ipsi

466 1029 587 1083 forti
617 1038 801 1103 nostro
826 1029 1082 1103 Domino:
1116 1029 1367 1103 Disperge
1390 1034 1507 1103 illos
1534 1034 1584 1084 in
1608 1034 1889 1103 virtutetua
1914 1029 2033 1099 (Ps.

466 1114 614 1154 um.
638 1098 747 1163 1‘2).
765 1110 786 1138 ο
810 1101 958 1168 Quod
986 1103 1180 1156 factum
1211 1098 1629 1164 non'crediutus,
1652 1102 1743 1155 sed
1771 1098 2035 1155 videmus.

538 1169 860 1256 40..Fa_vum
903 1172 1235 1256 verontellis
1266 1173 1510 1256 quodﬂiu.
1546 1188 1638 1226 ore
1684 1173 1852 1256 leonis
1884 1169 2041 1256 hujus

470 1238 696 1312 invenit,
730 1241 899 1312 legem
928 1242 1218 1311 spiritalem
1254 1238 1430 1311 populi
1463 1245 1600 1312 ejus,
1632 1242 1862 1301 auditor.
1889 1241 2044 1293 intel-

470 1311 595 1378 lige,
647 1311 786 1379 quod
831 1327 962 1379 apes
1009 1311 1327 1380 patriarchae
1372 1311 1530 1378 atque
1591 1314 1862 1380 prophetae
1908 1324 2041 1380 conr-

470 1392 764 1445 struentes,
796 1380 850 1435 in
888 1379 1021 1435 eum
1063 1383 1219 1436 mella
1268 1382 1560 1437 infuderint
1594 1379 1776 1436 divini
1822 1379 2041 1447 eloquii.

475 1450 584 1503 Hoc
609 1466 672 1521 ex
704 1465 797 1504 ore
823 1454 991 1506 leonis
1020 1453 1213 1506 mortui
1259 1453 1508 1518 abstulit,
1555 1452 1644 1521 qui
1691 1450 2044 1521 repulsisJu-

472 1521 622 1590 ilicis,
657 1520 824 1589 legem
860 1522 1026 1589 ipsam
1050 1524 1207 1575 etiam
1235 1525 1480 1590 gentibus
1505 1519 1845 1575 minisuavil.
1884 1519 2047 1585 quue

472 1589 499 1624 ιι
528 1591 816 1644 comedens
843 1607 1037 1657 corpus
1076 1589 1354 1646 fortissimi
1395 1595 1560 1646 nostri
1614 1592 1815 1646 Judicis
1850 1591 2045 1643 Christi

2133 403 2215 455 his
2245 403 2492 456 ardentes
2517 403 2709 473 posuit,
2732 402 2748 439 ί
2804 418 3000 473 easque
3046 418 3139 472 per
3160 414 3374 467 segetes
3399 402 3717 473 Allophylo-

2132 488 2250 526 rum
2283 475 2358 525 ire
2387 472 2613 543 dimisit,
2638 470 2931 543 omnesque
2961 470 3144 525 eorum
3178 474 3354 541 fruges
3398 470 3538 543 miro
3565 487 3719 543 cinn-

2136 543 2329 610 peudio
2350 542 2643 597 Succendit.
2674 541 3047 609 Dicitquidem
3072 554 3124 598 et
3167 551 3349 597 noster
3401 542 3559 595 furtis
3612 541 3721 595 Do-

2135 614 2333 684 minus,
2361 613 2645 684 hatreticos
2668 617 2932 684 signans_:
2956 614 3131 684 Capite
3170 615 3311 667 nobis
3352 615 3528 675 vulpes
3546 611 3718 684 pusil—

2135 682 2210 736 las
2236 683 2628 753 exterminantes
2648 683 2819 738 vineas
2845 681 3016 753 (Cant.
3033 681 3092 749 ll,
3120 685 3208 749 1.5-)
3235 699 3254 753 ξ
3274 683 3463 748 quibus
3491 681 3717 753 sunifa-

2136 767 2229 807 ces
2259 752 2489 807 incendii
2522 754 2700 820 potius
2724 751 2924 808 erroris
2947 770 3104 822 quam
3149 752 3315 807 divini
3356 754 3581 805 amoris.
3604 751 3720 805 Nec

2137 834 2263 877 sunt
2292 823 2344 877 in
2392 825 2585 891 capite.
2640 824 2732 877 sed
2764 825 2814 876 in
2857 826 3046 878 eauda.
3094 824 3298 878 Ardent
3337 823 3480 876 enim
3524 823 3721 874 studiis

2139 894 2512 960 perversisque
2554 893 2831 957 doctrinis,
2878 895 3067 961 quibus
3120 894 3398 961 imperitos
3430 893 3513 946 vel
3543 892 3721 959 panius

2142 961 2157 1011 l
2184 966 2380 1030 peritos
2410 964 2623 1032 vaporis
2643 963 2725 1017 sui
2754 964 3065 1032 aspersione
3093 963 3357 1026 efﬂantes,
3383 977 3571 1014 omnes
3598 977 3718 1027 eos,

2139 1035 2288 1099 quasi
2322 1033 2455 1097 ignis
2486 1031 2514 1070 ι
2557 1046 2768 1102 agreste
2815 1031 3016 1097 fenum,
3062 1043 3404 1087 consumunt.
3453 1032 3716 1097 Quoniam

2142 1103 2193 1155 in
2210 1114 2496 1169 conspectu
2531 1104 2696 1157 nostri
2718 1104 2917 1172 judicis
2935 1104 3129 1158 Christi
3162 1104 3366 1156 Domini
3391 1104 3528 1168 ignis
3564 1104 3722 1155 arde-

2143 1173 2219 1225 bit
2256 1171 2371 1243 (Ps.
2408 1174 2639 1242 sovt,5),
2667 1171 2927 1240 eruntque,
2964 1186 3017 1226 ut
3044 1173 3173 1227 dicit
3200 1173 3481 1243 proiibeta,
3541 1187 3716 1225 omnes

2141 1244 2459 1313 alienigenis,
2490 1244 2679 1313 stipula
2710 1260 2728 1296 :
2755 1254 2801 1297 et
2838 1246 3101 1297 succendet
3140 1260 3226 1297 eos
3269 1244 3539 1296 adveniens
3589 1243 3717 1306 dies,

2144 1312 2264 1385 dicit
2290 1312 2535 1366 Dominus
2562 1312 2716 1385 (Mal.
2745 1330 2822 1376 tv,
2859 1312 2933 1385 l).
2963 1315 3057 1367 Illa
3084 1329 3213 1369 vero
3239 1314 3430 1385 mulier
3453 1328 3594 1380 qute,
3629 1328 3720 1385 re-

2146 1383 2271 1436 licto
2303 1393 2448 1437 tanto
2472 1382 2611 1446 viro,
2656 1385 2743 1438 alii
2774 1400 2830 1438 se
2851 1382 3077 1438 credidit
3104 1383 3435 1446 sociandam,
3470 1382 3721 1435 incendio

2146 1469 2265 1506 cum
2293 1458 2405 1507 suis
2438 1455 2749 1521 parentibus
2772 1469 2802 1508 a
2834 1453 2943 1507 suis
2990 1456 3197 1509 civibus
3245 1452 3723 1521 dignoscituresse

2147 1523 2676 1594 cotisninpta(1udic.
2709 1541 2796 1588 xv,
2832 1526 2913 1591 6),
2939 1535 2989 1578 ut
3045 1525 3218 1577 omnis
3265 1524 3439 1578 anima
3474 1523 3723 1594 ligretica

2149 1609 2269 1646 cum
2300 1590 2410 1646 suis
2434 1590 2763 1661 parentibus,
2797 1596 2846 1647 id
2874 1590 2979 1658 est,
3012 1594 3341 1655 doctoribus,
3367 1594 3475 1662 igni
3519 1590 3538 1630 ι
3572 1595 3723 1645 inex-

480 1658 870 1755 Doznini,'('iicit
902 1680 931 1755 τ’
947 1663 1113 1727 Quam
1142 1662 1384 1755 dulcia:
1426 1662 2042 1755 faucibusmtlerbtintkt‘ta,
2080 1697 2121 1755 Β
2151 1658 2467 1755 διὶηειιὶιιιξῖ,
2516 1658 2759 1755 ρείξςιιιιὶς
2783 1666 3209 1755 IraJducentibus,
3256 1658 3532 1755 exuratur.
3568 1663 3727 1755 ligno-

472 1746 625 1805 super
648 1731 797 1805 mella
819 1742 869 1805 e_I
904 1733 1152 1805 favosgori
1175 1750 1283 1786 meo
1313 1731 1434 1805 (Ps.
1461 1731 1814 1805 cxvui,_105).
1852 1731 1916 1784 Et
1939 1733 2043 1805 Sa-

474 1799 653 1871 l_omon
673 1802 747 1854 ait
775 1819 787 1854 :
820 1799 949 1856 Favi
971 1802 1152 1863 mellis,
1180 1799 1434 1857 sermones
1457 1804 1573 1857 boni
1592 1799 1903 1868 (Ρνουζινι,
1928 1800 2042 1871 2i).

475 1868 631 1943 Dedit
658 1888 723 1926 ex
749 1889 836 1938 eo,
892 1874 1090 1928 dictum
1144 1882 1204 1927 ut
1246 1885 1349 1939 est,
1404 1875 1712 1943 parentibus
1755 1876 1886 1940 suis,
1913 1868 2048 1943 sive

473 1941 769 2014 discipulis,
799 1959 919 1997 cum
967 1947 1162 2014 aperuit
1210 1940 1416 1999 sensum
1455 1961 1649 2008 eorum,
1696 1954 1749 1995 ut
1796 1940 2050 2014 intellige-

473 2020 583 2063 rent
614 2011 1075 2082 Scriptitraslbuc.
1104 2030 1255 2079 mv,
1285 2016 1407 2080 45):
1440 2015 1555 2068 sive
1595 2015 1676 2068 ιιὶς
1724 2013 1813 2082 qui
1863 2027 1923 2065 ex
1953 2011 2049 2082 Ju-

475 2081 607 2133 d.eis
672 2081 1003 2137 transierunt
1051 2084 1114 2137 ad
1164 2085 1321 2139 fidem
1375 2084 1593 2149 Christi,
1668 2081 1922 2136 utetiam
1949 2081 2047 2149 ipsi

476 2162 753 2218 gustaules
785 2153 1050 2219 vidc-rent,
1082 2170 1235 2222 quam
1280 2156 1449 2207 suavis
1501 2165 1574 2207 est
1632 2154 1879 2207 Dominus
1926 2148 2048 2222 (Ps.

481 2235 667 2293 sum,
701 2225 778 2288 9).
814 2224 980 2293 Hujus
1008 2225 1233 2277 actionis
1255 2226 1477 2291 aenigma
1519 2227 1743 2278 Samson
1791 2224 1842 2277 in
1866 2225 2051 2276 convi-

478 2290 565 2343 vio
588 2290 1160 2361 nuptiarum'nrotulit,
1202 2298 1299 2348 sub
1342 2290 1486 2349 certa
1516 2294 1804 2361 Sponsione
1835 2294 2050 2359 triginta

479 2360 787 2423 sindOnum.
816 2360 1153 2432 totidemque
1182 2368 1318 2419 s'ola
1352 2381 1440 2418 um
1490 2360 1619 2418 viris
1666 2366 1751 2423 oui
1802 2364 2050 2427 aderant,

477 2445 519 2485 δι
540 2434 806 2506 proposita
823 2436 1184 2489 narravisseut
1206 2434 1653 2506 (Jud_ic.x1v,19).
1666 2432 1744 2487 Ea:
1757 2433 2049 2506 devorante,

481 2504 669 2576 inquit,
699 2506 819 2557 exiit
846 2521 982 2567 esca,
1012 2516 1060 2557 et
1088 2522 1150 2558 ea:
1181 2504 1298 2576 forti
1329 2504 1345 2543 τ
1374 2506 1519 2558 dulce
1541 2504 1704 2569 (Ibid.
1739 2505 1849 2572 1’s).
1882 2504 2051 2576 Quam

480 2573 867 2641 propinquante
893 2573 1188 2630 solutionis
1206 2578 1292 2629 die
1312 2592 1432 2630 cum
1462 2576 1756 2642 intelligere
1787 2573 2056 2643 nequivis-

478 2652 619 2715 sent,
655 2645 772 2711 ejus
802 2647 1079 2701 mulierem
1105 2655 1129 2693 ι
1161 2647 1321 2700 minis
1371 2648 1771 2715 terroribusque
1811 2655 2052 2715 coactam

478 2714 759 2782 explorare
786 2717 983 2770 faciunt
1006 2732 1196 2771 sensus
1236 2718 1357 2780 viri,
1386 2730 1446 2770 ac
1492 2732 1585 2783 per
1613 2714 1780 2784 ipsam
1823 2714 2058 2784 proposi-

481 2784 643 2837 tionis
682 2786 951 2857 solutione
994 2795 1292 2853 comperta,
1327 2787 1633 2857 parabolam
1667 2784 2056 2857 pandor-tydi-

479 2865 667 2922 centes
699 2872 711 2906 :
750 2856 887 2920 Quid
933 2857 1134 2910 dulcius
1162 2859 1308 2911 melle
1331 2855 1403 2909 iet
1438 2857 1620 2922 [artius
1652 2856 1832 2909 leone?
1864 2855 2057 2920 Quibus

480 2920 569 2975 ille
594 2927 666 2976 ait
697 2940 716 2978 :
742 2927 801 2979 Si
829 2944 929 2980 non
951 2924 979 2963 ι·
1002 2928 1300 2981 domassetis
1322 2920 1530 2980 vitulam
1561 2941 1743 2988 meam,
1780 2940 2057 2993 numquam

480 2993 828 3068 intelligeretis
879 2998 1172 3068 parabolam
1251 3014 1417 3051 meam
1461 2995 1623 3067 (Ibid.
1660 2996 1770 3063 18).
1812 2996 2052 3068 Magnum

2151 1747 2289 1786 main
2311 1735 2575 1786 traducem
2594 1735 2710 1787 illos
2732 1752 2793 1789 ea:
2808 1735 3543 1803 adversoiniquitatesillorum
3566 1732 3725 1802 (Sap.

2148 1819 2219 1863 ιν,
2248 1805 2361 1872 ΞΟ),
2386 1821 2504 1857 cum
2536 1804 2615 1859 eis
2645 1806 2846 1859 dixerit
2877 1806 3133 1859 Dominus
3169 1823 3182 1858 :
3211 1804 3463 1857 Discedite
3496 1821 3529 1855 a
3572 1819 3653 1855 me
3674 1806 3727 1853 in

2147 1874 2722 1947 iquemteternum,qui
2744 1886 2953 1947 paratus
2979 1886 3050 1929 est
3080 1873 3284 1929 diabolo
3312 1884 3359 1929 et
3384 1874 3584 1944 angelis
3617 1876 3728 1944 ejus

2151 1943 2365 2013 (Matth.
2392 1962 2517 2010 xxv,
2545 1945 2659 2015 41).

2725 2015 2952 2071 CAPUT
2991 2016 3158 2071 XX“.

2151 2105 2219 2159 In
2259 2105 2435 2160 eodem
2482 2106 2721 2177 Samson,
2767 2108 2903 2177 quod
2921 2108 3103 2177 ligatus
3136 2106 3366 2162 Christus
3400 2107 3651 2161 Dominus
3699 2123 3729 2158 a

2493 2175 2712 2242 Juda’is,
2742 2175 2943 2230 vincula
2964 2175 3141 2231 omnia
3165 2179 3404 2249 disrupit.

2153 2265 2437 2321 Prtedictio
2452 2268 2585 2322 facta
2608 2283 2658 2323 et
2677 2270 2964 2338 figurata."
2981 2269 3037 2323 In
3057 2268 3302 2323 Judieum
3322 2268 3522 2323 credita
3537 2267 3726 2322 etvisa.

2224 2362 2310 2415 η.
2346 2362 2487 2415 Idem
2519 2362 2741 2416 Samsoo
2776 2362 2825 2415 in
2855 2362 2946 2417 illo
2984 2364 3182 2431 populo
3212 2364 3370 2415 aliam
3406 2360 3730 2431 όίΙειὶιιιιιιτ

2154 2431 2362 2492 lierem,
2394 2449 2554 2499 quam
2580 2433 2706 2485 dum
2740 2429 3273 2500 pergeret‘accipere.
3301 2432 3401 2485 soli
3432 2429 3730 2500 transeunti

2154 2505 2289 2555 viam
2317 2503 2651 2556 inimicorum
2702 2499 2913 2556 insidias
2958 2506 3226 2556 irruerunt
3255 2500 3451 2572 (Judic.
3498 2499 3727 2572 “,15).

2154 2574 2251 2627 Cui
2283 2574 2452 2626 virtus
2479 2572 2656 2626 divina
2689 2575 2871 2626 statim
2921 2573 3093 2627 affuit.
3143 2571 3489 2641 Apprelietisa
3531 2571 3729 2624 etenim

2156 2643 2292 2696 asini
2325 2644 2563 2703 maxilla,
2588 2643 2734 2697 mille
2761 2646 2904 2697 viros
2955 2659 3017 2698 ex
3051 2658 3112 2696 ea
3143 2642 3451 2711 prostravit,
3480 2650 3732 2695 exteros-

2155 2729 2259 2781 que
2289 2713 2445 2768 vertit
2471 2714 2732 2782 inlugam.
2757 2714 2856 2781 Qui
2885 2730 3004 2768 cum
3019 2712 3107 2767 sitl
3139 2712 3431 2780 przeliando
3455 2712 3729 2782 deficeret.

2158 2780 2407 2836 invocato
2436 2783 2568 2846 Deo.
2601 2780 2665 2836 ex
2704 2784 2835 2836 rima
2877 2784 2994 2852 ejus
3024 2783 3253 2838 maxillae
3305 2798 3439 2851 aqua
3465 2780 3732 2852 proﬂuens

2159 2856 2346 2921 prisce
2377 2854 2558 2906 virtuti
2590 2852 2818 2907 reddidit
2849 2851 3118 2919 satiatum,
3151 2869 3381 2923 eumque
3406 2851 3734 2906 adversariis

2157 2925 2420 2991 superatis
2469 2923 2595 2976 fecit
2635 2937 2755 2979 esse
2796 2924 3070 2979 victorem.
3132 2924 3187 2979 Si
3224 2933 3465 2978 nostrum
3546 2923 3733 2975 fortem

2163 2994 2442 3048 Dominum
2468 2994 2723 3063 respicias
2751 2997 2850 3048 hoc
2865 2991 3735 3063 animalivectatum,tantumdcm

482 3057 667 3145 igitur'
696 3066 823 3145 illud
849 3057 1059 3145 pietatis
1113 3068 1427 3145 Dominicae-
1452 3057 1869 3145 sacra-mentum,
1895 3057 2053 3145 'quod
2082 3057 2125 3117 C
2158 3075 2318 3145 atque
2343 3057 2656 3131 ampliorem
2683 3079 2959 3145 numerum
2979 3064 3045 3145 ab
3061 3073 3468 3145 eoprostratum
3492 3062 3737 3145 invenies

482 3134 534 3187 iu
580 3134 719 3203 Lege
748 3134 1123 3205 fuitivelatum,
1160 3139 1360 3205 fuitque
1380 3137 1750 3192 absconditum
1783 3153 1809 3189 a
1845 3137 2055 3189 Steculis

485 3207 535 3257 in
554 3205 689 3269 Deo;
715 3210 1006 3263 revelatum
1033 3225 1125 3275 per
1144 3208 1435 3267 Christum.
1467 3208 1864 3261 manifestatum
1895 3220 1973 3258 εει
2005 3208 2056 3260 in

481 3276 963 3348 gentibus(Coloss.
983 3279 1099 3343 n26
1116 3297 1131 3342 ;
1149 3281 1161 3332 |
1180 3280 1294 3332 Tim
1326 3278 1521 3348 tu,16).
1540 3280 1680 3332 Sane
1699 3292 1731 3330 a
1748 3293 1804 3331 se
1824 3283 2056 3343 pr0~tra-

485 3357 567 3397 tus
601 3363 800 3401 exuens
829 3349 1032 3408 spoliis.
1064 3352 1322 3416 promissa
1354 3350 1578 3403 Samson
1606 3349 1749 3400 omni
1780 3348 2059 3400 celeritate

484 3418 740 3488 persolvit
773 3416 971 3487 (ludic.
1004 3435 1117 3483 XIV,
1139 3420 1267 3488 19);
1300 3420 1443 3472 utde
1471 3431 1658 3472 noswo
1687 3416 2055 3488 quodudtcium

482 3486 654 3541 fuerat
685 3485 844 3541 etiam
870 3490 1191 3558 signaretur,
1212 3485 1463 3543 Fortium
1490 3488 1678 3541 dividet
1712 3485 1887 3555 spolia
1917 3485 2055 3551 (lsa.

483 3570 594 3622 LIII,
627 3558 738 3625 η).
765 3557 1063 3613 Salubriter
1106 3561 1247 3613 enim
1294 3570 1478 3613 noster
1508 3573 1635 3612 suos
1664 3559 1860 3612 occidit
1883 3557 2058 3610 inimi-

483 3641 594 3687 cos,
620 3626 745 3681 dum
770 3642 988 3697 peccato
1020 3640 1294 3696 peceatum
1337 3630 1535 3683 occidit
1564 3631 1616 3683 in
1659 3643 1821 3683 Carne
1878 3628 2055 3698 (Rom.

484 3699 705 3770 vut,_5),
736 3700 966 3770 reddens
987 3701 1279 3769 spoliorum
1309 3700 1708 3770 promissioues,
1738 3714 1840 3752 non
1870 3697 2057 3752 merita

482 3768 691 3841 meritis
716 3812 729 3835 ,
757 3769 851 3825 scd
881 3786 978 3841 pro
1006 3768 1159 3826 malis
1191 3768 1325 3826 bona
1353 3771 1645 3841 conferens
1675 3770 1903 3841 miseris.

551 3836 906 3911 41.7Pcrgens
935 3858 1064 3898 vero
1109 3844 1335 3898 Samson
1366 3842 1430 3895 ad
1459 3841 1601 3895 diem
1626 3839 1815 3893 festum
1848 3837 2059 3911 Hebraei

484 3910 683 3976 pepuli,
708 3907 912 3966 ut'cum
941 3916 1050 3968 suis
1082 3929 1241 3981 agere
1272 3913 1555 3981 potuisset,
1613 3912 1887 3981 mulierem
1937 3907 2056 3981 ejus

481 3981 598 4051 viro
649 3981 735 4034 alii
779 3992 1025 4048 parentes
1071 3978 1402 4037 tradiderunt
1452 3980 1650 4051 (Judic.
1694 3994 1789 4041 ιν,
1820 3978 1893 4049 1).
1950 3980 2059 4051 Hoc

483 4049 683 4122 faciunt
704 4051 846 4122 leves
888 4054 1131 4122 vilesque
1159 4054 1372 4120 animm,
1405 4049 1524 4121 quae
1565 4051 1892 4105 consortium
1911 4049 2056 4122 unici

482 4121 666 4185 Sponsi
705 4118 903 4175 Christi
929 4118 1080 4176 casto
1118 4118 1367 4190 fidelique
1388 4118 1550 4176 corde
1582 4122 1798 4174 minime
1825 4121 2059 4172 retinen-

484 4199 584 4249 tcs,
608 4190 895 4246 cuilibetse
920 4193 1187 4246 hzcretica:
1207 4194 1418 4246 tradunt
1444 4194 1650 4245 sociant
1670 4206 1755 4253 (ue
1776 4190 2054 4243 doctrinas.

481 4259 855 4332 Admonetque
883 4263 1173 4332 Apostolus
1201 4264 1410 4316 animas
1438 4265 1595 4332 unius
1611 4258 1796 4328 sponsi
1834 4258 2055 4332 Christi,

483 4330 677 4397 pudico
701 4346 907 4396 amore,
933 4330 1108 4386 cubile
1130 4344 1411 4385 servantes
1446 4349 1458 4383 :
1498 4330 1675 4384 Videte
1726 4346 1789 4382 ue
1826 4331 1936 4399 quis
1973 4346 2059 4383 vos

2158 3130 2495 3190 inimicorum
2537 3152 2549 3187 :
2581 3151 2646 3188 cu
2692 3160 2700 3185 l
2733 3138 2781 3188 ei
2819 3134 2947 3187 dicit
2979 3135 3142 3187 David
3176 3134 3430 3203 propheta
3466 3150 3479 3186 :
3539 3130 3737 3203 Cadent

2158 3222 2191 3257 a
2221 3204 2379 3259 latere
2416 3215 2503 3258 tuo
2536 3205 2689 3264 mille.
2726 3215 2771 3258 et
2798 3205 2970 3257 decem
2997 3204 3156 3257 millia
3180 3202 3221 3255 'a
3249 3205 3441 3257 dextris
3471 3204 3573 3256 tuis
3602 3219 3620 3255 :
3648 3202 3737 3255 tibi

2159 3286 2326 3327 autem
2352 3292 2452 3327 non
2491 3275 2973 3345 appropinquabant
3006 3273 3137 3344 (Ps.
3159 3289 3247 3338 xc,
3265 3275 3347 3343 7).
3374 3275 3635 3341 Quoniam
3667 3274 3739 3326 si-

2159 3346 2310 3397 tienti
2341 3360 2550 3412 corpori
2578 3346 2712 3412 ejus,
2738 3361 2800 3398 ex
2832 3346 3019 3403 latere.
3054 3358 3317 3410 tamquam
3354 3361 3418 3399 ex
3435 3346 3586 3404 rima,
3615 3357 3742 3395 san-

2158 3421 2276 3485 guis
2290 3425 2344 3468 et
2363 3431 2497 3484 aqua
2528 3416 2756 3468 manavit
2783 3414 2960 3485 (Joau.
2982 3430 3097 3478 xu,
3115 3414 3342 3482 64).qua
3357 3416 3546 3466 satiata
3562 3415 3744 3485 omnis

2161 3482 2335 3539 anima
2367 3482 2671 3538 Christiana
2702 3486 2827 3538 dicit
2859 3503 2871 3537 :
2906 3484 3075 3551 Super
3100 3501 3257 3553 aquas
3290 3485 3582 3553 refectionis
3610 3482 3746 3537 edu-

2159 3558 2289 3609 cavit
2315 3570 2413 3615 me,
2436 3557 2661 3608 animum
2685 3571 2849 3608 means
2878 3557 3117 3608 convertit
3147 3552 3290 3623 ’(Ps.
3318 3552 3450 3619 sx",
3504 3552 3585 3619 2).
3616 3553 3745 3607 Post

2162 3627 2291 3679 illud
2343 3627 2582 3679 mirabile
2633 3628 2893 3692 Prtelium,
2926 3625 3154 3680 SamSon
3200 3624 3428 3679 sociavit
3448 3624 3549 3678 sibi
3578 3625 3742 3676 aliam

2160 3711 2320 3765 quam
2360 3696 2553 3749 dilexit
2591 3696 2901 3765 mulierem,
2949 3700 3161 3748 nomine
3204 3695 3365 3748 Dalila
3395 3694 3594 3765 (Judic.
3630 3708 3742 3765 svi,

2159 3762 2216 3833 ἱ)
2282 3766 2422 3819 Duas
2450 3778 2577 3819 istas
2607 3767 2857 3837 tntilieres
2884 3764 2966 3837 (ut
2996 3766 3107 3833 ipsa
3142 3765 3291 3837 actio
3316 3762 3539 3837 mystica
3562 3762 3746 3837 multi-

2163 3838 2370 3905 pliciter
2396 3838 2635 3891 discussa
2656 3834 3042 3905 revelatiduas
3064 3836 3183 3888 illas
3212 3834 3463 3889 existimo
3497 3834 3745 3905 civitates

2159 3904 2292 3975 quas
2338 3907 2581 3960 Ezechiel
2631 3907 2889 3976 protihcta
2933 3904 3017 3959 bis
3070 3906 3346 3976 vocabulis
3384 3904 3739 3976 consignavit.

2160 3974 2312 4030 (iolla
2339 3987 2392 4029 et
2439 3974 2649 4041 Doliba,
2688 3976 3009 4039 Samariam,
3063 3975 3269 4029 scilicet
3323 3984 3381 4029 et
3439 3974 3740 4028 Jerusalem

2163 4045 2387 4118 (Ezech.
2414 4062 2563 4109 χχιιι,
2590 4049 2641 4113 4)
2670 4068 2685 4101 :
2744 4046 3062 4118 Solitariam,
3106 4060 3225 4113 qua:
3258 4045 3548 4118 scissuram
3589 4043 3741 4118 regni

2161 4114 2214 4170 in
2256 4118 2503 4170 undecim
2542 4117 2820 4185 particulis
2856 4117 3109 4182 suscepit,
3153 4124 3419 4181 tamquam
3449 4114 3538 4185 illa
3563 4117 3742 4185 prima

2162 4189 2357 4241 mulier
2380 4203 2520 4256 qua},
2545 4183 2741 4241 relicto
2798 4189 3037 4255 legitimo
3076 4186 3213 4242 viro.
3247 4201 3305 4238 se
3339 4183 3607 4238 haereticis
3634 4193 3742 4256 trs.-

2161 4256 2323 4321 didit;
2354 4251 2653 4311 Jerusalem
2681 4274 2830 4323 vero,
2853 4251 2918 4310 ut
2952 4259 3065 4309 lucc
3102 4256 3292 4319 Dalila,
3335 4270 3452 4324 qua!
3484 4251 3742 4323 mysteria

2163 4330 2426 4396 passionis
2464 4327 2663 4383 Christi
2689 4328 2925 4393 Domini,
2948 4326 3196 4381 ordinata
3208 4326 3355 4380 omni
3377 4326 3590 4379 actione
3611 4337 3743 4377 con-

483 4402 691 4489 sedacat
720 4401 831 4455 ullo
857 4403 1009 4456 modo
1033 4400 1099 4473 (ll
1156 4400 1332 4489 Thess.
1387 4417 1445 4468 ιι,
1484 4400 1563 4472 '5).
1593 4400 1858 4489 Reversus
1879 4400 2059 4482 igitur
2089 4430 2138 4489 Β
2162 4399 2344 4489 clusit.

482 4473 732 4542 Samson,
761 4487 881 4527 cum
907 4471 1256 4542 cognosceret
1285 4487 1502 4526 uxorem
1553 4486 1701 4525 suam
1738 4471 1888 4523 alteri
1947 4472 2057 4542 viro

484 4539 649 4612 fuisse
674 4539 1040 4609 coniunctam,
1074 4542 1283 4598 insidiis
1327 4543 1471 4597 illam
1503 4555 1717 4612 gentem
1749 4556 1844 4608 pro
1872 4541 2057 4594 dolore

483 4610 716 4665 confecit
744 4612 943 4683 (Judic.
968 4630 1056 4681 xv,
1082 4615 1161 4683 5).
1185 4614 1462 4669 Trecentis
1493 4610 1669 4683 itaque
1691 4612 1936 4681 vulpibus
1967 4624 2060 4680 ap-

484 4755 645 4814 gante
673 4761 775 4800 ms.
807 4746 1039 4821 ῐὶιθιιιίει.ε
1072 4749 1337 4821 dispersit.
1362 4749 1427 4802 At
1456 4759 1599 4821 patet
1628 4764 1693 4802 ex
1741 4756 1886 4821 textu
1916 4746 2060 4801 Scri-

487 4831 659 4885 pturze
690 4827 744 4871 et
782 4818 1261 4886 sequentibus,'ubi
1292 4820 1539 4881 ,dicitur:
1575 4818 1854 4887 Discerpsit
1898 4834 2061 4888 popu-

485 4892 614 4951 lum,
636 4889 882 4959 priorem
914 4889 1196 4946 lectionem
1228 4901 1353 4945 ante
1384 4892 1707 4959 ponendam.

559 4968 585 4995 ἰ
607 4958 770 5023 Editi,
801 4970 847 5013 et
869 4959 1114 5013 catulum.

558 5028 584 5066 ι’
618 5032 706 5086 Sic
732 5046 834 5085 ms.
863 5030 1072 5099 Remig.
1104 5032 1239 5085 Editi
1268 5046 1419 5095 vero,
1452 5030 1617 5084 Iuda.

557 5100 582 5131 ⁸
614 5101 718 5156 Ms.
746 5100 978 5171 Remig.,
1026 5103 1177 5168 Quod
1209 5103 1400 5173 factum
1426 5119 1518 5155 nos
1558 5102 1809 5156 credimus
1839 5098 1962 5153 dum
1988 5099 2063 5152 vi-

490 5173 687 5228 demus.

561 5239 587 5278 ά
613 5246 687 5296 lta
733 5258 836 5297 ms.
867 5242 1075 5312 Remig.
1109 5242 1341 5309 Atediti,
1372 5241 1538 5310 quue
1579 5240 1957 5295 comedit.......
2008 5250 2063 5293 ut

490 5314 631 5366 dicit.

564 5394 587 5418 '
610 5383 903 5453 Siclegitur
924 5386 974 5438 in
997 5384 1318 5439 editionibus
1344 5382 1607 5438 veteribus
1630 5390 1684 5435 et
1699 5396 1809 5453 _ms.
1838 5379 2023 5447 Remig
2052 5420 2067 5444 ,

494 5452 619 5507 licet
646 5451 972 5509 recentiores
1009 5455 1209 5508 addant
1241 5470 1426 5507 vorent
1482 5453 1643 5512 meis;
1697 5451 1750 5505 iu
1808 5467 1912 5517 quo
1962 5468 2064 5504 ms.

495 5522 722 5596 habetur
742 5544 768 5596 γε
802 5526 1000 5593 eloquia
1030 5538 1117 5578 tua
1144 5542 1294 5596 super
1326 5524 1421 5577 mel
1452 5535 1498 5578 et
1529 5528 1691 5593 favos.

571 5593 588 5629 ί
619 5594 697 5647 Ms
740 5595 975 5660 Rcutig.,
1006 5596 1192 5649 dulcis.

568 5672 591 5708 ε
620 5662 710 5721 Sic
741 5667 835 5721 Ms.
866 5666 1095 5733 Remig.,
1121 5666 1208 5722 cui
1240 5665 1495 5721 accedere
1538 5664 1785 5719 videntur
1815 5660 2058 5727 Lugdun.

2235 4469 2325 4523 43.
2358 4469 2489 4535 Qua:
2516 4483 2602 4521 res
2625 4478 2790 4534 gestze
2826 4467 2896 4521 ita
2945 4476 3259 4537 sequuntur.
3306 4464 3571 4537 Dixerunt
3598 4462 3746 4537 Allo-

2166 4540 2309 4607 phyli
2367 4540 2433 4592 ad
2488 4540 2751 4592 Dalilam:
2798 4540 2973 4593 Seiluc
3026 4535 3203 4591 ivirum
3244 4546 3421 4600 tuum,
3453 4535 3745 4607 etiindicet

2166 4602 2260 4664 ilbi
2292 4613 2342 4664 in
2380 4625 2487 4678 quo
2536 4610 2607 4663 sit
2659 4610 2830 4663 virtus
2875 4610 3029 4678 ejus,
3083 4618 3138 4663 et
3189 4607 3433 4662 dabimus
3483 4604 3578 4659 tibi
3629 4602 3741 4655 siu-

2162 4758 2213 4801 et
2233 4746 2461 4807 Lovan..
2498 4746 2583 4799 ubi
2613 4747 2828 4815 legitur,
2855 4747 3006 4800 nimis
3027 4745 3329 4800 terroribus.
3359 4744 3463 4798 Alii
3495 4743 3735 4807 codices,

2163 4817 2334 4870 nimiis
2360 4817 2654 4870 terroribus.

2236 4886 2264 4923 ιι
2303 4886 2401 4939 Ms.
2435 4886 2665 4955 Remig.,
2698 4887 3027 4941 dominaretis
3080 4885 3252 4939 vitula
3280 4899 3427 4953 mete,
3458 4899 3737 4953 numquam

2162 4957 2562 5011 intellexissetis.

2244 5027 2259 5065 ί
2292 5028 2417 5081 Haac
2436 5029 2618 5095 verba,
2648 5042 2830 5096 easque
2858 5041 2947 5096 per
3001 5033 3199 5097 segetes
3223 5022 3621 5097 Allaphglorum
3664 5024 3739 5076 ire

2166 5098 2379 5162 dimisit,
2404 5094 2673 5167 omnesque
2698 5094 2873 5149 eorum
2900 5094 3086 5165 segetes
3134 5095 3260 5167 miro
3287 5133 3302 5157 ,
3330 5110 3448 5167 quae
3465 5094 3737 5167 habebanf

2170 5169 2326 5220 turin
2359 5183 2458 5220 IIIS.
2490 5164 2798 5236 Remigiano
2845 5176 2899 5219 et
2946 5164 3181 5219 editiOne
3228 5164 3596 5236 Lugdunensi,
3654 5164 3739 5236 ab

2170 5238 2491 5291 editionibus
2521 5238 2595 5291 illi
2644 5232 3032 5305 posterioribus
3083 5235 3424 5300 exciderant,
3472 5250 3577 5288 non
3620 5232 3741 5288 sine

2170 5324 2364 5363 sensus
2392 5307 2491 5360 loci
2519 5308 2673 5360 istius
2692 5307 3033 5359 detrimento.

2244 5379 2258 5449 ᾗ
2298 5378 2395 5431 Me.
2423 5377 2654 5447 Remig.,
2686 5378 2957 5449 perituros.

2239 5447 2266 5487 ιι
2304 5451 2395 5500 .\ls.
2434 5451 2662 5518 Ileutig.,
2688 5447 2741 5501 ut
2771 5448 3185 5518 agrestefenum.

2247 5519 2261 5557 ι
2297 5519 2393 5571 Ms.
2420 5515 2652 5586 Remiqu
2684 5515 3067 5586 ina’stimabilis.

2240 5600 2276 5626 In
2313 5591 2432 5642 Ilmc
2460 5584 2769 5660 supplentur
2804 5603 2867 5642 es
2898 5599 2998 5640 ms.
3031 5584 3263 5654 θειώδη
3289 5586 3372 5641 cui
3425 5585 3573 5641 deest
3594 5584 3741 5653 prius

2174 5662 2380 5715 titulus.
