3972 6176
414 251 512 305 795

1224 238 1314 294 AD
1349 236 1580 293 OPERA
1621 236 1679 293 S.
1720 229 2063 290 PllOSPBRl
2100 222 2425 295 AQDITANI
2468 219 2831 277 M’PENDIX.

3568 218 3666 273 Ἱθῦ

416 365 571 416 euasit
605 358 755 431 (Luc.
785 371 919 418 uti,
947 354 1013 410 δι
1038 370 1052 418 ;
1084 351 1272 431 Matth.
1305 364 1471 431 ax",-
1655 348 1827 404 unum
1860 360 1990 431 “ei?
2020 350 2065 405 Α
2095 339 2420 431 ἓΨΫῗιΫῘΒΨ
2569 334 3669 431 “EQTi‘i‘i'ﬂt.Igilii}-B‘I'I‘E'PLElii?

416 414 711 486 extremum
737 429 789 481 itt
814 414 985 479 morte
1000 414 1093 476 sua
1110 421 1422 476 miraculum
1447 414 1576 474 fecit
1588 420 1835 479 Samson,
1849 414 1993 485 quod

417 507 577 555 etiam
608 510 789 553 noster
814 496 1071 549 Dominus
1099 505 1151 545 et
1184 494 1337 544 lortis
1383 490 1641 557 implevit.
1695 487 1994 542 Crescente

418 588 569 625 coma
595 570 804 634 capitis,
827 582 945 619 cum
976 565 1023 619 ei
1052 562 1311 634 crevisset
1335 571 1387 615 et
1417 557 1701 634 virtus,__a_d
1733 558 1991 624 templum

418 646 609 695 ductus
637 629 704 691 ab
734 629 981 695 inimicis,
1032 650 1139 702 quo
1166 632 1341 686 omnis
1366 635 1589 699 populus
1610 629 1700 702 ille
1726 642 1994 702 convene-

420 722 503 766 rat
531 714 658 764 dare
687 707 869 761 Iaudes
892 715 946 760 et
972 697 1215 758 victimas
1238 703 1340 755 diis
1361 697 1497 764 suis,
1527 700 1667 770 quod
1697 699 1777 753 eis
1796 697 1997 751 acerri-

420 797 564 836 mum
594 794 745 832 suum
771 776 1096 830 tradiderant
1126 776 1362 836 hostem;
1410 772 1518 825 illic
1570 772 1798 840 positus,
1830 782 1996 834 puero

420 854 509 921 qui
534 851 632 904 sibi
660 850 909 902 ducatum
944 844 1231 921 prmbebat,
1266 842 1463 921 ntejus
1509 842 1765 921 manibus
1792 840 1998 921 colum—

424 910 518 975 nas
542 935 700 989 supra
732 932 864 987 quas
888 910 1057 989 totum
1089 916 1214 989 illud
1243 913 1523 989 aedilicium
1544 910 1841 989 __l'erebatur
1869 918 1998 989 .tra-

422 997 575 1045 deret
598 980 899 1057 imperavit.
926 988 1068 1050 Quas
1099 996 1125 1021 ιι
1172 983 1390 1051 singulis
1416 982 1660 1057 manibus
1698 980 2000 1057 appreheu:

423 1066 580 1125 deus,
621 1047 871 1113 invocato
927 1047 1074 1119 Deo,
1127 1047 1292 1125 semel
1348 1068 1407 1108 se
1461 1051 1635 1125 adhuc
1689 1047 2000 1125 conﬁrmari

428 1119 584 1200 petit;
642 1138 800 1200 atque
852 1129 1055 1200 impetu
1117 1124 1336 1192 spiritus
1410 1122 1686 1200 columnas
1742 1119 1997 1200 evel-lens,

427 1190 586 1255 iimue
624 1190 752 1253 illud
802 1190 1082 1249 aedilicium
1127 1190 1247 1247 cum
1297 1193 1504 1262 populis
1555 1190 1775 1262 cadens,
1820 1190 2002 1262 plures

429 1275 654 1325 Samson
686 1268 881 1323 occidit
919 1269 969 1321 in
1009 1275 1182 1319 murte
1244 1260 1383 1323 sua.’
1410 1276 1568 1331 quam
1622 1260 1895 1331 occiderat
1949 1261 2000 1313 in

430 1344 541 1396 vita
567 1356 659 1394 sua
687 1338 889 1409 (Judic.
919 1333 1120 1409 an}?
1134 1332 1287 1403 δίᾳ).
1316 1330 1511 1409 Noster
1540 1330 1701 1385 etiam
1749 1330 2004 1409 Dominus

432 1400 766 1465 manifestius
821 1407 961 1473 quod
1014 1400 1123 1459 ille
1178 1400 1398 1473 mystice
1449 1402 1656 1473 fecerat
1697 1400 1941 1454 exhibuit
1986 1416 2002 1455 :

430 1484 565 1535 duos
588 1480 809 1545 angulos
829 1471 1033 1547 mundi,
1061 1471 1521 1547 circumcisionetn
1547 1471 1753 1547 scilicet
1780 1484 1845 1524 ac
1871 1483 2007 1533 pra:-

429 1541 843 1616 puttuntfvetut
870 1541 1335 1616 dua_s_colt_tmnas,
1362 1541 1417 1616 in
1448 1542 2012 1616 suamortemovens,

432 1602 662 1670 bmnem
677 1614 949 1667 culturam
977 1608 1298 1663 idololatriae
1329 1605 1601 1660 subvertit
1637 1622 1649 1657 :
1680 1602 1882 1657 solvens
1910 1604 2016 1656 ini-

2095 425 2198 478 que
2229 410 2412 474 gratite
2440 406 2569 473 fuit,
2597 408 2725 461 dum
2754 406 3006 478 parvulus
3032 419 3335 478 versaretur
3366 408 3419 458 in
3451 415 3670 478 tempto,

2100 475 2157 534 ut
2186 490 2238 533 et
2268 479 2447 532 divina
2477 491 2734 541 responsa
2763 476 3058 544 acciperet,
3086 485 3140 529 et
3179 476 3230 529 ei
3273 477 3447 529 futura
3495 475 3673 529 D-ntni-

2098 565 2198 603 nus
2239 551 2511 602 nuntiaret
2549 548 2610 617 (ι
2645 546 2769 616 Reg.
2802 561 2889 613 tu,
2916 547 2951 600 4
2973 544 3010 615 ).
3042 546 3147 617 sed
3177 545 3223 599 is
3251 559 3354 599 non
3389 555 3593 617 tantum
3622 546 3675 601 in

2100 620 2266 689 ﬁgura
2304 621 2527 689 mutavit
2562 615 2805 671 Ordinem
2844 615 3549 689 sacerdotii,‘qnantum‘in
3586 617 3678 689 illo

2099 686 2200 745 tria
2230 690 2478 757 quaedam
2509 687 2875 748 inveniuntur,
2906 701 3025 756 qute
3049 686 3265 757 Christo
3291 698 3417 739 sunt
3449 687 3675 741 Domino

2098 755 2490 827 cuusignanda.
2527 760 2639 811 Dux
2669 758 2809 810 enim
2840 766 2892 810 et
2922 755 3176 827 sacerdos
3208 765 3376 827 atque
3415 758 3675 827 propheta

2098 825 2329 885 eﬂ'ect'us
2354 838 2435 881 est
2460 829 2661 897 populi.
2682 828 2879 897 Ducem
2906 826 2950 879 si
2971 825 3475 897 quzerisChristum,
3494 826 3678 897 Daniel

2103 904 2367 970 propheta
2396 900 2463 951 de
2491 895 2607 970 ipso
2635 914 2649 950 :
2683 896 2834 970 Dus},
2868 897 2974 958 ait,
2996 896 3213 970 militiae
3250 896 3467 970 caelestis
3498 895 3675 970 (Itan.

2100 966 2155 1025 ix
2177 1010 2191 1033 ,
2213 969 2331 1037 25).
2364 969 2714 1037 Sacerdotem
2754 966 2804 1037 isi
2843 966 3041 1035 qut‘iS
3071 966 3343 1037 Christum
3362 1010 3377 1032 ,
3412 967 3575 1019 David
3602 968 3681 1019 di-

2100 1041 2213 1095 cit:
2245 1035 2322 1091 Tu
2361 1054 2413 1091 es
2459 1036 2699 1090 sacerdos
2745 1036 2800 1090 in
2840 1045 3083 1089 aeternum
3124 1035 3403 1089 secundum
3451 1037 3680 1090 ordinem

2104 1106 2477 1164 Melchisedech
2530 1108 2547 1178 (
2578 1106 2667 1178 Ps.
2704 1122 2829 1178 (ιιι,
2865 1104 2981 1178 4);
3013 1106 3337 1178 Prophetatn
3388 1107 3435 1161 si
3476 1109 3683 1178 _qu;rris

2102 1180 2401 1245 Christum,
2432 1174 2547 1246 ipse
2568 1176 2635 1230 de
2659 1177 2838 1244 seipso
2864 1177 2914 1229 in
2943 1175 3233 1244 Evangelia
3259 1175 3392 1246 dicit
3420 1194 3432 1229 :
3464 1174 3585 1246 Non
3614 1185 3683 1228 est

2103 1250 2351 1321 propheta
2379 1244 2706 1321 sineltonore
2732 1247 2835 1299 nisi
2859 1247 2914 1321 in
2956 1247 3123 1321 patria
3143 1262 3254 1321 ‘sua
3294 1244 3444 1317 (Luc.
3469 1262 3543 1313 tv,
3564 1245 3677 1321 ξι).

2109 1316 2242 1374 Dum
2271 1321 2431 1388 igitur
2460 1318 2556 1371 lilii
2585 1316 2701 1370 Heli
2729 1316 3283 1388 sacerdotismaligne
3306 1316 3565 1386 agerent,
3586 1318 3675 1388 in-

2105 1386 2935 1458 debite'praasnmentespartes
2973 1386 3111 1458 alias
3134 1388 3277 1440 vesci
3304 1402 3383 1458 _es
3424 1386 3681 1458 carnibus

2106 1455 2449 1513 immolandis
2468 1500 2482 1521 ,
2511 1472 2643 1525 quas
2670 1456 2773 1511 illis
2794 1470 2905 1527 non
2934 1455 3281 1527 mandaverat
3302 1456 3443 1527 Deus
3470 1458 3489 1527 (
3510 1456 3541 1527 li
3556 1455 3679 1526 Reg.

2106 1546 2168 1593 tt,
2194 1528 2316 1598 i2);
2340 1543 2403 1582 ac
2428 1527 2674 1597 primitus
2703 1526 2838 1591 sibi,
2876 1535 3077 1598 postea
3095 1527 3203 1581 Deo
3228 1526 3428 1598 debere
3468 1526 3687 1598 aﬂ’erri;

2110 1595 2441 1655 insectantes
2464 1599 2628 1651 etiam
2668 1595 2921 1651 mulieres
2960 1597 3238 1651 venientes
3285 1595 3351 1650 ad
3398 1597 3686 1666 templum,

433 1666 656 1740 nticitias
686 1666 741 1736 in
768 1697 930 1735 carne
948 1697 1067 1743 sua,
1092 1688 1149 1731 ut
1170 1679 1298 1730 duos
1324 1676 1568 1729 conderet
1591 1676 1645 1728 in
1676 1690 1752 1735 se,
1772 1675 1826 1726 in
1852 1689 2017 1725 unum
2042 1721 2084 1743 η
2109 1684 2229 1743 cum
2255 1671 2332 1743 eis
2359 1669 2555 1743 ﬂagitia
2584 1666 2984 1743 perpetrabant.
3011 1666 3217 1743 Quibus
3241 1667 3535 1743 sceleribus
3560 1680 3689 1743 con-

435 1721 1437 1818 ίίὲἓίιῖιηήἔίηξιῑέιιιένῆιῖἒεῖεἱιῖεὲᾖξἶ)
1471 1754 1527 1797 ut
1547 1721 1844 1818 reconciliet
1869 1752 2019 1818 utra-
2042 1721 2087 1782 Β
2115 1739 2266 1818 lectis
2295 1721 2477 1818 _i_ra_tuos
2514 1721 2701 1818 Deus;
2720 1738 2961 1818 praelium
2989 1721 3069 1791 eis
3093 1721 3333 1791 adversm
3366 1721 3551 1805 gentis
3593 1738 3692 1790 im-

435 1842 536 1896 que
563 1826 619 1896 in
644 1840 747 1896 uno
769 1813 986 1896 corpore
1020 1819 1149 1896 Deo,
1173 1813 1266 1896 per
1290 1816 1530 1896 Crucem,
1561 1815 1879 1896 interﬁciens
1911 1813 2020 1896 ini:

438 1882 661 1949 inicitt'as
685 1895 740 1947 in
762 1882 1037 1961 semetipso
1058 1882 1270 1960 (Epltes.
1289 1902 1346 1951 It,
1364 1888 1428 1940 14
1445 1894 1492 1937 et
1508 1886 1666 1955 seq.).
1685 1882 1975 1952 ﬂuensque
1991 1891 2014 1921 ε

438 1967 495 2021 in
522 1964 778 2022 Judicum
797 1963 1043 2033 ﬁgurate,
1068 1975 1190 2029 quae
1215 1966 1336 2012 acta
1363 1963 1515 2023 sunt,
1536 1960 1919 2009 occurrerunt.

998 2074 1226 2131 CAPUT
1252 2073 1441 2130 XXIII.

634 2167 804 2236 Ruth,
842 2166 1069 2222 Ecclesia
1093 2182 1156 2220 ea:
1183 2163 1425 2219 Gentibus
1448 2162 1645 2219 ludatis
1668 2165 1910 2220 illudens.

470 2262 755 2317 Praedictio
778 2261 914 2316 facta
939 2270 992 2316 et
1012 2260 1256 2330 llgurata.
1282 2258 1339 2313 In
1366 2258 1506 2312 Ruth
1534 2258 1739 2314 credita
1763 2270 1819 2314 et
1843 2260 1976 2313 visa.

505 2353 599 2407 48.
633 2352 772 2407 Ruth
805 2352 856 2405 in
889 2351 983 2406 illo
1011 2350 1210 2420 popqu
1233 2349 1373 2402 dicta
1403 2358 1515 2412 est,
1553 2365 1673 2420 qua:
1710 2366 1831 2404 cum
1871 2359 2016 2405 esset

438 2424 733 2493 alienigena
750 2463 766 2488 ,
796 2422 847 2476 id
874 2432 987 2487 est,
1014 2436 1083 2476 ex
1107 2420 1356 2475 Moabitis
1377 2421 1625 2493 veniens,
1653 2421 1757 2475 sub
1783 2423 1896 2491 lege
1918 2421 2017 2493 Dei

438 2504 492 2546 et
520 2488 715 2561 populo
741 2493 943 2560 posita,
967 2507 1031 2547 ea
1059 2494 1195 2557 egit,
1222 2505 1342 2557 qua:
1369 2488 1589 2561 ligni-am
1612 2488 1885 2561 gestarent
1916 2491 2017 2545 Ec-

438 2558 621 2617 clesia:
648 2558 917 2619 venientis
942 2577 1007 2616 ex
1036 2562 1285 2629 gentibus
1312 2562 1332 2631 (
1359 2558 1521 2631 Ruth.
1563 2558 1629 2621 ι.
1651 2560 1687 2614 4
1710 2560 1750 2629 ).
1790 2560 2014 2615 Cuidam

439 2634 581 2687 enim
610 2650 675 2687 ex
708 2633 902 2701 popqu
944 2632 1169 2701 llebrmo
1206 2646 1265 2684 se
1307 2630 1362 2701 in
1399 2630 1649 2699 conjugio
1690 2631 2015 2685 matrimonii

438 2704 636 2757 obtulit
664 2699 827 2775 (Ibid.
845 2702 980 2775 ut,9
1001 2713 1046 2756 et
1065 2700 1172 2775 12).
1201 2703 1269 2754 At
1296 2699 1631 2775 ille_scrvans
1662 2701 1908 2775 mandata
1933 2701 2015 2775 le-

438 2777 551 2844 gis,
582 2770 689 2828 non
720 2774 900 2841 specie
927 2781 1127 2825 tractus
1146 2770 1478 2844 iuvenculm,
1510 2771 2017 2844 non_adolescenti:e

440 2840 553 2897 sua:
583 2840 772 2910 captus
802 2844 1023 2907 ardore,
1052 2856 1173 2896 sese
1201 2842 1536 2910 ingerentem
1571 2840 1637 2894 ad
1666 2856 1787 2895 eum
1820 2845 2015 2907 mittit,

438 2928 523 2968 cut
550 2909 913 2983 propinquiori
936 2928 1001 2983 es
1026 2913 1142 2983 lege
1161 2909 1456 2983 debebatur
1481 2909 1887 2983 (Deut.x3v,5).
1919 2912 2021 2969 Re-

439 2993 592 3037 cusat
616 2977 734 3038 eam
760 2977 807 3036 is
832 2986 920 3053 qui
940 2982 1067 3053 jure
1080 2977 1273 3053 'dtvino
1300 2977 1669 3053 pulsatnsest.
1694 2977 2015 3053 Excalcean-

441 3054 568 3108 dum
598 3054 681 3107 lex
707 3051 914 3107 censuit
944 3051 1034 3121 qui
1068 3051 1415 3121 propinquam
1444 3052 1690 3121 accipere
1715 3052 1975 3107 noluisset
1999 3070 2012 3106 :

441 3138 544 3229 qua
568 3132 692 3177 uota
716 3124 815 3178 iste
846 3134 1097 3187 vexatus,
1128 3122 1213 3175 illa
1246 3122 1318 3175 illi
1348 3123 1547 3175 sociata
1574 3130 1687 3187 est,
1721 3122 1811 3190 qui
1840 3122 2017 3177 locum

519 3196 569 3229 in
620 3194 988 3229 nnsninnninri
1036 3202 1343 3229 cna-unauana!
1387 3191 1551 3229 (η..ιὴ
1601 3207 1653 3229 nr
1703 3193 1733 3229 Ω
1784 3194 1875 3229 Il“
1930 3194 2017 3229 Qin

519 3196 569 3247 in
620 3194 989 3263 propinquiuri
1036 3202 1347 3247 servaverat
1387 3191 1573 3261 (Ruth.
1600 3207 1675 3256 tv,
1702 3193 1753 3255 8,
1784 3194 1897 3263 10).
1930 3194 2021 3248 Sic

445 3264 682 3317 Ecclesia
711 3262 737 3300 ά
764 3264 999 3330 gentium
1030 3264 1188 3316 etiam
1220 3264 1414 3330 pepulo
1464 3262 1766 3317 lsraelitico
1810 3262 1863 3316 in
1916 3264 2021 3318 lide

442 3332 645 3385 Christi
692 3334 936 3400 Domini,
972 3335 1021 3386 in
1054 3332 1422 3401 propinquiori
1453 3348 1574 3386 sese
1598 3333 1788 3385 obtulit
1814 3349 1826 3385 :
1857 3348 2019 3401 quam

444 3405 719 3468 suscipere
746 3406 937 3456 nolens
977 3403 1081 3456 rite
1119 3404 1447 3455 excalciatus
1485 3414 1567 3454 est
1605 3404 1775 3469 gloria
1812 3404 2022 3456 collatae

446 3472 611 3541 legis,
640 3482 696 3526 et
716 3471 949 3525 infamia:
978 3482 1101 3525 nota
1132 3471 1339 3541 inustus
1365 3490 1377 3523 ε
1401 3472 1653 3541 quoniam
1682 3471 1845 3524 noluit
1872 3472 2024 3525 bene-

444 3544 751 3607 dictionem,
780 3542 1003 3613 etlonge
1029 3542 1119 3613 [iet
1154 3540 1237 3613 ab,
1261 3556 1319 3593 eo
1364 3543 1382 3611 (
1406 3540 1497 3613 fit.
1520 3556 1676 3602 cvm,
1704 3542 1828 3611 18).
1871 3542 2025 3597 Sicut

446 3614 740 3679 Apostolus
765 3610 1162 3678 eidem'populo
1188 3612 1319 3663 dicit
1343 3610 1381 3664 :’
1404 3610 1553 3664 Vobis
1595 3613 1759 3680 primo
1788 3610 2023 3681 'oportuit

452 3683 470 3719 ί
488 3684 787 3736 annuntiari
814 3683 1018 3735 verbum
1042 3682 1135 3734 Dei
1163 3696 1184 3733 :
1212 3683 1300 3735 sed
1322 3684 1557 3750 quoniam
1579 3683 1843 3751 expulistis
1868 3683 2022 3749 illud,

447 3769 540 3805 nec
569 3770 654 3807 vos
683 3755 865 3823 dignos
895 3755 1010 3806 vine
1034 3763 1237 3806 (eterna:
1264 3754 1543 3823 judicastis
1564 3794 1579 3817 ,
1624 3769 1738 3806 ecce
1776 3757 2023 3806 convertio

446 3840 558 3875 mus
588 3821 781 3896 nosad
804 3836 972 3896 gentes
1003 3824 1169 3896 (Act.
1194 3821 1321 3886 xm,
1354 3821 1425 3877 46
1449 3826 1488 3891 ).
1528 3823 1727 3896 Domus
1755 3826 1897 3877 enim
1927 3839 2027 3896 exe

446 3896 659 3949 calceati
690 3894 741 3948 in
770 3894 862 3947 illo
895 3894 1123 3961 populo,
1161 3894 1262 3947 ltoc
1306 3896 1534 3947 crimine
1576 3894 1883 3947 notabatur.
1924 3894 2025 3960 Qui

450 3979 577 4016 vero
618 3980 733 4017 eam
775 3965 1042 4033 posterior
1082 3964 1323 4031 accepit,
1354 3965 1592 4033 populus
1629 3977 1740 4026 eat,
1776 3966 2027 4018 calceatus

448 4032 915 4106 pedesnhabensrin
945 4035 1313 4106 praeparatione
1343 4032 1623 4106 Evangelii
1638 4034 1777 4106 pacis
1804 4035 2024 4106 (Ep/tes.

457 4117 537 4165 st,
566 4102 673 4171 l5).
704 4105 854 4167 Quod
891 4104 1235 4171 Evangelium
1265 4102 1574 4164 annuntiat,
1609 4102 1750 4157 Buoz
1789 4102 1844 4157 et
1886 4105 2028 4156 Rutlt

449 4173 595 4225 Obetl
623 4174 890 4240 genuisse,
922 4172 1075 4240 cujus
1109 4188 1202 4238 per
1231 4176 1627 4227 successionem
1659 4174 1878 4226 seminis
1900 4214 1915 4238 ,
1943 4188 2031 4226 us-

450 4257 557 4310 que
582 4244 647 4293 ad
678 4241 875 4311 .losepb
908 4250 965 4295 et
993 4240 1211 4296 Mariam
1230 4286 1246 4306 ,
1281 4244 1551 4311 ipsiusque
1581 4243 1776 4295 Christi
1814 4242 2027 4297 Domini

454 4314 783 4366 nativitatem
814 4310 1134 4381 perventum
1163 4326 1241 4365 est
1273 4310 1488 4378 (Matth.
1514 4327 1561 4376 ι,
1589 4314 1621 4367 5
1643 4322 1687 4365 et
1710 4319 1865 4381 seq).

1020 4401 1247 4457 CAPUT
1277 4400 1467 4457 XXIV.

543 4494 609 4549 In
638 4495 881 4551 Samuele
906 4493 1135 4549 Christus
1170 4495 1445 4555 Dominus.
1483 4492 1632 4559 Dux,
1660 4493 1942 4559 Sacerdos,

772 4578 816 4619 et
842 4564 1131 4633 Propheta,
1160 4564 1442 4619 sacerdotes
1471 4581 1709 4635 arguens.

456 4656 746 4711 Promissio
766 4656 902 4710 facta
925 4665 981 4710 et
1000 4658 1242 4727 figurata.
1264 4658 1318 4710 Ιιι
1344 4657 1543 4725 Regum
1563 4664 1583 4704 ε
1603 4657 1806 4712 credita
1824 4666 1880 4713 et
1898 4662 2036 4712 visa.

525 4749 614 4802 49.
646 4748 796 4801 Anna
825 4762 958 4801 uxor
988 4748 1230 4810 Eleanaa.
1271 4765 1390 4818 qua:
1430 4750 1628 4803 sterilis
1668 4750 1804 4813 fuit,
1851 4760 2037 4805 votum

456 4824 605 4871 vuvit
637 4819 773 4891 Deo,
806 4818 849 4870 si
880 4818 927 4870 ei
958 4819 1114 4891 daret
1139 4819 1336 4891 lilium,
1357 4835 1491 4891 _en_tu
1526 4821 1595 4873 ab
1620 4820 1840 4891 infantia
1872 4837 2037 4891 usque

456 4892 521 4941 ad
576 4889 782 4963 seniu_m
812 4891 1047 4941 futurum
1083 4888 1135 4941 in
1164 4890 1330 4949 domo
1357 4885 1384 4924 ιι
1416 4889 1625 4944 Domini
1664 4894 1707 4961 (Ι
1736 4890 1858 4963 Reg.
1889 4885 2031 4954 t,'ll

456 4971 501 5013 et
525 4960 678 5032 seq).
712 4959 876 5013 Datus
913 4970 1073 5028 atque
1100 4974 1163 5013 ex
1202 4974 1266 5014 ea
1296 4968 1451 5014 natus
1480 4972 1563 5017 est
1591 4959 1834 5029 Samuel,
1878 4978 2037 5033 quem

529 5170 554 5233 fl
585 5160 677 5233 bis.
711 5159 945 5233 Remig"
971 5157 1202 5233 singulas
1216 5156 1454 5227 singulis.

529 5230 556 5269 δ
590 5229 685 5284 Ms.
722 5231 928 5301 Retuig.
948 5273 963 5297 ,
992 5241 1041 5286 et
1054 5229 1377 5284 commutare
1403 5239 1641 5299 utrosque
1669 5230 1821 5283 inane
1847 5268 1863 5284 .
1887 5266 1902 5282 .
1935 5269 1950 5284 .
1981 5230 2036 5284 in

460 5302 806 5370 semetipsum.

468 5441 480 5451 _
535 5380 560 5453 εξ
590 5368 806 5453 Siculus.
837 5369 1023 5441 Rcmig
1053 5410 1069 5435 ,
1096 5368 1495 5432 subintellecto,
1520 5368 1698 5438 libris;
1726 5371 1854 5427 editi
1884 5386 2033 5435 vero,

462 5444 514 5494 in
534 5444 765 5508 judiciis.

532 5508 559 5546 ὃ
595 5510 691 5563 Ms.
722 5507 955 5578 chig.,
983 5512 1267 5578 prapinquo
1298 5517 1658 5564 reum-areret.

538 5589 561 5616 ο
598 5581 691 5633 .\Is.
723 5577 951 5646 Benng.,
984 5596 1047 5631 e1
1075 5593 1329 5647 gentibus.

539 5648 557 5687 ί
594 5650 695 5706 κε.
724 5648 954 5718 Rcmig.,
981 5654 1283 5705 annuntiars
1304 5692 1314 5705 .
1336 5652 1732 5708 “conteruntur
1755 5652 1823 5705 ad
1850 5661 2039 5721 gentes.

2115 1809 2259 1864 misit
2289 1809 2338 1877 (Ι
2364 1808 2491 1879 Reg.
2516 1824 2591 1873 tv,
2621 1809 2697 1879 i).
2733 1808 2786 1862 In
2811 1822 2923 1879 quo
2952 1822 3057 1879 non
3086 1816 3291 1879 tantum
3319 1820 3493 1879 caesus
3518 1822 3691 1879 pepu-

2117 1881 2233 1943 lus,
2282 1875 2542 1948 quantum
2586 1875 2747 1934 etiam
2787 1875 2868 1948 illi
2908 1877 3010 1948 ipsi
3054 1878 3361 1932 sacerdotes
3399 1875 3692 1948 interfecti.

2113 1948 2229 2015 Ipsa
2255 1946 2465 2019 quoque
2492 1964 2615 2003 arca
2649 1949 2738 2019 Dei
2764 1949 2831 2001 ab
2862 1946 3103 2001 hosubus
3130 1955 3285 2017 capta
3309 1956 3412 2019 est.
3435 1946 3530 2019 Sic
3554 1946 3695 2002 enim

2115 2017 2455 2074 Deus'lsrael
2506 2018 2753 2073 irascitur
2797 2019 3139 2087 peccantibus
3181 2017 3590 2080 sacerdotibus,
3640 2028 3696 2070 ut

2114 2092 2274 2143 etiam
2307 2090 2531 2143 sacratis
2564 2089 2694 2143 locis
2720 2088 2831 2141 suis
2863 2089 3111 2157 vasisque
3153 2102 3260 2142 non
3304 2098 3512 2155 parcat.
3560 2087 3697 2140 Dicit

2112 2160 2258 2229 enim
2287 2159 2451 2213 David
2477 2178 2487 2210 :
2512 2157 2719 2229 Repulit
2750 2157 2888 2211 Deus
2914 2157 3298 2229 tabernaculum
3321 2173 3497 2221 suum,
3518 2158 3571 2210 in
3596 2174 3697 2225 quo

2113 2228 2375 2282 habitabat
2404 2230 2457 2282 in
2486 2228 2811 2292 horninibus;
2840 2236 2888 2280 et
2918 2228 3132 2281 tradidit
3161 2244 3246 2281 eos
3274 2230 3327 2280 in
3352 2244 3541 2280 manus
3571 2244 3695 2297 gen.

2116 2302 2241 2351 tium
2285 2309 2331 2352 et
2376 2300 2647 2353 deminuti
2673 2307 2793 2352 sunt
2832 2314 3005 2351 eorum
3045 2299 3134 2365 qui
3175 2300 3389 2352 oderunt
3428 2313 3516 2351 eos
3562 2296 3696 2363 (Ps.

2115 2384 2324 2429 Lxxvtt,
2351 2369 2442 2432 60,
2467 2369 2582 2439 6|).
2614 2369 2901 2439 Etiiterutn
2932 2384 2946 2420 :
2981 2367 3183 2439 Repulit
3205 2384 3295 2439 eos
3330 2368 3481 2439 Deus
3506 2369 3669 2439 sancti

2115 2439 2404 2507 ﬁcationem
2448 2437 2593 2511 suam
2620 2438 2753 2511 (Ps.
2797 2437 3066 2511 Lxsxvut,
3114 2438 3183 2493 40
3204 2438 3242 2508 ).
3272 2438 3407 2511 Item
3436 2437 3563 2511 alibi
3594 2454 3609 2489 :
3641 2437 3699 2491 Si

2114 2512 2390 2579 peccaverit
2429 2508 2679 2579 populus,
2711 2509 2941 2561 exorabit
2981 2525 3073 2575 pro
3112 2524 3171 2562 eo
3210 2508 3563 2579 sacerdosssi
3609 2524 3673 2579 au

2116 2577 2217 2703 tim
2256 2577 2491 2703 sacegdSo;
2513 2577 2540 2703 ἑ
2574 2579 2891 2649 peccaverit,
2938 2579 3048 2649 quis
3092 2580 3321 2632 exorabit
3366 2594 3458 2647 pro
3498 2578 3593 2631 illo
3639 2577 3696 2649 (Ι

2168 2665 2248 2703 ea.
2278 2664 2348 2703 ιι.

2168 2665 2248 2702 ea.
2278 2652 2410 2702 u.2

2187 2664 2352 2798 ξι).Ἦῖ
2370 2648 2621 2798 dignity:
2648 2718 2662 2771 l
2690 2715 2824 2772 Cum
2856 2732 3050 2786 magno
3070 2716 3274 2798 gemitu
3299 2726 3355 2771 et
3381 2715 3699 2798 inexplebili

2116 2787 2245 2843 ﬂetu
2300 2788 2477 2842 dicam
2507 2806 2519 2841 :
2551 2787 2725 2842 dicam
2756 2787 3209 2857 praecurrentibus
3238 2786 3473 2855 peccatis
3516 2786 3699 2855 impie-

2115 2872 2219 2927 que
2241 2859 2521 2928 agentibus
2546 2860 2722 2926 nobis,
2742 2856 2943 2911 nostris
2964 2871 3174 2928 qupque
3198 2857 3313 2913 haec
3340 2856 3476 2910 mala
3502 2871 3701 2928 prove-

2117 2926 2235 2983 nire
2266 2926 2615 2996 temporibus.
2650 2928 2842 2983 Arcam
2867 2942 2997 2981 vero
3028 2926 3122 2981 Dei
3143 2941 3302 2996 quam
3328 2936 3587 2993 ceperant
3610 2926 3702 2979 ho-

2118 3009 2232 3053 stes
2255 3042 2270 3066 ,
2298 3013 2359 3053 ea
2385 3000 2735 3053 veneratione
2760 2997 3039 3052 colendam
3067 3011 3189 3051 esse
3214 2996 3561 3051 crediderunt
3580 3036 3597 3062 ,
3646 3005 3705 3051 ut

2043 3075 2087 3137 C
2120 3071 2175 3123 in
2208 3069 2406 3138 templo
2430 3069 2523 3123 Dei
2555 3070 2637 3123 sui
2670 3069 2849 3138 Dagon
2870 3107 2885 3130 .
2916 3067 3286 3123 collocandum
3311 3066 3705 3138 arbitrarentur

2122 3139 2165 3263 ει
2190 3136 2409 3209 Βεθξν,
2431 3140 2516 3220 2)..
2544 3139 2655 3194 Sub
2680 3136 2830 3207 cuius
2863 3138 3100 3206 potentia
3120 3179 3135 3204 ,
3163 3136 3409 3218 sequenti
3450 3136 3541 3191 die
3580 3136 3703 3191 ido-

2150 3224 2238 3262 um
2267 3225 2420 3262 suum
2449 3210 2641 3263 eltsum
2673 3217 3106 3263 prostratumque
3146 3207 3418 3261 viderunt.
3465 3206 3573 3261 Sed
3602 3208 3703 3261 hoc

2150 3224 2238 3262 um
2267 3206 2420 3262 suum
2449 3206 2641 3263 elisum
2673 3217 3106 3276 prostratumque
3146 3206 3418 3261 viderunt.
3465 3206 3573 3261 Sed
3602 3208 3707 3261 hoc

2122 3280 2270 3333 casui
2297 3278 2488 3334 dantes
2510 3318 2526 3344 ,
2559 3275 2682 3331 eum
2712 3294 2926 3331 rursum
2955 3275 3107 3332 uncis
3136 3275 3450 3331 fortioribus
3483 3276 3706 3331 validio«

2123 3350 2374 3419 ribusque
2407 3350 2649 3417 deligunt
2672 3348 2870 3419 (lbid.,
2891 3348 2970 3417 5).
3000 3346 3168 3414 Quem
3200 3359 3417 3419 postera
3448 3346 3535 3401 die
3562 3361 3702 3401 con-

2126 3418 2357 3472 fractum
2416 3417 2914 3487 comminutumque
2967 3431 3149 3472 coram
3207 3431 3332 3471 arca
3386 3417 3704 3487 intuentes,

2125 3488 2384 3557 quidnam
2412 3490 2545 3544 illud
2572 3497 2718 3544 esset
2756 3484 2976 3542 minime
3016 3498 3334 3558 repererunt
3378 3485 3561 3555 (Ibid.
3585 3484 3705 3555 6);

2128 3561 2345 3629 ipsaque
2372 3574 2505 3629 gens
2538 3560 2771 3629 graviori
2799 3559 3073 3629 atrocique
3106 3558 3255 3626 plaga
3297 3570 3552 3629 percussa
3578 3567 3667 3610 est
3689 3596 3704 3619 ,

2126 3627 2283 3697 quam
2315 3627 2479 3684 David
2512 3627 2773 3700 propheta
2798 3628 2899 3700 sub
2937 3627 3166 3697 quodam
3212 3628 3417 3693 pudore
3457 3636 3707 3691 testatur,

2127 3700 2358 3754 dicens:
2395 3698 2657 3753 Percussit
2700 3698 2933 3752 inimicos
2979 3713 3097 3751 suos
3145 3707 3461 3759 retrorsum,
3505 3712 3704 3763 oppro-

2130 3770 2295 3822 brium
2331 3771 2689 3840 senmiternum
2731 3768 3011 3840 deditgillis
3048 3766 3178 3840 (Ps.
3209 3780 3416 3840 uxvtt,
3442 3766 3555 3834 66).
3595 3766 3710 3819 Nec

2133 3842 2413 3894 valuerunt
2441 3837 2612 3907 ’hnjus
2658 3838 3001 3906 turpitudinis
3042 3837 3272 3891 evadere
3296 3839 3549 3907 ultimam
3593 3850 3709 3903 ινα·

2132 3925 2253 3962 nam
2275 3952 2289 3977 ,
2320 3910 2420 3965 nisi
2452 3904 2631 3964 arcam
2665 3904 2759 3964 Dei
2788 3922 2948 3976 quam
2974 3916 3259 3971 ceperant.
3296 3904 3321 3944 ιε
3351 3906 3505 3961 donis
3534 3920 3707 3974 appo-

2130 3978 2249 4033 sitis
2271 4021 2286 4046 ,
2317 3980 2679 4035 reddidissent
2705 3979 2757 4054 (I
2778 3977 2907 4046 Reg.
2930 3993 2981 4031 VI
3002 4019 3016 4042 ,
3039 3978 3125 4047 5).
3161 3977 3415 4041 Videant,
3446 3984 3711 4058 metuant-

2131 4067 2234 4119 que
2264 4065 2418 4119 reges
2445 4058 2501 4104 et
2526 4060 2712 4120 gentes
2731 4089 2747 4115 ,
2778 4064 2897 4117 quae
2926 4064 3089 4117 penes
3115 4062 3193 4120 se
3220 4057 3427 4120 sacrata
3458 4060 3703 4113 omnipo-

2134 4116 2295 4174 tentis
2328 4116 2421 4175 Dei
2450 4116 2577 4175 vasa
2607 4136 2747 4173 nunc
2792 4116 2960 4187 usque
2987 4117 3196 4184 captiva
3226 4116 3458 4171 retinent
3484 4156 3500 4181 ,
3532 4131 3711 4181 eaque

2134 4189 2360 4244 reddere
2390 4190 2713 4245 detrectant.
2745 4189 2877 4254 Quae
2904 4188 3045 4242 enim
3087 4188 3228 4241 mala
3265 4197 3487 4241 ventura
3530 4190 3711 4239 credi-

2135 4275 2256 4313 mus
2280 4264 2359 4313 eis
2404 4262 2495 4329 qui
2542 4275 2736 4314 nomen
2764 4258 2896 4329 illud
2928 4257 3067 4328 quod
3097 4266 3181 4312 est
3220 4272 3383 4329 super
3410 4271 3570 4329 omne
3610 4272 3711 4308 no.

2135 4345 2256 4403 men
2290 4326 2514 4403 (Philip.
2542 4346 2612 4393 tt,
2633 4329 2727 4403 9),
2760 4328 2814 4382 in
2846 4326 2988 4403 vasis
3017 4329 3134 4395 ejus
3176 4328 3401 4403 sacratis
3438 4326 3709 4380 honorare

2138 4396 2614 4455 noluerunticum
2645 4396 2725 4453 sic
2764 4399 3195 4467 puuitosrarcam
3242 4396 3338 4467 Dei
3381 4397 3711 4467 honorantes

2060 4447 2110 4506 ῐ)
2139 4447 3509 4592 aitaitlignariiigtouisnam,193:1»;
3530 4447 3711 4535 diu.

2144 4540 2316 4592 visam
2347 4552 2401 4592 et
2425 4541 2510 4592 hic
2539 4539 2765 4592 euenerit
2790 4537 2877 4592 vin
2922 4540 3077 4591 ictam
3107 4536 3286 4592 lacere
3393 4551 3457 4591 us
3494 4534 3567 4591 de
3609 4537 3711 4591 ini-

2144 4540 2316 4622 vi_sa_m
2347 4552 2401 4622 et
2425 4541 2510 4622 lt_ic
2539 4539 2765 4609 coeperit
2790 4534 3077 4592 vindictam
3107 4536 3286 4592 lacere
3318 4534 3457 4591 Deus
3494 4534 3579 4591 de
3609 4537 3711 4591 ini-

2138 4612 2477 4735 Ιῃιὲ)δ.⁵1ῗ1¹ἓιιξ
2522 4696 2650 4735 vero
2693 4679 2784 4733 ille
2824 4688 3110 4733 contumax
3159 4675 3415 4731 Hebraeus
3444 4677 3707 4746 populus.

2138 4762 2320 4817 spreto
2346 4751 2617 4807 Samuelis
2664 4750 2889 4810 ducatu,
2933 4747 3034 4803 sibi
3078 4762 3258 4815 regem
3292 4747 3422 4817 ﬁeri
3467 4746 3709 4817 petiit,“

2142 4815 2269 4891 Reg.
2303 4836 2426 4888 vttt,
2459 4820 2538 4891 5).
2568 4820 2847 4888 lratusque
2873 4818 3242 4891 Dotninusait
3279 4816 3511 4891 Samueli
3538 4834 3551 4868 :
3590 4815 3711 4869 Non

2142 4902 2188 4944 te
2214 4886 2321 4951 isti,
2352 4886 2440 4945 sed
2466 4886 2546 4944 me
2571 4886 2867 4961 spreverunt
2900 4886 3166 4961 (lbid.,_7)
3190 4903 3205 4950 ;
3239 4896 3297 4941 ut
3318 4887 3448 4940 illud
3469 4895 3710 4961 ωηο-λει-

2141 4972 2395 5033 gnaretur
2423 4961 2567 5032 quod
2598 4956 2717 5030 post
2746 4956 3000 5014 dixerunt
3027 4956 3231 5023 Pilato,
3260 4965 3575 5026 spernentes
3604 4956 3713 5011 Do.

2216 5168 2241 5208 ι
2273 5157 2623 5215 Recentiores
2651 5155 2972 5211 addiderant
3002 5154 3088 5210 hic
3113 5170 3332 5220 vocem,
3368 5155 3549 5221 libris;
3579 5164 3633 5210 et
3660 5155 3716 5209 in

2142 5230 2495 5297 sequentibus
2527 5227 2847 5296 quibusdam
2883 5226 3119 5297 capitum
3161 5228 3330 5281 titulis
3353 5267 3368 5290 ,
3410 5241 3565 5295 quam
3606 5241 3716 5297 uno

2142 5314 2406 5355 consensu
2428 5298 2682 5353 omittunt
2706 5296 3035 5365 antiquiores
3061 5296 3303 5362 codices,
3332 5313 3454 5352 cum
3483 5312 3582 5351 ms.
3611 5296 3713 5350 Re-

2147 5368 2440 5493 ιιιὶἕϊιειεὲ
2461 5366 2827 5490 διιζιθιιάῧειιάᾳ
2856 5381 2961 5421 non
3000 5366 3290 5421 dubitetur.

2321 5454 2366 5493 ει.
2446 5453 2637 5493 emta”
2719 5453 2909 5490 ommu.

2224 5453 2246 5476 ιι
2272 5453 2366 5493 tus.
2400 5453 2637 5507 uemtg.,
2668 5453 2909 5490 uommu.

2224 5510 2240 5548 ι
2272 5508 2369 5563 Ms.
2406 5510 2637 5576 Remig.,
2670 5509 2816 5561 addit
2845 5521 3059 5578 vpcem,
3093 5508 3384 5578 peccauerit.

2222 5605 2234 5629 ι
2279 5580 2418 5633 Edit.
2443 5575 2632 5632 Colon.
2664 5592 2716 5632 et
2744 5594 2844 5631 ms.
2876 5575 3108 5645 Remig.,
3141 5575 3256 5633 Heu
3286 5577 3430 5631 mihi.

2222 5650 2244 5688 l‘
2275 5651 2373 5706 Ms.
2403 5649 2638 5720 Rcmig.,
2670 5651 2782 5703 anis
2809 5648 3076 5719 appositis.
