4040 6178
442 334 544 392 807

1266 328 1360 385 Αι)
1396 325 1622 385 OPERA
1663 326 1722 382 S.
1764 319 2105 379 PROSPEM
2142 318 2473 388 AQUITANI
2514 315 2881 374 APPENDIX.

3615 312 3718 368 808

444 442 826 516 descenditav
842 445 970 512 Reg.
987 458 1081 509 xx,
1113 441 1396 513 19).Quod
1413 440 1551 516 mire
1566 439 1815 516 evenisse
1826 434 2036 516 ﬁnitimi
2065 438 2109 497 Α
2139 434 2425 516 ἔασι-εμιὴις,
2457 430 2656 516 Threni
2684 431 2801 497 ejus
2827 425 3567 516 indicaratfutatim-naculum

446 518 572 572 dum
591 507 1114 583 ttdver'terent'rrges,
1132 507 1349 566 nuntios
1360 514 1423 565 ad
1444 512 1725 583 Ezecliiam
1744 507 2031 583 miserunt,

448 596 753 654 quatreutes
782 576 1035 654 quidnam
1069 584 1199 637 illud
1228 595 1371 637 esset
1398 582 1621 635 ostenti.
1658 581 1951 643 Elutttsiiue
1980 576 2033 630 in

452 659 611 723 bono,
655 673 757 710 non
794 665 993 709 tantum
1030 669 1123 714 pro
1148 668 1207 708 se
1236 657 1431 706 factum
1464 660 1668 723 narrat,
1699 658 1955 719 quantum
1981 656 2037 701 et

446 721 717 797 jactantiaa
747 728 913 797 gratia
938 727 1209 797 Auuiversa
1241 723 1437 797 regalia
1467 726 1548 776 eis
1597 721 1812 797 domus“
1830 732 1941 797 sua;
1983 724 2039 769 et

450 788 573 850 vasa
615 788 853 851 ostendit
903 794 1093 862 (lbid.,
1142 795 1255 861 15).
1307 788 1727 861 indignatusque
1780 788 2038 862 Dominus

451 884 545 933 per
572 871 887 936 prophetam
912 857 1112 936 'lsaiam
1132 857 1310 931 regem
1338 857 1601 930 increpat,
1627 857 1832 913 testans
1855 857 2039 936 venire

455 927 593 1002 dies,
621 927 815 1000 quibus
846 937 931 990 illa
961 934 1142 987 omnia
1162 927 1282 1001 qua:
1306 927 1718 1002 monstraverat,
1747 927 2039 1002 captivam

453 998 741 1078 Babilonia
773 1020 894 1059 cum
935 1005 1132 1078 populo
1161 998 1489 1078 ducerentur
1539 999 1729 1078 ςιωα..
1776 998 1886 1078 lli).
1911 999 2042 1078 _Nec

457 1067 725 1130 immerito
749 1067 1064 1130 uoster-Rex
1095 1089 1190 1142 per
1212 1073 1512 1142 apostolum
1536 1068 1797 1142 Joannem
1825 1067 1881 1142 in
1900 1073 2041 1135 Apo-

451 1148 657 1216 c:tlyp~i
690 1161 787 1199 uos
814 1137 1110 1208 admouet;
1131 1137 1316 1196 tlice'ns
1350 1160 1363 1195 ε
1396 1141 1535 1216 Tene
1575 1143 1707 1204 quod
1756 1137 1930 1216 lintres,
1979 1152 2043 1189 ne

456 1207 731 1283 quis-alius
761 1216 979 1283 accipiat
1010 1229 1251 1266 coronam
1276 1226 1414 1265 tuam
1444 1213 1627 1283 (Apoc.
1660 1224 1738 1267 ιιι,
1768 1207 1878 1276 11).
1911 1207 2040 1260 Item

457 1280 583 1339 alibi
615 1303 627 1337 :
661 1285 847 1338 Beatus
873 1280 959 1355 qui
989 1286 1165 1351 vigilat
1196 1294 1249 1355 et
1272 1294 1440 1355 servat
1477 1280 1807 1355 restituente
1834 1292 2043 1355 81101-718

455 1358 621 1408 nudus
648 1356 871 1407 ambulet
886 1346 1207 1425 '(lbid'..xvt,
1232 1352 1342 1417 15).
1381 1353 1447 1405 Et
1476 1353 1527 1405 in
1561 1349 1846 1425 Evangelia
1872 1361 1890 1400 :
1922 1346 2045 1425 N_on

455 1428 580 1478 sciat
594 1426 801 1479 sinistra
822 1417 1045 1493 tudquid
1071 1426 1472 1493 faciatidextera
1497 1432 1587 1493 tua
1616 1417 1831 1493 (Matth.
1859 1433 1932 1483 vt,
1954 1417 2041 1482 3);

456 1497 753 1548 admonens
800 1498 850 1546 in
884 1489 1037 1547 bonis
1072 1489 1362 1557 'Operibus,
1414 1507 1533 1559 quae
1567 1489 1657 1543 Dei
1712 1489 1851 1559 dona
1898 1493 2043 1549 sunt,

459 1580 563 1617 non
597 1580 716 1618 e~se
745 1565 794 1617 in
830 1565 1070 1622 homine.
1103 1562 1197 1614 sed
1232 1563 1282 1614 in
1314 1557 1542 1614 Domino
1582 1557 1945 1627 gloriandum,
1978 1571 2045 1610 ne

457 1635 597 1704 quod
620 1635 839 1688 humilis
864 1644 888 1670 ⁸
921 1634 1141 1702 accipit,
1165 1633 1429 1700 superbus
1451 1631 1682 1684 amittat.

1000 1763 1229 1820 CAPUT
1270 1762 1508 1820 XXXIII.

460 1860 527 1915 In
556 1861 755 1931 regibus
785 1859 1110 1931 peccantibus
1135 1896 1151 1922 ,
1194 1859 1293 1931 qui
1309 1874 1475 1910 secum
1505 1854 1754 1928 populum
1796 1854 1850 1907 itt
1881 1853 2045 1923 capti—

1030 1930 1235 1982 vitatem
1260 1929 1475 1979 ducunt.

461 2018 745 2075 Praedictio
765 2019 901 2072 facta
928 2024 985 2072 et
1013 2018 1257 2086 ﬁgurata.
1288 2018 1343 2070 lu
1374 2016 1576 2086 Regum
1600 2014 1801 2070 credita
1831 2020 1887 2069 et
1910 2013 2043 2068 visa.

533 2113 623 2166 71.
671 2111 947 2180 Regnante
990 2109 1135 2164 Josia
1183 2121 1344 2178 alque
1382 2108 1644 2163 Sedechia
1662 2107 1783 2180 lilio
1805 2106 1922 2180 ejus
1953 2104 2045 2180 (iV

464 2180 594 2249 Reg.
628 2178 771 2245 χιιι,
798 2183 819 2233 1
842 2182 1030 2251 seqq.),
1060 2182 1284 2251 p0pulus
1312 2183 1486 2233 omnis
1512 2178 1676 2251 Israel
1696 2178 1842 2251 utilia
1872 2178 2044 2251 vincla

464 2248 620 2320 legis.
652 2252 844 2320 quibus
869 2248 1173 2317 regebatur,
1199 2250 1548 2317 abrumpens,
1574 2249 1755 2301 multis
1777 2262 1841 2301 ex
1869 2248 2048 2317 gravi-

465 2320 613 2377 busb
644 2322 815 2387 culpis
861 2328 882 2372 t
921 2332 1024 2373 nus
1064 2323 1275 2387 pietatis
1304 2331 1578 2373 auctorem
1615 2320 1778 2372 Deum
1824 2320 1890 2369 ad
1929 2332 2043 2369 ma-

463 2389 984 2462 gnatuiracuntliam
1033 2392 1361 2462 provocavit.
1408 2388 1694 2445 Jeremiam
1731 2388 2045 2462 praphetam

465 2457 532 2515 ad
558 2461 976 2530 objurgandum,
1003 2457 1481 2529 cOrrigendumque
1506 2474 1681 2529 regem
1710 2468 1765 2511 et
1792 2457 2046 2525 papulttm

466 2529 734 2585 Dominus
766 2531 909 2583 misit
943 2529 1075 2590 (λετ.
1111 2546 1242 2591 xxn,
1286 2532 1303 2584 1
1350 2540 1396 2584 et
1425 2534 1612 2599 seqq.),
1652 2530 1970 2596 pranliceus,
2001 2531 2046 2580 si

465 2617 565 2656 con
577 2601 714 2655 versi
742 2600 873 2668 legis
901 2601 1146 2653 mandata
1170 2609 1470 2663 servarent,
1493 2617 1591 2653 suo
1616 2600 1666 2651 in
1694 2603 1809 2652 loco
1835 2612 2047 2664 semper

470 2686 690 2725 manere
718 2671 916 2724 illmsos
940 2687 953 2721 :
979 2670 1025 2723 si
1048 2685 1175 2724 vero
1199 2682 1501 2725 monentem
1532 2684 1590 2723 se
1612 2678 2042 2733 contemnerent,

467 2741 521 2795 in
553 2742 896 2809 Babyloniam
925 2743 1004 2794 ire
1025 2742 1290 2809 captivus.
1323 2744 1527 2807 Spretis
1554 2742 1714 2808 igitur
1737 2749 1790 2791 et
1815 2740 2044 2791 manda-

468 2816 540 2865 tis
566 2822 619 2865 et
644 2812 981 2879 prtedicantis
1002 2811 1199 2870 verbis.
1245 2812 1370 2863 dttm
1422 2813 1576 2864 malis
1605 2810 1823 2861 ausibus
1861 2823 1955 2861 rex
1995 2817 2049 2861 et

469 2884 699 2951 populus
730 2883 841 2951 suis
873 2886 1104 2948 peccatis
1132 2885 1445 2948 ttt‘grllltblls
1488 2891 1880 2947 premerentur,
1926 2892 2049 2951 sen-

472 2948 690 3006 ientiam
721 2950 955 3003 divinam
1007 2951 1268 3005 .Ieremias
1303 2953 1441 3017 plebi
1469 2953 1575 3017 jam
1603 2958 1793 3015 captaa,
1828 2956 1883 3000 et
1914 2948 2046 3014 regi-

470 3021 570 3075 bus
601 3037 692 3090 per
718 3021 1001 3087 epistolam
1031 3022 1291 3087 expressit
1318 3022 1506 3072 dicens
1532 3037 1546 3073 :
1586 3018 1799 3090 Propter
1840 3028 2048 3086 peccata

468 3107 584 3160 qua:
602 3087 857 3160 ’peccastis
879 3099 997 3143 ante
1026 3090 1209 3153 Deum,
1252 3090 1505 3142 ducemiui
1532 3091 1583 3141 in
1613 3087 1973 3157 Babyloniam,
2001 3096 2047 3140 et

469 3164 611 3214 eritis
652 3161 762 3232 illic
790 3171 1116 3232 per_tempus
1148 3164 1353 3232 longum
1401 3175 1560 3228 usque
1597 3162 1660 3232 (id

471 3244 660 3299 septem
688 3228 919 3301 (Baraclt
964 3247 1036 3296 tv,
1072 3234 1092 3285 1
1122 3240 1167 3283 et
1195 3228 1274 3300 Ξ).
1298 3230 1417 3301 liex
1442 3232 1599 3299 igitur
1621 3228 2046 3301 Nabuchodono-

473 3297 585 3365 sor,
611 3297 1013 3366 comprehensis
1043 3297 1256 3370 regibus
1283 3300 1417 3353 Juda
1438 3297 1473 3365 ,⁷
1498 3309 1663 3353 ιοιιιιιι
1697 3298 1855 3352 Israel
1883 3297 2050 3370 capti-

472 3385 598 3424 vum
629 3370 1026 3436 transmigravit
1071 3367 1120 3423 in
1155 3371 1524 3436 Babyloniam,
1559 3370 1770 3423 ell'ossis
1797 3368 1964 3421 oculis
1997 3367 2047 3419 itt

473 3440 667 3511 itinere
694 3454 801 3505 regi
845 3440 1232 3511 sedeatur-(IV
1267 3437 1395 3506 Reg.
1440 3454 1549 3503 xxt,
1601 3440 1623 3491 1
1677 3448 1723 3489 et
1752 3437 1962 3511 scqq.);_
1994 3445 2051 3490 ut

474 3510 704 3563 duorum
753 3508 1240 3576 propltetarum'de
1282 3511 1470 3563 eodem
1512 3522 1636 3573 rege
1669 3511 1919 3574 praedicta
1953 3508 2052 3557 im-

476 3581 771 3648 plereutur.
800 3577 1064 3632 Jeremias
1092 3590 1113 3616 ο
1144 3578 1281 3631 dixit
1330 3578 1565 3631 visurum
1605 3592 1784 3645 regem
1827 3576 2052 3648 Babylo-

477 3645 780 3719 itiam_(Jer.
813 3663 959 3719 xxiv,
987 3649 1072 3719 3);
1109 3648 1373 3719 Ezechiel,
1413 3664 1517 3700 non
1556 3649 1791 3719 visurum
1832 3645 2045 3713 (Ezech.

477 3735 572 3785 xtt,
604 3718 710 3790 15).
743 3720 841 3785 Qui
875 3718 999 3771 dum
1027 3718 1126 3772 Silii
1159 3718 1309 3788 quasi
1351 3719 1682 3772 cootrariare
1719 3718 1814 3769 visi
1847 3726 2047 3782 essent,

478 3790 577 3844 hoc
600 3791 757 3843 modo
778 3802 1061 3858 utrumque
1085 3792 1294 3843 videtur
1316 3791 1588 3853 impletum
1613 3804 1628 3845 :
1652 3802 1770 3841 cum
1790 3790 2051 3858 exemptis

478 3862 646 3914 oculis
666 3860 923 3913 adductus
949 3857 1237 3914 Sedechias
1269 3860 1632 3928 Babyloniam,
1663 3867 1717 3911 et
1748 3857 1900 3919 vidit,
1928 3859 2053 3925 quia

480 3945 717 3998 prtesens
757 3928 873 3994 fuit,
898 3940 952 3983 et
982 3947 1085 3985 non
1116 3932 1268 3994 vidit,
1299 3933 1418 3996 quia
1445 3930 1496 3982 in
1538 3932 1619 3981 via
1651 3929 1838 3982 oculos
1872 3929 2051 3994 perdi-

478 4002 574 4053 dit.
611 4000 873 4053 Admonet
919 4010 1100 4054 noster
1134 4001 1387 4054 Dominus
1435 4013 1561 4051 suos
1592 3999 1744 4066 hujus
1782 3998 2048 4062 exemplo,

479 4079 531 4123 et
571 4069 695 4123 dicit
720 4086 732 4120 :
762 4069 1030 4121 Ambulate
1058 4071 1180 4122 dum
1205 4072 1367 4122 lucem
1395 4069 1605 4131 habetis,
1634 4085 1694 4120 ne
1720 4084 1805 4120 vos
1843 4068 2055 4121 tenebrat:

479 4137 909 4210 comprehendant
958 4138 1137 4210 (Joan.
1178 4155 1269 4193 xtt.
1303 4138 1418 4207 '55).
1468 4141 1881 4203 Contetuptort-s
1926 4152 2055 4190 vero

480 4208 848 4262 mandatorum
880 4208 1119 4270 suorum.
1151 4211 1309 4262 etiam
1344 4224 1517 4277 reges.
1547 4222 1720 4261 caecos
1747 4222 1866 4259 esse
1912 4210 2049 4260 idem

485 4279 740 4332 Dominus
767 4293 816 4329 ιιι
849 4278 1135 4345 Evangelio
1178 4278 1307 4330 dicit
1337 4295 1350 4331 :
1388 4279 1521 4332 Carci
1554 4285 1668 4329 sunt
1701 4278 1852 4329 duces
1896 4292 2053 4329 caeco-

480 4348 805 4403 rum.chtts
826 4357 992 4401 autem
1014 4346 1041 4385 ά
1070 4349 1191 4401 dum
1216 4363 1404 4401 cwcum
1426 4348 1587 4410 ducit,
1615 4348 1768 4400 simul
1790 4348 1841 4398 in
1862 4352 2056 4415 foveam

478 4421 669 4472 cadunt
698 4416 913 4487 (ﬂatth.
943 4434 1033 4484 xv,
1068 4417 1181 4487 14),
1211 4433 1328 4487 quae
1356 4429 1438 4472 est
1463 4417 1594 4471 dura
1626 4417 1905 4484 captivitas
1933 4421 2053 4470 ani—

481 4504 582 4542 mte
609 4490 983 4556 impmnitenti,
1004 4490 1071 4543 de
1088 4504 1189 4556 qua
1216 4488 1446 4542 dicitur:
1481 4487 1614 4541 Dedi
1650 4487 1729 4540 illi
1759 4496 1951 4557 tempus
1996 4497 2049 4557 ut

481 4561 830 4630 partitentiam
855 4570 1046 4630 ageret,
1066 4569 1115 4614 et
1138 4561 1376 4629 panitere
1395 4575 1496 4612 non
1517 4560 1623 4611 vult
1646 4558 1825 4627 (Apoc.
1850 4572 1907 4620 tt,
1930 4556 2043 4627 21).

480 4629 572 4682 Sic
621 4630 792 4682 donec
844 4629 1180 4698 suppleretur
1226 4644 1477 4684 mensura
1507 4644 1600 4697 per
1640 4641 1809 4698 annos
1832 4642 2047 4695 septua-

480 4699 646 4769 ginta,
673 4700 724 4769 in
759 4697 1045 4768 Babylonia
1075 4701 1302 4769 populus
1327 4700 1417 4754 ille
1442 4698 1683 4768 captivus
1706 4697 1822 4751 fuit.

553 4769 640 4821 72.
677 4767 812 4823 Vasa
834 4766 964 4823 sane
992 4766 1167 4823 omnia
1199 4771 1380 4837 templi
1414 4766 1523 4824 Dei'
1539 4770 1677 4824 idem
1730 4782 1821 4820 rex
1868 4766 2045 4822 Nabu-

481 4837 821 4910 chodonosor
852 4853 946 4910 per
988 4853 1114 4893 suos
1140 4841 1372 4907 abripuit
1398 4838 1490 4906 (ιν
1520 4839 1665 4910 Reg._
1685 4853 1812 4902 xxv,
1840 4837 2042 4910 "nisi,

485 4906 596 4977 i5).
630 4908 719 4961 Vae
745 4909 977 4977 peccatis
1022 4906 1319 4975 hominum,
1362 4909 1487 4965 dum
1519 4906 1614 4978 pro
1654 4908 1738 4963 his
1784 4909 2046 4962 sacriﬁcia

482 4980 596 5044 ipsa
620 4980 1000 5034 conculcantur
1020 4981 1088 5033 ab
1112 4982 1330 5046 exteris,
1365 4995 1485 5048 qua:
1509 4995 1722 5048 semper
1751 4994 1846 5047 pro
1873 4993 2047 5032 reme-

481 5051 584 5104 diis
618 5048 827 5103 luerunt
856 5049 911 5103 in
938 5052 1183 5104 salutem.
1213 5052 1330 5117 Quo
1359 5052 1577 5118 gemitu,
1608 5049 1800 5118 quibus
1822 5053 2048 5103 amaris-

483 5123 633 5175 sitnis
656 5119 892 5187 fletibus,
918 5135 1021 5189 qua
1071 5122 1233 5173 animi
1261 5117 1501 5189 angustia
1550 5117 1663 5173 inec
1702 5117 2076 5189 descripserit'

556 5264 583 5325 F
609 5256 707 5310 Ms.
734 5254 969 5325 Retuig.,
996 5254 1209 5324 accepit.

559 5323 587 5363 δ
618 5326 715 5397 Ms.
749 5322 957 5393 Remig.
986 5322 1171 5397 culpis.
1203 5322 1367 5389 Editi,
1392 5322 1585 5378 causis.

557 5397 583 5426 ⁸
615 5396 776 5460 Editi,
805 5397 950 5449 dicit.

555 5462 585 5502 ει
615 5466 713 5521 Ms.
741 5465 973 5533 Retnig.,
1006 5481 1191 5519 carcum
1212 5464 1424 5517 ducens.

560 5544 585 5574 ο
615 5538 711 5590 Ms.
732 5535 939 5603 Remig.
973 5536 1119 5589 addit
1148 5535 1283 5589 hanc
1313 5548 1522 5597 vocem,
1554 5541 1771 5599 partem.

531 5603 583 5689 ,ί
613 5605 713 5660 Ms.
740 5604 972 5675 Remig.,
1008 5606 1151 5659 nulla
1180 5606 1417 5661 mastilia
1457 5614 1625 5659 manet
1655 5605 1807 5671 inm,
1856 5618 1948 5657 nec
1974 5618 2061 5659 ve-

492 5691 648 5731 utam.

562 5757 590 5795 κ
619 5746 716 5801 Ms.
746 5743 980 5813 Remig.,
1008 5744 1240 5799 remedii.

2142 504 2271 558 mini
2300 503 2468 557 luisse
2494 502 2778 567 pollutum,
2822 500 2963 553 diem
2996 499 3185 552 festum
3236 498 3452 552 ductum
3487 498 3553 567 iu
3585 497 3723 550 obli-

2139 575 2381 638 vionetn,
2434 565 2651 624 sabbata
2692 571 2978 638 omniaque
3024 569 3277 621 solemnia
3332 565 3720 638 exterminata;

2139 643 2448 698 sacerdotes
2472 649 2528 695 et
2553 642 2840 709 principes,
2862 637 3127 708 parvulos.
3153 637 3591 703 senes.juvenes,
3618 637 3725 689 viro

2139 717 2396 783 giuesque
2439 727 2566 765 suas
2590 720 2613 747 ε
2648 710 3130 783 ριιτιειιιᾼειιιὸιιιιιι
3159 708 3497 783 comedisse,
3520 718 3725 783 partem
3770 714 3773 715 ⁷

2144 778 2471 839 remansisse
2498 784 2759 847 captivam
2797 779 3012 849 (Thren.
3044 794 3081 839 ι,
3113 780 3133 832 1
3180 787 3229 831 et
3251 778 3431 849 seqq.)
3467 779 3543 849 lin
3574 778 3724 830 dolo.

2140 869 2258 908 rum
2283 865 2587 907 nostrorum
2614 848 2823 914 ulcera;
2848 866 2912 903 en
2945 850 3114 903 luctus
3142 848 3306 901 nostri
3336 848 3631 915 opprobrii.
3656 863 3723 900 en

2144 933 2362 992 peccata
2390 923 2633 991 grandia,
2665 936 2891 989 quorum
2923 936 2987 973 ex
3034 919 3211 972 causis
3256 918 3445 992 etiam_
3469 931 3566 969 nos
3612 922 3725 992 tta-c

2146 986 2332 1047 videre
2361 986 3070 1055 ni-ruimug—amplioreque
3094 1004 3369 1057 poenarum
3398 986 3549 1055 plaga
3571 989 3723 1054 quasi

2146 1064 2408 1118 vulnerati
2440 1064 2615 1115 curari
2649 1062 2919 1114 nolumus.
2967 1060 3093 1113 Elisi
3121 1073 3268 1113 Stare
3303 1073 3399 1110 nos
3427 1058 3721 1121 credimus,

2143 1135 2347 1199 expulsi
2377 1131 2736 1199 exsitiatique,
2768 1139 2825 1183 ut
2857 1130 3115 1197 oportuit.
3169 1144 3273 1181 non
3323 1126 3604 1180 dolemus-
3641 1142 3726 1179 sa-

2145 1206 2379 1257 tisfactio
2409 1200 2428 1239 τ
2461 1202 2626 1265 nulla,
2660 1202 2913 1255 maestitia
2945 1200 3112 1261 nulla,
3143 1207 3321 1251 manet
3373 1199 3471 1256 ira.
3505 1211 3605 1250 nec
3635 1214 3725 1250 ve-

2147 1277 2289 1327 niam
2306 1273 2652 1341 postulamus.
2677 1269 2964 1341 Htereditas
2986 1282 3159 1322 nostra
3175 1282 3413 1341 cgnaersa
3431 1281 3502 1319 est
3518 1268 3722 1341 alienis,

2146 1336 2329 1396 domus
2359 1352 2545 1395 nostra:
2573 1341 2849 1410 peregrinis
2877 1338 3062 1409 (Ibid.,
3103 1354 3130 1388 v
3160 1376 3175 1401 ,
3210 1336 3299 1403 2).
3338 1336 3428 1391 Sic
3481 1339 3725 1410 castigati

2150 1429 2257 1467 non
2286 1406 2606 1481 plangimus,
2624 1406 2988 1464 sicetneudati
3012 1410 3265 1481 nolumus
3277 1410 3548 1481 suscipere
3568 1406 3725 1481 disci-

2150 1477 2367 1552 plinam.
2402 1477 2735 1535 Reccdamus
2768 1495 2797 1533 a
2830 1481 2985 1552 malis
3021 1479 3215 1546 quibus
3240 1478 3521 1552 Dominum
3553 1477 3726 1530 allen-

2147 1547 2344 1618 dimus,
2390 1553 2744 1620 paeniteamus
2774 1552 2824 1602 in
2854 1550 2937 1603 his
2968 1566 3085 1620 qtae
3125 1559 3348 1620 sacratis
3374 1547 3491 1620 ejus
3539 1559 3727 1599 contu-

2149 1625 2370 1677 meliosa
2394 1617 2757 1690 'ingessimus.
2792 1619 3052 1688 Stipelbla
3098 1632 3273 1690 nostra
3305 1617 3607 1671 humilitate
3636 1633 3728 1670 cu-

2149 1705 2315 1747 retur.
2355 1688 2620 1746 Collatum
2659 1699 2866 1758 tempus
2893 1699 2919 1736 8
2949 1688 3197 1743 remediis
3235 1705 3337 1741 non
3380 1703 3722 1754 sperusmus,

2148 1760 2179 1799 ιι
2210 1779 2276 1816 ne
2306 1765 2352 1816 is
2380 1762 2531 1829 cujus
2562 1761 2823 1830 placidam
2861 1761 3166 1830 mitemque
3202 1759 3467 1830 sensimus
3520 1760 3730 1811 miseri-

2148 1832 2410 1895 cordiam,
2438 1846 2543 1885 non
2564 1829 2958 1898 penitentibus
2998 1840 3252 1883 aaternam
3280 1829 3595 1882 constituat.
3618 1842 3731 1896 pm.

2149 1903 2431 1971 nalrmque
2453 1902 2796 1971 sententiam.
2821 1899 3045 1954 Paratus
3070 1912 3151 1953 est
3172 1899 3314 1971 enim
3341 1898 3621 1966 ignoscere
3644 1898 3731 1951 ille

2148 1968 2407 2026 Dominus
2436 1973 2526 2040 qui
2557 1970 2687 2040 dicit
2718 1987 2732 2024 :
2762 1968 3124 2024 Couvertimini
3154 1968 3222 2020 ad
3258 1984 3357 2040 me,
3390 1978 3437 2021 et
3466 1978 3733 2040 convertar

2147 2043 2215 2095 ad
2241 2059 2326 2096 vos
2354 2038 2538 2112 (Zach.
2566 2057 2605 2107 l,
2631 2038 2687 2111 '5)
2715 2040 2802 2112 :_si
2828 2039 2987 2093 modo
3009 2054 3168 2093 voces
3201 2039 3290 2112 lilii
3320 2054 3439 2091 cum
3468 2039 3732 2112 paeniten-

2150 2115 2220 2167 tia
2254 2107 2572 2167 revertentis
2600 2107 2714 2178 pius
2743 2110 2898 2163 Pater
2924 2118 3181 2179 agnoscat
3206 2107 3357 2177 (Luc.
3389 2123 3476 2175 xv,
3513 2108 3626 2175 18).

2220 2182 2308 2236 73.
2342 2191 2357 2217 ι
2391 2183 2444 2236 lu
2466 2182 2651 2235 eadem
2674 2180 3003 2247 captivitate,
3031 2180 3302 2232 Danielem
3321 2193 3369 2230 et
3396 2179 3731 2232 Ezecliielem

2150 2263 2334 2307 narrat
2363 2252 2581 2305 historia
2613 2250 2984 2319 projthetasse.
3023 2250 3205 2303 Daniel
3232 2249 3313 2301 vir
3338 2248 3729 2301 desideriorum

2149 2324 2263 2391 (qui
2283 2323 2559 2376 Baltltasar
2582 2338 2608 2373 a
2637 2336 2761 2389 rege
2792 2330 3124 2383 nuncupatus
3146 2319 3274 2386 εει),
3303 2329 3411 2372 tres
3438 2321 3587 2391 viros
3605 2334 3732 2387 gen-

2153 2388 2218 2446 tis
2248 2409 2357 2445 suae
2385 2391 2587 2445 amicos
2620 2388 2803 2444 Itabuit
2833 2392 3115 2450 Ananiam,
3146 2391 3416 2450 Azariatn,
3458 2388 3729 2442 Misaelem

2152 2464 2310 2530 (Dan.
2336 2478 2388 2522 x.
2420 2464 2478 2515 11
2504 2477 2518 2524 ;
2550 2478 2586 2518 ι.
2618 2462 2697 2524 7).
2721 2460 2906 2514 Omnis
2929 2476 3056 2514 vero
3078 2460 3192 2527 ejus
3215 2459 3493 2530 proiihetia
3538 2469 3730 2526 myste-

2151 2529 2245 2587 rtis
2275 2534 2402 2586 licet
2428 2536 2582 2598 plena
2604 2537 2674 2584 sit
2696 2530 2858 2600 (Dan.
2884 2546 2962 2592 tx,
2991 2530 3102 2592 25).
3133 2529 3374 2596 quia'dam
3401 2541 3579 2581 tamen
3609 2544 3731 2597 pars

2151 2603 2268 2670 ejus
2298 2607 2370 2655 ita
2401 2602 2578 2656 elui-et
2607 2602 2849 2655 claritate
2873 2603 2955 2654 sui
2981 2600 3222 2668 fulgoris,
3246 2608 3305 2651 ut
3331 2600 3493 2652 etiam
3524 2612 3731 2670 tempus

2150 2674 2438 2741 signaverit
2464 2687 2574 2739 quo
2603 2679 2860 2724 venturus
2886 2681 3027 2724 esset
3058 2672 3169 2739 ipse
3201 2670 3446 2741 Salvator
3468 2669 3729 2741 etDomi-

2151 2738 2270 2797 nus.
2324 2738 2616 2795 Duodecim
2674 2756 2806 2795 sane
2842 2755 2961 2794 cum
2993 2738 3099 2793 sint
3146 2738 3468 2808 prophetica:
3498 2740 3733 2791 visiones

2150 2816 2286 2875 ejus,
2311 2812 2361 2864 in
2395 2812 2617 2864 llebra’o
2656 2811 2843 2865 decem
2876 2812 3233 2878 reperiuntur.
3260 2809 3399 2874 Quas
3426 2810 3729 2877 duodecim,

2151 2882 2378 2935 Domino
2398 2886 2649 2941 donante,
2670 2892 2813 2934 ci-rta
2837 2894 2956 2933 cum
2976 2884 3377 2946 comparatione
3404 2894 3730 2940 percurram.

2148 2954 2208 3005 in
2234 2952 2424 3018 prima,
2454 2964 2639 3004 contra
2682 2951 2976 3015 impudicos
3010 2952 3251 3004 seniores
3288 2950 3586 3002 castitatem
3632 2949 3733 3003 Su-

2152 3036 2334 3075 sannae
2361 3021 2601 3075 defendit
2623 3020 2784 3091 (Dan.
2810 3036 2925 3086 χιιι,
2951 3018 3061 3083 51).
3094 3020 3202 3073 Hoc
3227 3023 3331 3086 agit
3361 3019 3519 3091 Jesus
3547 3019 3731 3071 Domi-

2152 3107 2273 3153 nus,
2294 3092 2421 3145 dum
2446 3090 2704 3145 adversus
2727 3093 3018 3145 sceleratos
3042 3091 3321 3142 hmretiros
3346 3090 3596 3143 Ecclesia:
3623 3104 3733 3144 sua:

1702 3161 2047 3234 generationes
2073 3173 2118 3234 ς
2153 3161 2513 3234 integritatem
2545 3170 2740 3222 tuetur,
2768 3176 2930 3234 quam
2945 3162 3227 3234 perversis
3266 3161 3378 3213 suis
3417 3159 3733 3234 disputatio.

2154 3234 2310 3285 nibus
2337 3232 2523 3285 vitiare
2552 3231 2899 3286 comeudunt.
2933 3230 3077 3295 Quos
3103 3232 3261 3283 etiam
3307 3245 3402 3298 per
3430 3232 3729 3296 :tposmlum

2153 3303 2375 3356 Paulum
2407 3311 2573 3361 notat,
2601 3302 2787 3357 dicens
2814 3320 2825 3353 :
2859 3300 2940 3352 Ea:
2968 3300 3048 3352 his
3076 3313 3191 3351 sunt
3221 3301 3307 3368 qui
3343 3309 3603 3364 penetrant
3634 3301 3734 3351 do-

2153 3389 2282 3433 mos,
2309 3384 2352 3424 et
2384 3376 2606 3440 captivas
2632 3373 2824 3423 ducunt
2866 3370 3201 3440 mulierculas
3226 3379 3459 3422 oneratas
3489 3373 3731 3440 peccatis,

2152 3457 2262 3511 qua:
2290 3438 2551 3494 ducuntur
2578 3442 2734 3493 variis
2774 3440 3040 3493 desideriis
3077 3440 3139 3505 (Il
3165 3439 3296 3493 Tim.
3325 3454 3407 3501 ιιι,
3438 3440 3515 3505 6).
3552 3438 3621 3511 plu
3652 3455 3737 3492 se-

2152 3509 2325 3565 cunda
2359 3513 2472 3578 ipse.
2506 3512 2714 3577 Daniel,
2743 3515 2932 3578 suique
2955 3510 3110 3562 amici
3142 3520 3441 3562 statuerunt
3465 3509 3595 3576 legis
3624 3524 3737 3561 suae

2156 3584 2403 3634 mandata
2454 3594 2752 3642 servantes,
2801 3596 2865 3634 ex
2908 3581 3043 3631 cibis
3084 3595 3283 3632 mensae
3330 3580 3493 3646 regis,
3540 3580 3734 3643 quibus

2155 3654 2340 3705 cancri
2366 3666 2551 3704 eorum
2589 3651 2801 3704 sodales
2840 3650 3210 3711 vescebantur,
3242 3665 3345 3701 non
3383 3650 3733 3701 contaminari

2155 3721 2321 3788 (Dan.
2346 3736 2383 3784 ι,
2413 3721 2488 3789 8).
2528 3721 2822 3774 Desideriis
2853 3720 3011 3783 hujus
3043 3721 3222 3771 mundi
3255 3735 3358 3770 non
3387 3722 3559 3771 stilum
3603 3734 3732 3771 cono

2157 3794 2445 3844 tamiuatus
2467 3805 2570 3844 non
2594 3803 2671 3844 est
2701 3803 2887 3844 noster
2908 3791 3162 3859 MagiSter
3183 3798 3233 3843 et
3251 3789 3530 3859 Dominus,
3552 3805 3735 3842 verum

2154 3864 2313 3916 etiam
2341 3876 2465 3914 suos
2486 3862 2689 3915 amicos
2719 3858 3011 3930 prohibuit,
3050 3861 3232 3930 dicens
3265 3876 3279 3911 :
3317 3858 3493 3930 Nolite
3519 3859 3735 3928 diligere

2155 3931 2420 3993 mundum,
2451 3947 2606 4000 neque
2651 3927 2853 3999 ea'quaz
2890 3931 2943 3982 in
2986 3929 3172 3981 mundo
3215 3938 3353 3982 sunt.
3404 3927 3567 3982 Omne
3603 3927 3739 3980 enim

2154 4004 2291 4071 quod
2320 4002 2372 4052 iit
2397 4006 2587 4053 mundo
2613 4009 2711 4067 est,
2739 4001 3151 4066 concupiscentia
3180 4000 3369 4071 carnis
3391 4012 3489 4071 est,
3520 4009 3567 4049 et
3611 4014 3736 4071 con:

2157 4059 2473 4137 cupiscentia
2504 4059 2786 4127 oculorum.
2819 4080 2865 4123 et
2894 4059 3103 4122 ambitio
3132 4059 3530 4123 steculillloun.
3570 4083 3637 4129 tt,
3670 4067 3739 4121 15

2156 4153 2203 4194 et
2230 4142 2342 4206 ili).
2381 4140 2509 4207 Quae
2554 4142 2753 4205 omnia,
2801 4140 2951 4193 velut
2994 4154 3145 4191 escas
3179 4140 3293 4190 illas
3338 4139 3534 4205 regias,
3580 4152 3742 4201 repu-

2157 4211 2353 4265 dianda
2376 4210 2631 4264 OStendit.
2665 4212 2725 4264 Et
2749 4224 2843 4279 per
2865 4210 3165 4277 apostolum
3195 4208 3413 4261 Paulum
3436 4208 3741 4279 evidentius

2159 4280 2419 4334 mandans
2448 4295 2462 4333 :
2496 4279 2629 4334 Esca
2658 4277 2839 4345 ventri,
2872 4284 2967 4338 ait.
3002 4289 3047 4332 et
3072 4287 3244 4331 venter
3278 4279 3426 4331 escis.
3465 4277 3602 4330 Deus
3629 4293 3734 4328 au-

2160 4360 2254 4404 tem
2283 4350 2514 4416 ethunc,
2551 4363 2599 4404 et
2636 4351 2726 4403 has
2764 4350 3024 4402 evacuabit
3074 4348 3125 4416 (l
3157 4346 3278 4401 Cor.
3313 4362 3386 4413 vt,
3416 4348 3534 4413 l5);
3581 4357 3637 4399 ut
3665 4348 3741 4397 sit

2158 4423 2352 4475 anima:
2380 4436 2515 4474 unus
2537 4420 2690 4475 cibus
2721 4419 2834 4482 ipse
2860 4421 3126 4484 Salvator,
3150 4422 3238 4485 qui
3278 4418 3328 4472 ei
3359 4418 3533 4471 varias
3558 4416 3743 4470 diver—

2158 4505 2354 4554 sosque
2385 4506 2602 4559 sapores
2628 4490 2895 4545 exhibeat.

2226 4562 2311 4614 74.
2353 4561 2409 4615 lu
2442 4555 2619 4624 lertia,
2661 4568 3047 4613 sacramentum
3090 4558 3285 4611 divina:
3338 4555 3739 4621 disiinsitionis,

2153 4631 2293 4699 quod
2326 4631 2433 4700 regi
2464 4641 2735 4683 ostensum
2763 4630 3149 4696 luerat,itaque
3177 4630 3331 4682 erati
3368 4628 3601 4689 oblitus;
3631 4642 3739 4700 non

2157 4697 2652 4754 humana'doctrina
2685 4700 2868 4753 Daniel
2899 4714 3000 4766 qua
3026 4699 3316 4752 instructus
3347 4708 3481 4755 erat.
3506 4699 3602 4749 sed
3638 4697 3747 4746 Do-

2154 4772 2298 4824 tnino
2353 4771 2658 4836 revelaute,
2714 4781 2767 4823 et
2821 4770 3087 4823 somnium
3140 4779 3193 4822 et
3242 4766 3742 4838 interpretationem

2152 4841 2347 4895 somnii
2398 4841 2509 4909 regi
2566 4838 2800 4894 narravit
2851 4838 3028 4907 (Dan.
3074 4839 3240 4909 ",71,
3273 4836 3416 4907 etc.)
3453 4854 3465 4887 :
3499 4836 3751 4909 Quatuor

2152 4926 2314 4980 regna
2354 4912 2405 4964 itt
2433 4906 2942 4980 qitatttor_ttietallis,
2985 4923 3017 4963 e
3059 4908 3253 4980 quibus
3292 4906 3463 4959 statua
3514 4906 3748 4958 formata

2150 4978 2276 5036 auie
2303 4980 2489 5035 faciem
2520 4982 2637 5047 ejus
2674 4978 2701 5016 ιι
2732 4980 2948 5041 aderat,
2988 4979 3185 5031 mundo
3226 4990 3554 5044 exsurgere;
3584 4986 3748 5040 caput

2151 5066 2373 5105 aureum
2397 5092 2411 5113 ,
2457 5051 2632 5119 ipsum
2671 5064 2789 5103 esse
2830 5047 3522 5119 Babylonicuerriemis;
3562 5059 3750 5111 pectus

2152 5131 2206 5175 et
2245 5120 2461 5175 brachia
2482 5118 2621 5191 ejus
2653 5130 2937 5190 argentea,
2970 5118 3367 5174 Macedonicum
3406 5118 3748 5184 Septentrio-

2238 5253 2267 5292 ιι
2307 5256 2382 5309 Ita
2413 5270 2515 5309 ms.
2547 5255 2754 5325 Remig.
2785 5254 2924 5308 Editi
2952 5269 3105 5317 vero,
3132 5268 3195 5306 ne
3239 5252 3282 5305 is
3304 5266 3457 5325 quem
3480 5248 3751 5325 placidum

2165 5327 2438 5392 mitemque
2457 5320 2727 5387 sentimus,
2750 5326 3073 5377 iracundiam
3101 5340 3201 5376 non
3228 5320 3578 5387 paznitentibus
3600 5329 3708 5371 tete.
3731 5347 3751 5359 -

2165 5412 2281 5449 nam
2308 5398 2607 5461 constituat,
2641 5395 2991 5463 paenalemqtte
3015 5395 3345 5463 sententiqm.

2245 5464 2259 5503 ί
2296 5457 2821 5519 ΕιηθηάξιιυιῚιιοιιε
2873 5457 2962 5518 hic
3005 5467 3072 5519 ad
3122 5480 3225 5518 tus.
3258 5462 3466 5529 Remig.
3498 5457 3656 5521 Editi,
3693 5457 3752 5509 in

2165 5537 2397 5591 eamdem
2426 5536 2793 5604 captivitatem.

2242 5606 2258 5655 i
2299 5596 2724 5670 Editi,'oblatus;
2762 5601 2856 5657 sed
2895 5603 3091 5657 melius
3125 5618 3228 5656 ms.
3266 5601 3513 5672 Retuig.,
3543 5596 3749 5652 oblitus.

2238 5672 2265 5713 ‘t
2294 5675 2462 5743 Editi,
2487 5676 2686 5730 aderat.
2708 5674 2811 5731 Ms.
2834 5674 3075 5744 liemig.,
3102 5681 3232 5726 erat.
