4040 6178
332 219 440 276 809

1115 215 1316 271 LIBER
1355 215 1444 270 DE
1483 213 1799 271 PROMISS.
1843 209 1931 268 ET
1975 210 2314 268 PBEDIGT.
2361 210 2493 265 DEI.
2538 209 2716 266 PARS
2755 208 2818 264 ll.

3490 206 3601 266 810

331 328 446 392 nis;
503 331 691 381 venter
729 331 785 379 et
822 323 1024 379 femora
1067 339 1228 390 aerea,
1283 325 1541 378 Punicum
1599 323 1904 388 Meridiani;
1933 321 2262 392 Aornnibus
2317 323 2498 392 regnis
2529 321 2773 392 eminens
2807 318 3057 392 _do_mavi_t
3093 331 3306 374 omnem
3358 325 3592 388 terram,

328 409 485 451 crura
530 396 701 448 ferrea
741 404 796 448 et
833 395 982 462 digiti
1021 395 1212 460 pedum
1254 394 1444 460 partim
1485 393 1678 455 ferrei,
1717 395 1910 462 partim

330 466 546 530 lictiles,
563 465 806 518 ultimum
827 463 1146 528 Romanum,
1169 463 1414 518 videlicet
1435 463 1756 528 Occidentis,
1777 465 1914 518 sicut

330 547 390 590 et
426 535 510 588 vir
541 533 932 588 eruditissimus
966 533 1186 588 Orosius
1225 533 1682 600 historiograplius
1718 536 1909 600 posuit.

330 605 485 669 Quod
513 619 732 672 regnum
762 613 1028 670 tamquam
1061 601 1258 656 ferrum
1289 604 1602 656 comminuit
1639 604 1837 664 omnia,
1861 613 1914 672 et

330 675 559 728 domuit.
583 671 791 728 Christi
819 686 1031 741 quoque
1072 687 1292 740 regnum
1328 673 1600 739 subjungit
1635 671 1818 725 Daniel
1861 671 1914 724 in

334 743 516 803 lapide
541 744 778 797 abscisso
808 744 875 796 de
911 752 1090 795 monte
1114 743 1231 795 sine
1253 744 1495 794 manibus
1521 741 1914 794 concidentium

331 811 528 884 (Ibid.,
567 813 653 884 44.
674 821 721 865 et
756 810 878 884 ‘5),
920 810 1349 884 tamquam__sine
1392 811 1636 864 manibus
1673 811 1914 884 comple-

332 880 596 936 ctentium
631 882 794 935 Deum
821 880 1087 934 hominem
1116 897 1178 934 ex
1202 881 1418 949 Virgine
1443 891 1644 933 natum.
1675 880 1916 946 Quicum

333 952 482 1006 illam
508 961 734 1005 statuam
770 951 1142 1019 percussisset,
1166 965 1354 1003 omnes
1375 951 1491 1014 eius
1517 959 1694 1017 partes
1714 950 1920 1013 redegit

333 1021 391 1076 in
423 1022 719 1090 pulverem.
743 1036 911 1089 eaque
933 1019 1180 1074 auferens
1205 1020 1578 1090 spiritusventi
1595 1062 1609 1084 ,
1637 1019 1786 1090 locus
1804 1021 1919 1085 ejus

335 1088 586 1145 inventus
616 1106 720 1144 non
743 1088 873 1144 est:
908 1091 1080 1156 ipsum
1107 1097 1286 1143 autem
1306 1088 1555 1157 lapidem,
1581 1089 1673 1157 qui
1704 1104 1920 1156 percus-

333 1166 410 1214 sit
436 1170 686 1224 statuam,
709 1159 906 1215 factum
929 1174 1048 1213 esse
1073 1170 1305 1213 montem
1330 1173 1578 1224 magnum
1595 1166 1650 1212 et
1671 1158 1922 1222 implesse

343 1245 566 1284 omnem
583 1231 774 1283 faciem
796 1240 952 1282 terra:
979 1229 1154 1295 (Ibid.,
1178 1229 1288 1284 55).
1309 1238 1334 1265 δ
1366 1225 1616 1279 Vacuatis
1633 1225 1778 1279 enim
1804 1236 1920 1295 om-_-

344 1299 513 1353 nibus
537 1300 735 1368 regnis,
757 1290 991 1367 regnum.
1014 1290 1216 1352 Christi
1240 1295 1453 1349 Domini
1470 1300 1748 1368 exsurget,
1770 1290 1916 1361 quod

347 1369 486 1444 nu_ll_i
531 1364 690 1444 alfcri
731 1364 932 1438 populo
974 1368 1346 1444 relinquetur,
1388 1364 1647 1444 quoniam
1702 1376 1918 1444 perma-

345 1439 501 1492 nebit
531 1439 584 1492 in
635 1435 922 1491 aeternum.
974 1437 1087 1490 lloc
1137 1450 1284 1488 nunc
1313 1435 1523 1488 orando
1573 1435 1753 1489 omnis
1799 1435 1920 1499 eius

339 1512 476 1573 petit
525 1503 793 1573 Ecclesia,
840 1517 961 1556 cum
1009 1503 1186 1557 dicit:
1224 1504 1469 1557 Adveniat
1523 1521 1734 1573 regnum
1780 1503 1924 1558 tuum

341 1571 498 1642 (Luc.
533 1588 603 1635 si,
626 1570 702 1642 ‘2).
741 1573 793 1626 In
821 1582 1030 1641 quarta,
1061 1580 1290 1626 statuam
1313 1613 1327 1638 ,
1359 1570 1748 1642 imaginemque
1769 1589 1920 1628 suam

339 1641 834 1698 Nabuchodonosor
876 1657 1034 1711 quam
1071 1651 1353 1711 statuerat
1394 1641 1752 1707 adOrandam,
1801 1659 1922 1698 cum

342 1721 456 1765 tres
483 1711 720 1778 pra'dicli
758 1710 914 1764 amici
949 1710 1185 1765 Danielis
1223 1711 1451 1766 adorare
1482 1712 1810 1779 noluissent,
1835 1728 1924 1767 ca-

341 1782 494 1833 mino
536 1781 768 1852 detrusi,
805 1781 932 1834 illud
973 1783 1167 1852 mirum
1199 1781 1453 1837 divinitus
1489 1781 1750 1851 przebuit,
1783 1784 1924 1852 quod

339 1852 524 1922 fugato
546 1850 816 1922 incendio,
853 1852 999 1918 ipsos
1032 1851 1210 1918 potius
1240 1850 1517 1922 ministros
1543 1853 1704 1922 regia:
1728 1850 1926 1918 iussio-

339 1921 426 1974 nis
460 1935 622 1972 vorax
666 1921 874 1973 flamma
903 1924 1254 1988 consumpsit.
1289 1921 1423 1977 Tres
1455 1937 1584 1976 vero
1612 1921 1725 1976 iviri
1749 1924 1920 1990 illaesi,

340 1991 600 2060 hymnum
629 1991 757 2058 Regi
785 2005 915 2044 vero
945 1991 1070 2044 dum
1103 1999 1358 2044 canerent
1397 1993 1449 2044 in
1492 1993 1668 2046 medio
1696 1992 1921 2056 camini,

337 2059 524 2114 secum
556 2059 747 2114 Filium
770 2061 860 2114 Dei
884 2060 1080 2114 habere
1099 2072 1426 2114 meruerunt.
1454 2063 1624 2127 Quem
1657 2064 1928 2118 revelante

338 2132 512 2198 gratia
552 2145 645 2183 rex
687 2132 802 2199 ipse
832 2132 1110 2199 cognovit,
1152 2131 1384 2198 quisuos
1424 2147 1578 2185 veros
1614 2131 1925 2187 adoratores

339 2205 591 2268 tigmenta
617 2199 901 2254 vanissima
917 2208 1345 2266 contemnentes,
1375 2216 1403 2253 a
1430 2201 1661 2254 ﬂammis
1685 2216 1925 2269 praesen-

341 2279 411 2321 tis
437 2270 618 2340 saeculi
657 2269 725 2340 ad,
761 2269 1034 2324 caelestem
1066 2269 1288 2339 gloriam
1316 2272 1558 2339 perducit
1588 2271 1926 2340 triumphan-

341 2348 424 2391 tes
454 2337 620 2407 (Dau.
656 2339 758 2407 ιιι).
879 2337 1105 2464 ΟΑΡυὲ
1145 2337 1387 2464 xxxiv.

410 2494 478 2552 In
508 2493 747 2564 Daniele,
769 2499 856 2568 qui
872 2498 1131 2553 Christum
1159 2499 1434 2582 Dominum
1453 2502 1557 2555 suis
1583 2503 1855 2558 visionibus

991 2579 1266 2623 εηανναυη.

338 2669 628 2726 Ρι-τεάἰεῑίο
659 2671 796 2727 facta
818 2672 1132 2742 etfigurata.
1155 2673 1211 2727 Iit
1240 2673 1457 2728 Daniele
1483 2674 1683 2729 credita
1710 2685 1762 2730 et
1785 2678 1926 2733 visa.

413 2764 503 2816 75.
544 2763 736 2826 Quinta
766 2778 899 2818 vero
921 2763 1066 2834 visio
1096 2767 1334 2820 continet
1371 2768 1638 2820 somnium
1684 2768 1926 2834 ejusdem

339 2835 505 2905 regis,
552 2833 934 2905 quodDanicl
987 2835 1058 2887 ita
1107 2835 1484 2902 interpretatus
1537 2847 1620 2892 est
1654 2833 1818 2904 (Dan.
1849 2851 1926 2905 tv,

336 2901 614 2975 3,-etc.)i:
643 2901 1290 2975 _Arborem_magnificatn
1339 2921 1494 2974 quam
1540 2901 1772 2975 viderat,
1825 2901 1926 2965 sub

337 2971 492 3039 cujus
516 2971 686 3045 ramis
719 2988 904 3027 omnes
935 2971 1400 3045 bestiaevpccora,
1441 2991 1674 3045 avesque
1713 2971 1923 3034 habita-

339 3052 480 3105 rent,
514 3042 687 3112 ipsum
708 3057 828 3096 esse
858 3057 1068 3110 regem;
1103 3044 1491 3112 praecidendum
1525 3042 1652 3100 vero
1672 3061 1795 3101 cum
1824 3049 1920 3102 Do-
1951 3050 1994 3112 C

338 3113 516 3186 minus
558 3111 827 3186 jussis‘set,
868 3111 1392 3186 servatajdumtaxat
1441 3117 1648 3181 radice;
1692 3133 1914 3186 regnum

333 3181 455 3248 ejus
482 3181 825 3250 auferendum
858 3182 924 3235 ab
951 3199 1042 3243 eo.
1083 3183 1366 3250 ipsumque
1402 3200 1520 3237 cuin
1549 3187 1733 3239 bestiis
1755 3181 1918 3242 'man-

333 3265 521 3304 surum
549 3249 733 3322 (lbid.,
771 3251 857 3316 i7,
888 3252 1045 3320 etc.);
1078 3249 1301 3321 capillos
1329 3254 1444 3322 ejus
1475 3263 1532 3308 ut
1561 3257 1832 3320 mulieris,
1863 3266 1918 3312 et

337 3321 689 3400 ungues’ejus
717 3323 990 3400 ut-aquilze
1011 3336 1272 3387 crescere,
1308 3321 1486 3400 fenum
1517 3335 1573 3378 ut
1595 3326 1691 3400 bos
1720 3326 1913 3394 edere,

333 3390 508 3462 donec
537 3401 743 3462 septem
763 3390 1018 3462 divinitus
1050 3403 1286 3460 tempora
1315 3392 1460 3460 jussa
1485 3390 1912 3462 complerentur;

333 3460 472 3512 dans
495 3461 790 3531 consilium,
815 3461 927 3531 regi
968 3461 1327 3531 eleetnosynis
1369 3478 1463 3516 sua
1509 3460 1724 3531 peccata
1767 3460 1910 3520 redi;

332 3543 486 3603 mere
515 3529 731 3603 debere.
758 3530 914 3603 Quod
929 3543 1054 3586 cum
1085 3529 1259 3586 facere
1285 3529 1629 3601 neglexisset,
1660 3537 1913 3603 praedicta

331 3600 515 3651 omnia
557 3601 667 3666 regi
705 3600 1066 3663 advenerunt,
1096 3600 1445 3670 suppletaque
1492 3600 1740 3659 mensura
1783 3616 1916 3660 tern-

330 3680 810 3756 Borumiregnum
847 3670 1304 3756 quodiamiserat,‘
1332 3679 1668 3751 recuperavit
1697 3673 1871 3756 (Ibid.
1896 3715 1912 3741 ,

331 3736 450 3807 31).
504 3736 1050 3813 _Sic_pr;esut_nptores_
1101 3741 1407 3813 caeduntur,
1453 3736 1532 3797 sic
1584 3736 1916 3813 caSIigantur

330 3807 638 3885 superbi‘ab
654 3824 719 3862 eo
740 3809 830 3885 qui
857 3818 996 3885 potat
1033 3810 1084 3885 in
1117 3812 1358 3885 tacrymis
1378 3855 1392 3877 ,
1427 3813 1481 3885 in
1509 3807 1748 3885 mensarii
1781 3814 1911 3885 (Ps.

334 3877 789 3951 Exxthii),_quia
823 3877 1164 3951 suntjudicia
1192 3877 1308 3948 ejus
1339 3883 1518 3936 suavia
1551 3881 1686 3951 (Ps.
1718 3877 1911 3950 cxvut,

333 3947 464 4014 39).
506 3945 595 4021 Sic
627 3945 840 4021 Petrum
879 3945 1178 4021 apostolum
1222 3945 1688 4019 iieganzem,dum
1727 3945 1911 4021 resne;

329 4025 478 4069 ctum
501 4017 718 4070 flentem
750 4019 986 4085 videret,
1014 4018 1084 4090 in
1130 4035 1252 4072 eum
1287 4017 1460 4074 foenm
1488 4017 1723 4077 restituit
1753 4017 1910 4090 quem

330 4098 693 4158 praesumptor
720 4090 973 4140 amiserat
1003 4086 1156 4156 (Luc.
1191 4105 1321 4152 xxii,
1354 4091 1466 4158 61).
1494 4093 1581 4148 Sic
1613 4097 1662 4146 in
1695 4086 1806 4146 suis
1835 4097 1885 4147 in

332 4155 711 4229 terfectoribus
740 4170 948 4229 sacrum
984 4159 1100 4225 ejus
1130 4155 1446 4228 sanguinein
1479 4161 1503 4198 δ
1538 4163 1912 4229 tundentibus,

334 4240 436 4300 pro
474 4226 666 4300 quibus
706 4226 880 4280 oravit
931 4230 1177 4282 eumdem
1208 4226 1546 4300 sanguinem
1611 4226 1914 4300 propinavit

331 4293 659 4370 bibendum,
696 4311 802 4363 quo
840 4299 1036 4370 regiam
1077 4293 1410 4365 susciperent
1447 4293 1777 4370 dignitatem.
1823 4304 1914 4357 Sic

328 4365 575 4439 quotidie
606 4364 718 4439 Rex
745 4364 1152 4439 nosterlapsos
1182 4364 1426 4436 reparat,
1465 4364 1658 4439 quibus
1700 4374 1910 4427 collata:

330 4434 518 4499 gratia:
553 4437 786 4489 ccclesiis
817 4438 968 4509 regni
995 4437 1193 4509 donum
1224 4434 1420 4492 servat»
1443 4434 1498 4493 iii
1531 4453 1829 4509 posterum.
1858 4444 1911 4496 In

330 4510 488 4554 sexta
520 4518 600 4574 _ex
643 4514 870 4571 quatuor
908 4505 1010 4558 sibi
1049 4510 1432 4574 apparentibus
1473 4505 1658 4565 bestiis
1702 4523 1724 4550 ο
1772 4513 1915 4566 illius

330 4572 692 4649 supradictas)
732 4583 960 4649 quatuor
989 4572 1219 4649 partium
1254 4579 1400 4632 orbis
1436 4595 1598 4649 regna
1633 4583 1917 4635 confirmat

329 4638 498 4719 (Dan:
529 4657 620 4719 vit,
647 4641 702 4704 4,
725 4638 865 4712 eia).
901 4638 1106 4719 Quibus
1133 4657 1376 4719 quartam
1404 4638 1628 4704 bestiam
1665 4653 1916 4719 grandio-

331 4724 450 4787 rem
475 4711 640 4764 fuisse
662 4721 821 4779 atque
848 4711 1165 4787 terribilem,
1192 4716 1330 4770 idem
1357 4721 1615 4787 propheta
1648 4711 1910 4776 tostatnr:

332 4778 622 4851 habentem
655 4778 856 4835 Cornua
884 4785 1102 4851 decem,
1137 4800 1196 4838 ac
1225 4787 1290 4838 de
1313 4778 1490 4842 medio
1528 4805 1712 4845 eorum
1744 4807 1910 4845 cornu

328 4849 477 4902 aliud
505 4866 721 4918 parvum
749 4854 1068 4930 ascendens,
1090 4849 1187 4907 tria
1215 4871 1280 4909 ex
1305 4857 1408 4912 illis
1431 4870 1554 4914 ante
1579 4863 1765 4916 faciem
1796 4864 1911 4930 ejus

327 4932 558 4973 excussa
585 4930 922 4975 suntcornua
941 4963 955 4986 ,
985 4924 1155 4976 donec
1178 4935 1420 4980 vetustus
1454 4931 1658 4982 dierum
1690 4924 1839 4983 sedit'
1857 4933 1908 4984 in

323 4988 558 5067 judicio.
581 4990 686 5044 Sed
715 4990 828 5067 haec
853 5006 919 5045 eo
941 4993 1278 5067 mododsunt
1307 4999 1571 5060 exposita,
1609 5015 1713 5064 quo
1746 5015 1908 5067 regna

329 5059 426 5112 illa
456 5069 684 5129 quatuor
706 5062 922 5115 sibimet
951 5064 1316 5120 succedentia.
1343 5059 1519 5121 Bestia
1547 5059 1760 5138 quarta,
1792 5059 1909 5138 qua:

400 5273 428 5338 ξ
460 5265 562 5338 bis.
595 5265 829 5338 Remig.,
877 5266 1238 5338 Vacuatisque.

399 5332 428 5372 δ
461 5332 802 5401 Haecverba,
829 5332 1188 5408 (undantibus,
1220 5355 1314 5407 pro
1346 5340 1525 5408 quibus
1561 5340 1750 5405 oravit,
1775 5357 1913 5396 eum-

324 5405 442 5478 dem
461 5409 794 5478 sanguinein,
823 5405 876 5461 in
913 5423 1016 5462 nis.
1051 5405 1256 5478 Remig.
1287 5405 1496 5478 reperta
1521 5409 1647 5465 huic
1674 5411 1793 5465 loco
1832 5429 1916 5468 re-

322 5476 621 5551 stituimus.
653 5475 709 5528 In
737 5477 828 5532 illo
859 5475 1362 5551 tamenpaulo'post-
1373 5481 1590 5551 legitur,
1615 5484 1912 5551 susceperit,

323 5559 430 5598 non
458 5547 790 5614 susciperent,
823 5559 880 5601 ut
906 5550 956 5600 in
986 5550 1163 5602 editis.

403 5625 424 5652 ι
446 5614 544 5668 Ms.
579 5615 807 5684 Hentig.,
842 5618 916 5669 illi
942 5620 1271 5687 supradicta.

720 5705 975 5766 PLTROL.
1026 5706 1122 5768 ω.

1943 4409 1990 4465 D

2019 391 2353 462 subjecitque
2377 389 2494 445 eam
2519 391 2708 462 (lbid.,
2731 389 2846 460 23).
2881 389 3007 444 Post
3037 389 3328 462 ipsamuno
3354 397 3594 462 tempore

2015 461 2204 514 decem
2234 475 2389 528 reges
2418 458 2711 529 exsurgent
2745 477 2757 512 :
2786 458 2839 513 et
2862 469 2978 527 post
3007 473 3132 523 eos,
3169 458 3258 512 ille
3285 459 3374 528 qui
3398 476 3595 514 nomen

2054 529 2344 583 erditionis
2370 544 2509 592 suae,
2546 531 2594 583 id
2635 539 2749 595 est,
2783 529 3123 595 Antichristi,
3155 537 3460 595 portaturus
3489 540 3596 585 est.

2063 614 2093 652 e
2123 613 2232 666 quo
2261 614 2358 667 suo
2386 601 2526 666 loco,
2557 610 2614 652 ut
2634 599 2744 666 jam
2771 601 3094 667 promissum
3108 608 3210 663 est,
3241 599 3422 652 divina
3453 600 3601 653 testi-

2019 669 2195 722 monia
2227 666 2586 735 proferentur.
2633 667 2690 722 In
2735 666 2958 736 septima
2997 684 3061 722 ex
3099 669 3267 721 ariete
3316 676 3369 721 et
3409 667 3594 735 hirco,

2019 737 2302 807 Persarum
2337 749 2496 807 atque
2531 738 2842 793 Graecorum
2867 737 2970 792 sibi
3006 737 3187 806 praelia
3226 738 3456 791 revelata
3503 739 3600 792 de-

2017 808 2204 879 scribit
2233 806 2529 879 (Danfvnt,
2556 810 2610 871 5,
2641 809 2786 879 βίᾳ).
2822 809 2933 862 Sub
2958 821 3182 879 persona
3203 823 3413 879 quoque
3441 807 3597 862 Anti.

2018 875 2342 946 cbristi,'qui
2362 879 2525 932 corde
2555 891 2654 932 suo
2683 875 2807 931 dum
2840 875 3299 946 magnificabitur,
3330 877 3454 931 dolo
3480 892 3602 932 cor-

2018 957 2229 1018 rumpet
2257 949 2450 1001 tnultos
2473 947 2520 1018 (1
2531 947 2662 1011 bid.,
2691 946 2805 1017 25),
2837 947 3007 1018 donec
3030 947 3313 1018 veniatqui
3337 957 3602 1003 venturus

2020 1016 2280 1088 est_Jesus
2308 1015 2594 1088 Domitius,
2621 1015 2806 1072 etnon
2839 1015 3367 1088 tardabit(Habacuc
3404 1032 3475 1082 tt,
3519 1019 3598 1088 ὅ).

2091 1084 2181 1141 76.
2208 1086 2263 1139 ln
2295 1097 2477 1141 octava
2507 1086 2668 1157 (Dan.
2695 1103 2749 1150 v,
2783 1089 2831 1151 i,
2863 1089 3008 1155 αα),
3031 1084 3169 1157 idem
3202 1088 3281 1157 vir
3311 1084 3605 1142 desiderio-

2020 1170 2140 1209 rum
2169 1157 2370 1219 Daniel,
2411 1155 2688 1225 providam
2725 1158 2986 1225 justitiam
3027 1156 3121 1211 Dei
3149 1155 3482 1224 judicantem
3518 1173 3604 1212 re-

2021 1240 2116 1292 ges
2142 1227 2402 1291 superbos
2441 1240 2504 1281 ea
2547 1227 2755 1282 ratione
2792 1229 3054 1289 insinuat,
3087 1243 3190 1296 qua
3231 1227 3472 1281 Baltasar
3501 1243 3601 1282 rex

2022 1309 2228 1366 coenam
2255 1295 2457 1366 faciens
2478 1297 2808 1366 principibus
2826 1297 2967 1359 suis,
2994 1295 3119 1350 vasa
3152 1296 3332 1365 templi
3362 1297 3455 1350 Dei
3487 1313 3604 1364 quae

2022 1363 2521 1435 Nabuchodonosor
2547 1363 2698 1435 pater
2721 1366 2839 1435 ejus
2868 1366 3162 1420 abStulerat
3194 1363 3394 1433 prolata
3417 1363 3602 1435 [Editi,

2023 1433 2301 1505 sublata],
2332 1433 2626 1489 biberit—in
2679 1433 2763 1490 eis
2809 1435 3124 1489 concubinis
3170 1433 3606 1504 principibusque

2024 1506 2156 1568 suis,
2182 1503 2406 1560 laudans
2427 1505 2559 1560 deos
2589 1519 2714 1560 suos
2756 1519 2949 1560 aureos
2975 1517 3030 1559 et
3055 1515 3363 1573 argenteos,
3399 1503 3605 1574 ligneos

2025 1580 2080 1626 et
2102 1574 2381 1644 lapideos:
2429 1576 2716 1643 statimque
2757 1576 2808 1630 in
2861 1587 3153 1644 conspectu
3197 1577 3312 1641 ejus
3360 1578 3609 1630 exierunt

2027 1643 2237 1714 articuli
2283 1646 2770 1714 manusAliominis,
2827 1653 2881 1699 ct
2927 1643 3264 1713 scripserunt
3311 1646 3362 1698 in
3407 1649 3608 1714 pariete

2028 1715 2170 1780 regis
2208 1712 2401 1768 domus
2448 1711 2751 1782 (Ibid.,5);
2801 1731 2905 1784 qua
2946 1711 3152 1769 visione
3201 1711 3440 1769 turbatus
3487 1732 3602 1783 rex,

2028 1796 2148 1834 cum
2175 1797 2360 1854 omnes
2399 1799 2534 1854 quos
2557 1785 2739 1838 habuit
2767 1785 3042 1848 curiosos,
3078 1785 3397 1852 scripturam
3429 1788 3606 1854 legere

2028 1852 2422 1921 nequivissent,
2456 1853 2645 1908 Daniel
2671 1854 2907 1916 accitus,
2941 1868 3102 1908 causa
3133 1869 3380 1907 vasorum
3414 1852 3606 1910 domus

2027 1920 2126 1993 Dei
2153 1921 2203 1974 id
2243 1921 2438 1977 factum
2481 1923 2676 1985 fuisse;
2718 1933 3240 1993 regemgconstanter
3279 1925 3602 1993 objurgans,

2025 1992 2342 2058 scripturam
2376 1994 2534 2045 etiam
2565 1989 2809 2047 recitavit
2839 2010 2852 2045 :
2889 1989 3045 2046 Mane
3066 2037 3079 2059 ,
3119 1992 3300 2046 Thncet
3321 1989 3606 2061 (Phares;

2026 2074 2252 2128 eamque
2299 2066 2676 2130 interpretatus
2720 2070 2832 2123 est,
2877 2061 3034 2114 Mane
3066 2079 3084 2116 :
3116 2061 3422 2117 Numeravit
3466 2064 3606 2118 Deus

2025 2146 2234 2198 regnum
2259 2140 2426 2196 tuum,
2451 2141 2498 2184 et
2545 2131 2768 2198 implevit
2797 2133 2946 2187 illud.
2982 2131 3167 2185 Thecef
3191 2148 3208 2186 :
3237 2142 3260 2169 θ
3284 2133 3605 2188 Ponderatus

2026 2215 2099 2264 es,
2128 2207 2175 2252 et
2207 2202 2432 2254 inventus
2465 2216 2517 2256 es
2558 2202 2723 2255 minus
2754 2204 2963 2254 habens.
3007 2201 3204 2255 Phares
3233 2201 3503 2256 :Divisum
3533 2215 3607 2258 est

2025 2284 2237 2345 regnum
2266 2279 2430 2345 tuum,
2461 2281 2508 2324 et
2532 2271 2706 2325 datum
2727 2282 2798 2325 est
2821 2270 2988 2345 Medis
3017 2281 3066 2345 et
3090 2272 3260 2345 Persis
3282 2272 3465 2342 (Ibid.,
3484 2274 3605 2345 25).

2027 2337 2296 2392 Promissa
2326 2343 2502 2413 itaque
2529 2356 2748 2396 munera
2781 2357 2898 2412 quas
2939 2342 3127 2413 Daniel
3158 2337 3418 2397 abnuerat
3439 2337 3460 2413 ,⁷
3482 2337 3606 2399 cum

2027 2422 2123 2461 rex
2159 2411 2478 2483 contulisset
2523 2411 2824 2480 praplietae’,
2871 2412 3284 2483 suppletoivitae
3318 2411 3478 2467 cursu
3500 2457 3514 2479 ,
3547 2427 3608 2470 ut

2065 2477 2341 2551 raedictuin
2371 2477 2576 2548 fuerat,
2607 2477 2826 2550 regnum
2865 2477 3082 2551 reliquit
3129 2481 3294 2537 Medis
3323 2492 3378 2538 et
3404 2477 3603 2538 Per—sis.

2079 2547 2275 2621 ideant,
2303 2551 2522 2605 videant
2546 2547 2765 2621 superbi
2796 2547 3087 2621 regesfqui
3110 2567 3240 2606 ausu
3274 2554 3466 2608 mentis
3491 2568 3607 2607 suae

2025 2630 2154 2670 vasa
2183 2619 2375 2690 domus
2403 2621 2494 2675 Dei
2527 2619 3181 2690 diripientes,'qu:e'juste
3220 2623 3312 2676 ille
3346 2623 3606 2677 ministris

2028 2689 2374 2755 peccantibus
2403 2689 2648 2753 tradidit,
2669 2691 2786 2745 sine
2803 2689 3240 2745 ulla’reverentia
3264 2703 3607 2747 contrectan-

2029 2767 2141 2824 tes,
2168 2758 2310 2820 Deo,
2351 2759 2504 2828 cujus
2550 2760 2766 2814 nomine
2809 2771 3125 2815 consecrata
3164 2772 3318 2825 sunt,
3357 2761 3606 2817 videntur

2027 2828 2383 2883 contumelias
2439 2831 2727 2901 irrogasse.
2774 2829 3013 2896 Quorum
3052 2829 3175 2886 finis
3223 2833 3406 2901 utique
3457 2845 3606 2887 mors

2028 2906 2131 2964 est,
2163 2914 2280 2968 qua:
2307 2913 2414 2954 non
2441 2899 2604 2955 habet
2633 2900 2818 2953 finem.

2571 2989 2795 3046 CAPUT
2833 2989 3053 3046 XXXV.

2028 3079 2094 3135 1η
2116 3083 2310 3148 eodem,
2334 3084 2456 3137 dum
2483 3099 2596 3138 eum
2618 3084 2680 3137 de
2702 3084 2819 3137 lacu
2846 3083 3049 3153 leonum
3078 3084 3228 3153 eruit,
3257 3092 3316 3138 ut
3345 3082 3602 3139 Christum

2513 3153 2794 3207 Dominum
2818 3171 2850 3207 a
2876 3152 3095 3208 luditis.

2093 3240 2112 3279 ί
2147 3242 2429 3298 Pradictio
2457 3243 2597 3298 facta
2629 3254 2684 3298 et
2711 3245 2956 3326 figurata.
2992 3244 3051 3299 In
3077 3243 3299 3300 Daniele
3326 3244 3533 3300 credita

2707 3325 2761 3368 ct
2784 3325 2915 3370 visa.

2086 3404 2174 3459 77.
2205 3402 2260 3458 lo
2299 3419 2473 3470 nona,
2510 3405 2702 3460 Darius
2736 3406 2923 3461 Medus
2962 3406 3223 3461 successit
3253 3405 3307 3460 in
3342 3421 3603 3475 regnum;

2016 3475 2104 3538 qui
2133 3488 2255 3528 cum
2287 3483 2534 3544 satrapas
2575 3486 2790 3530 centum
2832 3478 3018 3545 viginti
3059 3486 3318 3545 statueret
3352 3477 3404 3530 in
3436 3493 3604 3545 regno

2017 3558 2147 3617 suo,
2180 3555 2288 3617 tres
2326 3547 2374 3598 ei
2411 3548 2736 3617 prtepositos
2764 3544 3042 3601 constituit
3068 3544 3232 3617 (Dan.
3264 3561 3346 3611 vt,
3376 3547 3428 3617 1,
3453 3544 3600 3617 etc.).

2023 3613 2214 3685 Daniel
2240 3630 2377 3667 unus
2413 3613 2542 3669 erat
2578 3631 2643 3670 ex
2676 3616 2844 3671 tribus
2879 3618 3104 3685 gratiam
3138 3616 3343 3669 habens
3374 3615 3426 3670 in
3469 3613 3605 3672 ocu-

2015 3681 2078 3733 lis
2107 3683 2268 3744 regis.
2300 3685 2604 3752 Exquirunt
2639 3695 2664 3732 8
2704 3681 3196 3740 invidi'adversum
3241 3685 3335 3740 Dei
3381 3699 3600 3741 servum

2014 3752 2320 3816 consilium,
2351 3769 2414 3808 ac
2434 3756 2549 3822 regi
2583 3756 2907 3821 persuadent
2936 3755 3131 3810 diebus
3154 3755 3368 3821 triginta
3391 3757 3603 3823 petitio-

2016 3835 2136 3873 nem
2166 3835 2195 3874 a
2226 3823 2377 3894 nullo
2404 3823 2512 3894 deo
2555 3827 2635 3876 vel
2675 3825 2911 3887 homine,
2957 3825 3126 3894 nisira
3164 3825 3280 3878 solo
3323 3840 3448 3894 rege
3481 3840 3603 3882 esse

2017 3891 2360 3958 poscendam,
2400 3893 2570 3965 ingeo
2625 3909 2782 3962 pmna
2827 3893 3169 3965 interposita,
3225 3909 3330 3963 qua
3386 3891 3431 3948 si
3479 3898 3602 3965 quis

2054 3970 2340 4032 raceptum
2376 3961 2516 4032 regis
2558 3961 3048 4028 contemnerem—in
3102 3961 3366 4018 vivarium
3407 3961 3603 4020 missus

2036 4029 2260 4084 eonibus
2287 4032 2341 4084 in
2368 4029 2488 4088 esca
2517 4033 2737 4089 daretur
2767 4033 2935 4102 (Ibid.
2957 4075 2972 4099 ,
3008 4035 3060 4099 7,
3092 4044 3186 4087 etc.
3206 4035 3245 4103 ).
3278 4035 3432 4099 Quod
3464 4052 3603 4102 prae-

2014 4107 2611 4173 ceptumpropositum
2658 4107 2936 4172 reperiens
2976 4103 3269 4173 propheta,
3316 4105 3604 4160 Dominum

2015 4172 2368 4242 suumgtribus
2399 4175 2732 4242 temporibus
2764 4175 2869 4228 diei
2899 4173 3055 4227 solita
3082 4172 3331 4228 oratione
3355 4188 3604 4242 precatus

2015 4247 2117 4291 est.
2158 4240 2442 4313 Detentum
2483 4240 2541 4296 ut
2579 4254 2950 4298 contumacem
2991 4244 3102 4312 regi
3142 4240 3402 4310 offerunt,
3442 4261 3602 4313 quem

2013 4312 2377 4383 cuin_eripere
2391 4313 2597 4383 invidis
2623 4331 2730 4368 non
2755 4316 2987 4377 valeret,
3014 4314 3123 4367 Deo
3152 4330 3250 4383 suo
3283 4312 3603 4383 prophetam

2017 4381 2117 4452 sub
2145 4379 2245 4452 hac
2273 4381 2613 4437 confessione
2633 4385 2860 4448 dimisit,
2887 4399 2988 4451 qua
3006 4399 3125 4436 eum
3156 4382 3224 4436 de
3250 4379 3440 4437 niort'is
3462 4388 3604 4452 peri-

2017 4448 2141 4502 culo
2171 4451 2318 4504 solus
2347 4463 2522 4518 posset
2556 4469 2767 4506 eruere.
2801 4448 2952 4519 Quod
2975 4462 3028 4506 et
3062 4453 3254 4504 factum
3271 4464 3371 4506 est.
3403 4448 3482 4506 Ex
3509 4455 3604 4510 hac

2021 4524 2198 4571 tamen
2254 4523 2508 4574 mmstitia
2551 4523 2850 4577 iucmnatus
2887 4538 3009 4591 rex,
3051 4522 3175 4574 dum
3216 4537 3391 4591 neque
3426 4525 3603 4578 cilium

2019 4601 2194 4661 neque
2230 4603 2476 4643 somnum
2516 4603 2763 4661 caperet,
2801 4593 3038 4646 diluculo
3076 4591 3141 4661 ad
3182 4592 3471 4648 videndum
3505 4595 3603 4649 Da-

2018 4657 2352 4735 nieleniﬁipse
2377 4657 2634 4735 perrexit.
2665 4663 2832 4728 Quem
2865 4666 3041 4735 vivum
3068 4660 3400 4735 illzesuinque
3430 4669 3604 4731 respi-

2016 4727 2184 4802 ciens,
2222 4727 2333 4782 Deo
2354 4745 2482 4784 vero
2497 4733 2646 4802 dans
2681 4727 2935 4801 gloriam,
2964 4732 3120 4786 educi
3158 4731 3226 4786 de
3254 4727 3373 4786 lacu
3405 4727 3603 4802 praece-

2016 4795 2343 4869 pi_t,_eosque
2372 4801 2459 4868 qui
2491 4795 2763 4856 Danielém
2805 4795 3074 4856 criminati
3114 4813 3300 4869 erant,
3341 4795 3604 4856 in'lacum

2019 4864 2200 4939 misit;
2224 4864 2270 4920 ei
2295 4864 2536 4924 devorati
2561 4881 2690 4926 sunt
2709 4873 2965 4927 continuo
2988 4871 3043 4925 in
3072 4864 3362 4939 conspectu
3386 4872 3524 4939 ejus.
3547 4873 3602 4929 In

2017 4933 2293 5012 bis-Aeliam
2316 4942 2561 5012 suppleta
2586 4956 2666 4996 εει
2693 4945 2995 5012 prophetia,
3026 4933 3251 4996 dicens:
3287 4943 3383 5005 Qui
3405 4933 3601 5010 foveam

2017 5003 2440 5081 fodit‘proximo,
2461 5009 2485 5047 ιι
2506 5003 2703 5067 ἱηείάεί
2720 5014 2770 5066 in
2797 5003 2934 5066 eam.
2959 5011 3026 5064 Et
3043 5013 3131 5081 qui
3150 5003 3334 5081 statuet
3361 5003 3600 5081 laqueum

2015 5077 2274 5144 proximo,
2302 5082 2482 5148 peribit
2511 5083 2564 5136 in
2595 5085 2686 5137 illo
2710 5083 2898 5156 (Eccfi.
2930 5077 3097 5147 xxvii,
3127 5080 3241 5149 ‘19).
3275 5081 3342 5134 Et
3369 5077 3482 5152 ipse
3508 5099 3599 5137 ttu-

2089 5272 2112 5310 ἀ
2147 5275 2242 5330 Ms.
2267 5276 2502 5346 Remig.,
2530 5281 2630 5331 sint
2659 5283 2913 5346 exposita.

2018 5423 2034 5466 ι
2093 5354 2115 5381 ε
2140 5346 2237 5402 Με.
2277 5347 2482 5418 ltetnig.
2505 5389 2520 5415 ,
2550 5348 2899 5403 Ponderatum
2927 5359 3002 5405 est
3030 5351 3084 5406 in
3116 5361 3319 5422 statera,
3351 5362 3400 5410 et
3430 5355 3597 5412 inven-

2042 5431 2125 5466 um
2149 5426 2244 5466 est.

2042 5431 2125 5467 um
2149 5426 2244 5469 est.

2094 5483 2112 5523 ί
2144 5487 2241 5539 Ms.
2276 5485 2510 5555 Remig.,
2539 5486 2842 5542 Promissio.

2094 5556 2240 5624 FMs.
2275 5556 2508 5624 Hemig.,
2533 5558 2790 5612 invidia...
2825 5561 3063 5616 consilia.

2094 5623 2118 5659 ³³
2151 5627 2248 5681 Ms.
2283 5623 2518 5695 lietttig.,
2551 5629 2794 5684 incidit...
2827 5636 3073 5689 statuit...
3101 5637 3339 5705 ἄρρενας,

3082 5726 3160 5786 26
