4040 6178
436 234 540 288 8H

1175 222 1383 280 LIBER
1422 221 1511 277 DE
1550 220 1864 279 PROMISS.
1908 220 1995 277 ET
2036 221 2372 280 PREDICT.
2416 222 2549 280 DEI.
2589 224 2765 280 PARS
2801 225 2885 280 III.

3585 225 3689 282 818

439 342 678 398 Machab.
713 356 807 405 vii,
830 338 946 410 Μ),
973 338 1109 392 ﬁlios
1133 336 1391 407 praemisit
1411 334 1479 389 ad
1501 335 1867 410 vitam,_quam
1901 349 2000 389 ve-
2026 340 2075 399 Α
2107 336 2251 410 Rege
2270 345 2325 410 _et
2346 336 2639 410 sacerdote
2660 336 2895 403 Christo,
2914 340 3002 409 qui
3020 348 3101 395 est
3118 341 3427 410 exspectatio
3445 341 3692 410 gentium.

438 428 553 467 ram
599 404 799 476 sciens,
838 404 1088 475 omnique
1124 404 1267 461 metu
1301 416 1605 476 carentem,
1642 404 1744 459 sibi
1783 405 2003 473 suisque

437 483 557 537 ﬁliis
606 479 750 534 ﬁdeli
784 475 1112 533 testimonio
1152 475 1450 543 acquisivit.
1486 476 1727 544 Propter,
1745 490 1904 544 quam
1950 482 2007 528 et

436 550 573 605 alios
599 551 653 604 in
687 548 829 604 bello
855 560 1093 601 mortuos
1119 546 1284 601 Judas
1307 542 1644 599 Machabaeus
1665 542 1731 615 (II
1760 542 2003 615 Machab.

441 637 535 684 xtl,
558 620 661 689 45)
693 618 1000 689 (ῚιιοάεκιίιξιΔ
1028 616 1191 670 millia
1243 616 1586 689 talentorum_
1616 614 2008 689 .Ierosolymatn

438 691 582 745 misit
604 684 801 743 oiferre
828 686 1148 741 sacriﬁcium
1177 700 1277 753 pro
1300 686 1543 750 mortuis,
1571 684 1708 740 bene
1735 690 1791 736 et
1810 684 2010 752 optime

437 760 506 814 de
556 758 956 813 resurrectione
1002 757 1260 823 cogitans.
1310 755 1420 808 Hac
1467 754 1777 809 exoratione
1824 762 2010 823 sancta

443 829 682 884 Ecclesia
726 842 854 882 suos
890 826 998 894 agit
1026 822 1185 891 ﬁlios,
1211 824 1412 894 quibus,
1434 832 1797 894 contemptum
1821 822 2012 877 mortis

441 899 737 964 inculcatis,
764 899 830 950 ad
859 892 1039 950 veram
1078 892 1245 948 vitam
1287 892 1563 964 Christum
1606 893 1837 947 transire
1865 907 2015 964 eom-

442 970 615 1039 pellit,
643 961 817 1021 ut'sit
862 966 1059 1039 ipsain
1109 978 1274 1032 regno
1305 964 1398 1039 Dei
1428 962 1664 1039 perlecta
1706 976 1839 1039 cum.
1861 961 2011 1039 ﬁliis,

482 1038 533 1091 ui
559 1037 611 1092 ei
641 1039 823 1091 dicunt
852 1075 869 1092 .
886 1030 1026 1099 Quis
1048 1050 1138 1087 nos
1164 1030 1417 1102 separabit
1432 1030 1471 1085 7a
1498 1033 1743 1085 charitate
1778 1030 1967 1085 Christi
1994 1034 2018 1086 ?

482 1055 533 1091 υι
559 1055 611 1092 el
641 1055 823 1091 Olcunt
852 1075 869 1092 .
902 1055 1026 1099 "ut:
1048 1055 1138 1087 nos
1164 1055 1417 1102 separant:
1438 1055 1471 1085 α
1498 1055 1743 1085 cnanuuc
1778 1055 1966 1085 uirtus
1994 1055 2015 1086 .'

439 1055 775 1162 ιἂἺ-ίὺιιιιιιὶοεν
798 1123 864 1159 an
885 1102 1164 1175 angustia!
1192 1120 1258 1155 an
1286 1104 1606 1175 persecutio:I
1633 1118 1701 1156 an
1730 1104 2015 1175 famestan

443 1178 655 1233 auditas
677 1178 701 1230 ?
722 1192 789 1229 an
838 1171 1159 1242 periculum?
1186 1188 1251 1225 an
1288 1171 1503 1242 gladius
1534 1172 1713 1243 (Rom.
1732 1171 1860 1239 ‘vttt,
1889 1171 2019 1239 55)?

512 1246 601 1302 92.
632 1246 773 1300 Sane
801 1243 938 1313 apud
956 1243 1295 1313 Machabmos
1311 1242 1674 1313 _u_ltimiusdux
1703 1253 1754 1296 et
1784 1244 2019 1313 pontifex

442 1317 540 1371 luit
567 1310 906 1383 Hircanus'U
936 1312 1111 1365 Mach.
1154 1327 1260 1378 xvi,
1305 1310 1416 1381 Ἡ).
1465 1312 1597 1367 Nam
1643 1311 1861 1383 fratrem
1906 1312 2021 1380 ejus

442 1386 806 1440 Aristobolum
841 1382 1124 1450 Pompeius
1170 1383 1513 1451 magistratus
1557 1383 1734 1449 populi
1772 1382 2019 1448 Romani,

442 1456 570 1509 dum
596 1455 979 1523 Jerosolymam
1004 1462 1364 1523 expugnaret,
1396 1453 1632 1506 vinctum
1668 1452 2024 1523 rcum_liberis

443 1524 665 1579 Romam
689 1521 854 1589 misit,
874 1522 1012 1576 sicut
1036 1522 1254 1589 Josephi
1280 1531 1459 1576 narrat
1483 1522 1732 1575 Historia.
1760 1530 1783 1557 ⁸
1804 1521 2021 1589 lmpleta

441 1604 621 1649 tamen
646 1593 813 1649 Iacob
839 1592 1155 1661 patriarchae
1178 1591 1455 1661 prophetia
1482 1592 1711 1646 dicentis
1736 1608 1747 1642 :
1770 1590 1905 1661 Non
1932 1591 2023 1643 de-

438 1665 576 1733 ﬁciet
603 1660 923 1735 princeps’ea:
947 1661 1113 1725 Juda,
1146 1660 1305 1731 neque
1333 1664 1451 1735 dua:_
1469 1663 1531 1716 de
1576 1660 1851 1735 femoribus
1888 1662 2020 1726 eius,

2110 406 2349 461 Herodes
2375 408 2536 479 igitur
2564 409 2736 479 (cujus
2773 406 2977 478 patrem
3024 425 3089 464 ex
3136 406 3385 479 Idumaais
3408 447 3422 471 ,
3448 406 3694 479 'matrem

2109 489 2237 530 vero
2267 491 2335 548 ex
2376 476 2581 531 Arabia
2611 476 2787 531 fuisse
2819 480 2956 533 idem
2988 479 3253 548 Iosephus
3284 476 3310 515 ἀ
3340 477 3489 547 dicit)
3518 493 3545 528 a
3576 477 3695 531 Cte-

2110 559 2230 599 sare
2257 545 2495 615 Augusto
2520 548 2830 601 attributum
2858 550 2957 603 sibi
2985 545 3337 617 illius—gentis.
3368 563 3431 602 eo
3456 545 3697 617 tempore

2110 617 2649 688 sumpsitimperium
2697 634 2801 684 quo
2840 618 3019 673 Caesar
3044 616 3216 688 pacati
3243 618 3389 688 orbis
3414 618 3573 688 totius
3599 616 3699 688 sub

2111 685 2287 740 edicto
2329 685 2741 757 descriptionem
2788 688 2899 742 Iieri
2936 685 3185 755 praecepit
3217 686 3369 757 (Luc.
3401 702 3460 749 it,
3495 685 3568 755 i).
3598 685 3699 757 Ita-

2112 770 2227 827 que
2244 770 2309 809 eo
2333 770 2476 827 anno
2508 756 2853 825 professionis
2876 759 3020 812 illius
3046 773 3165 827 quae
3192 755 3328 811 facta
3350 766 3445 827 est
3472 755 3700 823 praeside

2113 824 2285 895 Syria:
2330 824 2549 888 Cirino',
2594 837 2749 880 natus
2793 836 2874 881 est
2920 824 3163 883 Christus
3212 826 3486 887 Domitius,
3518 827 3569 877 in
3592 839 3699 895 qua

2115 894 2478 963 descriptione
2508 898 2654 950 venit
2679 907 2733 950 et
2759 896 2973 951 Paulus.
3003 896 3094 951 Sic
3119 897 3260 950 enim
3295 894 3699 963 intelligendum

2117 974 2199 1037 est
2227 965 2367 1033 quod
2398 967 2611 1037 tribuno
2638 964 2812 1037 Lysiae
2837 966 2970 1021 dixit
2996 986 3009 1018 :
3048 966 3153 1037 Ego
3181 972 3352 1037 autem
3399 974 3550 1037 natus
3589 979 3703 1017 sum

2117 1033 2390 1090 Romanus
2419 1034 2556 1103 (Act.
2583 1033 2714 1102 xxii,
2740 1036 2851 1103 ‘28).
2885 1033 3249 1091 Omnes'euim
3284 1036 3455 1103 pretio
3484 1048 3704 1103 compa-

2119 1105 2309 1175 rabant
2338 1102 2498 1172 hujus
2528 1105 2760 1159 nominis
2797 1102 3147 1175 dignitatem;
3196 1102 3294 1158 hic
3319 1120 3448 1175 vero
3486 1102 3704 1175 Judaaus

2122 1188 2243 1228 cum
2274 1173 2407 1229 dixit
2436 1183 2616 1227 natum
2644 1189 2701 1227 se
2726 1172 3198 1241 esse'Romanuin,
3231 1174 3430 1229 clarius
3470 1172 3706 1227 ostendit

2125 1246 2177 1297 in
2217 1244 2306 1297 illa
2344 1259 2404 1297 se
2440 1243 2801 1311 descriptione
2837 1244 3054 1301 venisse
3078 1286 3093 1308 ,
3134 1254 3261 1298 nato
3296 1244 3403 1312 jam
3448 1255 3471 1280 ι·
3498 1241 3707 1298 Joanne

2122 1327 2454 1381 praecursore
2483 1322 2536 1384 et
2567 1328 2811 1383 praecone
2846 1314 2865 1352 ί
2901 1314 3010 1369 veri
3038 1314 3197 1384 Regis
3221 1323 3276 1369 et
3300 1313 3525 1379 Iudicis,
3547 1326 3578 1365 a
3599 1326 3705 1381 quo

2125 1393 2334 1449 tempus
2363 1382 2546 1451 gratim
2572 1382 2803 1450 sumpsit
2832 1384 3062 1439 initium.

2196 1455 2284 1508 93.
2314 1454 2620 1521 IIucusque,
2649 1453 2731 1522 jui
2746 1463 2868 1507 ante
2897 1454 3146 1519 Domino,
3170 1452 3268 1507 sub
3285 1452 3427 1522 Lege
3452 1451 3706 1519 ﬁguratas

2129 1523 2523 1593 promissioncs
2564 1523 2925 1592 praedictaque
2975 1533 3033 1577 ut
3092 1524 3272 1578 datum
3320 1530 3405 1577 est
3435 1522 3707 1593 colligere

2127 1591 2291 1647 valui.
2318 1591 2621 1647 Secundum
2645 1602 2699 1647 et
2724 1593 2810 1647 hic
2832 1604 3062 1663 tempus,
3085 1594 3233 1648 velut
3252 1591 3546 1663 secundum
3566 1592 3705 1645 diem

2130 1680 2195 1719 ex
2224 1672 2453 1732 quatuor
2482 1663 2719 1732 partibus
2751 1660 3281 1732 mundi'surgentem
3327 1660 3706 1732 prophetarum

437 1709 804 1789 initia/mia?
815 1734 897 1804 cui
916 1709 1143 1804 reposita
1168 1709 1285 1804 sint
1316 1709 2025 1804 o_mnia,vet'ipsvev
2062 1709 2099 1763 Β
2130 1709 3377 1804 E"p§iiii'6ij'oii'§tii3.'iéais
3391 1709 3706 1804 ,viere—mi—a—

439 1806 597 1859 ctatio
623 1805 846 1874 gentium
869 1799 1169 1928 (Census
1196 1802 1307 1869 10).
1340 1799 1367 1839 b
1396 1799 1670 1855 Intuemur
1718 1799 2026 1870 quiescente

439 1874 627 1928 ordine
653 1888 836 1928 renum
901 1872 1001 1926 uda
1030 1882 1084 1927 et
1106 1872 1289 1928 Israel.
1323 1872 1407 1925 vel
1439 1871 1676 1926 Levitico
1703 1871 2022 1928 sacerdotio.

438 1871 639 1929 ordine
653 1888 836 1942 regum
869 1871 1001 1928 Iuda
1030 1882 1084 1927 et
1106 1872 1289 1937 Israel,
1323 1872 1407 1942 vel
1439 1871 1676 1926 Levitico
1703 1871 2022 1940 sacerdotio,

437 1958 561 1999 cum
592 1941 832 1998 Herodes
866 1958 959 1998 rex
1004 1943 1297 2010 alienigena
1339 1941 1565 1996 Hebraeo
1612 1943 1809 2009 populo
1850 1943 2022 2009 impe-

437 2014 596 2073 ravit.
620 2020 866 2068 cessante
886 2014 1045 2066 etiam
1073 2012 1347 2076 unctione,
1370 2027 1528 2080 quam
1553 2011 1739 2066 Daniel
1764 2010 2023 2080 prOpbeta

438 2084 759 2154 praedixerat
784 2092 1135 2154 cessaturam,
1157 2097 1233 2154 ne
1263 2089 1454 2138 unctos
1483 2096 1637 2151 reges
1658 2082 1742 2154 vel
1771 2083 2023 2136 sacerdo-

438 2152 521 2210 tes
549 2160 866 2224 sequeretur
892 2153 983 2207 ille
1012 2153 1255 2222 pepulus,
1292 2162 1315 2190 ε
1362 2161 1625 2221 przesente
1662 2152 1774 2221 jam
1819 2160 2021 2207 aeterno

510 2297 537 2327 ι
558 2288 690 2343 Rem
713 2287 831 2344 fuse
853 2295 1035 2342 narrat
1050 2286 1313 2357 Iosephus
1336 2286 1473 2342 libro
1494 2302 1583 2341 xiv
1602 2286 2015 2354 Antiquitatum,

437 2374 557 2468 mg.
581 2368 939 2499 grvﬁemig.
964 2467 980 2494 ,
1030 2425 1329 2481 Intueamur
1374 2427 1738 2499 quiescentium
1789 2427 2023 2480 ordinem

438 2514 643 2623 "genii;
672 2582 776 2623 ms.
803 2565 1171 2638 Remigianus.
1202 2566 1345 2622 Editi
1386 2580 1517 2622 vero
1543 2609 1558 2634 ,
1610 2567 1892 2638 prtesertim
1935 2581 2022 2620 ve-

2127 1800 2415 1873 Ez’cchiele
2435 1816 2497 1856 ac
2524 1800 2747 1873 Daniele
2776 1800 2946 1858 tribus
2983 1800 3038 1859 in
3078 1804 3321 1873 partibus
3359 1800 3705 1858 constitutis;

2128 1872 2459 1928 duodenario
2487 1881 2541 1927 et
2571 1871 2657 1927 hic
2683 1873 3062 1941 prpphetarum
3082 1871 3392 1934 'minorum,
3436 1882 3704 1936 tamquam

2130 1943 2383 1998 horarum
2412 1957 2638 1997 numero
2661 1943 2801 1997 diem
2833 1944 3149 2005 secundum,
3176 1943 3319 1997 velut
3344 1942 3397 1995 in
3421 1952 3704 2008 vesperum

2128 2012 2486 2077 concludens;
2522 2022 2577 2066 ut
2617 2022 2825 2082 tempus
2871 2013 3085 2068 tertium
3126 2011 3478 2082 manifestata:
3520 2008 3708 2082 gratias

2127 2084 2289 2153 simul
2312 2097 2431 2136 cum
2464 2083 2582 2151 ipso
2607 2076 2811 2153 αξιθῆηο
2835 2082 2943 2149 die,
2974 2082 3221 2153 ascriptis
3250 2076 3708 2151 capitulisftertia

2125 2166 2252 2220 pars
2281 2152 2403 2208 libri
2428 2160 2607 2208 sumat
2634 2152 2866 2209 initium.
2903 2158 3092 2208 Amen.

2126 2286 2297 2338 niente
2328 2283 2483 2350 Rege,
2518 2292 2623 2338 etc.

2198 2354 2225 2391 ά
2254 2353 2374 2408 Lib.
2393 2345 2781 2422 An'tiquitatum
2803 2367 2909 2417 xiv,
2938 2351 3111 2420 capite
3135 2348 3474 2422 duodecimo,
3502 2346 3555 2401 in
3580 2345 3705 2407 (ine.

2201 2433 2226 2461 ο
2252 2423 2349 2477 Ms.
2384 2418 2592 2492 Remig.
2626 2423 2776 2477 addit
2804 2422 2939 2476 hanc
2966 2418 3174 2486 vocem,
3204 2418 3426 2474 Joanne.

2204 2492 2225 2533 ί
2259 2492 2421 2557 Editi,
2454 2492 2686 2557 Domini,
2714 2494 2865 2563 regis.

2202 2574 2227 2611 κ
2257 2563 2350 2618 Ms.
2378 2563 2619 2633 Remig.,
2640 2577 2921 2631 procerum.

440 2671 3675 2712 .________________.____________________..__.———__—

1475 2766 1897 2873 PARS

2016 2762 2654 2871 TERTIA.

1731 2926 2046 2990 TEMPUS
2089 2925 2436 2989 GRATI/E.

1044 3133 1425 3191 PROLOGUS.

518 3234 573 3289 I'.
600 3227 861 3299 Quoniam
900 3226 1109 3299 Christi
1148 3224 1351 3299 Domini
1395 3223 1563 3294 gratia
1604 3224 1857 3299 rutilante
1893 3225 2017 3280 illu-

451 3295 651 3359 stratus
671 3302 780 3370 jam
809 3298 1036 3370 mundus
1063 3296 1248 3370 eluxit,
1274 3310 1380 3370 non
1412 3309 1535 3349 reor
1556 3295 1763 3370 adhuc,_
1777 3304 1839 3370 ut
1864 3309 2022 3370 supra

451 3373 651 3427 factum
671 3366 772 3435 est,
803 3368 1053 3438 ﬁguratas
1080 3367 1480 3438 promissiones,
1499 3378 1593 3419 seu
1621 3366 1878 3438 prtedicta
1908 3366 2021 3438 dis-

450 3444 689 3505 cutiens,
725 3434 863 3494 huic'
886 3440 1056 3493 tertia:
1082 3434 1238 3505 'parti
1280 3435 1513 3505 praelatis
1557 3434 1803 3503 capitulis
1846 3436 2025 3490 consi-

449 3526 647 3581 gnare.
666 3504 966 3581 Praesertim
993 3504 1116 3581 quia
1146 3506 1268 3581 Lex_
1282 3504 1457 3581 omnis
1482 3514 1537 3559 et
1563 3507 1837 3581 prophetia
1868 3504 2025 3581 Chri-

448 3574 594 3635 stum
626 3580 907 3633 Dominum
939 3574 1117 3630 sonuit
1145 3584 1199 3630 et
1229 3574 1540 3630 Ecclesium.
1583 3574 1747 3643 Cujus
1788 3577 2026 3630 caelestis

448 3651 611 3720 Regis
637 3658 689 3704 et
718 3648 921 3720 Judicis
950 3647 1259 3720 adventum,
1288 3646 1551 3714 praeconia
1592 3644 1829 3720 omnium
1872 3647 2027 3720 spiri-

449 3714 597 3774 tuu'm
628 3733 694 3773 eo
719 3719 905 3773 ordine
930 3717 1274 3783 nuntiarunt,
1323 3730 1429 3783 quo
1478 3729 1572 3781 per
1614 3714 1817 3783 linguas
1864 3718 2026 3768 etiam

449 3789 788 3844 inimicorum
813 3801 1031 3841 suorum
1057 3786 1255 3839 veritas
1276 3784 1591 3839 clamitaret.
1615 3784 1747 3849 Quia
1770 3794 1814 3835 et
1838 3785 2026 3837 daemo-

445 3876 538 3914 nes
569 3858 780 3913 credunt
822 3865 868 3909 et
898 3856 1286 3908 contremiscunt
1328 3853 1466 3916 (Jac.
1496 3870 1555 3917 ιι,
1581 3854 1668 3921 I9)
1716 3864 1737 3889 η
1767 3855 2028 3908 confessi-

445 3943 554 3997 que
588 3937 713 3982 sunt
744 3925 989 3995 prtesenti
1014 3942 1029 3978 :
1058 3924 1257 3997 Scimus
1285 3928 1373 3995 qui
1398 3926 1515 3997 ﬁcis,
1546 3925 1668 3997 quid
1707 3925 1882 3997 venisti
1912 3935 2029 3979 ante

447 3990 646 4068 tempus
685 3990 913 4068 torquere
954 4010 1045 4068 nos
1094 3992 1250 4068 (Luc.
1292 3990 1362 4059 iv,
1398 3990 1513 4064 54).
1558 3990 1774 4061 Quare,
1810 3994 2029 4068 juvante

447 4065 701 4131 Domino,
735 4065 933 4135 placuit
959 4065 1079 4135 huic
1106 4066 1393 4135 operinon
1426 4073 1629 4117 tantum
1671 4077 1857 4118 eorum
1896 4067 2032 4118 vati-

446 4138 590 4193 cinia
621 4134 877 4202 inserere,
907 4135 997 4203 qui
1018 4134 1110 4189 Dei
1143 4134 1345 4201 Spiritu
1374 4135 1475 4187 acti
1505 4143 1646 4197 sunt,
1676 4142 1933 4202 quantum
1977 4143 2032 4190 et

447 4222 640 4261 eorum
668 4208 759 4275 qui
788 4206 1078 4275 errantium
1105 4205 1388 4275 spirituum
1428 4204 1745 4275 seductioue
1788 4204 2027 4273 decepti,

448 4272 812 4346 cognoscentes
856 4273 1042 4346 D_eum,
1083 4290 1195 4346 non
1238 4274 1367 4346 sicut
1414 4272 1577 4346 Deum
1625 4272 2032 4346 gloriﬁcaverunt

450 4342 635 4415 (Rom.
665 4362 706 4411 ι,
732 4344 846 4415 21).
876 4344 1051 4415 Pauca
1082 4344 1257 4415 itaque
1286 4342 1353 4398 de
1386 4344 1564 4398 multis
1594 4342 1933 4412 expendens,
1978 4355 2033 4399 ct

493 4415 695 4469 uaedam
740 4414 997 4484 Sibylla},
1044 4414 1129 4467 vel
1166 4427 1628 4484 quorumcumque
1671 4430 1902 4483 congrua
1964 4416 2032 4469 de

501 4485 670 4539 hristo
693 4482 917 4538 Domino
938 4483 1076 4536 dicta
1099 4482 1449 4563 subjungens,
1472 4484 1718 4565 primoiu
1743 4482 2031 4565 loco_Jo_an-
2056 4504 2109 4565 ι)

450 4570 577 4609 nem
600 4567 898 4623 praeconem
924 4567 1411 4623 prat'cursoremque
1439 4554 1601 4622 ipsius
1626 4556 1904 4622 singularis
1929 4555 2031 4609 Re-

489 4624 535 4677 is
554 4621 614 4679 et
632 4626 745 4679 veri
768 4622 975 4678 Judicis
998 4623 1349 4693 introducam.
1376 4621 1471 4676 Cui
1513 4621 1877 4678 testimonium
1918 4624 2031 4693 ipsa

503 4696 665 4749 eritas
704 4693 945 4762 praebuit,
974 4692 1112 4762 quod
1143 4694 1194 4745 in
1223 4693 1651 4762 natisimulierum
1683 4711 1827 4748 nemo
1855 4692 2032 4748 exsur-

447 4765 585 4834 rexit
627 4754 794 4834 mayor
833 4754 1032 4834 Joanne
1079 4760 1306 4834 Baptista
1331 4754 1544 4834 (Matth.
1580 4779 1653 4827 xt,
1688 4766 1809 4833 tl);
1842 4766 1893 4818 in
1926 4778 2028 4832 quo

448 4833 567 4888 Lex
593 4831 763 4889 omnis
791 4845 846 4889 et
874 4833 1148 4903 prophetia
1176 4832 1404 4885 cessavit
1428 4831 1591 4900 (Ibid.
1622 4834 1733 4902 15).

921 4940 1143 4997 CAPUT
1180 4940 1464 4997 PRIMUM.

667 5032 747 5090 De
763 5030 965 5089 Joanne
992 5031 1246 5104 Baptista,
1272 5047 1580 5103 precursore
1606 5032 1817 5089 Christi.

842 5122 1134 5179 Promissio
1162 5120 1190 5161 δ
1220 5123 1420 5178 credita
1448 5132 1502 5179 et
1527 5124 1657 5179 visa.

524 5216 579 5272 2.
608 5216 770 5273 Isaias
802 5215 1094 5287 propheta:
1133 5213 1264 5279 Voca,
1298 5214 1392 5280 ait,
1428 5215 1698 5270 clamantis
1728 5217 1780 5271 in
1821 5234 2029 5276 eremo:

526 5366 552 5426 Ρ
583 5356 742 5421 Editi,
782 5355 1071 5426 fassique...
1096 5356 1181 5424 qui
1210 5356 1475 5411 advenisti.

524 5425 554 5465 ι’
582 5426 705 5481 Haec
735 5425 904 5498 verba
925 5425 1192 5498 adduntur
1215 5426 1336 5498 huic
1357 5426 1507 5483 titulo
1527 5438 1577 5481 et
1594 5429 1782 5498 paucis
1804 5444 2031 5498 sequen-

454 5496 601 5618 ιὶξξιίβ
630 5511 697 5551 ex
731 5510 833 5549 ms.
875 5495 1489 5565 Remigiano-Remensi.
1544 5497 1749 5552 Absunt
1793 5495 1919 5555 vero
1965 5503 2031 5557 ab

454 5582 502 5618 BI
530 5584 541 5618 I
572 5580 637 5618 IS.

490 5582 637 5619 nius.

452 5582 485 5623 ε
530 5636 678 5703 ibis.
714 5635 941 5698 Remig..
974 5634 1209 5695 Joannis.

2055 3139 2101 3202 C
2132 3130 2325 3202 Parata
2352 3132 2485 3185 viam
2516 3130 2760 3197 Domino,
2787 3140 2949 3185 rectas
2981 3133 3133 3201 facile
3157 3132 3360 3187 semitas
3392 3129 3488 3202 Dei
3527 3132 3709 3202 nostri.

2134 3200 2315 3255 Omnis
2353 3204 2490 3255 rivus
2520 3202 2837 3267 imptebitur,
2868 3211 2915 3254 et
2944 3198 3104 3255 omnis
3131 3218 3271 3255 mons
3300 3212 3346 3256 et
3372 3201 3517 3254 collis
3543 3198 3711 3252 humi-

2125 3272 2353 3325 liabitur.
2378 3270 2446 3324 Et
2467 3278 2610 3341 erunt
2632 3279 2859 3324 tortuosa
2877 3272 2930 3324 in
2952 3271 3217 3337 directum,
3241 3283 3285 3325 et
3312 3287 3491 3341 aspera
3526 3271 3577 3322 in
3607 3273 3711 3341 vias

2125 3343 2327 3411 planas.
2361 3342 2429 3394 Et
2454 3340 2636 3395 videbit
2662 3342 2824 3394 omnis
2854 3356 2972 3394 caro
3000 3342 3224 3394 salutare
3251 3341 3353 3411 Dei
3372 3339 3510 3411 (lsa.
3541 3340 3709 3411 κιρ-ὃ,

2126 3408 2268 3492 etc).
2298 3411 2506 3492 Firmat
2532 3413 2646 3492 huic
2676 3412 3260 3492 Joaniiesnevaiigelista
3285 3452 3299 3475 ,
3329 3408 3548 3492 dicens:
3595 3408 3711 3488 Hoc

2126 3479 2469 3536 testimonium
2492 3489 2563 3534 est
2583 3480 2798 3535 Joannis
2821 3481 2890 3535 de
2911 3479 3145 3545 Christo,
3172 3480 3378 3551 quando
3399 3479 3465 3532 ad
3489 3480 3712 3551 eummi~

2125 3562 2298 3606 serunt
2320 3552 2950 3620 principessacerdotum
2974 3549 3381 3620 interrogantes,
3400 3559 3575 3620 utrum
3600 3549 3714 3615 ipse

2127 3629 2271 3691 esset
2291 3618 2556 3674 Christus.
2586 3618 2655 3691 Et
2678 3626 2937 3688 confessus
2959 3633 3050 3685 est,
3072 3618 3245 3691 etnon
3268 3620 3485 3691 negavit,
3508 3618 3678 3691 dicens
3694 3632 3713 3671 :

2132 3690 2266 3756 Quia
2296 3706 2397 3742 non
2423 3706 2556 3744 sum.
2587 3690 2686 3754 Qui
2720 3686 3031 3744 ei'dixerunt
3054 3708 3073 3744 :
3096 3690 3241 3743 Elius
3268 3686 3439 3744 es'tu?
3468 3696 3513 3740 et
3554 3686 3711 3748 dixit,

2131 3759 2271 3812 Non.
2303 3759 2429 3825 Quis
2451 3774 2567 3827 ergo
2584 3759 2675 3812 es?
2701 3760 2846 3812 aiunt
2872 3777 2884 3810 :
2918 3761 3019 3819 dic.
3044 3769 3100 3812 ut
3122 3759 3396 3812 habeamus
3421 3757 3713 3827 renuntiare

2128 3827 2206 3899 h_is
2231 3830 2316 3897 qui
2341 3845 2431 3882 nos
2458 3825 2741 3894 miserunt;
2767 3828 2891 3899 quid
2920 3830 2982 3882 de
3010 3830 3163 3899 teipso
3192 3827 3360 3899 dicis!
3403 3826 3503 3899 Qui
3539 3825 3669 3899 discit
3693 3841 3711 3876 :

2129 3896 2250 3969 Ego
2264 3914 2377 3969 sum
2395 3913 2493 3969 vos:
2516 3896 2787 3969 clamantis
2808 3898 2862 3949 in
2887 3914 3049 3969 eremo
3066 3896 3083 3950 ξ
3101 3897 3287 3951 Parate
3313 3897 3443 3969 viam
3464 3896 3712 3969 Domino,

2128 3964 2257 4039 sicut
2283 3968 2408 4021 dicit
2430 3967 2596 4039 Isaias
2627 3968 2873 4039 prapheta
2894 3968 3052 4039 (Joan
3084 3983 3122 4035 I,
3156 3969 3243 4039 i9,
3274 3967 3422 4034 etc.).
3462 3964 3713 4039 Testatur

2130 4047 2184 4091 et
2210 4037 2397 4091 Petrus
2420 4039 2473 4091 in
2506 4033 2732 4091 Actibus
2757 4033 3134 4106 Apostolorum
3156 4033 3446 4106 (Act.7xin,
3482 4033 3601 4106 24),
3629 4034 3710 4087 di-

2130 4122 2287 4162 cens:
2312 4106 2441 4161 Cum
2462 4107 2753 4176 impleretur
2767 4104 2967 4171 cursus,
2995 4117 3016 4145 ο
3040 4104 3261 4161 Joannes
3286 4105 3477 4159 dicebat
3501 4119 3519 4158 :
3551 4104 3712 4171 Quem

2131 4194 2210 4230 me
2230 4178 2557 4247 suspicamini
2578 4193 2683 4231 esse
2703 4193 2801 4231 non
2822 4193 2936 4231 sum
2956 4193 3066 4247 ego,
3085 4176 3169 4229 sed
3192 4192 3304 4247 ecce
3327 4176 3458 4229 venit
3478 4185 3589 4247 post
3612 4190 3708 4247 nte,

2133 4248 2196 4300 de
2224 4244 2369 4318 cujus
2410 4248 2622 4318 pedibus
2667 4263 2770 4300 non
2799 4263 2931 4318 sum
2976 4244 3713 4318 dignus_s_olt_tere_cor_rigiam

2133 4312 2589 4442 salseagnentorum
2632 4319 2761 4389 ejus.
2794 4316 3009 4371 Fatetur
3032 4312 3091 4371 et
3110 4312 3137 4353 ἀ
3163 4315 3367 4386 Sibylla
3397 4312 3708 4385 Erythraea,

2174 4402 2288 4442 icen
2345 4408 2360 4442 :

2174 4401 2320 4442 108118
2345 4408 2360 4443 ζ

2224 4476 2401 4539 .Iudicii
2423 4479 2613 4539 signum
2644 4489 2656 4523 :
2681 4475 2830 4539 tellus
2848 4476 3026 4524 sudore
3044 4474 3314 4539 madescet.

2224 4537 2330 4587 Jam
2353 4537 2605 4599 aequantur
2625 4538 2805 4599 campis
2826 4544 3020 4585 montes
3042 4540 3095 4585 et
3117 4537 3295 4585 caerula
3311 4537 3462 4599 ponti.

2135 4637 2310 4708 Seque
2333 4638 2501 4707 ipsam
2524 4652 2820 4707 exponens,
2849 4637 3095 4707 adjunxit
3122 4656 3134 4692 :

2229 4729 2335 4780 Non
2359 4731 2453 4779 erit
2476 4730 2528 4779 in
2544 4731 2694 4780 rebus
2713 4731 2961 4783 hominum
2984 4732 3211 4793 sublime,
3236 4734 3317 4784 vel
3339 4733 3508 4784 altum.

2133 4810 2284 4878 Quod
2314 4811 2589 4884 impletum
2622 4827 2715 4880 per
2737 4812 3009 4869 Christum
3042 4816 3325 4871 Dominum
3368 4817 3469 4884 ipsi
3510 4828 3709 4883 cogno-

2132 4884 2330 4936 scimus
2359 4890 2416 4935 et
2444 4883 2707 4937 videmus.

2753 4954 2981 5011 CAPUT
3016 4956 3081 5010 II.

2317 5052 2338 5077 °
2368 5043 2444 5097 De
2473 5044 2599 5098 calo
2626 5046 2817 5099 venturi
2848 5045 2999 5116 Regis
3024 5058 3070 5099 et
3094 5044 3290 5099 Iudicis
3320 5043 3527 5099 Christi.

2559 5136 2851 5195 Promissio
2873 5138 3072 5193 credita
3100 5149 3149 5191 ct
3172 5138 3307 5191 visa.

2183 5229 2259 5285 Δἔτι.
2292 5227 2457 5283 David
2487 5228 2747 5299 propheta
2772 5245 2789 5285 :
2820 5228 2865 5283 A
2892 5244 3087 5282 summa
3124 5228 3247 5280 coelo
3274 5271 3287 5295 ,
3336 5228 3445 5293 ait,
3497 5226 3715 5297 egressio

2204 5362 2230 5401 ἀ
2258 5364 2333 5418 De
2360 5362 2681 5433 Sibyllamm
2714 5364 2869 5435 dictis
2896 5365 3070 5419 citatis
3103 5363 3187 5417 hic
3211 5403 3226 5427 ,
3270 5373 3325 5418 et
3366 5364 3418 5417 in
3469 5366 3718 5435 capitulis

2136 5434 2503 5503 sequentibus,
2536 5434 2852 5557 legigoterit
2877 5436 3199 5501 Augustinus
3223 5475 3235 5498 ,
3276 5436 3449 5502 capite
3482 5434 3552 5491 23
3592 5438 3717 5490 libri

2136 5504 2326 5557 decimi
2353 5504 2523 5557 octavi
2554 5504 2620 5557 de
2693 5505 2870 5557 ivitate
2900 5504 3015 5557 Dei.

2135 5504 2326 5559 decimi
2353 5504 2523 5558 octavi
2554 5504 2620 5558 de
2648 5504 2870 5558 Civitate
2900 5504 3015 5557 Dei.

2160 5642 2176 5652 π
2210 5583 2232 5609 θ
2393 5574 2621 5652 Reniig.,
2656 5571 2701 5625 E
2731 5575 2852 5628 coelo
2877 5574 3071 5628 venturi
3099 5576 3290 5644 judicis
3328 5574 3477 5643 Reqis
3508 5576 3717 5632 Christi.

2141 5643 2341 5699 Credita
2368 5654 2412 5699 et
2440 5646 2563 5696 visa.
