4064 6190
231 280 340 341 833

1015 270 1217 329 LIBER
1255 269 1347 326 DE
1383 267 1694 340 PROMISS.
1736 266 1823 323 ET
1861 264 2201 322 PREDICT.
2244 262 2376 319 DEI.
2418 259 2592 320 PARS
2629 262 2714 319 lll.

3389 261 3493 318 854

234 392 361 459 mio,
412 389 550 458 ﬁlias
593 396 761 459 autem
819 394 933 438 tuas
981 400 1135 459 super
1182 383 1470 459 humeros}
1499 379 1698 459 tollent.
1752 379 1818 432 Et
1847 388 1896 440 Α
1924 374 2418 459 metipsumai'visu‘s
2455 383 2553 459 est,
2598 373 2854 459 quomodo
2895 374 3047 459 stabit
3089 389 3312 459 reg-nun:
3344 375 3500 459 quas.

233 451 382 518 erunt
412 451 556 528 reges
591 457 869 528 nutritores
919 455 1012 528 tui,
1043 451 1089 528 et
1121 453 1374 522 principes
1406 451 1607 528 femina
1643 465 1816 502 eorum

233 519 499 604 psaltrice}
526 538 646 580 tute.
680 526 747 580 Et
788 541 941 604 super
972 519 1329 604 [acienrterrte
1366 519 1649 604 adorabit/nt
1679 529 1745 604 te,
1772 528 1818 604 et

273 603 491 654 ulverem
521 606 721 650 tuorum
750 588 938 663 pedum
972 588 1173 661 'Iingent
1200 591 1337 663 (lsa.
1371 605 1512 663 x_t.tx.
1545 588 1816 663 22,_etc_.).

273 620 491 654 utverem
521 620 721 650 tuorum
750 620 938 663 pcuuns
981 620 1169 661 uirgam
1200 620 1337 660 μου.
1371 620 1512 650 λιιι.
1549 620 1638 655 ιιι,
1667 620 1816 658 τμη).

234 620 441 724 ξιτ-ωλι
477 669 588 721 haec
621 666 877 720 Dominus
921 665 974 718 in
1008 660 1323 730 Evangelio,
1361 659 1586 712 dicens:
1621 659 1820 730 Regina

235 741 417 793 Austri
461 745 692 807 exsurget
719 735 746 773 δ
777 736 850 807 in_
867 734 1081 807 judicio
1106 729 1222 783 cum
1254 731 1584 807 generatione
1628 729 1819 807 hactet

236 807 598 862 condemnabit
614 798 772 857 'eam.
808 798 956 858 venit
1002 802 1134 855 enim
1178 817 1208 852 a
1240 800 1427 869 [inibus
1472 808 1620 869 terra:
1645 798 1822 869 audire

235 880 544 946 sapientiam
589 876 905 946 Salomonis.
957 873 1021 924 Et
1076 867 1343 946 ecfeplus
1380 884 1533 946 quam
1575 867 1821 946 _S.alomo.n

237 936 324 1002 hic
359 947 573 1017 (Matth.
608 944 836 1017 x1542;
867 943 996 997 Luc.
1030 957 1102 1017 ιιιΡ
1127 936 1238 1008 5i),
1271 936 1398 992 Ideo
1423 939 1538 1002 plus
1567 936 1822 1017 hic,nquia

237 1020 304 1072 ad
338 1006 484 1070 illum
516 1033 640 1078 una,
672 1006 737 1069 ad
768 1006 927 1068 istum
953 1013 1133 1065 omnia
1167 1006 1326 1078 regna
1353 1017 1634 1078 venerunt.
1671 1006 1824 1078 Sicut

243 1102 388 1141 nunc
419 1101 538 1154 nos,
574 1098 595 1124 ε
625 1076 714 1155 qui
756 1094 900 1137 tanta
932 1076 1358 1155 credidimus_et
1384 1077 1675 1155 credimus,
1709 1076 1824 1155 haec

242 1158 474 1227 impleri
495 1146 550 1209 et
578 1146 846 1227 cei-nimus
878 1163 934 1207 et
957 1153 1222 1227 vidimus.
1254 1147 1473 1202 Fatetur
1503 1155 1557 1202 et
1597 1146 1823 1215 Sibylla,

240 1218 430 1284 dic'ens
457 1226 631 1298 (Apud
662 1226 878 1294 August.
912 1223 998 1275 ubi
1025 1218 1205 1290 supra)
1238 1236 1250 1270 :

373 1337 432 1387 Et
456 1349 619 1386 coram
639 1337 731 1384 hoc
758 1333 963 1384 Domino
981 1345 1134 1394 reges
1154 1331 1391 1379 sistentur
1413 1329 1472 1378 ad
1493 1341 1658 1377 unum.

770 1456 997 1512 CAPUT
1037 1453 1298 1510 XXXVII.

418 1546 615 1620 Iugum
648 1548 773 1618 legis
803 1545 996 1601 Christi
1024 1545 1173 1599 etiam
1201 1559 1343 1614 reges
1369 1540 1668 1611 suscepisse.

760 1635 1052 1691 Promissio
1087 1635 1327 1703 impleta.

1923 447 2046 516 quia
2073 445 2243 516 dicitis
2269 446 2321 497 in
2352 444 2638 516 Beelzebub
2659 445 2841 514 ejicere
2867 445 3237 516 medtemonia.
3271 444 3420 506 Quod
3455 446 3500 499 si

1922 514 2014 587 ego
2038 517 2092 567 in
2121 514 2398 587 Beelzebub
2426 515 2584 587 ejicio
2607 515 2880 587 daemonia,
2906 514 2999 581 filii
3029 516 3185 587 uestri
3208 516 3260 587 in
3287 531 3389 587 quo
3413 530 3500 567 ea:-

1921 583 2154 655 pellunt?
2178 584 2460 655 Pr0pterea
2487 585 2585 655 ipsi
2609 585 2806 650 iudices
2834 593 2977 655 erunt
3002 584 3150 637 vestri
3170 583 3497 655 (Matth.xtt,

1921 651 2036 724 i25).
2062 655 2314 708 Testatur
2341 662 2395 708 et
2423 654 2617 707 Paulus
2645 655 2830 707 dicens
2860 671 2874 706 :
2909 651 3114 724 Scimus
3131 651 3253 721 quia
3272 653 3402 706 nihil
3430 662 3501 707 est

1923 722 2162 776 idolum?
2187 724 2243 776 in
2271 726 2365 776 hoc
2397 724 2607 783 mundo.
2642 734 2688 776 et
2708 725 2832 793 quia
2855 722 3030 793 nullus
3059 722 3219 787 Deus,
3243 725 3342 776 nisi
3365 740 3496 777 unus

1925 795 1971 866 (ι
1992 793 2109 848 Cor.
2138 809 2252 860 vut,
2276 793 2353 863 4).
2385 794 2603 848 Fatetur
2631 805 2686 848 et
2714 791 2917 864 Sibylla
2950 791 3075 863 (Ubi
3102 793 3277 862 sup.):

2017 907 2264 970 Rejicient
2289 906 2544 956 simulacra
2569 907 2679 971 viri,
2705 915 2924 957 cunctam
2946 912 3141 969 quoque
3165 918 3347 967 gazam.

1997 1013 2088 1067 4t.
2123 1015 2283 1068 Multa
2312 1013 2473 1081 igitur
2494 1013 2629 1080 haec,
2653 1029 2769 1082 qua:
2801 1014 2867 1069 de
2894 1013 3106 1068 Christo
3132 1014 3294 1077 dicta,
3317 1023 3346 1063 ιι
3370 1020 3424 1068 et
3449 1014 3503 1068 in

1927 1082 2144 1138 Christo
2171 1095 2286 1136 acta
2319 1094 2465 1147 sunt,
2498 1100 2595 1137 nos
2623 1084 2891 1137 credimus
2916 1124 2930 1147 ,
2964 1099 3083 1151 quae
3112 1093 3237 1137 ante
3279 1098 3376 1137 nos
3405 1099 3503 1150 po—

1931 1155 2087 1222 pulus
2113 1155 2299 1208 videns
2331 1154 2430 1207 ista
2461 1153 2710 1217 credidit,
2737 1169 2854 1221 qua:
2880 1169 2977 1206 nos
3006 1153 3246 1206 videmus
3271 1154 3502 1221 impleri.

1935 1224 2198 1292 Namque,
2233 1235 2290 1276 ut
2318 1222 2386 1277 de
2417 1224 2617 1276 nostris
2649 1224 2975 1289 temporibus
3003 1224 3199 1291 aliquid
3226 1224 3500 1275 dicamus:

1930 1291 2286 1347 Constantino
2331 1292 2641 1346 Christiano
2719 1294 3042 1361 imperatore
3108 1303 3403 1360 regnante,
3451 1301 3505 1346 et

1932 1363 2165 1416 scltisma
2199 1363 2560 1417 Donatianum
2586 1361 2920 1416 conlutatum
2965 1371 3050 1415 est
3077 1372 3098 1398 τ
3133 1364 3249 1429 ejus
3275 1362 3504 1427 judicio,

1931 1443 1986 1486 et
2031 1431 2192 1486 Arius
2241 1441 2326 1486 est
2369 1433 2549 1486 divina
2591 1433 2911 1485 auctoritate
2943 1433 3176 1500 punitus.
3217 1431 3506 1485 Theodosii

1933 1516 2064 1556 vero
2096 1501 2330 1570 religiosi
2359 1501 2615 1570 principis
2648 1503 2895 1569 imperio,
2921 1516 3018 1570 per
3040 1501 3248 1556 Joviutu
3281 1510 3334 1554 et
3361 1502 3506 1555 Gau-

1934 1572 2173 1626 dentium
2206 1573 2432 1626 comites
2457 1579 2477 1604 ⁵
2513 1571 2710 1638 templa
2742 1573 2919 1626 omnia
2947 1572 3146 1634 clausa,
3177 1570 3502 1638 exspoliata-

1935 1656 2042 1708 que
2056 1656 2190 1694 vana
2208 1642 2478 1710 ﬁgmenta,
2495 1642 2612 1710 quis
2635 1651 2874 1695 nostrum
2899 1641 3223 1708 permittitur
3238 1640 3506 1706 ignorare?

322 1729 426 1804 ὅθι,
458 1728 620 1804 09".“
657 1727 912 1804 Prophcl?
957 1726 1130 1804 Ψοίιό
1159 1724 1336 1784 NW,
1355 1722 1830 1804 νερεενέηιεέιεθίξεν
1864 1746 1908 1804 B
1936 1710 3340 1804 (ἓξὲξ.ῗΥΨἮῖῗ¹¹Ξ¹ῗέἶ¹ῗιῖ¹¹ίῖ³Ρξὲἒέῗίὲῗίίῖξῗῗὲῗέῗξῗθξίέ
3369 1725 3510 1804 BE"

249 1797 278 1838 δ
298 1791 770 1862 εηιάὶηιὶηἱ,οηὶηρε’
788 1800 871 1864 qui
880 1797 1129 1866 judicatis
1159 1805 1362 1848 terram.
1394 1793 1592 1866 S_ervite
1614 1791 1832 1866 Domino

249 1872 308 1924 in
357 1874 556 1934 timore,
580 1879 627 1922 et
656 1863 900 1920 exsatiate
927 1867 974 1919 ei
1000 1882 1113 1918 cum
1153 1876 1380 1920 tremore.
1417 1863 1676 1916 Continete
1705 1872 1728 1934 ὲ
1757 1864 1836 1934 di-

251 1932 551 2010 sciplinam,
581 1956 644 2010 ne
669 1938 875 2010 quando
895 1937 1149 2010 irascatur
1168 1936 1444 2010 Dominus,
1475 1942 1519 1987 et
1540 1933 1752 2010 pereatis
1774 1932 1835 1986 de

251 2003 505 2080 via'justa
548 2003 716 2078 (Psal.
747 2023 823 2080 it,
855 2007 942 2068 10.
975 2006 1116 2080 etc._).
1167 2004 1234 2058 Et
1280 2006 1471 2058 iterum
1502 2020 1516 2057 :
1547 2003 1614 2080 In
1659 2018 1837 2080 conpe-

251 2071 704 2149 niendoipo'pulos
737 2071 1012 2149 inuitum,
1055 2071 1087 2113 τ’
1120 2085 1336 2149 et_reges
1377 2085 1430 2127 ut
1476 2078 1692 2149 seruiunt
1731 2071 1840 2149 Do-

251 2144 653 2220 mino(P's.'c1,
682 2146 797 2220 23),
824 2156 855 2220 _S
890 2147 1028 2200 Dicit
1073 2144 1460 2220 et_§aloiuon_:
1492 2144 1701 2220 Qitigite
1721 2148 1838 2213 jus‘

255 2213 456 2286 titiam',
501 2220 588 2287 qui
607 2213 871 2288 judicatis
903 2225 1092 2288 terram
1129 2213 1693 2288 (Sap_.l_,uI).rFtl‘tItal
1726 2219 1838 2266 haec

259 2284 526 2344 Dominus
557 2284 621 2340 ιη’
642 2287 955 2353 Evangelio,
988 2285 1172 2340 dicens
1207 2284 1431 2337 :Tollite
1455 2287 1641 2354 jugum
1670 2299 1840 2334 meum

255 2377 412 2430 super
436 2375 541 2430 vos,
594 2368 641 2430 et
668 2359 851 2430 discite
869 2374 907 2430 ag
941 2372 1030 2430 me
1059 2356 1177 2430 quia
1234 2356 1370 2407 mitis
1387 2371 1515 2430 _sum
1559 2364 1605 2407 et
1634 2354 1839 2406 humilis

255 2423 416 2483 corde
458 2427 668 2496 (Matth.
707 2443 781 2492 xi,
827 2426 943 2494 29).
990 2426 1055 2479 Et
1098 2426 1333 2479 iterum:
1375 2423 1451 2496 In,
1469 2441 1568 2493 qua
1602 2439 1840 2496 mensura

255 2500 423 2552 mensi
456 2489 672 2568 fueritis,
706 2489 857 2568 inea
892 2489 1175 2568 remittetur
1209 2496 1345 2547 vobis
1377 2489 1590 2568 (illa-Attii.
1632 2507 1727 2568 Vit,

259 2560 514 2624 Testatur
560 2569 609 2621 itt
645 2560 757 2620 hinc
786 2566 1020 2620 Iacobus
1050 2568 1320 2635 apostolus
1348 2560 1676 2628 :Judicium,
1702 2560 1731 2635 ᾗ
1762 2560 1843 2616 iu-

259 2641 398 2707 quit,
430 2643 539 2691 sine
582 2637 932 2690 misericordia
976 2637 1054 2688 illi
1087 2634 1176 2705 qui
1208 2651 1319 2707 non
1340 2635 1520 2707 fecerit
1552 2634 1842 2707 misericor-

258 2701 424 2762 diam.
461 2709 817 2775 Superexaltat
851 2707 982 2758 enim
1022 2701 1373 2757 misericordia
1404 2705 1604 2775 judicio
1636 2701 1840 2772 (Iacob.

258 2793 324 2841 ιι,
360 2771 696 2847 13).7P'aulus
726 2777 899 2847 etiam
928 2776 1189 2847 orandum
1222 2790 1316 2845 pro
1344 2771 1545 2844 regibus
1583 2771 1613 2847 ί-
1635 2771 1840 2837 Censet,

261 2858 313 2900 et
342 2843 439 2917 pro
474 2846 553 2900 his
605 2847 694 2916 qui
741 2848 792 2897 in
821 2843 1413 2917 sublimitatibus_‘_sunt,’
1439 2851 1491 2917 u_t
1526 2843 1748 2917 quietam
1798 2851 1845 2895 et

260 2912 595 2984 tranquillam
617 2912 782 2969 'vitam
834 2913 1156 2986 agatnusA(I
1194 2912 1328 2967 Tim.
1371 2929 1427 2978 tt,
1459 2913 1556 2983 2).
1603 2913 1682 2968 Ad
1731 2912 1847 2966 hazc

258 2987 414 3042 Maro
442 2988 516 3040 ait
541 2986 779 3057 (.Eneid.
803 3001 876 3050 VI,
902 3001 947 3037 ν.
981 2984 1152 3053 620):

359 3076 550 3130 Discite
569 3079 806 3141 justitiam
823 3077 1011 3136 moniti,
1039 3080 1092 3125 et
1116 3087 1212 3124 non
1236 3083 1462 3125 temnere
1478 3073 1631 3126 divos.

784 3178 1012 3235 CAPUT
1051 3178 1335 3233 XXXVIII.

422 3281 438 3322 ι
480 3270 556 3325 De
584 3271 903 3325 subversione
925 3269 1183 3323 idolorum
1211 3279 1362 3340 atque
1386 3271 1706 3341 templorum.

774 3358 1070 3414 Promissio
1109 3360 1347 3429 impleta.

341 3453 434 3509 40.
464 3451 518 3505 In
549 3453 666 3518 lege
696 3467 789 3505 sua
825 3452 1077 3504 Dominus
1116 3466 1212 3518 per
1252 3452 1488 3520 Moysem
1521 3452 1650 3507 dicit
1677 3470 1688 3504 :
1719 3453 1848 3507 Aras

263 3539 450 3577 eorum
477 3523 790 3584 subuertetis,
822 3532 866 3574 et
897 3523 1036 3574 lucos
1061 3537 1235 3573 eorum
1263 3519 1285 3557 ἐ
1315 3519 1604 3587 succidetis,
1638 3531 1683 3575 et
1712 3525 1851 3576 scul-

264 3593 425 3662 ptilia
447 3607 617 3646 eorum
640 3594 744 3662 igni
766 3592 1153 3662 conc_:'emabitis
1178 3590 1465 3659 (Deut.vn,
1489 3594 1544 3656 5,
1572 3601 1617 3646 et
1647 3608 1740 3659 xit,
1769 3596 1845 3660 5).

269 3658 340 3733 Et
374 3663 532 3716 [Satias
563 3658 818 3730 propheta
838 3681 848 3713 :
868 3658 1089 3730 Fugient
1116 3658 1285 3733 omnia
1314 3663 1609 3733 manufucta
1627 3658 1849 3733 «Egyp'ti

264 3731 434 3802 (Isai.
487 3747 595 3794 xu,
647 3733 723 3799 l).
777 3733 902 3784 Item
956 3735 1068 3798 ipso
1098 3747 1110 3782 :
1141 3731 1462 3802 Abscondent
1498 3732 1619 3785 deos
1647 3731 1767 3785 suos
1796 3735 1848 3786 in

265 3799 535 3871 speluncis
557 3808 602 3871 et
631 3803 1160 3871 caveririsipftrarum,
1184 3799 1200 3837 ι
1230 3817 1388 3869 neque
1409 3801 1482 3871 ibi
1508 3803 1743 3855 celabunt
1766 3819 1850 3856 eos

271 3869 416 3940 (lsai
445 3885 503 3933 tt,
540 3870 626 3935 l9,
658 3887 760 3924 sec.
791 3869 984 3939 LXX).
1035 3869 1296 3923 Jeremias
1348 3870 1508 3924 etiam
1554 3872 1686 3925 dicit
1717 3889 1732 3928 :
1767 3872 1852 3926 Dii

267 3942 364 4011 qui
392 3943 573 3992 coelum
604 3952 648 3994 et
681 3953 864 3993 terram
909 3956 1010 4011 non
1053 3941 1303 4011 fecerunt,
1351 3950 1558 4008 pereant
1595 3951 1636 3977 ω
1671 3944 1734 3994 de
1761 3944 1851 3995 sub

271 4009 406 4065 caelo
435 4022 477 4062 et
508 4021 641 4063 terra
668 4011 804 4076 (Jer.
826 4026 879 4075 x,
906 4010 1014 4077 11).
1050 4010 1116 4062 Ει
1139 4025 1232 4075 per
1255 4009 1564 4064 Zachariam
1596 4013 1851 4066 Domitius

271 4082 411 4135 dicit
444 4095 458 4134 :
493 4080 713 4134 Perdant
746 4083 954 4133 nomina
978 4080 1236 4131 idolorum
1261 4080 1324 4132 de
1353 4088 1486 4134 terra
1512 4080 1698 4149 (Zach.
1731 4097 1849 4145 xm,

275 4155 361 4220 2).
419 4152 586 4205 David
617 4168 839 4222 quoque
871 4154 1004 4208 dicit
1037 4171 1048 4204 :
1078 4152 1268 4208 Omnes
1311 4154 1382 4206 dii
1412 4165 1438 4189 η
1463 4155 1694 4222 gentium
1750 4152 1858 4204 da:-

278 4223 467 4274 monia
523 4222 691 4290 (Psal.
742 4238 862 4283 xcv,
910 4224 985 4291 5).
1035 4223 1159 4276 Ilaec
1206 4223 1468 4276 Dominus
1515 4223 1569 4275 in
1610 4222 1857 4291 Evange-

278 4293 359 4345 lio
401 4291 561 4344 Lucae
596 4292 798 4352 ﬁrmat,
824 4290 1012 4345 dicens
1048 4309 1061 4344 :
1097 4292 1263 4345 Omne
1289 4308 1506 4361 regnum
1542 4292 1764 4361 divisum
1801 4290 1857 4341 in

275 4361 622 4429 semetipsum
649 4362 970 4415 desolabitur
1000 4370 1049 4413 ο.
1094 4362 1243 4427 Quod
1279 4363 1325 4414 si
1350 4359 1405 4415 et
1433 4361 1666 4417 Satanas
1695 4359 1752 4412 in
1780 4373 1861 4411 se-

356 4565 380 4625 ξι
410 4555 508 4608 Ms.
542 4555 774 4625 Retnig.,
801 4555 1093 4624 portabunt.

353 4624 381 4663 δ
406 4627 503 4679 Ms.
535 4624 742 4693 Remig.
774 4626 920 4678 addit
941 4626 1226 4693 injudicio.

365 4706 386 4733 ε
414 4698 511 4749 llis.
549 4697 777 4768 llemig.,
804 4695 890 4762 qui
918 4704 1057 4748 tanta
1085 4697 1336 4749 credimus
1361 4695 1581 4768 impleri,
1628 4706 1672 4750 et
1699 4703 1860 4751 cerni-

281 4783 399 4820 mus
420 4778 465 4819 et
480 4766 725 4818 videmus.

358 4838 384 4872 ά
411 4837 509 4889 Ms.
545 4837 751 4903 Retnig.
781 4837 991 4904 supplet
1020 4837 1240 4890 verbum
1269 4836 1559 4890 erudimini.

365 4916 386 4942 ε
421 4907 520 4959 Ms.
547 4906 780 4972 Remig.,
806 4916 852 4958 et
875 4908 1180 4958 doctrinam.

365 4975 384 5013 ί
420 4978 556 5029 Εὐιιὶ
579 4976 922 5043 antiquiores,
963 4987 1009 5029 et
1036 4993 1209 5048 regna.
1239 4975 1336 5030 Ms.
1375 4974 1582 5045 Remig.
1617 4991 1738 5032 cum
1777 4994 1863 5036 re-

286 5049 643 5111 centioribus,
677 5054 723 5097 et
754 5062 915 5114 reges.

370 5126 395 5163 ε
419 5117 517 5170 Ms.
547 5116 777 5183 Remig.,
807 5115 940 5168 Item
971 5125 1018 5169 et
1040 5115 1309 5169 Salomon.

368 5185 392 5222 ι·
425 5188 523 5239 liis.
557 5185 786 5251 Remig.,
821 5185 1011 5253 facit...
1032 5185 1307 5255 judicium.

375 5265 390 5291 ι
420 5257 520 5310 Ms.
560 5255 791 5323 Remig.,
826 5257 1038 5309 censuit.

371 5328 386 5374 l
426 5327 526 5379 Ms.
563 5326 795 5393 Remig.,
827 5324 891 5377 In
914 5325 1253 5378 subversione.

367 5393 397 5434 ι
423 5397 520 5450 Ms.
553 5395 791 5462 Remig,
824 5396 1157 5449 succendetis.

371 5462 394 5506 ι
429 5466 525 5520 llic
547 5467 692 5521 locus
719 5465 868 5518 Isaiae
891 5466 1182 5518 secundum
1210 5465 1512 5520 versionem
1540 5465 1682 5519 LXX
1709 5467 1870 5521 inter-

291 5546 508 5606 pretum
541 5538 611 5590 ita
650 5535 902 5606 refertur,
927 5544 984 5588 ut
1013 5550 1131 5602 pars
1157 5535 1613 5605 posterior,neque
1634 5537 1722 5597 ibi.
1742 5548 1872 5602 etc.,

294 5605 540 5686 ejusdem
570 5605 836 5662 versionis
881 5620 1098 5661 sensum
1153 5610 1323 5684 magis
1369 5621 1529 5676 quant
1571 5606 1734 5662 verba
1774 5621 1873 5661 ex-

297 5681 523 5746 primat.
1241 5681 1247 5684 ’

1938 1780 2109 1840 ditus,
2138 1791 2313 1835 tamen
2344 1795 2618 1851 paganus,
2639 1783 2658 1818 ι
2690 1781 2962 1848 praeconio
3011 1780 3224 1851 laudum
3281 1781 3508 1851 incon-

1937 1851 2154 1906 sistorio
2185 1848 2434 1917 recitato,
2465 1850 2647 1904 subtili
2675 1860 2790 1903 arte
2819 1865 2919 1918 qua
2947 1849 3131 1913 valuit,
3160 1863 3304 1902 aram
3332 1848 3511 1903 Victo-

1937 1922 2034 1975 ria:
2060 1923 2112 1975 in
2142 1929 2331 1976 senatu
2363 1919 3511 1988 restitui,Christiano.utnoverat,principi

1938 1991 2232 2045 intimavit.
2266 1991 2433 2056 Quem
2465 1991 2644 2043 statim
2673 2003 2703 2040 a
2735 1989 2846 2043 suis
2876 1989 3181 2056 aspectibus
3204 1989 3436 2057 pulsum,
3459 1991 3510 2043 in

1937 2061 2235 2116 centesimo
2267 2059 2464 2129 lapide,
2504 2060 2828 2129 rhedaagnon
2867 2066 3050 2112 stratae
3095 2059 3398 2125 impositum
3447 2073 3514 2112 ea

1937 2131 2054 2194 die,
2114 2127 2335 2185 manere
2377 2129 2649 2199 praecepit.
2682 2127 2973 2197 Eutropius
3019 2142 3250 2197 quoque,
3302 2142 3513 2199 ιιι-τερο-

1940 2209 2060 2255 tens
2086 2209 2113 2236 ιι
2140 2201 2419 2269 patricius,
2453 2207 2510 2252 et
2535 2201 2711 2269 animo
2737 2213 2798 2252 ac
2829 2208 3006 2269 mente
3034 2212 3290 2266 paganus,
3316 2213 3435 2252 cum
3457 2198 3510 2252 in

1940 2267 2317 2324 contumeliam
2350 2269 2601 2323 Ecclesiae
2620 2267 2850 2321 edictum
2873 2268 3159 2336 obreptitie
3186 2269 3253 2322 ab
3279 2269 3514 2322 Arcadio

1938 2339 2246 2394 Christiano
2274 2343 2602 2408 imperatore
2625 2339 2980 2406 exsculperet,
3010 2349 3066 2391 ut
3096 2338 3141 2391 si
3170 2339 3288 2405 quis
3308 2338 3373 2391 ad
3397 2354 3514 2392 eam

1945 2410 2281 2478 confugeret,
2312 2409 2474 2464 etiam
2523 2408 2590 2460 ab
2611 2408 2773 2478 altari
2820 2410 3056 2462 sublatus
3104 2422 3307 2478 [uenas
3340 2409 3516 2462 lueret

1945 2477 2274 2548 ampliores,
2308 2479 2492 2533 divino
2515 2477 2731 2548 judicio
2769 2493 2880 2531 sua:
2921 2480 3201 2531 sententia;
3232 2477 3376 2544 prior
3405 2479 3518 2545 ipse

1943 2547 2256 2619 pro’pinatus
2281 2560 2384 2604 est.
2435 2547 2706 2619 ()ﬁ'eusam
2750 2549 2948 2616 quippe
2997 2548 3232 2619 praedicti
3266 2549 3405 2619 regis
3437 2550 3519 2619 in-

1944 2617 2191 2682 currens,
2222 2619 2288 2673 ad
2316 2619 2431 2688 ejus
2460 2617 2723 2686 refugium
2769 2633 2927 2685 quam
2974 2618 3162 2670 oderat
3196 2617 3516 2671 convolavit.

1945 2689 2114 2756 Quem
2161 2700 2342 2743 sancta
2391 2699 2560 2742 mater
2610 2688 2823 2755 pietatis
2874 2688 3078 2756 gremio
3121 2701 3275 2739 suum
3307 2688 3520 2756 excepit

1946 2755 2244 2814 inimicum.
2268 2759 2362 2814 Cui
2394 2773 2489 2827 per
2510 2757 2865 2811 venerabilem
2897 2755 3230 2827 sacerdotem
3251 2757 3509 2811 Joannem

1947 2828 2240 2897 impetratis
2271 2826 2504 2892 veniam,
2535 2837 2560 2864 ν
2589 2827 2730 2880 osori
2765 2833 2818 2879 et
2843 2826 3077 2897 superbo
3106 2826 3268 2879 vitam
3298 2828 3522 2882 contulit

1949 2909 2003 2952 et
2028 2895 2267 2953 salutem
2301 2898 2451 2966 :ejus
2481 2898 2727 2964 exemplo
2754 2907 2977 2950 cunctos
3005 2895 3299 2950 admonens
3337 2897 3520 2951 inimi-

1949 2983 2060 3034 cos,
2093 2985 2280 3022 vanum
2309 2971 2386 3022 eis
2414 2983 2522 3021 esse
2559 2976 2734 3020 contra
2779 2967 3041 3020 stimulum
3084 2966 3350 3018 calcitrare
3383 2966 3519 3034 (Act.

1951 3053 2024 3100 ιι,
2056 3040 2135 3106 5).
2169 3039 2435 3092 Honorius
2475 3039 2636 3091 etiam
2676 3035 2964 3090 Theodosii
2997 3038 3169 3089 minor
3200 3036 3339 3090 ﬁlius
3366 3035 3524 3091 Chri-

1872 3104 1919 3166 υ
1951 3104 2129 3162 stiana
2155 3107 2414 3177 religione
2433 3122 2495 3160 ac
2515 3106 2805 3177 devotione
2821 3107 3100 3177 praeditus,
3119 3107 3318 3177 templa
3340 3107 3520 3177 omnia

1956 3193 2076 3232 cum
2107 3178 2221 3232 suis
2264 3175 2629 3245 adjacentihus
2676 3176 2890 3243 spatiis,
2923 3175 3180 3229 Ecclesiis
3204 3176 3425 3229 contulit
3453 3175 3526 3230 si-

1956 3247 2173 3372 antalque
2195 3261 2381 3302 eorum
2409 3246 2694 3300 simulacra
2715 3245 3097 3314 confringenda
3125 3245 3176 3298 in
3207 3253 3524 3313 potestatem

1995 3333 2023 3371 e
2063 3327 2123 3371 tt.

1995 3317 2123 3371 edit.

2029 3387 2120 3439 42.
2149 3386 2280 3452 Quae
2311 3394 2338 3422 ι
2365 3400 2494 3439 vero
2523 3384 2714 3440 eodem
2743 3385 3036 3452 imperante
3066 3383 3118 3438 in
3150 3383 3250 3438 hac
3277 3384 3374 3440 Dei
3408 3400 3531 3450 pro-

1957 3457 2212 3511 missione
2240 3465 2355 3510 acla
2385 3456 2787 3524 sint,quantum
2813 3455 3121 3508 memoriam
3153 3456 3320 3523 gratia
3346 3454 3526 3510 divina

1954 3529 2172 3595 juverit,
2214 3527 2320 3580 duo
2347 3530 2429 3580 vel
2479 3528 2578 3578 tria
2627 3525 2766 3595 loca,
2795 3533 2824 3572 γ
2853 3527 3161 3595 memoriter
3193 3539 3265 3595 ac
3295 3525 3529 3595 breviter

1955 3593 2257 3650 excurram.
2285 3596 2440 3663 Apud
2463 3594 2841 3649 Alexandriam
2877 3597 2926 3646 in
2958 3594 3155 3662 templo
3185 3593 3401 3661 Serapis
3426 3593 3531 3648 hoc

1954 3673 2329 3734 argumentum
2378 3665 2810 3734 daemonisqfuit.
2859 3663 3127 3734 Quadriga
3163 3664 3333 3717 ferrea
3382 3664 3530 3718 nulla

1958 3731 2071 3788 basi
2095 3735 2327 3799 suilulta,
2355 3735 2514 3788 nullis
2544 3732 2693 3787 uncis
2727 3731 2903 3784 inﬁxis
2928 3733 3216 3798 parietibus
3245 3734 3490 3801 colligata
3511 3771 3530 3800 ,

1959 3807 2010 3857 iu
2043 3820 2168 3859 aere
2199 3804 2458 3872 pendens,
2485 3802 2692 3857 cunctis
2712 3811 3011 3869 stuporem,
3037 3816 3098 3854 ac
3125 3803 3271 3855 velut
3292 3802 3532 3856 divinutn

1957 3871 2252 3928 subsidium
2277 3875 2448 3927 oculis
2480 3871 2782 3926 mortalium
2807 3871 3109 3924 exhibebat.
3137 3872 3304 3934 Quam
3353 3881 3530 3925 tamen

1960 3945 2094 4013 lapis
2137 3959 2373 4012 magnes,
2401 3945 2488 4011 qui
2533 3945 2728 4013 ferrum
2761 3939 2977 3994 sibimet
3007 3949 3030 3976 ι
3059 3941 3370 4013 attributum
3409 3956 3532 3994 sus-

1959 4010 2162 4083 pendit,
2178 4010 2248 4068 eo
2266 4014 2381 4066 loco
2403 4010 2626 4067 camerae
2649 4010 2862 4083 afﬁxus,
2882 4019 3044 4083 totam
3069 4011 3210 4064 illam
3231 4012 3531 4065 machinatu

1959 4079 2315 4138 sustentabat.
2336 4084 2516 4150 Itaque
2539 4097 2657 4136 cunt
2682 4081 2896 4145 quidam
2920 4079 3009 4133 Dei
3032 4094 3217 4134 servus
3247 4084 3535 4147 inspiratus

1958 4154 2334 4216 intellexisset,
2370 4149 2668 4222 magnetem
2701 4149 2930 4217 lapidem
2975 4150 3154 4222 statim
3201 4159 3258 4202 ut
3306 4164 3535 4222 camera:

1958 4224 2277 4287 substraxit,
2308 4220 2476 4277 omne
2501 4221 2633 4275 illud
2665 4228 2934 4274 ostentum
2975 4221 3172 4274 cadens
3202 4220 3532 4274 confractum

1960 4295 2480 4360 comminutumque,
2510 4291 2744 4345 ostendit
2771 4288 3009 4344 divinum
3056 4304 3164 4345 non
3202 4303 3345 4356 esse,
3387 4289 3533 4359 quod

1964 4363 2207 4418 mortalis
2237 4362 2397 4418 homo
2420 4371 2476 4400 ιη
2501 4363 2824 4416 ﬁrmaverat.

1888 4566 1941 4626 D
2034 4567 2074 4596 ω
2106 4560 2201 4614 Ms.
2235 4560 2468 4628 Remig.,
2491 4560 2554 4614 de
2581 4562 2724 4613 caelo.

2035 4637 2060 4664 η
2091 4631 2188 4683 Ms.
2221 4630 2425 4698 Retuig.
2455 4630 2620 4690 addit.
2652 4631 2894 4698 gentium.
2931 4629 3129 4684 Aberat
3157 4630 3226 4686 ab
3254 4633 3429 4693 editis.

2037 4707 2062 4734 ο
2095 4701 2166 4752 Ita
2194 4699 2288 4753 Ms.
2323 4699 2531 4768 Rentig.
2560 4703 2629 4753 At
2657 4701 2807 4763 editi,
2842 4715 2962 4752 cum
3008 4700 3374 4761 distinctione.
3425 4707 3538 4764 Etsi

1966 4768 2211 4823 Satanas.

2039 4851 2064 4887 Ρ
2094 4841 2190 4892 Ms.
2224 4839 2459 4908 Remig.,
2491 4840 2545 4892 in
2575 4841 2785 4892 mundo.

2039 4920 2065 4957 ίι
2093 4912 2180 4965 Sic
2210 4925 2310 4964 ins.
2343 4907 2553 4979 Remig.
2584 4911 2722 4963 Editi
2756 4924 2904 4977 vero,
2935 4920 2979 4963 et
3001 4911 3062 4964 de
3083 4907 3304 4966 Christo.

2041 4988 2062 5014 τ
2094 4983 2182 5053 §ic
2213 4995 2316 5053 ms.
2343 4980 2551 5048 Retnig.
2597 4985 2662 5033 At
2690 4980 2842 5053 editi,
2873 4981 3168 5053 exjudicio.

2043 5057 2064 5084 ³
2096 5050 2443 5103 liestituimus
2472 5065 2537 5104 ex
2571 5064 2671 5102 ms.
2719 5049 2924 5118 Remig.
2946 5049 2959 5053 ⁷
2982 5056 3149 5104 Antea
3191 5051 3340 5116 editi,
3371 5055 3544 5108 omnia

1971 5121 2159 5187 templa
2190 5119 2473 5182 exspoliata
2497 5162 2510 5185 ,
2555 5135 2666 5187 qua:
2696 5137 2826 5173 vana
2864 5123 3122 5189 ﬁgmenta.

2048 5190 2065 5223 ί
2100 5189 2196 5242 Ms.
2226 5189 2457 5244 Retnitz..
2492 5192 2816 5244 nrwconia...
2843 5193 3081 5244 recitans.

2051 5205 2065 5223 ι
2100 5205 2196 5242 tus.
2226 5205 2457 5256 nermg,
2492 5206 2816 5258 prwconta...
2843 5205 3081 5244 recitans.

2043 5266 2069 5292 “
2099 5261 2186 5314 Sic
2215 5275 2317 5314 tus.
2351 5259 2558 5329 Remig.
2590 5260 2751 5324 Editi,
2782 5261 3082 5329 plurimum,
3104 5259 3274 5315 anima
3294 5269 3341 5316 et
3360 5273 3544 5322 meme.

2043 5338 2071 5364 "
2103 5329 2202 5382 Ms.
2238 5329 2599 5398 Retnigiattus,
2635 5331 2859 5382 illusori.

2050 5405 2075 5433 ⁸
2103 5398 2199 5452 Ms.
2231 5399 2463 5468 Remig.,
2497 5401 2603 5452 viro
2623 5402 2817 5453 eodem.

2048 5476 2076 5515 7
2109 5469 2210 5540 bis.
2242 5470 2474 5540 Remig.,
2503 5485 2808 5522 memorans.

2055 5546 2078 5573 ³
2111 5538 2390 5610 Editiones
2407 5538 2766 5610 posteriores,
2803 5538 3053 5594 attritum.

2057 5616 2112 5645 “
2138 5608 2237 5664 Ms.
2270 5608 2505 5675 Remig,
2537 5609 2865 5677 formaverat.
