4064 6190
280 259 379 320 837

881 367 1109 426 CAPUT
1155 367 1267 422 XL.

357 485 505 552 Quod
533 498 650 538 cum
675 496 851 539 omnes
874 481 1185 536 crediderint
1212 487 1413 551 gentes,
1435 479 1595 534 veniet
1616 479 1753 546 ﬁnis.

801 593 1101 649 Promissio
1132 593 1376 661 impleta.

350 711 442 766 47.
472 718 497 747 ι
526 707 691 763 Isaias
721 707 985 776 prepheta
1022 723 1036 760 :
1064 704 1384 776 Adorabunt,
1414 704 1617 775 inquit,
1646 722 1761 760 eum
1804 711 1867 760 de

285 781 412 835 locis
439 780 545 833 suis
575 775 746 843 omnes
777 775 958 831 insula
1006 776 1232 845 gentium
1286 775 1546 846 (Saphon.
1577 792 1635 841 tt,
1670 776 1772 846 ll).
1801 777 1869 831 Et

283 866 383 919 per
411 849 724 904 Malachiam
756 847 1069 916 prophetam
1096 865 1109 899 :
1145 848 1185 899 Α
1207 847 1331 919 solis
1353 856 1475 919 ortu
1492 861 1658 919 usque
1676 847 1744 899 ad
1767 863 1867 919 _oc-

282 915 482 986 casum,
504 920 705 972 clarum
726 921 818 972 erit
844 915 1028 972 nomen
1052 933 1219 971 meum
1241 917 1295 986 in
1318 915 1548 985 gentibus
1564 957 1580 981 ,
1606 917 1729 969 dicit
1753 915 1866 970 Do-

279 985 474 1043 minus.
496 989 525 1027 b
550 987 618 1042 Et
639 988 953 1053 sacriﬁcium
995 988 1239 1039 mundum
1267 985 1513 1056 inferetur
1538 987 1734 1039 nomini
1758 1002 1867 1039 meo

276 1061 335 1113 in
358 1062 495 1113 omni
525 1062 634 1113 loco
662 1058 881 1129 (Malae.
913 1058 1099 1129 t,_H).
1126 1056 1254 1110 Item
1282 1056 1445 1129 Isaias
1476 1071 1490 1109 :
1520 1056 1655 1129 Quia
1679 1058 1870 1126 repleta

275 1140 354 1184 est
385 1140 522 1184 terra
546 1138 597 1180 ut
624 1125 896 1197 cognoscat
940 1125 1121 1190 Deum,
1166 1126 1313 1194 quasi
1341 1140 1478 1194 aqua
1500 1126 1668 1197 multa
1697 1125 1867 1197 tegens

275 1216 420 1254 mare
443 1199 578 1269 (lsa.
610 1195 702 1259 x1,
734 1200 811 1263 9).
840 1195 1470 1269 firmat_htecDom_inus
1497 1195 1868 1269 inAEva‘ng’elio

275 1262 538 1335 Mattbaai,
573 1262 803 1323 dicens:
832 1265 895 1320 Et
925 1265 1286 1335 prmdicabilur
1315 1262 1659 1335 Evangelium
1679 1262 1776 1318 hoc
1812 1266 1867 1319 in

276 1340 622 1392 testimonium
669 1338 901 1391 omnibus
955 1335 1186 1406 gentibus
1216 1376 1231 1402 ,
1275 1343 1333 1406 et
1382 1344 1501 1388 tunc
1548 1336 1709 1389 veniet
1750 1336 1868 1401 ﬁnis

278 1407 502 1478 (Matth.
552 1424 698 1473 xuv,
726 1406 837 1476 M).
870 1405 1082 1478 Deliae
1128 1405 1441 1478 mundLPel'
1471 1406 1711 1478 Αεεθιξηι
1744 1420 1864 1478 PIO'

275 1473 497 1547 phetam
527 1478 645 1533 haec
682 1473 831 1547 signa
861 1476 985 1529 data
1012 1486 1138 1531 sunt
1162 1493 1187 1547 7:
1234 1484 1257 1512 °
1286 1473 1420 1547 Ecce
1464 1473 1579 1546 ego,
1613 1473 1869 1529 dicit’Do-

274 1543 472 1613 minus,
496 1549 653 1603 semel
682 1543 851 1601 adhuc
891 1546 1212 1600 commovebo
1261 1543 1445 1598 caelum
1469 1543 1528 1598 ac
1553 1553 1771 1614 terram,
1815 1555 1864 1599 et

275 1633 470 1685 ponam
498 1617 667 1671 orbem
699 1627 848 1671 teme
892 1617 1169 1680 desertum,
1191 1623 1256 1685 Aet
1294 1615 1525 1685 civitates
1569 1616 1642 1668 ita
1672 1623 1727 1685 ut
1767 1631 1871 1668 non

1030 249 1234 309 LIBER
1269 251 1361 310 DE
1398 251 1709 311 PROMISS.
1751 250 1838 308 ET
1878 249 2219 307 PBABDIC'I‘.
2260 248 2397 304 DEI.
2437 247 2615 305 PARS
2652 246 2717 303 IV

3432 241 3533 299 εδδ

1885 376 1933 433 Α
1962 371 2134 433 autem
2161 406 2176 431 ,
2221 363 2334 426 ait,
2381 360 2727 433 exsultaboin
2759 359 2978 413 Domino
3004 357 3232 433 (Hebae.
3264 370 3380 424 xm,
3405 356 3468 411 17
3492 367 3541 433 et

1968 429 2291 504 seqq.).'lpsi
2318 432 2827 504 quoque_sapieu_tes
2858 431 3039 504 mundi
3072 430 3125 482 in
3156 429 3269 481 lucc
3305 430 3540 504 attesta_ti

1969 498 2125 567 sunt,
2150 498 2480 557 ut'est‘illu'd
2525 500 2761 555 Sallustii
2797 517 2809 552 :
2846 517 2863 549 ι
2916 499 3146 554 Necesse
3171 504 3254 551 est
3279 498 3542 567 utiomnia

1967 583 2084 627 orta
2114 573 2378 637 occidant,
2415 579 2470 625 et
2497 580 2650 625 aucta
2684 580 2966 624 senescant
2993 568 3299 638 (Sallustius
3320 566 3541 637 Prwfat.

1967 642 2024 695 in
2068 641 2255 696 bellum
2291 640 2499 712 Jugurt.
2549 642 2681 694 circa
2709 638 2956 712 initium).
2996 658 3015 691 ι
3048 637 3348 712 Academici
3380 639 3542 692 etiam

1969 713 2113 777 novi,
2143 718 2322 767 omnia
2352 710 2625 780 vergentia
2657 720 2679 747 ε
2706 710 2756 763 in
2781 710 3054 764 interitum
3080 710 3426 780 incertaesse
3445 722 3545 780 pu-

1970 776 2237 837 taverunt.
2270 783 2332 836 Et
2362 776 2546 835 Plato:
2583 799 2602 831 ι
2638 780 2695 835 Si
2722 781 2933 834 initium
2966 779 3164 833 mundo
3205 777 3371 843 dedit,
3397 776 3547 832 dedit

1970 863 2024 906 et
2064 853 2247 906 tinem.
2286 870 2306 904 s
2342 850 2494 907 Unde
2526 849 2545 889 ί
2580 860 2634 904 et
2671 850 2808 905 alius
2837 850 2969 903 dicit
3001 863 3016 900 :
3053 865 3075 899 ι
3110 847 3250 913 Quid
3279 856 3362 900 est
3391 847 3546 901 hoc?

1970 922 2108 976 istud
2143 924 2192 975 in
2223 939 2327 991 quo
2357 933 2437 976 est
2466 921 2668 990 aliquid
2698 932 3026 974 extremum.
3064 936 3094 991 ν»
3127 919 3258 984 Qum
3288 916 3547 991 Dominus

1972 994 2086 1060 ipse
2116 985 2292 1046 rerum
2325 985 2573 1045 omnium
2604 991 2737 1043 dans
2766 991 2917 1060 signa
2949 990 3252 1060 conlirmat.
3303 985 3433 1060 Cum
3473 986 3549 1039 vi-

1971 1058 2186 1126 deritis,
2238 1070 2263 1108 8
2303 1063 2397 1125 ait,
2439 1064 2545 1114 hwc
2594 1061 2766 1113 omnia
2801 1058 2913 1126 ﬁeri
2939 1099 2952 1119 ,
2992 1058 3168 1110 scitote
3204 1058 3450 1126 quoniam
3493 1060 3546 1108 in

1972 1124 2207 1197 proximo
2236 1138 2310 1185 est
2336 1124 2456 1201 ﬁnis
2480 1130 2692 1201 (Matth.
2727 1124 2890 1193 XXIV,
2920 1128 3035 1197 55).
3067 1124 3287 1201 Βὶείιξρι
3312 1124 3549 1201 Joannes

1974 1196 2248 1269 apostolus
2297 1196 2591 1253 {Mundus
2637 1200 2874 1253 transibit
2920 1209 2965 1251 et
2990 1196 3549 1269 concupiscentiaejus

1973 1265 2023 1341 (Ι
2046 1268 2293 1337 Joan.tt,
2328 1271 2440 1341 l7).
2493 1270 2749 1325 Extrema
2796 1279 2972 1341 autem
3031 1265 3225 1341 futura,
3267 1265 3546 1341 dimidium

1972 1335 2232 1409 temporis
2267 1335 2408 1409 quod
2438 1340 2804 1409 subsequitur,
2845 1337 2873 1374 ιι
2911 1338 3134 1391 annexis
3175 1335 3425 1403 capitulis
3456 1335 3551 1388 de-

1974 1411 2293 1464 monstrabit
2322 1426 2337 1465 :
2373 1423 2425 1463 ut
2458 1410 2562 1464 hoc
2590 1411 2807 1464 tertium
2837 1414 3074 1473 tempus,
3110 1415 3382 1475 tamquam
3436 1412 3547 1475 ter-

1975 1484 2107 1534 tium
2139 1480 2304 1545 diem,
2335 1494 2401 1534 ex
2431 1490 2660 1548 quatuor
2679 1477 3045 1548 evangelistis,
3074 1477 3220 1548 velut
3242 1474 3551 1548 cardinibus

1975 1550 2183 1615 mundi,
2212 1544 2542 1620 surgentem,
2575 1544 2841 1620 orientali
2866 1546 3017 1620 radio
3044 1545 3310 1620 migrante
3339 1544 3549 1620 Joanne

1976 1613 2334 1690 evangelista:
2358 1613 2633 1690 Matthiae,
2661 1618 2859 1690 Marco,
2892 1618 3057 1690 Luca,
3096 1613 3352 1690 tribusin
3381 1613 3555 1690 parti-

275 1682 571 1742 habitentur
618 1688 771 1758 (Agg.
823 1702 882 1749 tt,
940 1686 994 1752 7,
1042 1701 1145 1758 sec.
1177 1682 1363 1758 LXX;
1392 1682 1502 1737 Isa.
1542 1699 1659 1758 χιιι,
1692 1684 1873 1758 9).“Ει
1904 1752 1938 1758 _
1980 1691 2079 1743 bus
2118 1682 2422 1744 constitutis
2448 1728 2462 1751 ,
2502 1698 2558 1743 et
2604 1688 2656 1742 in
2710 1689 3041 1742 duodenario
3092 1684 3110 1721 ί
3163 1682 3551 1758 discipulorum

278 1758 532 1811 llabacuc
575 1752 1167 1828 dicti':_(.'_onsummatio
1201 1756 1255 1807 in
1295 1758 1477 1828 impios
1522 1756 1683 1828 veniet
1706 1754 1868 1828 _(Hu-
1903 1752 1943 1810 Β
1974 1758 2226 1813 horarum
2256 1774 2503 1825 numero,
2525 1773 2807 1828 vesperum
2828 1772 2936 1826 quo
2957 1770 3147 1825 passus
3164 1766 3245 1828 tjst
3270 1752 3549 1828 Dominus,

278 1830 394 1880 bac.
422 1843 462 1895 t,
495 1828 551 1891 9,
600 1844 701 1881 sec.
751 1824 948 1893 LXX).
976 1825 1043 1879 Et
1084 1828 1274 1879 iterum
1311 1841 1323 1876 :
1355 1821 1537 1888 Ficus,
1571 1826 1665 1888 ait,
1694 1821 1867 1878 J'non

276 1898 477 1951 dabunt
508 1899 732 1965 fructum
752 1912 926 1961 suunt,
947 1905 994 1948 et
1020 1904 1299 1965 nouerunt
1321 1896 1579 1965 nascentia
1605 1895 1657 1947 in
1683 1896 1862 1965 vineis.

278 1963 563 2021 Mentietur
585 1983 713 2035 Opus
745 1967 891 2019 oliva:
910 1974 956 2018 et
981 1964 1148 2034 campi
1187 1980 1289 2018 non
1321 1963 1538 2029 a/ferent
1574 1982 1731 2019 escas.
1764 1964 1868 2035 De-

276 2037 453 2099 ﬁcient
472 2037 537 2091 ab
566 2034 682 2107 esca
701 2050 840 2101 oves,
863 2051 965 2089 non
988 2044 1137 2089 erunt
1157 2036 1208 2087 in
1231 2036 1540 2105 prtesepibus
1565 2034 1731 2090 boves.
1756 2034 1869 2105 Ego

352 2181 379 2209 ι
404 2170 461 2227 Si
487 2180 675 2228 auctor
716 2171 831 2239 ipse
864 2171 1052 2226 citavit
1098 2170 1325 2237 Isaiam,
1364 2170 1548 2239 lapsus
1594 2172 1869 2227 memoria:

276 2252 386 2299 est.
411 2243 527 2309 Ipsa
550 2242 712 2297 verba
734 2250 861 2297 sunt
881 2242 1172 2309 Sephonite
1194 2257 1249 2303 ll,
1278 2242 1364 2302 11.
1384 2241 1680 2297 secundum
1704 2242 1866 2297 LXX.

412 2312 516 2367 Ms.
547 2311 783 2381 Remig.,
816 2321 864 2365 et
893 2310 1064 2381 David
1084 2312 1417 2379 sacriﬁcium.

356 2391 380 2420 ε
410 2383 509 2436 Ms.
542 2380 906 2450 Remigianus,
936 2380 1264 2435 Zachariam.
1286 2380 1357 2434 At
1373 2395 1501 2435 vero
1524 2383 1696 2450 prima
1721 2396 1869 2451 pars,

277 2449 417 2505 Ecce
444 2468 676 2521 ego......
711 2449 927 2516 terram,
969 2453 1128 2505 verba
1185 2452 1427 2506 continet
1456 2449 1638 2521 Aggaai
1681 2449 1744 2515 tt,
1780 2454 1864 2513 ll.

277 2523 435 2589 juxta
470 2520 631 2576 LXX.
662 2520 908 2576 Secunda
940 2534 1082 2591 pars,
1126 2530 1174 2573 et
1209 2536 1418 2591 ponam,
1449 2520 1579 2589 etcf,
1609 2531 1694 2578 est
1719 2522 1873 2577 Isaiae

280 2593 1020 2781 :HJTSitsijms.Remigianus.
1052 2660 1219 2731 Editi,
1247 2675 1351 2714 non
1372 2661 1511 2715 dabit
1656 2677 1870 2715 nascen-

304 2748 358 2781 ια
386 2747 441 2781 sn
472 2748 562 2781 eis.

304 2748 358 2782 ια
386 2747 441 2784 ιιι
472 2748 562 2785 618.

359 2809 385 2837 ο
415 2800 544 2855 Hinc
575 2801 684 2854 duo
712 2801 898 2862 verba,
931 2802 982 2853 in
1011 2800 1292 2865 interitum,
1326 2801 1526 2855 absunt
1572 2801 1642 2854 ab
1676 2801 1872 2855 editio-

285 2870 452 2941 nibus
478 2871 735 2940 antiquis,
763 2886 864 2925 nec
890 2870 1118 2941 legimus
1165 2872 1217 2924 in
1251 2887 1350 2926 ms.
1382 2870 1742 2941 Remigiano;
1775 2870 1872 2924 ha-

282 2940 487 2995 bentur
506 2950 684 2995 autem
707 2942 761 2995 in
781 2940 1197 3004 recentioribus,
1218 2955 1319 2995 nec
1346 2942 1490 2996 male
1523 2940 1865 3010 {Optaudum

1972 1830 2378 1884 concludamus.
2414 1828 2480 1883 Ut
2509 1825 2760 1897 ipse'dies
2788 1825 2879 1896 qui
2916 1842 2946 1880 a
2986 1825 3213 1879 mortuis
3238 1825 3553 1897 resurrexit,

1967 1914 2089 1953 cum
2122 1908 2354 1953 aeternus
2376 1894 2581 1953 venerit
2606 1900 2657 1952 in
2692 1894 2992 1967 majestate,
3017 1903 3249 1967 teteruos
3273 1909 3371 1967 nos
3399 1894 3558 1967 faciat

1970 1983 2155 2094 qecgm
2190 1968 2205 2019 i
2244 1970 2455 2034 vivere,
2501 1964 2822 2039 semperque
2860 1967 3029 2021 Deum
3076 1965 3242 2020 donet
3293 1964 3411 2018 sine
3450 1964 3559 2018 lino

1995 2056 2059 2093 au
2102 2054 2214 2094 are.

1995 2054 2214 2094 auaare.

1973 2184 2155 2298 tamen
2184 2184 2268 2299 tut
2312 2176 2542 2246 alicujus
2595 2175 2804 2233 codicis
2852 2173 3178 2245 antiquioris
3230 2173 3561 2230 auctoritate

1997 2261 2031 2299 ιι
2055 2260 2175 2299 otan
2207 2261 2291 2299 ιη’.

1997 2260 2291 2299 ιιιειθηιιιν.

2051 2314 2069 2352 ί
2100 2315 2198 2369 Ms.
2228 2315 2468 2387 Remig.,
2521 2325 2569 2369 et
2614 2315 2837 2387 Tullius.
2872 2314 3067 2387 Cicero
3099 2315 3335 2387 quidem,
3364 2313 3560 2387 lib._de

1974 2382 2271 2440 Senectute
2321 2382 2490 2441 n.'69
2519 2389 2594 2440 ait
2624 2403 2636 2438 :
2670 2386 2809 2452 Quid
2848 2397 2921 2439 est
2951 2386 3005 2437 in
3041 2382 3261 2438 hominis
3289 2386 3392 2438 vita
3421 2384 3511 2436 diu
3536 2384 3562 2435 .9

1977 2454 2084 2508 Sed
2114 2455 2249 2526 mihi
2272 2471 2335 2507 ne
2373 2457 2671 2510 diuturnum
2717 2456 2917 2524 quidem
2946 2456 3225 2526 quidquam
3258 2454 3474 2519 videtur,
3504 2453 3559 2506 in

1975 2540 2074 2593 quo
2096 2534 2168 2577 est
2199 2525 2394 2590 aliquid
2423 2538 2720 2579 extremum.

2049 2604 2075 2641 ε
2106 2594 2180 2648 Ita
2212 2596 2406 2664 legitur
2449 2596 2501 2649 in
2542 2611 2645 2649 ms.
2698 2594 2910 2664 Remig.
2945 2593 3004 2649 In
3036 2594 3194 2650 editis
3232 2595 3557 2649 omittuntur

1978 2664 2095 2734 hzec
2125 2664 2234 2718 duo
2257 2704 2274 2730 ,
2306 2666 2446 2719 ait...
2477 2666 2610 2734 ﬁeri.
2881 2666 2887 2671 ’

2048 2732 2072 2770 δ
2108 2734 2271 2796 Editi,
2298 2732 2561 2790 connexis.

2054 2804 2068 2840 ί
2110 2804 2206 2857 Ms.
2227 2803 2448 2875 ﬂemig.
2473 2804 2626 2859 addit
2653 2804 2766 2870 hic,
2796 2804 2973 2858 etiam.

2050 2879 2065 2923 t
2104 2874 2199 2928 Ms.
2225 2874 2436 2943 Remig.
2466 2877 2711 2941 invenire,
2746 2877 2912 2940 forte,
2934 2874 3174 2928 inveniri.

1354 3141 1760 3249 PARS
1843 3141 2278 3267 QUAE
2297 3146 2532 3252 TA.

320 3334 349 3362 ⁸
370 3330 677 3383 DIMIDIUM
709 3328 1031 3382 TEMPORIS
1062 3327 1151 3380 AD
1182 3325 1373 3380 CUJUS
1406 3325 1602 3378 FINEM
1637 3323 2194 3437 Igg’LAENiigﬁi
2211 3325 2495 3378 VISIO‘SES
2529 3325 2593 3377 ΙΝ
2626 3321 2995 3378 SCRIPTURIS
3027 3322 3285 3376 SANCTIS
3318 3324 3538 3377 FACTIE

921 3559 1282 3616 PROLOGUS

371 3656 430 3709 ι.
471 3654 529 3709 In
578 3653 680 3708 hoc
724 3652 1006 3707 dimidium
1052 3651 1330 3719 temporis,
1382 3648 1542 3703 ﬁnem
1590 3650 1796 3715 mundi,
1826 3659 1881 3705 et

294 3728 457 3795 signa
481 3739 601 3794 quat
626 3722 654 3762 δ
687 3723 1041 3795 futurasunt,
1066 3721 1341 3789 ipsiusque
1368 3719 1682 3795 Antichristi
1713 3720 1874 3785 facta,

294 3790 614 3871 superbiam
664 3793 781 3863 ejus
807 3832 823 3859 ,
873 3792 1174 3871 brevisque,
1203 3790 1462 3871 temporis
1490 3797 1879 3871 potestatem,

294 3865 538 3919 Domino
577 3860 833 3928 donante,
876 3870 932 3916 et
956 3869 1214 3927 operante
1242 3861 1359 3928 ejus
1387 3860 1582 3930 gratia,
1629 3860 1883 3928 ascriptis

294 3934 552 4004 capitulis
571 3949 637 3989 ex
656 3933 853 3987 divinis
874 3930 1200 4004 testimoniis
1223 3928 1497 3998 probanda
1524 3931 1881 4004 suscepimus,

301 3999 661 4059 ostendentes
687 4018 818 4057 sane
844 4004 991 4072 prius
1017 4014 1082 4055 ac
1105 3999 1542 4072 demonstrantes
1567 3999 1695 4069 quid
1723 3999 1888 4072 fuerit

293 4076 394 4145 qui
443 4088 588 4129 nunc
628 4070 876 4145 diabolus
905 4072 1123 4145 dicitur,
1153 4070 1506 4145 qualisve_ab
1531 4077 1754 4145 auctore
1783 4070 1882 4145 bo-

296 4139 504 4200 norum
531 4145 769 4198 omnium
799 4142 1059 4197 formatus
1083 4139 1184 4207 sit,
1206 4148 1319 4193 tum
1351 4141 1515 4194 etiam
1548 4139 1734 4206 lapsus
1766 4139 1883 4208 ejus

293 4215 518 4269 ruinam
541 4224 595 4268 et
620 4215 805 4277 linem,
836 4228 902 4267 ex
930 4212 1075 4265 omni
1104 4210 1401 4279 prophetia;
1426 4210 1512 4263 vel
1541 4210 1664 4263 novi
1693 4209 1885 4279 Testa-

292 4285 476 4339 menti
505 4283 824 4339 auctoritate
853 4281 1088 4337 breviter
1111 4277 1142 4319 ⁷ε
1177 4277 1437 4335 intimabo
1481 4296 1495 4333 :
1540 4293 1609 4333 ne
1653 4279 1763 4333 sint
1804 4277 1885 4331 fa-

294 4354 493 4419 stidio,
525 4355 570 4409 si
599 4362 792 4407 cuncta
822 4351 1020 4406 iuerint
1048 4349 1173 4403 huic
1199 4349 1350 4415 Operi
1377 4348 1631 4418 ascripta.

821 4459 1049 4517 CAPUT
1090 4459 1380 4515 PRIMUM.

340 4554 616 4622 Quomodo
657 4562 860 4606 creatus
922 4564 995 4605 est
1037 4550 1249 4620 angelus
1293 4550 1380 4615 qui
1429 4565 1519 4619 per
1564 4549 1854 4620 superbiam

822 4622 1059 4675 diabolus
1086 4622 1252 4690 factus
1280 4631 1375 4673 est.

797 4708 825 4747 ά
866 4710 1147 4765 Prmdictio
1176 4710 1414 4780 impleta.

378 4805 439 4858 2.
482 4803 585 4859 Per
606 4800 949 4858 Ezechielem
1011 4800 1230 4855 dicitde
1256 4816 1320 4854 eo
1346 4800 1612 4856 Dominus
1655 4817 1669 4854 :
1716 4799 1795 4854 Tu
1823 4800 1893 4855 si-

292 4876 593 4948 gnaculum
638 4871 1009 4948 similitudinis,
1062 4872 1601 4948 plenussapientiaet
1623 4874 1885 4948 perfectus

294 4934 519 5007 decore,
549 4944 603 5021 in
632 4943 879 5021 paradiso
902 4934 1004 4994 Dei
1027 4934 1100 5021 tui
1126 4942 1291 5021 fuisti.
1317 4934 1495 5021 Omnis.
1524 4941 1658 5021 lapis
1695 4934 1887 5008 pretio-
1917 4934 1968 4993 Β

292 5031 396 5068 sus
445 5009 819 5083 operimentum
864 5020 1028 5076 tuum,
1061 5009 1134 5064 in’
1156 5010 1323 5065 medio
1351 5009 1585 5081 lapidum
1620 5011 1884 5080 igneorum

386 5180 415 5208 ⁸
448 5172 503 5225 In
536 5186 638 5226 ms.
687 5170 901 5242 Remig.
958 5185 1188 5239 sequens
1233 5183 1370 5238 opus
1408 5168 1524 5242 sic
1548 5174 1892 5242 summittur:

297 5240 641 5366 {iizipitrsub
678 5237 871 5313 gratia'
890 5237 1164 5294 dimidium
1205 5237 1468 5310 temporis,
1507 5239 1561 5291 in
1590 5237 1754 5310 signis
1789 5237 1899 5290 An-

328 5328 386 5365 ιε
428 5327 499 5366 ris
526 5328 564 5366 t.

2184 3498 2271 3514 _

1907 3560 1951 3621 C
1985 3559 2280 3631 ambulasti,
2319 3562 2576 3631 perfectus
2602 3561 2665 3631 in
2690 3560 2785 3614 viis
2816 3561 2917 3614 tuis
2939 3576 2971 3613 a
2994 3560 3078 3631 die
3106 3560 3414 3631 conditionis
3445 3571 3568 3629 tute,

1986 3630 2146 3699 donec
2174 3627 2377 3684 inventa
2413 3627 2493 3683 Vest
2537 3630 2782 3699 iniquitas
2830 3639 2919 3683 tua
2966 3627 3201 3698 (Ezech.
3254 3646 3437 3695 ιιι-ιιι,
3478 3627 3568 3695 l2,

1984 3696 2133 3767 etc.).
2178 3701 2242 3753 Et
2286 3698 2449 3753 Isaias
2477 3696 3179 3771 ε-ραότηοιιοὶ-ειὶιλτεείάὶς
3226 3699 3453 3771 Lucifer,
3482 3704 3572 3771 qui

1984 3784 2135 3823 mane
2164 3771 2423 3824 oriebatur
2452 3768 2586 3828 (lsa.
2619 3784 2727 3831 XIV,
2763 3767 2890 3836 12)?
2931 3769 3134 3821 Firmat
3165 3767 3280 3822 haec
3316 3767 3571 3826 Demiiius

1984 3838 2363 3913 i_n_'_Evau_gelio
2387 3857 2400 3891 :
2434 3838 2559 3913 Vos,
2593 3837 2667 3913 ait
2690 3838 2913 3913 Judaeis,
2934 3854 2988 3913 _a
3016 3845 3165 3913 patre
3189 3837 3396 3913 diabolo
3424 3842 3564 3895 estis.

1987 3907 2092 3962 Ille
2137 3907 2274 3962 enim
2317 3908 2577 3962 homicida
2622 3911 2719 3977 fuit
2763 3907 2825 3960 ab
2870 3908 3041 3971 initio,
3072 3915 3120 3977 et
3145 3907 3199 3960 in
3230 3908 3437 3961 veritate
3466 3927 3570 3963 non

1985 3980 2123 4032 stetit
2154 3978 2336 4047 (Joan.
2371 3995 2485 4045 \‘lll,
2516 3976 2633 4047 ως
2668 3979 2725 4032 1η
2750 3976 2978 4031 veritate
3006 3986 3029 4013 °
3061 3976 3231 4032 lactus
3260 3986 3343 4032 est
3380 3979 3432 4032 in
3464 3995 3569 4044 qua

1990 4062 2096 4103 non
2128 4050 2295 4114 stetit,
2326 4050 2449 4119 quia
2480 4048 2725 4120 subditus
2753 4047 2992 4120 Creatori
3039 4061 3164 4103 esse
3191 4048 3381 4115 noluit,
3414 4049 3567 4120 cujus

1988 4120 2280 4188 potentiam
2310 4118 2411 4175 nec
2443 4119 2617 4173 malus
2644 4118 2838 4172 evasit.

2394 4297 2399 4301 ,
2602 4228 2834 4285 CAPUT
2877 4228 2938 4284 tt.

2308 4323 2438 4389 ‘Qua
2466 4320 2689 4376 elatione
2713 4320 2952 4375 ceciderit
2980 4319 3234 4374 diabolus.

2500 4414 2784 4470 Prazdictio
2810 4413 3052 4483 impleta.

2065 4526 2119 4579 ὅ.
2152 4524 2312 4579 Isaias
2343 4523 2603 4593 propheta
2632 4523 2700 4576 de
2727 4536 2829 4575 eo:
2867 4519 2886 4558 ί
2915 4519 3150 4583 Dicebas,
3196 4518 3291 4593 ait,
3337 4520 3390 4574 in
3419 4523 3574 4593 corde

1996 4606 2085 4648 tuo
2130 4610 2148 4649 :
2193 4592 2259 4647 In
2300 4588 2479 4647 caelum
2527 4593 2800 4645 ascendam
2838 4605 2991 4657 super
3017 4600 3157 4643 astra
3186 4588 3305 4657 Dei,
3337 4590 3576 4646 cxaltabo

1994 4666 2179 4718 solium
2200 4680 2387 4726 meum,
2427 4661 2605 4716 sedebo
2633 4663 2686 4715 in
2712 4670 2878 4713 monte
2904 4658 3213 4723 testamenti,
3243 4660 3296 4713 in
3328 4662 3576 4716 lateribus

1997 4735 2277 4799 aquilonis.
2304 4733 2772 4802 Ascendamsuper
2802 4729 3120 4802 altitudinem
3152 4731 3383 4802 nubium,
3412 4742 3460 4785 et
3489 4747 3579 4785 ero

1996 4803 2178 4875 similis
2226 4804 2486 4875 Altissimo
2538 4799 2694 4875 (Ira.
2726 4816 2835 4875 x_tv,
2876 4800 2942 4854 15
2978 4810 3025 4854 et
3059 4799 3177 4875 M).
3209 4802 3324 4875 Et!!!
3352 4801 3404 4855 in
3441 4802 3578 4855 Eze-

1998 4874 2173 4928 chiele
2218 4892 2230 4926 :
2274 4873 2519 4927 Levatum
2547 4871 2658 4935 'est,
2706 4872 2801 4933 ait,
2852 4886 2941 4923 cor
2989 4880 3130 4923 tuum
3160 4871 3211 4923 in
3252 4871 3437 4922 decore
3465 4880 3580 4935 tuo,

1992 4944 2260 5049 perdidisti
2289 4941 2319 4979 ιι
2348 4958 2545 4995 onmem
2588 4942 2895 5010 sapientiam
2940 4941 2959 5014 (
2988 4940 3172 4993 Ezeclt.
3214 4954 3408 5001 xxvm,
3442 4939 3507 4994 17
3532 4940 3575 5009 ).

2048 5012 2246 5049 Pis-mar
2280 5013 2393 5049 hmo
2426 5012 2681 5049 “nminnu
2714 5011 2766 5049 in
2800 5011 3088 5049 Rvnnanlin
3114 5026 3127 5038 ο
3162 5008 3327 5049 Natura,
3364 5010 3435 5049 nil
3492 5011 3575 5049 διι-

2046 5012 2250 5067 Firmat
2279 5013 2395 5068 hinc
2425 5008 2682 5068 Dominus
2714 5011 2768 5066 in
2800 5008 3088 5080 Evatigelio
3114 5026 3127 5062 :
3157 5008 3334 5075 Nunc,
3363 5010 3455 5075 ait,
3481 5008 3575 5079 ju-

2077 5176 2101 5204 °
2132 5166 2230 5221 Ms.
2261 5165 2473 5234 Remig.
2507 5165 2652 5221 addit
2685 5166 2793 5230 hic,
2826 5180 2857 5217 a
2886 5166 3117 5234 veritate.

2080 5234 2099 5273 ί
2129 5238 2203 5290 Ita
2235 5252 2337 5291 ms.
2373 5232 2581 5304 Remig.
2610 5235 2680 5289 At
2702 5236 2851 5298 editi,
2886 5232 3137 5287 Dicebat.
3163 5266 3178 5283 .
3206 5267 3222 5283 .
3252 5244 3369 5284 suo.

2076 5315 2103 5375 β
2133 5306 2233 5360 Ms.
2264 5307 2503 5375 Remig.,
2535 5317 2582 5359 et
2611 5304 2872 5358 Ezechiel.

394 5380 423 5419 δ
454 5381 553 5435 Ms.
584 5380 820 5451 Remig.,
851 5391 1059 5435 ventura
1085 5388 1225 5433 sunt.
2076 5373 2105 5451 ξι
2132 5377 2229 5451 Ms.
2261 5373 2492 5451 Remig.,
2520 5376 2826 5451 sapientiam
2856 5382 3019 5451 ευριπ.

400 5460 425 5519 εξ
454 5452 551 5505 Ms.
586 5437 820 5519 Remii,
850 5452 1158 5505 intimanda.
2085 5448 2100 5484 ί
2136 5446 2265 5519 Haec
2291 5437 2448 5519 verba
2479 5437 2502 5497 ἐ
2529 5437 2746 5519 Firmat
2770 5447 2877 5496 hac
2912 5440 3165 5519 Dominus
3193 5440 3246 5493 in
3277 5437 3585 5519 Evangelia.

396 5516 428 5556 ἀ
457 5520 513 5575 In
546 5538 650 5575 ms.
699 5508 929 5589 ιὶέιιιίεη
962 5519 1241 5591 Pradictio
1261 5519 1513 5591 impleta,
1559 5535 1659 5588 qua
1696 5524 1901 5591 creatus
2007 5531 2127 5591 qua:
2152 5517 2467 5573 exciderant
2494 5516 2561 5570 ab
2598 5513 2757 5569 editis
2778 5552 2792 5578 ,
2821 5510 3157 5567 restituimus
3208 5524 3312 5579 ope
3342 5508 3449 5565 ms.
3482 5508 3593 5564 Re-

305 5596 444 5654 εει,
491 5599 574 5655 et,
607 5602 665 5645 ut
697 5594 750 5644 in
800 5587 987 5650 editis;
1038 5600 1095 5646 et
1141 5590 1211 5646 ita
1258 5590 1312 5643 in
1357 5587 1578 5644 ctcteris'
1633 5587 1901 5658 capitibus
2007 5590 2135 5656 mig.

307 5659 473 5715 tituli
505 5661 880 5731 disponuntur.
