4064 6190
487 271 591 331 859

1298 261 1388 317 AD
1427 260 1657 318 OPERA
1694 259 1753 316 S.
1792 255 2130 316 PROSPERI
2166 253 2497 325 AQUITANI
2534 251 2902 310 APPENDIX.

3627 244 3734 305 “0

486 385 676 440 dicium
696 390 768 436 est
796 379 997 447 mundi,
1045 393 1180 431 nunc
1201 379 1431 448 princeps
1462 377 1618 442 huius
1661 376 1844 448 mundi
1872 375 2061 427 missus
2088 379 2140 435 Α
2163 386 2320 448 manu
2359 386 2486 435 sua;
2524 379 2572 422 et
2615 368 2948 448 apprehendit
2985 368 3257 448 draconem
3289 368 3732 448 illummagnum,

487 465 561 509 est
591 452 827 506 deorsum
854 449 1036 514 (Joan.
1079 463 1176 515 xu,
1199 447 1319 514 51).
1349 447 1597 500 Testatur
1626 455 1680 499 et
1713 447 1899 499 Petrus
1925 458 2059 510 apo-

491 526 658 579 stolus
703 522 755 574 in
805 519 1036 587 Epistula
1078 532 1171 570 sua
1218 518 1281 569 ad
1331 525 1518 587 gentes
1543 515 1719 587 :_Deus
1762 515 2054 587 enim,_ait,

488 593 681 662 angelis
707 583 1032 662 peccantibus
1051 603 1154 662 non
1186 583 1407 662 pepercit
1431 584 1449 656 (
1471 585 1513 640 11
1542 583 1685 662 ἕξει-ι’.
1717 599 1774 648 ιι,
1806 583 1840 636 4
1932 583 2058 662 Par-

489 653 750 717 cit'tame'n
780 659 1120 726 peccantibus
1143 653 1469 720 hoininibus,
1491 655 1611 722 quia
1633 653 1815 716 homo,
1841 653 2058 726 diabolo

488 723 816 794 seducente';
846 728 1106 798 peccavit,
1139 728 1229 781 ille
1257 741 1385 780 vero
1409 729 1643 794 seipsum
1676 723 1948 794 peccando
1976 738 2064 776 se-

490 801 664 856 duxit.

1083 864 1312 920 CAPUT
1356 865 1446 919 Ill.

801 960 912 1026 Quo
942 959 1095 1027 fuerit
1122 957 1472 1027 praecipitatus
1502 951 1758 1006 diabolus.

972 1049 1251 1104 Prmdictio
1285 1047 1501 1114 impleta
1535 1054 1582 1097 κ.

559 1144 614 1196 4.
656 1141 821 1195 Isaias
853 1141 1146 1208 propheta:
1179 1138 1562 1208 Verumtamen,
1593 1138 1689 1203 ait,
1727 1136 1782 1189 in
1803 1135 2060 1208 infernum

491 1213 815 1281 demergeris,
853 1204 938 1281 ini
956 1204 1272 1279 profundunt
1303 1209 1416 1281 laci
1462 1206 1617 1281 (lsa,
1661 1221 1770 1270 xw,
1819 1204 1955 1281 ¹15).
1998 1205 2065 1257 Et

490 1274 811 1350 paulo'post'
838 1296 853 1334 :
900 1274 976 1332 Tu
999 1274 1171 1350 autem
1192 1274 1547 1350 projectuses
1578 1277 1641 1329 de
1679 1274 1919 1350 sepulcro
1951 1285 2060 1350 tuo,

489 1345 634 1419 quasi
664 1345 819 1418 stirps
845 1350 1037 1402 inutilis
1067 1347 1104 1419 bl
1124 1345 1312 1417 (Ibid,
1349 1347 1462 1416 19).
1499 1348 1565 1399 Εῑ
1593 1361 1686 1414 per
1723 1345 2058 1419 Ezechielem

495 1415 770 1474 Dominus
797 1421 865 1474 de
913 1434 978 1473 eo
1022 1437 1034 1471 :
1078 1415 1143 1470 In
1193 1427 1380 1470 terram
1409 1415 1603 1486 projeci
1634 1425 1702 1486 te,
1739 1423 1853 1486 ante
1881 1415 2061 1486 faciem

490 1507 666 1559 regum
698 1492 815 1542 dedi
857 1499 932 1550 te,
978 1498 1031 1540 ut
1061 1498 1318 1559 cernerent
1355 1496 1421 1553 te,
1465 1485 1510 1538 et
1557 1485 1932 1559 multitudinem
1963 1485 2062 1535 ini-

489 1555 744 1629 qtiitatum
781 1570 1004 1629 tuarum.
1045 1557 1109 1610 Et
1135 1559 1402 1629 iniquitatg
1432 1555 1918 1629 negotiationis_t_ute
1948 1569 2060 1629 per-

493 1623 668 1684 didisti
691 1628 1145 1695 sanctiﬁcationem
1175 1624 1545 1692 tuam(Ezech.
1574 1639 1759 1695 sum,
1786 1625 1922 1695 Περ
1950 1623 2057 1695 18).

493 1699 696 1753 Firtnat
728 1700 842 1754 haec
859 1692 1123 1751 Dominus
1149 1697 1202 1749 in
1231 1696 1515 1764 Evangelia
1553 1694 1777 1764 dicens:
1815 1692 2060 1764 Videbam

492 1768 743 1822 Satanam
769 1770 898 1822 sicut
929 1767 1101 1836 fulgur
1139 1765 1202 1818 de
1224 1765 1348 1819 caelo
1378 1761 1640 1836 cadentem
1670 1762 1821 1836 (Luc.
1854 1761 2053 1836 x,_i8).

492 1838 646 1891 Tunc
681 1841 824 1893 enim
865 1831 1096 1904 amplius
1135 1836 1351 1897 cecidit,
1384 1835 1596 1903 quando
1627 1831 1688 1887 se
1714 1833 1782 1885 ab
1813 1847 1878 1904 eo
1907 1831 2063 1904 .lesus

497 1917 519 1944 ε
555 1909 746 1961 tentari
778 1902 1057 1976 permisit.
1088 1908 1380 1959 ostendens
1406 1902 1700 1976 nequitias
1736 1902 2062 1976 seductionis

495 1992 637 2046 ejus,
686 1986 742 2032 et
779 1972 984 2046 docens
1018 1990 1160 2046 suos
1189 1974 1638 2046 quemadmodum
1671 1972 1901 2046 debeant
1928 1972 2062 2025 resi-

491 2041 640 2101 siere
683 2048 933 2101 tentatori
965 2045 983 2109 (
1010 2041 1222 2097 Matth.‘
1246 2060 1319 2108 tv,
1346 2045 1371 2096 1
1398 2045 1437 2109 ).
1469 2043 1605 2096 Dicit
1634 2051 1687 2096 et
1721 2041 1910 2095 Petrus
1937 2055 2066 2107 apo-

492 2117 668 2170 stolus
709 2134 724 2170 :
763 2111 1061 2170 Carceribus
1083 2114 1508 2183 caliginis‘inferi
1535 2113 1818 2183 retrudens,
1851 2111 2065 2183 tradidit

493 2187 548 2239 in
566 2186 771 2255 judicio
803 2185 1083 2255 puniendos
1112 2179 1536 2255 ser'vari(llPetr.
1565 2197 1629 2255 it,
1655 2180 1733 2255 4)t
1759 2181 1821 2255 Et
1849 2181 1902 2234 in
1927 2184 2068 2248 Apo-

496 2252 698 2326 calypsi
722 2252 948 2326 Joannis,
965 2255 1162 2307 dicitur
1187 2271 1200 2326 ς
1226 2253 1412 2305 Missus
1433 2261 1517 2326 est
1540 2253 1695 2326 draco
1715 2252 1802 2304 ille
1822 2267 2062 2326 magnus,

493 2321 601 2378 ille'
614 2321 815 2394 serpens
844 2325 1082 2392 antiquus
1116 2324 1200 2390 qui
1233 2332 1441 2375 vocatur
1468 2323 1701 2374 diabolus
1741 2331 1788 2374 et
1817 2321 2064 2385 Satanas,

493 2397 582 2464 qui
609 2393 800 2448 seducit
843 2405 1003 2448 totum
1041 2394 1208 2445 orbem
1241 2402 1422 2457 terres;
1461 2405 1506 2464 et
1537 2394 1884 2464 pracipitatus
1914 2402 1985 2444 est
2015 2393 2067 2443 in

494 2462 704 2529 terram,
745 2475 791 2534 et
820 2465 989 2534 angeli
1016 2466 1127 2534 ejus
1165 2479 1280 2515 cum
1309 2479 1368 2515 eo
1410 2463 1552 2516 missi
1593 2471 1710 2515 sunt
1749 2462 1935 2532 (Apoc.
1974 2476 2065 2534 sit,

494 2537 528 2589 9
552 2545 597 2587 et
628 2533 814 2605 seqq.),
845 2529 1115 2588 ruinosam
1146 2534 1261 2605 ejus
1287 2534 1589 2605 superbiam
1631 2529 1938 2605 sequentes.
1982 2529 2068 2605 Vae

495 2601 699 2658 dictum
723 2601 808 2658 est
836 2615 986 2658 terra:
1016 2613 1060 2656 et
1094 2603 1260 2656 mari:
1285 2604 1523 2671 quoniam
1546 2603 1802 2654 descendit
1834 2601 2067 2654 diabolus

492 2675 561 2727 ad
590 2691 694 2734 vos.
725 2675 858 2726 iram
881 2689 1120 2743 magnam
1161 2673 1370 2736 habens,
1414 2674 1576 2726 sciens
1607 2673 1728 2739 quia
1765 2672 1906 2743 breve
1943 2682 2069 2743 tem-

494 2761 591 2814 pus
619 2744 767 2796 habet
789 2746 842 2797 in
866 2741 893 2780 ά
916 2740 1251 2812 negotiatione
1275 2743 1580 2796 seductionis
1603 2759 1708 2814 sua:
1735 2744 1759 2812 (
1765 2740 1878 2794 Ibid
1888 2781 1922 2804 .,
1953 2740 2065 2814 12).

495 2810 627 2876 Quae
658 2814 824 2882 egerit
855 2810 1171 2880 decipiendo
1202 2822 1225 2849 ε
1255 2814 1428 2866 elatos
1453 2823 1508 2867 et
1533 2810 1791 2880 cupidos,
1816 2810 2068 2882 superio-

495 2896 583 2936 res
613 2880 793 2950 par—tes
821 2883 976 2952 hujus
1004 2883 1132 2952 libri
1153 2883 1452 2952 continent.
1487 2883 1636 2936 Nunc
1663 2896 1789 2934 vero
1813 2881 1864 2934 in
1892 2880 2062 2952 brevi,

499 2952 552 3005 id
582 2949 746 3007 estin
778 2949 1192 3019 line'temporis,
1229 2967 1347 3020 quae
1389 2951 1580 3006 futura:
1625 2952 1733 3004 sint
1769 2952 1885 3018 ejus
1911 2949 2065 3002 falla-

496 3022 618 3088 cias,
667 3023 856 3093 signis,
911 3032 967 3077 ut
1009 3023 1209 3077 dictum
1257 3030 1369 3088 est,
1412 3021 1865 3092 praecurrentibus
1911 3033 2066 3076 exse-

494 3107 741 3162 quamur.

1104 3161 1329 3217 CAPUT
1366 3162 1453 3217 IV.

723 3252 795 3305 De
822 3252 1028 3305 diabolo
1055 3252 1232 3321 ligato,
1263 3261 1310 3304 et
1339 3252 1491 3305 misso
1516 3252 1567 3304 in
1591 3252 1845 3321 abyssum.

982 3343 1268 3397 Prazdietio
1297 3343 1514 3410 impleta
1541 3341 1586 3395 ί.

571 3436 623 3492 5.
664 3434 831 3502 David
862 3434 1124 3504 prOphela
1167 3433 1352 3504 dicit;
1378 3433 1677 3504 lDraconent
1703 3433 2068 3504 quemiﬁnxisli

499 3506 567 3556 ad
598 3502 920 3558 illudendum
946 3506 991 3558 ei
1016 3506 1031 3573 (
1061 3503 1152 3556 Ps.
1185 3519 1298 3568 cm,
1327 3502 1454 3572 26).
1488 3505 1552 3556 Et
1582 3505 1770 3557 iterum
1797 3521 1808 3555 :
1841 3502 1921 3556 Tu
1949 3520 2070 3556 con-

500 3575 682 3628 trivisti
724 3575 895 3640 capita
937 3575 1218 3626 draconum
1263 3589 1417 3642 super
1467 3589 1643 3642 aquas,
1685 3583 1740 3625 tu
1779 3573 2070 3641 confregisti

499 3655 650 3714 caput
677 3645 926 3714 draconis
942 3644 1144 3713 magni,
1171 3653 1220 3695 et
1246 3643 1433 3714 dedisti
1458 3660 1572 3696 eum
1586 3644 1649 3714 in
1677 3658 1843 3714 escam
1869 3644 2072 3714 populis

583 3713 986 3784 thiopibufssz.
1018 3729 1176 3784 usui
1200 3755 1214 3780 ,
1252 3713 1319 3784 15
1343 3722 1392 3765 et
1426 3713 1533 3778 ﬂ).
1555 3713 1647 3784 kEt
1692 3714 1743 3766 in
1795 3713 1944 3784 libro
1971 3713 2073 3767 .Ioli

501 3781 698 3838 dicitur
734 3801 746 3835 :
793 3781 909 3836 Hac
938 3792 1010 3836 est
1047 3783 1253 3835 initium
1287 3783 1510 3852 ﬁgmenti
1540 3781 1773 3843 Domini,
1799 3783 1934 3851 quod
1961 3785 2073 3852 fecit

501 3863 558 3906 ut
603 3853 852 3906 illudatur
893 3853 956 3923 ab
1006 3853 1201 3920 angelis
1247 3854 1357 3923 ejus
1388 3853 1529 3920 (Job
1585 3870 1676 3916 XL,
1709 3852 1774 3905 14
1799 3854 1838 3920 ).
1871 3852 2077 3906 Firmat

502 3923 616 3978 haec
647 3933 671 3969 8
704 3922 1046 3992 Evangelista
1073 3922 1295 3976 dicens:
1315 3922 1580 3990 Rogabant
1611 3924 1787 3977 Jesum
1826 3923 2077 3976 daemonia

502 4009 565 4046 ne
609 4008 692 4062 eos
734 3995 969 4062 mitteret,
996 3995 1049 4045 in
1088 3992 1375 4062 abyssumil
1396 3992 1519 4045 Luc.
1548 4009 1658 4056 vm,
1692 3994 1754 4048 51
1783 3994 1823 4062 ).
1858 3993 1920 4044 Et
1950 3993 2074 4046 alibi

502 4062 639 4115 dixit
659 4060 812 4132 Jesus
843 4061 1116 4130 discipulis
1145 4060 1256 4115 suis
1282 4077 1296 4114 :
1321 4061 1454 4115 Ecce
1474 4063 1592 4115 dedi
1623 4065 1758 4116 vobis
1784 4060 2077 4132 potestatem

505 4131 744 4200 calcandi
778 4141 1036 4200 serpentes
1077 4141 1123 4200 et
1150 4134 1460 4197 scorpiones,
1493 4142 1537 4185 et
1569 4135 1596 4168 ιι
1621 4151 1720 4186 ιιοη
1760 4131 1899 4185 vobis
1930 4147 2078 4185 noce-

505 4200 628 4253 bunt
665 4199 816 4268 (Luc.
852 4199 907 4261 x,
936 4201 1050 4268 19).
1083 4199 1211 4253 ltem
1244 4202 1496 4254 Dominus
1525 4221 1535 4255 :
1565 4202 1756 4260 Nemo.
1787 4205 1879 4264 ait,
1921 4203 2079 4255 intrat

506 4268 812 4342 inldomum
859 4271 1007 4342 fortis
1032 4309 1052 4342 ,_
1096 4279 1150 4320 ut
1179 4271 1506 4342 vasqdornus
1556 4276 1664 4342 ejus
1705 4273 1939 4342 diripiat,
1981 4273 2079 4323 nisi

506 4341 648 4410 prius
692 4340 975 4412 alligaverit
1025 4339 1206 4412 forteln
1239 4338 1452 4412 (Matth.
1481 4338 1592 4412 In,
1623 4341 1735 4412 29).
1764 4338 1936 4408 super
1966 4342 2080 4412 hanc

508 4407 735 4464 testatur
761 4407 1116 4480 Apocalypsis
1145 4407 1366 4480 .loannis
1410 4427 1424 4462 :
1456 4409 1598 4480 VVidi
1619 4451 1633 4475 ,
1679 4407 1788 4476 ait,
1837 4407 2078 4480 angelum

2165 440 2314 494 illum
2359 448 2638 509 serpentem
2680 441 2964 506 antiquum,
3016 439 3106 508 qui
3151 449 3359 492 vocatur
3402 439 3641 492 diabolus
3689 447 3736 492 et

2171 509 2417 578 Satanas.
2442 508 2488 561 et
2513 508 2740 577 alligavit
2765 525 2879 560 eum
2905 509 3044 561 mille
3071 510 3242 573 annis,
3273 517 3320 561 et
3351 509 3484 561 misit
3512 511 3565 562 in
3591 509 3740 578 abys-

2164 595 2297 632 sum.
2332 577 2400 630 Et
2429 579 2634 642 clausit,
2659 586 2706 629 et
2736 579 2951 648 signavit
2975 594 3129 648 super
3151 595 3287 643 eum,
3320 595 3381 631 ne
3420 580 3558 631 ultra
3584 577 3740 631 sedu-

2166 657 2298 702 ceret
2339 648 2590 709 nationes,
2635 647 2797 717 donec
2819 647 3064 714 ﬁniantur
3093 649 3234 700 mille
3275 649 3398 700 anni
3430 660 3587 717 :post
3625 647 3738 701 hac

2165 726 2363 785 oportet
2400 733 2516 788 eum
2563 716 2690 769 solvi
2735 717 2788 769 in
2837 717 2968 770 brevi
3015 727 3237 788 ternpore
3268 717 3286 787 (
3313 716 3597 788 Apoc._xx,
3632 719 3656 771 1
3691 726 3739 769 et

2164 803 2302 855 seqq.
2332 787 2370 852 ).
2408 786 2504 840 Hic
2531 787 2946 855 exposuit_quod
2979 788 3032 841 in
3061 785 3250 841 eodem
3278 785 3432 840 'libro
3477 785 3490 836 ἱ
3527 787 3737 842 dictum

2165 853 2396 926 est'Gog
2424 867 2478 909 et
2505 856 2688 924 Magog
2721 853 2926 924 (Ibid.,
2961 858 3056 922 7),
3104 858 3265 910 verba
3303 856 3523 910 Hebraea
3569 860 3737 926 (quas

2165 925 2355 980 Latine
2385 935 2570 979 tectum
2600 936 2654 978 et
2679 925 2931 977 detectum
2971 926 3265 994 dicuntur),
3305 936 3361 979 ut
3390 930 3464 980 sic
3496 925 3734 992 accipia-

2165 1011 2286 1049 mus
2321 1005 2521 1058 tectum,
2552 994 2695 1062 quod
2736 996 2788 1048 in
2819 998 3070 1065 abyssum
3123 999 3320 1050 missus
3372 997 3444 1050 sit
3489 997 3738 1051 diabolus

2166 1065 2404 1119 clausam
2454 1065 2824 1133 signatamque
2870 1080 3030 1133 super
3076 1080 3228 1128 eum;
3269 1067 3522 1118 detectum
3567 1080 3734 1132 vero,

2163 1136 2285 1204 quia
2312 1144 2506 1204 oportet
2535 1149 2650 1186 eum
2677 1134 2804 1186 solvi
2829 1146 2884 1188 et
2915 1135 3132 1199 produci
3159 1137 3211 1188 in
3237 1134 3372 1189 brevi
3393 1146 3637 1204 tempore.

2235 1203 2289 1258 6.
2334 1203 2474 1256 Mille
2504 1217 2632 1256 vero
2662 1204 2811 1266 anni,
2845 1214 2937 1257 aut
2963 1222 2991 1255 τι
3023 1216 3170 1272 parte
3215 1214 3384 1257 totum
3433 1205 3736 1272 accipiendi

2164 1283 2290 1344 sunt
2341 1273 2442 1344 (ut
2476 1271 2665 1326 Petrus
2692 1272 2822 1344 dicit
2849 1271 3121 1342 apostolus
3162 1274 3246 1344 (11
3278 1272 3445 1344 Epist.
3487 1271 3567 1338 tu,
3613 1276 3736 1339 8):

2169 1342 2313 1396 Unus
2361 1343 2469 1396 dies
2515 1343 2649 1395 enim
2696 1341 2933 1409 Domino,
2981 1346 3111 1397 sicut
3142 1341 3282 1396 mille
3326 1341 3470 1409 anni,
3501 1354 3548 1397 et
3592 1345 3739 1398 mille

2164 1414 2308 1475 anni,
2335 1413 2465 1464 sicut
2487 1413 2596 1464 dies
2626 1411 2798 1481 unus),
2828 1425 2918 1466 aut
2944 1413 3008 1466 ab
3044 1416 3180 1467 exitu
3209 1416 3454 1468 sermonis
3473 1454 3488 1478 ,
3521 1416 3739 1477 quando

2164 1497 2193 1534 a
2224 1481 2448 1536 Daniele
2479 1483 2798 1550 septuaginta
2822 1482 3152 1536 hebdomadas
3176 1494 3372 1538 taxatas
3393 1493 3512 1536 sunt
3544 1483 3739 1537 futurze

2162 1567 2320 1619 usque
2375 1552 2443 1604 ad
2485 1551 2742 1623 Christum
2784 1553 2962 1623 ducem
3015 1555 3035 1623 (
3079 1552 3215 1605 Dan.
3277 1569 3348 1619 rs,
3395 1551 3465 1605 24
3505 1552 3544 1621 ).
3601 1553 3739 1607 Nam

2166 1631 2290 1692 tunc
2342 1635 2463 1675 esse
2519 1621 2718 1675 bellum
2777 1621 3035 1689 factum,
3074 1633 3132 1677 ut
3177 1623 3402 1677 Michael
3449 1631 3504 1676 et
3556 1624 3739 1692 angeli

2165 1691 2282 1759 ejus
2337 1700 2630 1762 pugnarent
2682 1707 2802 1746 cum
2843 1692 3107 1757 dracone,
3164 1702 3222 1748 et
3259 1693 3466 1747 Danieli
3509 1695 3740 1762 angelus

2167 1761 2677 1832 ostendit’dicenst
2704 1763 2930 1817 missum
2974 1777 3034 1817 se
3062 1777 3185 1818 esse
3229 1773 3285 1818 ut
3319 1761 3732 1832 pugnaret’cum

2166 1832 2408 1900 principe
2452 1831 2934 1900 regniVPersarum
2984 1850 2996 1885 :
3043 1833 3110 1886 Et
3153 1850 3254 1886 non
3294 1831 3507 1899 est,’ait,
3535 1834 3626 1900 qui
3655 1850 3739 1886 me

2167 1899 2402 1973 adjuvet,
2439 1902 2537 1973 nisi
2582 1899 2805 1973 Michael
2848 1905 3096 1973 princeps_
3125 1914 3288 1956 vester
3317 1903 3488 1973 (Dan.
3518 1899 3571 1967 ἰ,
3607 1901 3732 1973 15).

2171 1970 2238 2022 ιη
2259 1986 2364 2039 quo
2394 1970 2534 2041 bello
2564 1971 2808 2041 diabolus
2835 1973 3010 2026 victus
3030 1970 3051 2039 ⁷,
3084 1971 3110 2009 ¹ί
3143 1970 3502 2041 praecipitatus
3531 1982 3586 2026 et
3612 1970 3734 2027 vin-

2169 2051 2287 2094 ctus
2316 2048 2418 2105 est,
2447 2038 2465 2078 ι
2493 2040 2830 2111 sicut_eidem
2859 2038 3214 2111 prophetaein
3241 2038 3409 2105 initio,
3437 2044 3508 2096 ita
3535 2041 3732 2096 Joanni

2172 2112 2226 2162 in
2272 2111 2379 2164 ﬁne
2423 2109 2681 2179 temporis
2711 2109 2988 2166 ostensum
3017 2125 3117 2167 est.
3147 2111 3218 2168 Ut
3249 2113 3325 2167 illi
3357 2113 3732 2181 quadringenti

2175 2181 2464 2251 nonaginta
2510 2181 2657 2244 anni,
2704 2191 2755 2234 et
2802 2182 2886 2235 isti
2934 2184 3020 2251 qui
3070 2191 3360 2236 excurrunt
3403 2183 3469 2236 ab
3497 2183 3732 2236 adventu

2171 2250 2465 2321 Salvatoris
2507 2265 2676 2320 usque
2715 2252 2765 2304 in
2794 2261 2832 2287 ω
2863 2250 3188 2306 solutionem
3229 2253 3464 2321 ejusdem
3507 2252 3727 2316 diaboli,

2173 2319 2762 2391 nrconclndant'mille
2810 2337 3019 2387 annos,
3067 2322 3119 2376 in
3163 2319 3354 2389 quibus
3405 2324 3596 2391 ligatus
3647 2331 3735 2375 est

2172 2390 2440 2455 diabolus,
2475 2405 2541 2443 ne
2589 2393 2723 2444 ultra
2769 2393 3048 2447 sedneeret
3094 2395 3367 2457 nationes,
3415 2390 3543 2460 quas
3573 2398 3733 2445 antea

2173 2461 2484 2529 possederat
2533 2462 2585 2513 in
2613 2461 2946 2516 idololatriis.
2991 2464 3196 2530 Quanta
3223 2474 3398 2515 autem
3429 2465 3642 2524 virtute,
3677 2471 3738 2514 ut

2172 2532 2745 2602 aitbeataglmemoriaz
2775 2529 3100 2601 Augustinus
3125 2529 3227 2602 (De
3255 2533 3403 2585 Civit.
3439 2532 3531 2584 Dei
3560 2534 3598 2583 ι.
3634 2547 3731 2590 xx.

2173 2616 2220 2655 c.
2251 2601 2301 2666 7,
2333 2617 2386 2655 n.
2415 2598 2506 2671 2),
2527 2601 2799 2668 pollebunt
2839 2598 2964 2656 tunc
3005 2598 3175 2656 sancti
3215 2603 3302 2671 qui
3336 2602 3593 2671 luctaturi,
3614 2610 3740 2654 sunt

2172 2685 2298 2741 cum,
2333 2670 2556 2741 diabolo,
2575 2671 2776 2734 soluto,
2805 2687 3060 2741 cumquo
3103 2670 3260 2741 ligato
3293 2673 3451 2726 tantis
3489 2670 3739 2738 periculis

2172 2740 2492 2794 dimicaturi
2531 2740 2653 2792 Jam
2703 2743 2860 2806 enim,
2911 2740 2982 2795 uti
3014 2740 3209 2796 Paulus
3248 2742 3398 2808 dicit,
3442 2742 3739 2811 mysterium

2172 2811 2454 2884 iniquitatis
2498 2819 2741 2884 aperatur
2786 2812 2872 2884 (ll
2922 2811 3096 2884 Thess.
3140 2827 3198 2875 ιι,
3233 2813 3321 2882 7).
3351 2811 3456 2867 Sed
3484 2825 3602 2879 quae
3632 2811 3743 2884 sint

2171 2880 2290 2948 ejus
2336 2880 2628 2950 mysteria,
2685 2880 2904 2948 juvante
2959 2883 3222 2950 Domino,
3270 2880 3455 2937 Subter
3506 2880 3736 2934 annexis

2170 2949 2420 3019 capitulis
2443 2950 2822 3006 continebitur.
3212 2949 3215 2950 ⁷
3645 2958 3654 2968 ’

2787 3021 3010 3078 CAPUT
3055 3021 3124 3076 ιι.

2091 3101 2142 3166 C
2173 3117 2199 3148 ο
2238 3110 2505 3178 Quomodo
2534 3126 2625 3181 per
2652 3127 2978 3183 omnessuos
3007 3111 3243 3166 diabolus
3268 3112 3507 3183 mysteria
3540 3109 3738 3181 iniqui-

2751 3182 2871 3235 tatis
2901 3193 3157 3253 operatur.

2678 3274 2959 3330 Praedictio
2982 3276 3219 3344 impleta.

2239 3365 2298 3418 7.
2339 3364 2688 3435 Apocalypsis
2742 3364 2963 3420 Joannis
3008 3367 3140 3420 dicit
3201 3383 3215 3418 :
3281 3366 3612 3432 Apprehensa
3659 3371 3741 3418 est

2170 3434 2366 3506 bestia,
2408 3449 2521 3506 cum
2549 3434 2659 3488 illo
2707 3435 3146 3504 pseudoprOpheta
3190 3438 3281 3506 qui
3327 3442 3516 3504 fecerat
3566 3437 3734 3506 signa,

2171 3505 2354 3577 quibus
2393 3505 2549 3577 signis
2589 3507 2801 3577 seduxit
2833 3521 2919 3558 eos
2958 3507 3044 3575 qui
3082 3505 3380 3577 acceperunt
3409 3505 3739 3577 scriptionens

2174 3575 2345 3646 bestia:
2381 3576 2449 3646 in
2473 3578 2659 3646 lfronte
2701 3584 2747 3628 et
2786 3576 2839 3628 in
2877 3574 3030 3628 manu
3077 3593 3171 3629 sua
3200 3574 3232 3639 ’(
3259 3578 3419 3646 Apoc.
3464 3591 3552 3629 six
3579 3615 3596 3640 ,
3639 3574 3742 3639 20;

2177 3661 2291 3710 xw,
2320 3645 2421 3712 9).
2470 3645 2752 3712 Inscriptio
2795 3646 2846 3699 in
2878 3647 3051 3700 fronte
3079 3657 3133 3700 et
3179 3650 3230 3700 in
3278 3645 3436 3700 manu
3477 3646 3592 3699 haec
3633 3654 3739 3710 est,

2178 3731 2282 3768 non
2337 3724 2536 3785 tantum
2581 3714 2779 3768 diaboli
2809 3714 2951 3769 facta
2995 3717 3214 3779 imitari,
3261 3724 3600 3785 quantomet
3627 3714 3745 3781 glo-

2179 3785 2305 3838 riari
2336 3786 2388 3837 in
2419 3784 2724 3855 ejuslmalis
2753 3786 3010 3853 operibus
3036 3825 3052 3850 ,
3096 3797 3154 3840 ut
3193 3784 3291 3839 sub
3321 3786 3486 3855 figura
3516 3784 3741 3848 Christi,

2177 3855 2489 3909 Antichristi
2539 3854 2673 3906 facta
2720 3866 3026 3910 exerceant.
3074 3856 3222 3923 Quos
3270 3854 3427 3910 etiam
3482 3855 3744 3907 Dominus

2177 3926 2333 3978 .Iesus
2379 3924 2432 3976 in
2461 3923 2749 3991 Evangelio
2792 3933 3016 3979 testatus
3053 3936 3157 3987 est,
3189 3926 3372 3979 dicens
3415 3943 3430 3978 :
3474 3923 3631 3976 Multi
3660 3938 3747 3974 re-

2179 3997 2316 4046 nient
2350 3995 2405 4046 in
2449 3995 2650 4064 nomine
2678 4011 2785 4048 meo
2815 3996 3035 4049 dicentes
3068 4012 3085 4047 :
3127 3996 3237 4064 Ego
3267 4011 3378 4064 sum
3409 3993 3662 4058 Christus,
3696 4000 3746 4064 et

2181 4063 2657 4145 multos_sedu_cent;
2685 4066 3069 4145 noliteire_post
3091 4063 3393 4145 eos(Ma_rc.
3421 4079 3541 4145 sul,
3562 4064 3647 4145 .6).
3683 4063 3749 4116 Εῑ

2180 4135 2453 4198 apostolus
2493 4132 2728 4188 Joannes
2772 4152 2787 4189 :
2831 4132 3083 4198 Audistis,
3113 4132 3218 4198 ait,
3240 4137 3360 4203 quia
3399 4134 3750 4203 Antichristus

2180 4203 2312 4275 venit
2336 4218 2514 4275 {nunc
2545 4205 2690 4275 multi
2720 4205 3015 4275 Antichrisli
3037 4206 3159 4275 facti
3185 4201 3299 4258 sunt
3319 4204 3532 4274 (IJoan.
3559 4219 3617 4268 ιι,
3637 4201 3748 4269 18),

2184 4273 2370 4340 Et’qui
2410 4273 2494 4325 isti
2524 4273 2633 4327 sint
2665 4274 2922 4330 ostendit.
2963 4273 3046 4328 Eoi
3075 4277 3238 4337 nobis,
3272 4273 3463 4342 inquit,
3493 4275 3748 4333 exierunt,

2182 4342 2270 4395 sed
2315 4358 2414 4415 non
2457 4352 2602 4396 erant
2641 4359 2704 4398 ea:
2743 4345 2907 4398 nobis.
2959 4345 3021 4399 Si
3054 4347 3187 4415 enim
3228 4345 3440 4415 fuissent
3475 4360 3539 4397 ea:
3583 4344 3752 4415 nobis,

2182 4413 2490 4466 mansissent
2519 4415 2694 4486 utique
2734 4415 2997 4486 nobiscum
3041 4413 3248 4484 (Ibidf,
3293 4414 3421 4486 19).
3459 4414 3757 4468 Ηωιπειίροε

508 4468 884 4532 descendentem
910 4468 1120 4533 de'c'telo
1152 4477 1419 4532 habentem
1451 4479 1466 4517 ί
1493 4468 1728 4535 catenam
1760 4468 2000 4552 magn'ain
2025 4483 2078 4535 in
2105 4468 2154 4526 Ῑ)
2182 4497 2369 4536 omnes
2417 4468 2680 4552 ostendit,
2727 4492 2783 4539 et
2827 4468 3062 4539 maxime
3110 4468 3396 4551 Ariahos,’
3423 4498 3560 4554 quos
3610 4498 3759 4538 nunc

582 4686 607 4747 ξι
643 4678 736 4731 Ms.
765 4676 973 4747 llemig.
1005 4679 1284 4747 subjungit
1315 4681 1417 4746 his,
1450 4681 1644 4735 credita
1675 4689 1895 4738 tantum.

581 4745 608 4784 ι’
637 4748 734 4819 Ms.
769 4745 975 4819 Retnig.
1026 4745 1172 4802 addit
1210 4745 1339 4804 haec
1361 4795 1374 4819 ,
1407 4745 1650 4819 pollutus
1695 4763 1742 4805 et
1789 4753 2072 4818 obvolutus,

515 4831 615 4871 nec
644 4818 792 4885 plura
826 4818 925 4870 loci
957 4819 1272 4886 prophetici.

587 4898 609 4925 ο
640 4886 779 4959 Editi
797 4901 1015 4959 omnes,
1047 4898 1272 4949 tentare;
1334 4897 1390 4942 at
1418 4904 1602 4944 errore
1647 4892 1956 4959 manifesto,
1989 4893 2075 4947 cui

522 4956 846 5029 stnendanglo
878 4972 981 5029 non
1012 4959 1278 5029 succurrit
1306 4972 1406 5012 ms.
1435 4959 1646 5029 Remig.

585 5023 612 5063 ἀ
641 5025 739 5079 Ms.
773 5025 1004 5095 Remig.,
1037 5028 1090 5081 in
1120 5029 1459 5096 negotiatione
1487 5023 1601 5086 sua.

591 5105 613 5165 τ
643 5096 737 5147 Ms.
763 5097 993 5165 Bemig.,
1019 5098 1184 5151 elatus
1211 5107 1257 5150 et
1282 5100 1520 5165 cupidus.

543 5163 611 5249 .-ί
646 5166 736 5249 Ms.
771 5163 981 5249 Remig.
1011 5166 1178 5249 addit
1223 5167 1308 5249 hic
1331 5163 1358 5230 ,ἡ
1392 5171 1584 5223 credita
1634 5179 1866 5239 tantum;
1919 5174 2076 5226 omit-

519 5237 686 5302 titque
715 5236 850 5299 haec,
879 5247 925 5316 et
952 5239 1101 5291 misso
1127 5238 1181 5290 in
1209 5239 1462 5317 abyssum.
1846 5236 1856 5239 ’

589 5313 614 5352 s
640 5304 736 5358 Ms.
754 5304 969 5380 _Remig.
1004 5307 1152 5380 addlt
1195 5310 1302 5373 Inc,
1349 5305 1594 5380 Joannes.
1633 5312 1701 5365 At
1729 5327 1848 5380 quae
1883 5310 1968 5365 hic
1998 5313 2077 5366 ci-

518 5384 719 5438 tantur,
752 5376 998 5443 leguntur
1025 5377 1075 5429 in
1107 5376 1271 5439 Luca,
1312 5379 1500 5432 nullibi
1529 5380 1581 5432 in
1613 5376 1838 5436 Joanne.

585 5443 614 5482 ιι
645 5447 742 5500 Ms.
775 5444 1007 5500 Remittu
1035 5463 1136 5500 non
1167 5462 1273 5500 vos.

730 5484 742 5497 .
775 5460 1007 5511 nemtg.,
1035 5463 1136 5500 non
1167 5462 1273 5501 vos.

592 5461 614 5482 ιι
645 5461 742 5500 ms.
775 5461 1007 5513 ιιειιιιιε.ν
1035 5463 1136 5500 non
1167 5462 1273 5501 vos.

592 5513 609 5552 ί
640 5515 1000 5589 _E_me_udamus
1029 5533 1094 5573 ex
1123 5533 1225 5574 ms.
1252 5519 1459 5589 Remig.
1491 5519 1654 5587 Editi,
1681 5519 2001 5575 cathedram.

588 5589 604 5659 l
640 5585 753 5659 bis:
773 5585 1276 5659 Remigqlscriptum
1303 5600 1395 5643 est.

583 5650 610 5689 λ
640 5656 712 5709 lta
742 5650 1065 5726 legitnu's'iu
1119 5650 1220 5718 uis.
1270 5661 1504 5731 Remig.,
1535 5675 1654 5730 qua:
1705 5660 1866 5717 lectio
1908 5661 2072 5717 textui

2181 4698 2335 4738 sacro
2387 4683 2630 4755 superius
2677 4685 2842 4740 allato
2889 4687 3216 4742 conformior
3260 4687 3412 4742 nobis
3463 4689 3580 4742 visa
3631 4701 3756 4755 est,

2182 4769 2340 4836 quam
2387 4754 2530 4822 quod
2559 4753 2688 4810 editi
2720 4756 3007 4824 habebant,
3059 4758 3220 4812 rictus
3249 4767 3321 4812 est
3363 4769 3408 4812 et
3439 4753 3759 4830 principatus

2183 4840 2668 4974 ελαιεοῃεςῇριιιίεη
2699 4898 2830 4974 sicut
2856 4900 3117 4968 propheta:
3140 4898 3307 4951 initio.

2258 4974 2296 5000 ω
2330 4965 2471 5018 Editi
2517 4965 2865 5035 antiquiores
2913 4983 3020 5023 uno
3066 4982 3354 5032 eonsensu,
3404 4970 3751 5023 solitudinem.

2187 5034 2282 5089 Ms.
2316 5035 2527 5105 Remig.
2569 5046 2624 5107 et
2653 5034 3012 5102 recentiores,
3063 5038 3385 5092 solutionem.
3425 5041 3491 5093 Et
3539 5040 3752 5107 quidem

2185 5107 2403 5178 melius,
2433 5120 2552 5178 cum
2593 5106 2695 5160 hoc
2734 5108 2993 5162 referatur
3020 5108 3167 5178 adlid
3197 5110 3339 5176 quod
3372 5106 3567 5178 legitur
3591 5125 3750 5177 supra

2183 5175 2629 5246 efopneaIypsis
2676 5191 2796 5244 cap.
2843 5195 2938 5244 sx,
2970 5178 3039 5232 δε
3073 5175 3352 5233 Post’htec
3397 5175 3594 5246 oportet
3636 5175 3754 5232 eum

2182 5245 2390 5316 solvilin
2421 5245 2560 5300 brevi
2588 5256 2829 5316 tempore.

2253 5323 2280 5349 ³³
2311 5315 2410 5368 Ms.
2445 5315 2695 5385 Remig.,
2720 5316 3093 5372 concluduntur
3139 5316 3280 5371 mille
3317 5319 3480 5372 anni.
3510 5358 3524 5372 .
3553 5357 3568 5372 .
3601 5327 3751 5371 antea

2181 5383 2466 5449 deceperat.

2255 5462 2280 5488 °
2313 5455 2412 5526 Mrs.
2447 5455 2676 5526 Itemig,
2727 5454 3007 5512 Promissio
3053 5456 3286 5526 impleta,
3320 5474 3420 5526 qua
3457 5474 3546 5526 per
3580 5472 3750 5511 omnes

2181 5538 2303 5603 suos
2346 5525 2581 5581 diabolus
2627 5530 2868 5597 mysteria
2913 5538 3152 5600 operatur
3191 5542 3210 5580 :
3253 5545 3286 5582 a
3317 5525 3465 5583 nobis
3483 5527 3677 5582 credita
3706 5535 3754 5582 et

2181 5609 2308 5646 υιεα.
