2032 3095
182 138 229 166 861

552 136 747 165 οιιηοΝιεοΝ
766 136 932 166 Αιτειιυω
951 136 979 165 S.
1003 136 1185 166 PROSPERO
1204 135 1438 166 ATTRIBUTUM.

1756 138 1808 167 869.

213 193 263 230 ΙΙΙἈ
277 192 511 230 Stilico_magister
526 193 628 230 militiae
644 194 784 222 Gildonem
798 194 968 223 Mauritania:
980 195 1006 225 Α
1054 194 1128 230 XIX.
1147 194 1258 223 Jovinns
1278 194 1446 230 tyrannidem
1468 197 1528 230 post
1550 193 1756 222 Constantinum
1766 194 1812 223 in-

177 228 325 261 Interfecit,
342 227 476 256 Africa’ad
494 229 636 262 pristinum
649 230 693 263 jus
706 230 824 257 redacta.

212 264 341 291 Romanae
361 263 490 291 Ecclesia:
505 264 660 292 cathedram
685 272 775 292 xxxvn
797 264 968 293 Innocentius

177 303 261 362 “ﬁt.
270 334 338 361 'l‘oto
351 333 417 360 orbe
430 333 552 361 Romano
563 334 680 369 antiqua:
693 335 892 369 superstitionis
903 340 969 363 tem-

175 369 219 404 pla
233 370 382 396 destructa.

213 404 349 437 Paulinus,
366 403 484 431 Nolanus
498 403 667 439 postmodum
682 404 834 439 episcopus,
850 403 968 432 admira-

175 439 221 468 bili
237 440 374 471 exemplo.
389 439 504 466 venditis
516 439 651 472 omnibus,
666 446 726 466 cum
745 446 819 467 esset
838 441 967 468 dominus

175 474 412 502 innumerabilium
439 475 616 510 przediorum,
644 474 801 509 religionem
826 476 967 510 expeditus

175 510 269 536 eleuit.

214 518 386 572 Vildoannes
412 543 687 580 Constantinopolites
714 544 858 580 episcopus
883 545 965 573 dictis

175 579 309 612 factisque
319 579 453 606 clarescit.

211 615 342 642 Martinus
356 619 417 649 post
427 613 535 650 egregie
556 618 643 641 actam
655 614 749 648 vitam,
765 621 880 650 corpore
892 615 967 644 exui-

175 653 231 677 1111⁵.

212 683 254 711 VI.
267 683 391 718 Pelagius
403 691 518 712 vesanus
529 683 652 712 doctrina
660 684 820 712 exsecrabili
832 684 966 713 Ecelesias

175 726 234 747 coni
239 720 374 747 maculare
382 724 503 746 conatur.

212 755 266 782 VII.
282 755 425 782 Contentio
436 763 470 781 ex
483 754 605 782 doctrina
616 753 739 789 Origenis
750 754 881 789 synodum
894 755 965 790 apud

173 789 364 817 Alexandriam
381 790 473 821 movit.
486 790 562 823 cujus
574 790 676 817 exstitit
689 791 833 821 sententia,
849 796 879 817 ut
889 789 965 818 extra

174 824 326 887 Eccllesiam
348 825 433 856 ﬁeret.
458 826 621 860 quicumque
643 825 788 860 supradicti
808 824 861 852 viri
884 833 964 861 opera

174 867 223 887 Dr"
244 865 352 887 avrsset.

194 865 352 887 rttbaVIsset.

173 867 352 895 pronamset.

211 895 279 922 VIII.
295 894 368 922 Solis
383 894 450 922 facta
466 894 590 922 defectio.

209 930 373 965 Augustinus
388 931 500 965 plurima
517 930 616 957 librisI
630 930 777 958 innumeris
791 929 910 958 disserit.

210 964 257 992 IX.
276 964 401 1001 Severus
410 973 444 992 ex
461 965 602 1000 disciplina
623 965 653 994 S.
677 965 782 993 Martini
803 966 862 1001 ejus
880 966 962 993 vitam

172 1000 260 1028 tribus
270 1001 385 1034 explicat
397 1000 483 1027 libris.

210 1035 244 1063 X.
256 1035 332 1063 Steva
342 1035 422 1062 Italia:
433 1034 567 1063 barbarici
581 1039 670 1063 motus
679 1034 961 1070 tempestasincubnit.

172 1070 203 1098 Si
221 1071 328 1104 quidem
348 1071 499 1105 Radagaius
518 1078 566 1098 rex
583 1071 732 1098 Gothorum
753 1071 836 1098 Italia:
851 1071 962 1099 limitem

171 1110 325 1142 vastaturus
340 1106 540 1141 transgreditur.
554 1106 593 1142 Ex
609 1106 660 1142 hoc
671 1106 773 1139 Ariani,
784 1107 829 1142 qui
842 1106 961 1142 Romano

172 1142 265 1176 procul
281 1141 294 1160 δ
310 1140 422 1169 fuerant
431 1141 497 1168 orbe
515 1140 606 1175 fugati,
622 1140 800 1168 barbararum
812 1141 960 1175 nationum,

170 1176 206 1203 ad
221 1184 288 1211 quas
302 1183 332 1204 se
346 1176 496 1210 contulere,
513 1176 637 1211 praesidio
650 1176 715 1211 erigi
730 1183 847 1210 coepere.

209 1210 254 1239 XI.
275 1212 364 1239 Multis
378 1216 441 1239 ante
461 1210 572 1238 vastatis
586 1210 707 1243 urbibus,
719 1210 869 1246 Radagaius
883 1218 964 1239 occu-

170 1246 245 1275 buit:
260 1247 339 1281 cujus
353 1248 377 1274 in
401 1251 457 1274 tres
472 1252 560 1281 partes
576 1254 623 1281 per
636 1246 758 1273 diversos
772 1247 908 1281 principes
923 1248 964 1273 di-

173 1283 250 1310 visus
260 1282 393 1310 exercitus
404 1282 521 1315 aliquam
536 1281 701 1316 repugnandi
716 1281 843 1309 Romanis
857 1282 961 1316 aperuit

171 1316 338 1344 facultatem.
352 1316 452 1351 Insigni
467 1318 602 1350 triumpho
614 1317 763 1344 exercitum
780 1317 865 1344 tertiae
878 1318 963 1351 partis

172 1353 302 1385 hostium,
313 1352 482 1379 circumactis
497 1353 652 1379 Hunnorum
664 1352 852 1384 auxiliaribus,
867 1351 964 1380 Stilico

171 1394 258 1421 usque
268 1388 301 1414 ad
317 1388 527 1415 internecionem
543 1387 652 1415 delevit.

208 1422 265 1450 XII.
284 1422 434 1450 Archadius
453 1422 570 1450 Orientis
591 1422 732 1457 imperium
754 1422 906 1457 gubernans
921 1423 962 1450 vi-

171 1461 227 1485 tam
250 1459 351 1492 explet,
378 1465 492 1492 parvum
513 1457 656 1484 admodum
675 1457 856 1485 Theodosium
877 1458 962 1486 lilium

173 1494 209 1520 im
215 1494 281 1526 perii
296 1500 479 1521 successorem
494 1493 661 1527 relinquens.

207 1527 369 1568 Ctnlcstinus
390 1535 493 1555 xxxvtn
514 1527 661 1555 Romanam
688 1527 837 1555 Ecclesiam
865 1528 965 1563 guber-

172 1570 205 1590 na
209 1570 232 1589 Vl
237 1569 256 1590 ῑ.

209 1598 278 1626 XIII.
290 1598 462 1626 Diversarum
473 1597 593 1633 gentium
607 1597 695 1625 rabies
704 1597 804 1625 Gallias
815 1598 962 1627 dilacerare

171 1640 280 1669 exorsa.
303 1635 422 1661 immissu
442 1641 521 1668 quam
542 1634 657 1660 maxime
680 1633 826 1667 Stiliconis,
854 1635 962 1669 indigne

172 1668 284 1696 ferentis
301 1669 355 1696 ﬁlio
370 1676 420 1696 suo
435 1676 545 1703 regnum
562 1673 697 1702 negatum.

208 1703 277 1730 XIV.
299 1703 383 1740 Utica:
402 1705 429 1731 in
451 1704 509 1731 foro
525 1703 632 1738 Trajani
645 1707 715 1731 terra
738 1703 834 1732 diebus
857 1709 962 1740 septem

172 1741 303 1771 mugitum
317 1739 402 1766 dedit.

209 1773 282 1801 Inter
293 1774 343 1801 alia
358 1774 469 1802 multum
483 1773 637 1809 reipublicae
651 1773 788 1801 Stiliconis
801 1778 887 1801 morte
900 1781 963 1801 con-

171 1810 273 1837 sultum
286 1814 338 1840 est,
353 1810 398 1844 qui
419 1810 497 1836 saluti
514 1809 683 1844 imperatoris
698 1809 826 1837 tendebat
840 1809 961 1836 insidias.

209 1844 347 1871 Nestorius
373 1844 648 1878 Constantiuopolites
672 1845 815 1878 episcopum
847 1845 880 1871 ad
908 1846 962 1871 lite-

171 1879 253 1906 resim
277 1887 338 1914 quae
360 1879 387 1907 in
413 1878 521 1907 Christo
544 1880 628 1907 Deum
650 1879 684 1906 ab
712 1880 820 1907 homine
843 1885 960 1913 separat,

172 1915 298 1942 vertitur.

206 1949 324 1984 Joannes
337 1956 431 1977 comes
443 1948 541 1977 Africa:
554 1950 660 1977 occisus
671 1953 714 1977 est
727 1956 742 1976 a
757 1949 865 1984 populo.

153 1994 156 1995 ν
207 1983 266 2012 XV.
281 1984 410 2012 Procnlus
427 1985 601 2012 Massiliensis
614 1983 763 2019 episcopus
774 1985 863 2012 clarus
880 1983 963 2012 habs-

169 2023 443 2061 tuquuoannuente
458 2027 552 2061 magna
560 2020 603 2061 .de
612 2024 738 2054 suspecto
752 2019 886 2047 adulterio
910 2020 962 2048 Re-

170 2055 253 2082 medii
268 2055 387 2090 episcopi
401 2055 514 2089 quaestio
525 2056 650 2090 agitatur.

206 2090 262 2117 Hac
287 2094 447 2124 tempestate
473 2098 527 2124 pra:
545 2089 565 2109 ’c
591 2089 744 2117 valetudine
764 2089 960 2125 Romanorum,

167 2125 242 2152 vires
254 2125 374 2152 funditus
386 2129 531 2153 attenuata!
544 2125 700 2152 Britannite.

205 2159 276 2187 XVI.
295 2160 432 2188 Saxonum
452 2161 607 2188 incursione
624 2160 790 2187 devastatam
815 2159 961 2188 Galliarum

167 2200 274 2229 partem
287 2195 411 2223 Wandali
432 2200 512 2231 atque
532 2195 609 2224 Alani
631 2199 793 2231 vastavere;
812 2196 883 2230 quod
899 2196 962 2224 reli-

167 2238 253 2265 quum
268 2231 357 2258 fuerat
371 2230 562 2258 Constantinus
577 2236 706 2266 tyrannus
720 2230 869 2266 obsidebat.

206 2265 395 2301 Hispaniarum
410 2270 512 2300 partem
529 2265 673 2301 maximam
689 2265 770 2293 Suevi
784 2273 958 2301 occupavere.

202 2300 262 2335 Ipsa
277 2302 393 2336 denique
410 2301 483 2328 orbis
498 2306 579 2335 caput
593 2300 677 2328 Roma
692 2300 886 2335 deprmdationi
906 2301 960 2329 Go-

167 2334 276 2370 thorum
293 2334 438 2364 Itedissime
454 2334 548 2370 patuit.

203 2369 284 2406 XVII.
305 2369 497 2399 Constantinus
512 2376 642 2406 tyrannus
655 2370 797 2406 occiditur.

205 2405 297 2433 XVIII.
320 2406 503 2434 Rursum-alia
523 2405 651 2440 praedatio
669 2405 826 2438 Galliarum.
849 2405 956 2438 Gothis.

164 2441 213 2503 sui
230 2442 336 2503 Altamen
353 2442 421 2470 duce
430 2440 544 2469 Romam
559 2445 697 2477 ceperant,
719 2441 801 2476 Alpes
817 2446 956 2476 transgre-

187 2484 252 2503 teni
276 2485 317 2503 us.

187 2477 317 2505 ientibus.

202 2605 217 2640 ξ
235 2605 291 2633 Duo
305 2613 370 2634 mss.
387 2606 489 2634 Victor.
504 2611 531 2635 et
544 2607 609 2640 Jol.,
625 2606 859 2635 innumerabilibus.

202 2636 217 2657 δ
231 2641 261 2677 In
274 2642 391 2669 editione
403 2642 541 2670 Pithmana
556 2636 649 2669 aberat
661 2643 718 2669 hcec
732 2650 793 2674 vox,
809 2642 923 2677 fuerant.

204 2681 216 2711 ς
230 2676 280 2703 Ms.
294 2678 397 2704 viribus.
411 2677 505 2711 Forte,
515 2677 698 2704 invaletudine.

202 2708 217 2730 ἀ
236 2711 265 2738 In
281 2711 408 2739 Bibliotb.
431 2708 503 2741 mss.
518 2712 617 2740 Labbei
643 2712 731 2739 statim
754 2719 769 2739 a
784 2712 855 2739 linea
873 2711 958 2739 habe-

165 2750 213 2783 tur
223 2745 254 2783 :7!
257 2747 374 2774 ndustria
382 2748 429 2774 viri
439 2748 543 2780 strenui,
556 2748 599 2781 qui
608 2747 677 2775 solus
688 2753 798 2783 tyranno
808 2755 859 2774 non
870 2747 956 2781 cessit,

166 2781 294 2814 Dardani,
307 2783 457 2817 Atauulfus,
469 2783 512 2817 qui
524 2788 589 2816 post.
604 2788 656 2810 etc.

205 2820 219 2853 ξ
237 2818 353 2853 Consule
372 2822 449 2845 notas
464 2818 514 2845 Ph.
530 2817 629 2845 Labbei
644 2817 676 2845 ad
689 2817 923 2853 Olympiodornm.

206 2850 219 2876 ί
238 2852 367 2881 Bibliotb.
381 2860 448 2881 mu.
465 2852 565 2881 Labbei
579 2853 624 2881 hic
636 2858 664 2882 et
678 2850 795 2881 articqu
819 2852 953 2886 sequenti,

1019 229 1104 262 vadit,
1116 228 1130 248 ἀ
1145 230 1277 258 industria
1289 228 1339 258 viri
1350 231 1464 262 strenui,
1478 229 1524 265 qui
1537 230 1612 258 solus
1626 234 1741 265 tyranno
1753 237 1810 256 non

1019 265 1112 297 cessit,
1130 270 1142 283 ι
1160 265 1284 292 Dardani.

1055 300 1207 331 Atauulfns,
1225 300 1268 334 qui
1281 304 1342 334 post
1361 300 1495 329 Alaricum
1513 299 1609 328 Gothis
1623 299 1807 335 imperitabat,

1019 342 1033 361 a
1048 336 1179 362 societate
1193 335 1280 362 Jovini
1295 337 1438 363 avertitur.

1054 371 1187 397 Salustius
1201 378 1306 405 quoque
1319 376 1345 397 et
1358 371 1530 398 Sebastianus
1543 369 1638 398 occisi.

1057 405 1177 432 Valentia
1192 404 1354 433 nobilissima
1369 405 1514 433 Galliarum
1526 406 1622 433 civitas
1633 412 1647 431 a
1659 404 1754 433 Gothis
1765 405 1807 433 ef-

1019 439 1155 474 Iringitur,
1171 441 1203 467 ad
1220 449 1298 474 quam
1316 448 1346 468 se
1361 440 1465 474 fugiens
1478 441 1590 469 .Iovinus
1604 440 1768 468 contulerat.

1055 475 1113 502 XX.
1134 476 1229 510 Ingens
1245 477 1270 501 in
1286 476 1379 503 Galliis
1392 475 1487 504 fames.

1053 511 1194 544 Aquitania
1210 511 1305 538 Gothis
1323 511 1430 538 tradita.

1053 545 1202 582 Patroclus.
1218 546 1384 582 Arelatensis
1405 546 1557 582 episcopus,
1572 545 1665 574 infami
1684 549 1806 573 mercatu

1017 581 1167 607 sacerdotia
1180 581 1319 607 venditare
1333 589 1425 608 ausus.

1052 615 1241 648 Heracliauus,
1261 623 1351 643 comes
1364 615 1473 648 Africae,
1485 616 1530 650 qui
1546 616 1573 643 in
1589 615 1718 643 Romana
1730 615 1806 643 urbis

1017 651 1215 683 reparationem
1247 656 1385 678 strenuum
1414 651 1574 678 exhibuerat
1603 650 1803 684 ministerium,

1017 693 1084 712 nova
1101 687 1221 720 quaedam
1235 687 1341 712 molitus
1357 686 1529 712 interimitur.

1055 720 1124 747 XXI.
1146 722 1278 754 Placidia,
1303 729 1382 747 soror
1406 720 1591 754 imperatoris,
1609 720 1655 747 diu
1678 721 1782 754 captiva
1796 741 1804 751 ,

1017 762 1109 789 postea
1124 757 1204 783 etiam
1222 757 1288 790 regis
1305 764 1383 788 uxor,
1401 763 1463 791 rege
1474 755 1566 783 fraude
1579 755 1695 789 sublato,
1711 755 1805 783 ‘Con-

1016 792 1112 817 stantis
1127 792 1261 818 connubio
1275 792 1424 825 copulatur.

1053 826 1134 852 XXII.
1157 827 1236 853 Gothi
1252 834 1312 853 cum
1328 835 1357 853 se
1372 828 1479 858 iterum,
1499 825 1623 852 Atauulfo
1644 829 1785 861 perempto
1796 845 1804 856 .

980 875 1003 904 Β
1018 862 1346 904 mtlv't’s's'enlLConsla‘utis
1358 861 1662 904 repellunturpccursu.‘

1053 895 1145 923 XXIII.
1169 897 1420 923 I’raadedinatornni
1438 895 1558 929 ltmresis,
1571 903 1631 930 quae
1641 896 1676 923 ab
1688 899 1700 919 ι
1714 897 1805 929 Augu-

1014 930 1088 958 stino
1101 932 1238 966 accepisse
1249 932 1349 959 dicitur
1366 932 1485 964 initium.
1505 931 1546 959 his
1562 931 1728 965 temporibus
1743 939 1803 959 ser-

1015 973 1081 1000 pere
1095 974 1200 993 exorsa.

1029 1036 1035 1041 .
1050 1000 1330 1043 XXIV.__Tricesimus
1341 1008 1429 1030 nonus
1439 1002 1531 1030 Xistus
1545 1001 1695 1029 Romanam
1710 1001 1804 1029 Eccle-

1013 1041 1224 1112 ειηὲιξςῖξιέέιίε
1240 1072 1290 1099 hoc
1300 1079 1372 1112 a_nno
1387 1071 1455 1100 facta
1471 1071 1611 1112 defection

1051 1106 1146 1142 XXVI.
1168 1107 1356 1135 Faramundus
1367 1112 1460 1142 regnat
1473 1108 1499 1134 in
1515 1106 1641 1134 Francia.

1050 1141 1157 1170 XXVII.
1177 1143 1289 1177 Signum
1303 1144 1329 1170 in
1343 1141 1413 1171 calo
1426 1142 1551 1170 mirabile
1560 1143 1695 1177 apparuit.

1032 1177 1183 1239 bthlaitlimus
1207 1175 1337 1214 tyrannus
1368 1178 1556 1213 Hispaniarum
1579 1175 1754 1205 dominatum
1778 1175 1804 1202 vI

1063 1220 1105 1239 me
1120 1233 1127 1239 .

1014 1212 1127 1239 obtinet.

1052 1246 1170 1275 XXVIII.
1192 1248 1352 1282 Honoratus,
1373 1248 1528 1280 Minervius.
1550 1245 1656 1277 Castor.
1674 1245 1803 1282 Iovianus

1015 1282 1182 1317 singulorum
1197 1285 1422 1311 monasteriorum
1436 1283 1529 1310 Patres
1547 1283 1573 1309 in
1587 1281 1801 1317 Galhisrllorent.

1052 1318 1147 1345 XXIX.
1168 1318 1326 1346 Constantio
1351 1318 1468 1353 dignitas
1494 1317 1600 1350 imperii
1625 1317 1659 1344 ab
1680 1316 1803 1353 Honorio

1015 1358 1111 1389 sponte
1131 1353 1227 1389 delata,
1245 1361 1296 1389 qua
1309 1354 1354 1381 vix
1367 1351 1431 1381 octo
1446 1354 1584 1389 mensibus
1599 1359 1665 1389 usus
1679 1351 1797 1385 interiit.

1017 1388 1205 1416 Valentiniano
1219 1388 1234 1408 ιι
1249 1387 1311 1417 octo
1326 1396 1457 1416 annorum
1473 1388 1527 1415 tilio
1538 1387 1679 1415 derelicto.

1051 1424 1136 1451 XXX.
1156 1424 1286 1452 Maximus
1304 1429 1434 1459 tyrannus
1453 1423 1488 1450 de
1509 1430 1592 1458 regno
1611 1421 1747 1459 dejicitur.
1769 1428 1803 1449 ac

1016 1459 1174 1487 Ravennam
1189 1457 1333 1493 perductus
1344 1459 1486 1486 sublimem
1498 1457 1711 1492 spectaculorum
1726 1463 1802 1491 pom-

1016 1502 1085 1530 pain
1092 1495 1285 1530 tricennahbus
1300 1494 1410 1530 Honorii
1422 1494 1546 1530 praebuit.

1052 1529 1148 1557 XXXI.
1170 1530 1298 1562 Placidia,
1315 1537 1376 1557 cum
1392 1526 1507 1556 insidias
1520 1528 1597 1555 fratri
1611 1528 1744 1561 tenderet,
1756 1526 1803 1555 de-

978 1560 1002 1592 C
1017 1565 1148 1600 prehensa
1160 1569 1212 1596 est,
1227 1568 1255 1592 et
1268 1564 1277 1583 ί
1292 1560 1404 1600 Romam
1416 1564 1514 1600 exsilio
1524 1563 1660 1600 _relegata.

1051 1599 1159 1627 XXXII.
1180 1599 1315 1627 Honorius
1330 1599 1465 1627 Ravennae
1485 1597 1640 1626 defunctus.

1049 1634 1130 1662 Nullo
1141 1635 1203 1669 jure
1223 1635 1341 1662 debitum
1362 1634 1481 1662 Joannes
1501 1641 1535 1661 ex
1560 1633 1713 1668 primicerio
1728 1637 1804 1669 nota-

1014 1670 1115 1697 riorum
1132 1668 1241 1705 regnum
1258 1670 1350 1704 sumit,
1365 1670 1410 1705 qui
1426 1670 1596 1697 vulneratum
1615 1669 1706 1696 multis
1718 1668 1804 1696 cladi-

1013 1705 1064 1733 bus
1076 1705 1185 1741 reliquit
1197 1706 1351 1740 imperium.

1234 1761 1379 1789 Thodosius
1394 1769 1475 1789 annos
1490 1767 1574 1788 xxvn.

1043 1807 1082 1849 _I.'
1098 1807 1217 1836 Placidia
1236 1807 1269 1835 ad
1292 1806 1478 1835 Theodosium
1500 1805 1633 1833 auxilium
1659 1809 1799 1840 precatum

1013 1847 1243 1918 mlgigisvultdeus
1253 1876 1287 1905 ad
1300 1876 1418 1905 Africam
1433 1880 1529 1903 contra
1544 1874 1712 1903 Bonifacium
1734 1882 1800 1909 pro-

1013 1919 1136 1990 ?eIITlln
1147 1947 1241 1976 Galliis
1262 1946 1462 1982 Exuperantius
1478 1945 1622 1982 praefectus
1642 1952 1658 1972 a
1673 1944 1804 1972 militibus

1013 1983 1182 2011 interﬁcitur.

1049 2019 1123 2046 Muro
1138 2018 1270 2053 Carthago
1283 2016 1538 2053 circumdatanqua‘.
1546 2023 1591 2053 _ex
1614 2019 1736 2049 tempore
1749 2022 1804 2049 qtto

1012 2058 1089 2081 vetus
1106 2053 1151 2080 illa
1171 2051 1307 2080 destructa
1321 2057 1373 2085 est,
1389 2051 1530 2079 sanctione
1545 2051 1743 2083 Romanorum.
1767 2058 1801 2077 ne

1013 2089 1154 2117 rebellioni
1169 2093 1253 2122 esset,
1272 2088 1440 2115 munitnento
1463 2094 1601 2114 murorum
1616 2094 1669 2113 non
1683 2090 1725 2113 est
1740 2093 1803 2120 per-

1013 2125 1096 2151 missa
1108 2124 1212 2150 vallari.

1048 2159 1153 2187 Joanne
1163 2159 1197 2186 ab
1208 2158 1327 2186 exercitu
1340 2157 1458 2185 Orientis
1469 2157 1540 2185 victo
1550 2161 1578 2184 et
1588 2159 1737 2191 perempto.
1751 2155 1803 2182 Ra-

1013 2201 1100 2222 venna
1119 2194 1321 2228 depraedatioue
1335 2198 1438 2220 vastata
1453 2197 1505 2220 est.

1051 2225 1309 2262 Aetius,'Gaudentii
1322 2228 1427 2255 comitis
1442 2235 1456 2254 a
1470 2226 1600 2254 militibus
1612 2226 1637 2252 in
1651 2225 1745 2262 Galliis
1757 2232 1803 2252 oc-

974 2248 1000 2278 Β
1012 2248 1158 2297 είςῗῦὶῖῗιέζ
1168 2248 1689 2296 ἵιῖιῖιἜῑῖιὶὶιίιῖἕῖὅέηἲιΓὸῥέἱιῖῐίίιῖτιῖξ
1694 2248 1800 2288 nihil};

1010 2300 1172 2333 ingreditur.

1047 2331 1090 2361 III.
1115 2333 1319 2361 Valentinianus
1334 2333 1427 2360 Romte
1441 2333 1588 2367 imperator
1603 2331 1701 2359 factus.

1045 2369 1090 2397 IV.
1109 2369 1203 2395 Arelas
1215 2377 1229 2395 a
1245 2368 1341 2397 Gothis
1355 2376 1402 2401 per
1415 2367 1521 2395 Aetium
1539 2367 1678 2394 liberatur.

1045 2405 1078 2432 V.
1101 2403 1220 2431 Placidia
1235 2404 1341 2431 tandem
1356 2403 1429 2430 illata
1442 2408 1535 2437 optato
1547 2410 1643 2437 regno.

1045 2440 1155 2474 Clodius
1169 2444 1263 2474 regnat
1276 2440 1303 2466 in
1318 2438 1441 2466 Francia.

1046 2475 1088 2502 Vl.
1110 2470 1254 2502 Cassianus
1274 2478 1428 2510 compertas
1451 2473 1477 2501 in
1490 2471 1634 2508 :Egyptoi
1654 2471 1723 2499 vitas
1745 2470 1799 2498 Pa-

1013 2604 1166 2634 Constantii.

1049 2645 1062 2665 s
1077 2641 1127 2667 Pro
1142 2641 1182 2666 his
1196 2639 1333 2671 verbis.ab
1341 2639 1492 2674 Augustino,
1509 2637 1630 2666 Pithmus
1643 2638 1799 2674 scripserat,

1012 2676 1044 2702 ab
1057 2675 1193 2710 Augustini
1203 2675 1275 2701 libri:
1284 2676 1352 2710 male
1362 2673 1496 2701 intellectis
1509 2680 1578 2710 :rqna
1592 2674 1626 2700 de
1641 2682 1669 2700 re
1683 2674 1742 2701 vide
1756 2673 1801 2700 atl-

1011 2709 1187 2738 monitionem
1202 2711 1327 2743 praeviam
1342 2709 1404 2736 huic
1414 2709 1556 2743 opusculo.

1045 2744 1060 2764 δ
1081 2745 1164 2772 Labb.
1177 2745 1204 2771 in
1220 2753 1317 2777 marg,
1332 2752 1382 2770 non
1397 2750 1463 2770 octo.

1048 2780 1057 2799 ί
1081 2780 1149 2807 Bibl.
1166 2787 1229 2807 nov.
1243 2786 1298 2806 mss
1313 2778 1396 2805 Labb.
1408 2798 1415 2808 .
1435 2779 1517 2805 Roma
1531 2778 1557 2804 in
1572 2777 1701 2806 exsilium.

1047 2816 1054 2840 I
1080 2815 1117 2843 Ita
1132 2822 1183 2842 ms.
1203 2814 1302 2841 \‘ictor.
1324 2813 1412 2841 Editio
1434 2813 1575 2842 Pithusana
1589 2821 1653 2841 vero
1682 2812 1735 2841 uias
1747 2811 1800 2843 Po-

1008 2856 1090 2879 trum.
1101 2869 1108 2878 .
1121 2871 1127 2877 .
1140 2871 1147 2878 .
1161 2851 1275 2885 exponit.
