4064 6190
499 290 605 349 803

1316 288 1407 343 AD
1444 287 1675 343 OPERA
1715 288 1772 345 S.
1813 286 2150 345 PROSPERI
2187 286 2510 354 AQUI'I'ANI
2554 290 2918 346 APPENDIX.

3641 300 3747 355 κει

502 418 666 469 trum,
717 401 1094 477 doctriiiasque
1133 410 1188 455 et
1219 402 1451 471 regulas,
1500 400 1653 455 libris
1690 400 1756 454 ad
1806 401 2064 471 plurimos
2089 400 2140 459 Δ
2213 398 2518 477 “Eudoltius
2547 412 2672 477 arte
2695 401 2968 477 medicus,
2992 402 3135 469 pravi
3165 404 3255 477 sed
3273 407 3565 477 exercitati
3594 408 3747 477 inge—

502 478 641 530 datis
666 470 941 540 exprimit.

578 544 684 599 VII.
715 542 897 596 Aetius
918 540 1299 608 Ibutungorum
1326 547 1538 607 gentem
1561 548 1588 579 ι
1610 539 1789 595 delere
1818 540 2067 595 intendit.

571 613 708 668 VIII.
732 610 950 681 “Viginti
997 611 1166 665 ferme
1210 611 1374 664 millia
1423 610 1755 681 militiimﬂin
1802 611 2070 677 Hispaniis

507 695 694 740 contra
723 679 1015 736 Wandalos
1058 682 1402 749 pugnantium
1433 695 1571 734 caesa
1601 698 1614 733 :
1644 680 1890 735 Wandali
1920 681 1973 734 in
1999 685 2069 736 A-

506 755 691 809 fricani
723 750 1150 814 transfretantes,
1172 751 1461 819 ingentem,
1489 750 1724 806 lacerata
1764 752 1913 806 omni
1941 766 2068 820 pro-

504 824 703 891 vincia,
728 821 985 876 Romanis
1013 820 1219 875 cladem
1245 820 1464 891 dedere.

576 893 667 949 IX.
690 888 1004 947 'Consulatu
1036 891 1217 945 Aetius
1242 890 1407 955 edito,
1444 889 1469 927 ι)
1504 888 1852 954 Bunifacium,
1883 889 1975 959 qui
2003 891 2073 946 ab

505 963 706 1033 Regina
729 963 928 1033 accitus
953 977 1020 1016 ex
1057 959 1235 1015 Africa
1266 961 1439 1015 fuerat
1467 961 1776 1029 declinans,
1807 960 1872 1014 ad
1897 964 2070 1015 muni-

507 1032 639 1088 tiora
664 1032 921 1085 ascendit.

578 1102 852 1169 Asperitas
893 1100 1043 1154 nimii
1087 1098 1301 1170 frigoris
1333 1098 1495 1153 etiam
1527 1098 1685 1153 saluii
1716 1098 2069 1169 plurimorum

508 1174 773 1244 pernicies
804 1172 1030 1244 exstitit.

580 1242 883 1297 Bonilacius
926 1250 1112 1294 contra
1138 1238 1347 1310 Aetium
1376 1240 1669 1293 certamine
1696 1239 1876 1310 habito
1900 1250 1921 1278 ε
1946 1255 2072 1310 per-

508 1314 712 1377 culsus,
748 1312 918 1365 victor
946 1311 1180 1377 quidem,
1214 1309 1308 1362 sed
1340 1310 1631 1362 moriturus
1661 1309 1921 1362 abscedit.

583 1383 649 1437 X.
692 1386 823 1435 (Sum
850 1380 918 1434 ad
949 1380 1291 1434 Chunnoruni
1321 1388 1559 1448 gentem,
1591 1381 1675 1433 cui
1717 1389 1841 1433 tunc
1886 1380 2070 1448 Rugila

513 1460 765 1520 praeerat,
804 1461 921 1519 post
955 1450 1195 1517 prieliuni
1227 1462 1285 1502 se
1310 1447 1497 1520 Aetius
1522 1450 1856 1520 contulisset,
1903 1447 2075 1519 impe-

513 1516 655 1576 trato
684 1516 883 1574 auxilio
912 1521 977 1573 ad
1006 1519 1301 1572 Romanum
1329 1516 1551 1587 solum,d
1587 1520 1902 1587 regreditur.

582 1591 741 1645 Gothi
772 1590 838 1642 ad
865 1589 1139 1643 ferendum
1169 1587 1420 1640 auxilium
1444 1601 1471 1639 a
1503 1585 1759 1641 Romanis
1780 1589 1958 1645 acciti.

582 1660 880 1716 Germanus
937 1658 1218 1724 episcopus
1272 1656 1632 1712 Antissiodori
1679 1660 1963 1715 virtutibus
2020 1670 2073 1717 et

513 1730 638 1785 vitae
660 1730 992 1785 districtione
1012 1728 1279 1781 clarescit.

587 1801 675 1853 XI.
718 1798 901 1853 Aetius
926 1801 975 1850 in
1004 1798 1228 1863 gratiam
1260 1804 1527 1864 receptus.

584 1870 772 1938 Rugila
793 1884 886 1922 rex
909 1868 1279 1931 Cliunuorum,
1308 1881 1430 1922 cum
1453 1882 1559 1937 quo
1582 1880 1683 1937 pax
1712 1868 1941 1937 firmata,
1964 1886 2079 1927 mo-

518 1937 787 2002 ritiir,’cui
823 1938 983 1992 Bleda
1014 1937 1269 1991 succedit.

590 2009 705 2064 XII.
720 2009 890 2065 Gallia
906 2008 1124 2061 ulterior
1138 2007 1448 2060 Tibatonem
1463 2007 1755 2076 principem
1771 2010 2080 2067 rebellionis

517 2092 723 2143 secuia,
747 2095 775 2132 a
806 2080 1042 2131 Ilumaua
1063 2076 1318 2130 societate
1340 2078 1581 2138 discedit,
1607 2094 1637 2130 a
1658 2093 1763 2146 quo
1789 2088 1958 2135 tracto
1982 2084 2080 2135 ini-

518 2151 623 2213 tio,
671 2148 848 2203 omnia
887 2162 1025 2217 pene
1067 2146 1356 2201 Galliarum
1404 2148 1623 2202 servitia
1675 2149 1728 2201 in
1777 2150 2077 2220 Bagaudain

517 2232 913 2282 conspiravere.

594 2288 727 2342 XIII.
772 2288 971 2340 Bellum
1002 2296 1189 2343 contra
1236 2285 1666 2355 Burgundiorum
1706 2298 1917 2355 gentem
1970 2307 2082 2346 me-

521 2358 783 2433 morabile
820 2357 1041 2433 exarsit,
1072 2373 1178 2427 quo
1205 2358 1450 2411 universa
1483 2372 1622 2425 pene
1646 2372 1779 2427 gens
1807 2374 1926 2413 ciiin
1956 2377 2081 2433 rege

522 2437 547 2464 °
580 2428 793 2482 Perelio
814 2426 1011 2481 deleta.

593 2496 729 2551 XIV.
752 2494 937 2567 ,Capto
958 2496 1238 2561 Tibatone,
1266 2504 1319 2550 et
1339 2495 1549 2551 caeteris
1574 2495 1854 2553 seditionis
1888 2495 2080 2567 partim

518 2566 845 2636 principibus
893 2567 1139 2638 vinctis,
1174 2568 1371 2636 partim
1432 2570 1665 2633 necatis,
1715 2566 2083 2638 Bagandarum

522 2638 813 2691 commotio
842 2637 1192 2706 conquiescit.

594 2707 705 2763 XV.
747 2706 1150 2761 Theodosianus
1180 2706 1337 2771 liber,
1368 2706 1607 2762 omnium
1632 2706 1805 2775 legum
1825 2708 2086 2775 legitimo-

522 2793 637 2830 rum
686 2776 981 2845 principum
1025 2778 1079 2830 in
1116 2792 1280 2831 unum
1324 2777 1671 2843 collaturum,
1725 2780 1825 2832 lioc
1856 2779 2085 2847 primum

521 2862 666 2901 anno
695 2847 890 2900 editus.

590 2917 788 2971 Silvius
830 2915 1053 2970 turbatte
1080 2915 1367 2970 admodum
1398 2916 1613 2981 mentis,
1648 2926 1768 2983 post
1800 2916 2003 2970 militia:
2032 2917 2084 2970 in

558 2987 717 3066 alatio
750 2984 767 3024 ί
800 2996 991 3041 exacta
1017 3000 1259 3050 munera,
1289 2987 1465 3055 aliqua
1482 2987 1549 3040 de
1564 2985 1819 3055 religione
1840 2988 2086 3041 conscri-

560 3066 622 3112 ιι.

593 3107 729 3181 XVI.
777 3127 1036 3183 Ecclesiae
1080 3126 1334 3180 Romana:
1375 3142 1441 3181 xi.
1472 3125 1581 3181 Leo
1618 3127 1854 3197 suscepit
1884 3128 2084 3197 princi-
2116 3107 2162 3170 (ἶ

520 3206 723 3267 patum.

591 3266 751 3322 XVII.
780 3268 990 3323 Pacatis
1008 3270 1245 3325 motibus
1266 3267 1580 3331 Galliarum,
1598 3267 1784 3322 Aetius
1800 3266 1864 3321 ad
1884 3267 2088 3324 Italiam

518 3339 843 3403 regreditur.

594 3406 817 3460 Deserta
851 3407 1146 3461 Valentius:
1172 3408 1320 3462 urbis
1342 3422 1465 3460 rura
1489 3406 1695 3473 Alanis,
1725 3406 1915 3476 quibus
1937 3406 2092 3463 Sam-

521 3472 644 3545 bida
678 3484 931 3545 praeerat,
960 3478 1238 3545 partienda
1273 3477 1576 3529 traduntur.

593 3544 776 3599 XVIII.
819 3544 1113 3600 Britn’nniaa
1144 3561 1309 3613 uSque
1335 3545 1402 3599 ad
1436 3546 1535 3598 hoc
1562 3554 1770 3610 tempus
1799 3545 1959 3599 variis
1982 3548 2091 3601 cla-

520 3612 698 3735 dilatis,
729 3615 1123 3735 etventibusque
1152 3612 1421 3679 laeeratte,
1452 3615 1505 3670 in
1529 3614 1786 3669 ditionem
1814 3614 2089 3671 Saxonum

520 3698 583 3735 re
624 3699 743 3735 ιαιιη
776 3702 855 3735 lIl‘.

520 3693 855 3750 rediguntur.

593 3754 732 3817 XIX.
776 3756 952 3825 Alani,
1004 3755 1199 3825 quibus
1230 3764 1394 3810 terra:
1438 3754 1624 3811 Galliae
1662 3754 1938 3811 ulterioris
1967 3771 2088 3811 cum

520 3824 712 3879 incolis
747 3824 1047 3881 dividendae
1074 3841 1103 3879 a
1134 3827 1355 3894 patritio
1396 3827 1549 3881 Aetio
1596 3827 1806 3879 traditae
1852 3826 2084 3894 fuerant,

519 3895 832 3951 resistentes
860 3900 1024 3951 armis
1054 3898 1327 3967 subigunt,
1352 3904 1407 3950 et
1437 3895 1682 3963 expulsis
1710 3895 1947 3951 dominis
1977 3908 2080 3951 ter-

522 3979 627 4025 rte.
660 3969 1052 4027 possessionem
1090 3970 1137 4021 vi
1169 3967 1561 4034 adipiscuntur.

520 4100 532 4113 ν
744 4035 1009 4113 Sabatidia
1036 4037 1467 4106 Burgundionum
1489 4034 1734 4104 reliquiis
1760 4034 1938 4102 datur,
1963 4050 2085 4092 cum

518 4104 785 4161 indigenis
815 4107 1123 4161 dividenda.

589 4171 728 4244 XXI.
767 4175 1032 4244 Carthago
1059 4192 1090 4228 a
1121 4174 1396 4230 Wandalis
1418 4184 1573 4244 capta
1603 4188 1723 4229 cum
1752 4174 1896 4244 omni
1924 4175 2084 4230 simul

519 4240 704 4295 Africa
742 4240 1070 4313 lacrymabili
1102 4245 1256 4299 clade
1286 4256 1339 4300 et
1368 4240 1566 4299 dam’no
1614 4245 1823 4313 imperii
1859 4243 2088 4300 Romani

519 4313 815 4435 pioJetn'tliam
844 4310 1057 4383 dejecit.
1098 4316 1177 4370 Ex
1201 4314 1304 4370 hoc
1340 4315 1539 4384 quippe
1575 4328 1608 4368 a
1649 4310 1925 4368 Wandalis
1952 4330 2085 4384 pus-

607 4400 634 4433 t:
728 4423 741 4435 .

607 4400 741 4438 Cllll’.

2174 470 2266 532 nii,
2297 469 2348 522 in
2382 469 2627 543 Bagauds
2661 471 2713 525 id
2744 472 2999 540 temporis
3031 484 3174 527 mota
3201 474 3431 543 delatus,
3460 477 3528 531 ad
3556 469 3746 534 Chun-

2170 554 2272 595 nos
2294 539 2553 605 confugit.

2241 608 2431 683 XXVI.
2466 610 2760 683 Eucherius
2787 609 3158 680 Lugdunensis
3180 615 3483 683 episcopus,
3512 626 3568 671 et
3595 627 3621 664 ε
3650 617 3749 674 Ηίο

2173 679 2339 801 ιπὶυῖ
2369 680 2701 735 Arelatensis
2732 679 3001 750 egregiam
3051 679 3225 738 vitam
3256 679 3433 741 morte
3480 702 3746 744 consum-

2173 765 2293 801 man
2327 788 2340 801 .

2171 765 2340 803 mani.

2244 817 2455 875 XXVII.
2498 819 2733 874 Hieresis
2763 820 2965 876 nefaria
2997 837 3024 875 a
3064 821 3294 891 quodam
3321 826 3744 883 archimandrita

2171 899 2462 955 commota,
2505 892 2591 944 cui
2623 891 2859 945 favorem
2904 891 3148 960 praebens
3193 892 3528 950 Theodosius
3569 898 3748 960 obiit,

2171 970 2377 1032 septem
2406 975 2568 1032 super
2597 960 2783 1032 viginti
2825 965 2981 1017 annis
3014 963 3067 1015 in
3096 964 3325 1032 imperio
3372 969 3601 1021 exactis.
3649 969 3750 1024 Cui

2174 1026 2468 1084 Martianus
2485 1026 2855 1085 substituitur.

2245 1098 2473 1169 Placidia
2496 1113 2708 1169 quoque
2736 1110 2860 1169 post
2888 1099 3416 1165 irreprehensibilem
3448 1103 3479 1142 ιι
3507 1121 3746 1162 conver-

2173 1168 2433 1252 satio-nem
2465 1170 2564 1222 hoc
2599 1168 2747 1250 anno
2770 1172 2930 1252 vitam
2964 1171 3220 1250 explevit,
3267 1172 3379 1227 filio
3426 1177 3748 1234 vicesimum

2171 1246 2414 1307 quintum
2444 1253 2643 1293 annum
2677 1249 2693 1277 ι
2729 1246 2783 1296 in
2813 1246 3042 1309 imperio
3070 1254 3502 1299 consuminante.

2560 1353 2948 1409 Valentinianus
2976 1366 3023 1410 et
3050 1356 3359 1412 Martianus.

2242 1444 2282 1499 I.
2317 1445 2424 1499 [Iac
2446 1453 2759 1516 tempestate
2778 1448 2930 1502 valde
2956 1448 3276 1504 miserabilis
3299 1450 3616 1517 reipublicae
3638 1461 3749 1508 sta-

2175 1524 2257 1588 tus
2280 1517 2543 1583 apparuit,
2566 1533 2686 1572 cum
2714 1533 2781 1572 ne
2809 1534 2910 1572 una
2941 1517 3156 1588 quidem
3188 1518 3259 1573 sit
3286 1520 3488 1588 absque
3518 1522 3751 1578 barbaro

2174 1586 2382 1641 eiiltore
2428 1588 2728 1659 provincia;
2761 1587 3062 1659 etiiiifanda
3109 1586 3429 1643 Arianorum
3480 1592 3748 1659 haeresis,

2175 1671 2295 1779 quas
2315 1670 2374 1710 se
2398 1658 2701 1711 nationibus
2724 1658 2964 1711 barbaris
2989 1657 3223 1722 miscuit,
3246 1660 3528 1716 catholica
3549 1657 3749 1719 nomen

2199 1726 2325 1779 idei.
2357 1725 2371 1776 i
2413 1736 2524 1779 toto
2553 1729 2683 1779 orbe
2708 1728 2919 1779 diti'iisa.
2946 1737 3258 1779 praesumat.

2104 1742 2212 1807 BII

2220 1726 2325 1785 dei,
2357 1725 2371 1776 i
2413 1736 2524 1780 toto
2553 1729 2683 1782 orbe
2708 1728 2919 1784 diii'tisa.
2946 1737 3258 1794 praesumat.

2251 1796 2415 1851 Attila
2445 1796 2645 1852 Gallias
2669 1799 2960 1866 ingressus,
2985 1798 3135 1862 quasi
3156 1797 3278 1866 jure
3306 1798 3542 1853 debitam
3576 1803 3749 1865 poscit

2179 1880 2399 1947 uxorem
2419 1868 2555 1991 ;dubi
2586 1869 2737 1937 gravi
2765 1867 2920 1922 clade
2942 1866 3142 1921 inﬂicta
3172 1877 3227 1923 et
3252 1879 3499 1936 accepta,
3533 1872 3601 1925 ad
3633 1888 3750 1940 pro-

2180 1951 2292 1991 nria
2323 1952 2445 1991 rere
2489 1956 2499 1989 ι
2534 1978 2548 1991 .

2180 1940 2292 2006 pria
2323 1940 2548 1991 recedit.

2249 2006 2315 2076 II.
2336 2006 2591 2076 ,PIurima
2616 2007 2719 2063 hoc
2742 2021 2883 2060 anno
2909 2006 3057 2075 signa
3089 2019 3473 2076 apparuerunt.

2250 2074 2279 2113 ιι
2327 2075 2384 2130 in
2416 2087 2629 2145 sperata
2659 2080 2711 2133 in
2738 2078 2923 2132 Galliis
2944 2074 3095 2130 clade
3118 2074 3359 2145 accepta.
3394 2077 3626 2133 furiatus
3661 2084 3750 2136 At-

2183 2147 2279 2220 tila
2298 2146 2500 2220 Italiam
2529 2147 2680 2217 petit,
2711 2163 2868 2217 quam
2899 2146 3087 2201 incola:
3110 2156 3253 2202 metu
3274 2147 3391 2203 solo
3420 2152 3594 2204 territi
3620 2168 3754 2220 prie-

2181 2217 2321 2272 sidin
2350 2219 2642 2272 nudavere.

2254 2287 2336 2340 III.
2373 2289 2621 2357 Synodus
2645 2286 3113 2358 Chalcedonensis,
3134 2286 3237 2358 ubi
3263 2287 3505 2358 Eutyche
3536 2289 3754 2345 Diosco-

2182 2370 2348 2425 roque
2373 2356 2659 2419 damnatis,
2686 2372 2874 2411 omnes
2899 2356 2986 2424 qui
3013 2371 3071 2411 se
3096 2356 3164 2410 ab
3187 2360 3267 2412 eis
3296 2356 3635 2414 retraxerunt
3652 2403 3666 2421 ,
3700 2364 3750 2415 in

2182 2428 2610 2481 communionem
2632 2426 2855 2495 recepti.
2882 2426 3192 2479 confirmata
3224 2429 3602 2483 universaliter
3624 2431 3749 2495 fide,

2183 2511 2304 2563 quae
2331 2497 2399 2549 de
2440 2497 2809 2551 incarnatione
2836 2495 3020 2557 Verbi,
3052 2499 3356 2553 secundum
3387 2500 3748 2565 evangelicam

2184 2574 2236 2619 et
2266 2568 2609 2632 apostolicam
2653 2568 2949 2621 doctrinam
2979 2581 3075 2634 per
3103 2579 3345 2621 sanctum
3380 2582 3575 2637 papam
3605 2571 3746 2626 Leu-

2185 2650 2308 2689 nein
2343 2638 2750 2698 praedicabatur.

2258 2705 2418 2760 Attila
2450 2706 2501 2759 in
2531 2708 2749 2762 sedibus
2771 2706 2884 2760 suis
2914 2712 3146 2769 mortuo,
3170 2721 3359 2773 magna
3398 2708 3630 2773 primum
3671 2711 3752 2762 in-

2188 2780 2269 2845 ter
2291 2776 2422 2845 tilios
2445 2776 2608 2842 ipsius
2628 2778 2915 2831 certamina
2935 2775 3001 2829 de
3017 2775 3307 2845 obtinendo
3337 2793 3501 2845 regno
3537 2788 3754 2841 exorta,

2186 2844 2382 2914 deinde
2428 2846 2630 2912 aliquot
2668 2847 2930 2914 gentium,
2962 2860 3081 2911 quae
3111 2844 3317 2899 IIunnis
3346 2844 3628 2910 parebant,
3664 2852 3757 2901 de—

2188 2911 2359 2967 fectus
2398 2911 2586 2979 secuti,
2626 2911 2815 2970 causas
2842 2925 2896 2967 et
2926 2915 3235 2969 occasiones
3274 2916 3425 2969 bellis
3450 2918 3756 2981 dederunt,

2189 2983 2377 3051 quibus
2408 2985 2724 3041 ferocissimi
2770 2985 2951 3056 populi
2990 2987 3191 3041 mutuis
3235 2986 3535 3040 incursibus
3564 2998 3755 3044 conte-

2194 3062 2398 3108 rentur.

2264 3122 2351 3195 IV.
2393 3124 2537 3179 Inter
2562 3124 2987 3179 Valentinianum
3021 3122 3318 3195 Augustum
3346 3134 3401 3179 et
3423 3126 3637 3180 Aelium
3669 3142 3759 3195 pa-

2196 3193 2434 3258 tricium,
2478 3204 2601 3264 post
2640 3198 2919 3264 promissae
2936 3194 3173 3264 invicem
3224 3194 3346 3250 fidei
3387 3193 3757 3262 sacramenta,

2194 3272 2313 3330 post
2351 3261 2559 3332 pactum
2586 3261 2656 3319 de
2679 3261 3055 3333 conjunctione
3084 3262 3339 3333 filiorum,
3370 3265 3504 3319 dira:
3536 3261 3761 3320 inimici-

2193 3333 2280 3385 tiae
2306 3336 2693 3389 convaluerunt
2730 3353 2741 3385 :
2773 3344 2828 3387 et
2855 3333 2993 3388 unde
3023 3332 3121 3386 fuit
3160 3336 3331 3402 gratia
3361 3334 3640 3390 cbaritatis
3667 3351 3761 3390 au-

2189 3401 2382 3469 genda,
2416 3405 2537 3459 inde
2565 3406 2771 3459 exarsit
2798 3403 2969 3457 fomes
3010 3401 3297 3467 odiorum;
3347 3406 3651 3466 incentore,
3704 3412 3763 3460 ut

2190 3471 2450 3527 creditum
2483 3484 2582 3539 est,
2618 3474 2862 3528 Heraclio
2905 3473 3165 3543 spadone,
3188 3475 3276 3541 qui
3301 3473 3370 3526 ita
3400 3474 3501 3526 sibi
3526 3476 3763 3543 impera-

2192 3543 2322 3596 toris
2348 3544 2581 3597 animiim
2600 3545 2653 3598 in
2673 3545 2884 3598 sincero
2910 3542 3163 3595 famulatu
3184 3546 3528 3607 astrinxerat,
3554 3542 3619 3597 ut
3639 3560 3759 3599 eum

2190 3610 2440 3667 facile‘in
2490 3630 2609 3682 quie
2658 3614 2819 3669 vellet
2869 3612 3193 3681 impelleret.
3246 3612 3378 3667 Cum
3410 3628 3541 3682 ergo
3574 3614 3763 3669 Aetius

2187 3684 2380 3750 placita
2424 3681 2705 3739 instantius
2736 3684 2959 3751 repetit,
2990 3690 3043 3736 et
3089 3695 3303 3736 causam
3337 3683 3429 3736 filii
3470 3681 3488 3721 ι
3517 3699 3763 3737 commu-

2190 3752 2272 3805 nis
2302 3754 2429 3818 agit,
2459 3755 2796 3820 imperatoris
2827 3768 2984 3806 manu
3009 3759 3062 3804 et
3082 3752 3544 3806 circumstantium
3573 3753 3764 3819 gladiis

2191 3822 2478 3877 crudeliter
2523 3824 2801 3879 confectus
2834 3830 2938 3883 est,
2986 3821 3169 3874 Boetio
3211 3822 3462 3889 praefecto
3519 3823 3759 3889 praetorii

2188 3891 2347 3946 simul
2392 3906 2695 3964 perempto,
2736 3892 2826 3963 qui
2861 3891 2911 3946 ei
2940 3895 3108 3946 multa
3150 3891 3381 3947 amicitia
3412 3901 3452 3928 ω
3478 3894 3764 3963 copulatus

2188 3972 2325 4016 erat.

2263 4033 2323 4086 V.
2362 4032 2584 4088 Mortem
2617 4033 2752 4087 Aetii
2782 4046 2926 4084 mors
2950 4030 3305 4086 Valentiniani
3329 4045 3433 4085 non
3458 4032 3621 4099 longo
3643 4040 3765 4099 post

2190 4112 2429 4171 tempore
2458 4112 2746 4158 consecuta
2782 4112 2885 4163 est,
2917 4108 3024 4154 tam
3057 4102 3423 4169 imprudenter
3454 4118 3560 4155 non
3593 4102 3762 4155 declio

2188 4184 2333 4238 nata,
2366 4180 2423 4226 ut
2469 4172 2736 4228 interfecti
2781 4172 2919 4225 Aetii
2968 4172 3171 4240 amicos
3213 4172 3615 4240 armigerosque
3644 4172 3766 4238 ejus

2187 4242 2401 4298 sibimet
2428 4244 2674 4298 sociaret.
2706 4241 2807 4308 Qui
2833 4242 3077 4309 concepti
3106 4238 3369 4294 facinoris
3388 4238 3767 4310 oppo‘rtuoita-

2189 4322 2295 4389 tem
2337 4313 2733 4389 dissimulanter
2763 4323 3112 4389 aucupantes,
3154 4309 3434 4389 egressum
3478 4324 3631 4389 extra
3658 4309 3768 4389 Ur-

2187 4383 2308 4438 bem
2340 4383 2654 4451 principem,
2685 4393 2735 4437 et
2762 4381 2895 4451 ludo
2923 4380 3235 4451 gestationis
3280 4380 3541 4451 intentum
3584 4381 3764 4444 iunpi-

591 4451 752 4528 XXII.
800 4453 1374 4528 'I‘liraciaiiunnorum
1411 4452 1722 4528 incursione
1752 4453 2076 4528 concutitur.
2107 4467 2158 4528 ι)
2188 4448 2548 4528 nzitis_'ictibits
2576 4450 2968 4515 confoderunt,
3024 4448 3271 4528 Ileraclio
3322 4449 3508 4528 simul,
3548 4457 3607 4503 ut
3643 4460 3767 4528 erat

589 4520 773 4579 XXIII.
808 4526 968 4577 Bleda
992 4526 1337 4581 Cbunnorum
1365 4540 1459 4579 rex
1486 4523 1664 4579 Attilae
1690 4521 1874 4577 fratris
1894 4523 2082 4580 fraude

518 4602 842 4664 percutitur.
860 4594 963 4664 Qui
992 4598 1103 4664 ipse
1129 4596 1385 4650 succedit.

592 4658 781 4732 XXIV.
829 4663 975 4717 Nova
1006 4658 1200 4720 iterum
1230 4665 1435 4721 Orienti
1466 4663 1743 4731 consurgit
1766 4662 1945 4728 ruina,
1977 4678 2080 4732 qua

519 4730 852 4798 septuaginta
892 4748 999 4786 non
1050 4737 1228 4790 minus
1274 4738 1522 4790 civitates
1558 4730 1921 4786 ‘Cbumiorum
1973 4730 2073 4788 de-

520 4802 845 4868 praidaiione
898 4812 1153 4871 vastatte,
1186 4820 1307 4859 cum
1350 4806 1495 4861 nulla
1536 4804 1603 4859 ab
1644 4801 2076 4859 Occidentalibus

519 4876 785 4924 terrentur
809 4871 1027 4925 auxilia.

587 4938 753 4996 XXV.
787 4941 1067 4998 Meroveus
1096 4953 1283 5013 regnat
1321 4944 1376 5001 in
1404 4944 1653 5000 Francia.

589 5149 617 5179 ⁸
649 5141 747 5199 Ms.
776 5142 1006 5206 Victor.,
1039 5139 1196 5193 deleri
1224 5138 1459 5192 intendit.

587 5212 615 5250 ι’
658 5213 781 5267 Mss.
800 5211 935 5266 Vict.
961 5204 1016 5266 et
1039 5211 1140 5264 Jol.
1168 5211 1253 5261 liic
1274 5218 1328 5261 et
1351 5207 1541 5261 aliisin
1559 5204 1709 5272 locis,
1726 5204 2072 5276 Bonifaciuin.

517 5283 789 5351 [idemque
818 5291 1021 5349 postea,
1052 5280 1359 5351 conscendit.

588 5363 611 5391 ε
655 5349 751 5407 Ms.
774 5351 878 5407 Jol.
909 5362 961 5404 et
986 5350 1121 5404 Bibl.
1149 5349 1335 5409 Labb.,
1366 5361 1651 5412 percussus.

583 5419 613 5459 ά
650 5422 724 5477 Ita
756 5436 883 5475 mss.
920 5421 1055 5474 Vict.
1089 5430 1144 5473 et
1171 5420 1276 5474 Jul.
1310 5417 1470 5478 Editi,
1504 5414 1789 5467 revertitur.

588 5502 612 5562 9
650 5492 899 5546 Bibliutli.
933 5505 1029 5543 ms.
1068 5489 1284 5551 Labbci,
1311 5504 1401 5558 per
1426 5484 1665 5562 45mm
1723 5551 1736 5562 _
1761 5551 1773 5562 _
1854 5552 1867 5562 .
1934 5552 1990 5562 ...

588 5560 607 5598 ί
660 5564 755 5617 Ms.
796 5562 926 5629 Jol.,
956 5571 1144 5613 exactis
1186 5551 1412 5613 munera.
1442 5556 1531 5612 Sic
1564 5565 1617 5611 et
1647 5551 1812 5608 Labb.
1854 5552 1907 5608 in
1934 5552 2072 5607 Bibl.

519 5646 645 5688 IIISS.

587 5710 610 5747 δ
644 5700 754 5754 Vox
776 5700 909 5757 haec.
933 5698 1186 5761 Hilarius,
1208 5696 1539 5754 desideratur
1554 5696 1608 5752 in
1624 5694 1752 5751 edit.
1772 5691 2071 5749 Pithmaiia.

2190 4524 2485 4592 proximus,
2518 4524 2862 4588 interempto,
2891 4530 2945 4592 et
2974 4518 3123 4573 nullo
3152 4533 3219 4573 ex
3245 4518 3583 4573 multitudine
3612 4520 3765 4588 regia

2186 4590 2253 4647 ad
2287 4595 2539 4647 ultionem
2571 4593 2702 4645 tanti
2729 4590 2947 4645 sceleris
2972 4602 3229 4642 accenso.

2260 4664 2329 4719 Ut
2351 4674 2526 4717 autem
2554 4661 2657 4716 hoc
2684 4658 3025 4729 parricidium
3060 4666 3423 4729 perpetratum
3451 4667 3555 4729 est,
3593 4657 3766 4711 Maxi~

2183 4749 2302 4787 mus
2347 4734 2430 4786 vir
2473 4727 3028 4800 gemini‘cousulatus
3079 4738 3131 4781 et
3185 4728 3426 4800 patricia:
3479 4727 3767 4800 dignitatis

2178 4803 2408 4871 sumpsit
2463 4796 2763 4869 imperium.
2804 4798 2904 4865 Qui
2934 4811 3052 4871 eum
3086 4797 3405 4864 periclitanti
3451 4796 3768 4871 reipublicae

2180 4866 2635 4943 profuturusp'er
2663 4871 2840 4943 omnia
2888 4866 3220 4943 crederetur,
3275 4882 3382 4943 no_n
3429 4881 3553 4943 sero
3594 4867 3767 4920 docu-

2189 4936 2373 4999 ineiito
2401 4936 2535 5012 quid
2554 4940 2719 4996 animi
2746 4938 2972 4993 haberet
3000 4936 3246 5005 probavit
3270 4953 3283 4989 :
3314 4936 3392 4991 sic
3416 4937 3661 5006 quidem,
3705 4945 3766 4989 ut

2250 5134 2277 5173 ³³
2319 5136 2416 5191 Ms.
2445 5134 2575 5197 .Iol.,
2606 5131 3011 5186 conversionem.

2256 5204 2274 5244 ί
2320 5206 2462 5259 Edit.
2488 5204 2657 5268 Pitb.,
2683 5204 2737 5254 in
2760 5203 2893 5270 ipso.

2253 5275 2267 5326 i
2318 5278 2416 5330 Ms.
2446 5274 2573 5333 Jol.,
2604 5264 2707 5324 toto
2734 5264 2851 5323 or'be
2871 5266 3095 5335 di/j’usre.
3122 5264 3264 5321 Idem
3289 5273 3507 5319 notatur
3531 5280 3560 5318 a
3588 5265 3754 5319 Labb.

2180 5348 2234 5402 iii
2263 5344 2501 5414 margine
2531 5342 2670 5414 Bibl.
2704 5355 2833 5393 mss.
2869 5407 2885 5414 _
3166 5403 3202 5414 η

2252 5417 2281 5453 κ
2327 5403 2501 5468 ΕιῙίιὶο
2533 5411 2829 5475 Pithteaua,
2860 5407 3133 5479 Insperato
3159 5403 3368 5479 Galliis.

2251 5484 2274 5524 ι
2326 5484 2423 5537 Ms.
2455 5482 2582 5543 Jol.,
2627 5472 2854 5533 cominus
2890 5472 3017 5547 agit.
3049 5474 3293 5529 Labbeus
3323 5477 3374 5529 iii
3408 5489 3573 5545 marg.
3618 5472 3753 5528 Bibl.

2180 5571 2309 5620 ms.,
2340 5555 2592 5613 cominus,
2624 5552 2775 5612 aIias,
2804 5547 3124 5600 commotius.

2251 5636 2291 5663 α
2330 5626 2430 5681 Ms.
2469 5624 2625 5687 Vict.,
2654 5618 2922 5687 capulatus
2949 5620 3119 5687 fuerat

2251 5636 2291 5663 α
2330 5634 2430 5681 Ms.
2469 5634 2625 5687 Vict.,
2654 5634 2922 5688 capuiatus
2949 5634 3138 5687 luerat.
