4032 6186
519 293 615 347 871

1535 292 1743 351 lDATIl
1780 290 2080 350 EPISCOPI
2118 286 2738 361 AQUIEFLAVIENSIS

3687 290 3816 342 873

524 419 712 488 Neque
739 415 880 471 enim
909 411 1204 488 audiendus
1231 409 1560 488 Sigebertus,
1577 413 1665 488 qui
1689 412 1972 488 prasulern
2001 425 2094 466 no-
2124 409 2176 469 Α
2202 409 2474 488 versioues
2501 409 2844 474 intexuimus,
2877 410 3069 480 quibus
3093 409 3263 488 aliqua
3293 409 3547 488 ldatianie
3568 410 3814 488 _descr_i_-_

534 483 703 542 struni
733 486 1031 551 hujusmodi
1059 485 1370 550 opusculum
1389 483 1698 551 perduxisse
1713 497 1882 551 usque
1907 483 1970 535 ad
2004 496 2100 535 an-

529 574 654 611 num
707 550 904 609 Christi
934 555 1040 609 490
1070 555 1259 608 litteris
1283 552 1493 605 tradidit
1513 550 1612 689 (αξ,
1641 561 1698 605 ut
1729 550 1847 620 poSt
1874 553 2104 606 Sirmon-

529 629 647 680 dum
682 626 759 689 (b)
792 625 1012 679 Vossius
1060 625 1130 689 (c)
1179 632 1232 676 et
1288 622 1476 689 Pagius
1505 623 1560 686 (d
1619 622 1993 676 observarunt.
2023 622 2101 674 De

520 629 647 680 dum
682 626 759 697 (b)
792 625 1012 697 Vossius
1060 625 1130 697 (νο)
1167 622 1476 697 etMPagius
1505 622 1582 689 (d)
1619 622 1993 697 observarunt.
2023 622 2101 697 De

535 690 701 763 hujus
733 705 909 749 autem
958 690 1178 748 ldat‘iani
1226 690 1477 747 Chronici
1520 692 1688 760 pretio
1734 691 1812 745 sic
1851 692 2102 747 edisserit

533 765 856 820 Sirmoudus
875 764 942 832 (el
970 783 981 816 :

604 853 624 888 ι
671 835 864 900 Quanti
885 830 1110 896 merito,
1137 834 1328 902 inquit,
1355 846 1474 886 esse
1504 831 1699 886 debeat
1729 831 1815 886 hic
1863 830 2098 896 libellus,

531 915 665 968 tute,
700 907 891 968 lector,
926 906 1107 957 statim
1158 917 1437 971 agnosces.
1487 902 1752 968 lntelliges
1780 901 1946 966 enim,
1995 919 2101 956 non

517 979 694 1031 solum
718 977 785 1029 ab
804 976 904 1028 hoc
932 974 1076 1028 fonte
1096 974 1280 1027 hausta
1307 988 1366 1025 ea
1390 987 1510 1026 esse
1556 987 1671 1040 quae
1698 971 1764 1024 de
1780 972 2100 1038 Gothorum,

521 1045 819 1100 Sucvorum
843 1046 1172 1113 aliarumque
1194 1043 1430 1111 gentium
1457 1043 1617 1096 rebus
1639 1043 1688 1094 in
1715 1042 1965 1111 Hispania
1987 1043 2104 1098 Gal-

520 1115 696 1186 liaque
725 1131 820 1182 per
840 1131 899 1169 ea
934 1127 1168 1186 tempora
1197 1113 1384 1182 gestis,
1429 1113 1573 1186 apu_d_
1600 1113 1941 1186 Isid-orttm‘et
1968 1113 2103 1168 alios

518 1180 833 1254 scriptores,
865 1199 970 1238 non
1003 1185 1120 1237 aliis
1145 1180 1312 1254 ferme
1333 1197 1487 1254 quam
1516 1180 1763 1235 Chronici
1797 1182 2102 1254 lnijus_ver-

517 1253 600 1308 his
624 1252 870 1310 contexta
903 1255 1187 1322 leguntur;
1218 1253 1309 1306 sed
1339 1253 1440 1305 alia
1473 1262 1730 1319 prmterea
1760 1260 1889 1322 _tum
1915 1252 1980 1305 ad
2018 1268 2099 1306 sa-

519 1339 687 1393 cram,
715 1334 824 1378 ttnn
859 1325 924 1378 ad
958 1320 1166 1378 civilem
1194 1322 1468 1376 historiam
1499 1323 1725 1389 plurima
1760 1320 1842 1373 hic
1869 1322 2053 1375 doceri
2082 1338 2099 1383 ι

519 1409 644 1460 quae
670 1396 954 1450 ntcarteris
977 1393 1228 1447 omnibus
1270 1394 1463 1445 intacta
1509 1394 1597 1460 qui
1627 1400 1861 1456 etstant,
1887 1394 1983 1461 ipsi
2005 1407 2100 1447 nos

522 1466 710 1527 etiam,
740 1466 840 1518 nisi
869 1467 935 1516 ah
966 1464 1134 1517 ldatio
1163 1462 1374 1531 prodita
1415 1470 1615 1524 essent,
1653 1461 1901 1529 ignorare
1945 1477 2100 1531 coge-

531 1550 732 1588 remur.
776 1552 793 1586 ι
831 1535 1026 1601 Etjure
1052 1531 1403 1602 quidetnghtrc
1425 1532 1740 1585 Sirmoudus
1762 1531 1824 1584 ad
1851 1547 1933 1583 res
1960 1533 2100 1599 quod

525 1605 754 1669 pertinet
780 1621 791 1655 :
819 1615 873 1658 at
896 1600 963 1657 de
991 1600 1242 1670 computo
1273 1600 1510 1655 ldatiano
1531 1616 1685 1672 secus
1707 1609 1891 1672 censet
1913 1602 2102 1672 Pagius

513 1675 610 1742 (f);
642 1675 708 1729 de
750 1689 855 1741 quo
896 1679 1057 1727 etiam
1087 1669 1235 1740 plura
1276 1671 1489 1726 disserit
1543 1669 1786 1726 Cointius
1821 1669 2098 1741 (g),quem

526 1754 807 1813 propterea
846 1743 1357 1813 consulerejuverit.

587 1810 672 1870 lll.
702 1815 1006 1868 Chronicon
1039 1813 1308 1880 excipiunt
1339 1810 1479 1866 Fasti
1509 1812 1840 1875 consulares,
1872 1811 1940 1868 de
1976 1813 2094 1882 qui-

511 1883 612 1938 bus
642 1886 956 1939 Sirmoudus
989 1883 1066 1952 (li)
1093 1900 1105 1936 :
1137 1901 1155 1953 ᾳ
1185 1882 1375 1953 Fastos
1395 1883 1722 1953 consulares,
1747 1882 1937 1950 inquit,
1961 1899 2100 1953 quos.

514 1955 782 2010 Chronico
803 1951 1115 2024 adiecimus,
1130 1951 1518 2024 ldatianosjam
1537 1952 1659 2004 alibi
1680 1951 2090 2024 nominavimus:

510 2035 753 2079 nontam
783 2021 921 2094 quod
954 2025 1006 2078 in
1043 2023 1228 2094 codice
1274 2021 1494 2094 Metensi
1533 2036 1644 2094 quo
1690 2023 1783 2094 usi
1817 2039 2002 2094 sumus
2040 2025 2091 2079 in

515 2091 1071 2157 Chronico'cdendo,
1124 2092 1301 2147 eidem
1349 2091 1613 2144 Chronico
1650 2092 2088 2160 subjiciebantur,

508 2179 670 2232 quam
703 2164 840 2234 quod
873 2181 1048 2218 rerum
1078 2173 1133 2218 et
1157 2162 1444 2216 verborum
1474 2163 1522 2214 in
1554 2170 1782 2230 utroque
1815 2177 1980 2231 opere
2016 2163 2093 2217 al-

512 2237 688 2289 linilas
723 2243 778 2288 et
814 2235 1059 2302 cognatio
1079 2273 1092 2296 ,
1127 2235 1560 2300 epocharumque
1590 2243 1642 2284 et
1670 2243 1966 2302 temporum
1997 2249 2093 2301 par

510 2305 836 2370 observatio,
867 2301 1114 2360 eumdem
1143 2304 1420 2371 utriusque
1449 2313 1720 2356 auctorem
1759 2301 1920 2358 fuisse
1961 2305 2092 2358 satis

507 2376 823 2441 ostendant,
868 2375 1081 2430 tametsi
1128 2372 1365 2426 auctoris
1397 2387 1587 2425 nomen
1620 2373 1820 2427 nullum
1846 2375 2094 2440 praeferat

506 2445 806 2512 inscriptio,
839 2461 958 2515 quae
987 2446 1068 2500 his
1093 2442 1271 2496 verbis
1300 2443 1366 2515 ibi
1400 2451 1654 2515 concepta
1678 2453 1785 2515 est,
1807 2443 2092 2512 Descriptio

505 2517 770 2568 consulum
799 2513 986 2583 ecquo
1012 2517 1230 2582 primum
1261 2513 1477 2566 ordinati
1507 2523 1643 2566 sunt.
1681 2513 1788 2567 Etsi
1832 2529 1993 2581 porro
2037 2515 2090 2569 in

507 2587 799 2650 exemplari
828 2599 1009 2639 nostro
1035 2583 1406 2654 procedebant
1426 2584 1476 2635 hi
1508 2583 1648 2636 Fasti
1690 2583 1755 2636 ad
1795 2585 2086 2638 secundum

508 2670 676 2724 usque
709 2655 973 2710 Anthemii
1007 2653 1362 2718 consulatum,
1399 2653 1499 2706 hoc
1527 2665 1630 2716 est,
1664 2654 1730 2707 ad
1761 2669 1823 2709 ea
1848 2663 2089 2722 tempora

507 2726 561 2779 in
593 2727 786 2793 quibus
826 2727 975 2779 ldatii
1007 2725 1310 2780 Chronicon
1354 2724 1548 2778 desinit
1573 2769 1586 2790 ,
1630 2731 1789 2792 atque
1829 2739 1858 2777 a
1904 2726 2090 2792 primis

506 2796 614 2848 orsi
641 2797 970 2860 consulibus,
1002 2797 1178 2850 omnia
1211 2793 1403 2849 exinde
1430 2793 1494 2846 ad
1521 2809 1642 2847 eum
1685 2808 1850 2862 usque
1889 2810 2087 2848 annum

505 2866 652 2933 paria
675 2868 949 2921 consulum
975 2866 1378 2934 percensebant,
1405 2863 1556 2918 nobis
1581 2875 1776 2927 tamen,
1797 2864 1921 2918 dum
1944 2865 2087 2918 aliud

508 2936 784 2989 consilium
814 2937 927 2992 dies
953 2936 1205 3004 proferat,
1237 2936 1404 2988 satius
1434 2935 1486 2987 in
1515 2948 1756 3001 przesens
1777 2934 1948 2987 visum
1979 2944 2083 2998 est,

507 3019 627 3061 eam
654 3005 930 3061 dumtaxat
957 3015 1160 3075 partem
1190 3004 1276 3060 edi
1308 3019 1426 3072 quae
1457 3012 1510 3075 et
1536 3004 1604 3075 ab
1642 3004 1954 3072 antiquariis
1991 3005 2088 3058 mi-

504 3091 608 3130 nus
637 3075 807 3131 fuerat
833 3073 1142 3144 depravata,
1173 3084 1226 3128 et
1253 3073 1682 3129 memorabilium
1711 3089 1887 3127 rerum
1916 3075 2086 3128 varie-

2203 477 2399 547 ptionis
2429 491 2601 533 errata
2635 477 2943 534 notaremus
2969 498 2982 532 :
3014 477 3304 546 prmsertini
3336 496 3457 534 cum
3486 481 3534 532 id
3563 481 3678 548 jam
3705 485 3813 535 alii

2202 559 2450 617 accurate
2482 552 2844 616 priestiterint.
2878 561 3038 617 atque
3066 552 3204 604 inter
3223 559 3445 604 Caeteros
3469 551 3815 608 Emmanuel

2201 616 2615 689 Schelestratius
2645 629 2700 673 et
2729 622 2989 674 Antonius
3015 621 3159 687 Pagi,
3197 635 3225 672 a
3258 621 3448 687 quibus
3491 622 3633 673 haud
3681 625 3814 689 pri-

2201 688 2321 740 dem
2350 689 2574 741 eruditae
2603 690 2669 744 de
2695 705 2754 744 ea
2783 706 2840 743 re
2873 701 2978 744 tota
3016 689 3417 745 dissertationes
3458 688 3742 756 prodiere.
3787 711 3810 744 ι

2203 757 2471 811 Hactenus
2509 759 2578 813 cl.
2621 761 2891 822 Bannius;
2932 761 3084 827 cujus
3121 761 3436 814 recensitam
3475 761 3629 814 ldatii
3667 777 3812 816 cum

2201 827 2484 892 Chronici,
2531 838 2640 883 tum
2689 829 2968 884 Fastorum
3014 830 3304 884 editionem
3350 830 3813 886 Sirmondianam

2201 901 2367 950 secuti
2396 913 2602 961 sumus,
2634 901 2838 968 aliquot
2868 901 2918 954 in
2947 901 3078 954 locis
3109 899 3175 952 ad
3216 901 3524 966 paginarum
3561 902 3812 957 limbum

2207 968 2446 1035 pauculis
2477 971 2673 1024 nostris
2703 971 3162 1024 observationibus
3191 980 3422 1024 auctam.

2281 1037 2339 1090 V.
2368 1037 2561 1092 Verum
2590 1041 2718 1093 illud
2747 1040 2831 1094 hic
2854 1040 2990 1094 haud
3014 1040 3460 1108 prtetereundum.
3485 1043 3808 1099 Floresium

2207 1106 2454 1162 nimirum
2486 1124 2641 1180 quem
2668 1110 2914 1178 superius
2944 1106 3377 1180 memoravimus,
3409 1112 3638 1167 Idalium
3685 1116 3806 1168 Fa-

2206 1188 2409 1252 storum
2460 1179 2731 1234 auctorem
2782 1195 2887 1233 non
2932 1194 3222 1252 agnoscere
3258 1179 3369 1249 (k),
3413 1198 3575 1252 secus
3627 1197 3806 1252 atque

2203 1249 2445 1322 certatim
2483 1264 2741 1322 censuere
2781 1260 2899 1322 post
2925 1249 3264 1303 Sirmondum
3297 1250 3490 1305 eruditi
3520 1253 3619 1306 viri
3653 1249 3803 1322 quos

2206 1318 2346 1388 inter
2380 1319 2450 1372 cl,
2491 1321 2721 1388 Cangius
2759 1321 2862 1388 (1);
2904 1322 2988 1386 qui
3032 1330 3287 1386 praeterea
3325 1322 3541 1376 eosdem
3594 1318 3802 1379 Fastos

2203 1386 2379 1441 denuo
2400 1386 2624 1443 contulit
2643 1386 2898 1460 cum'ipso
2921 1389 3105 1460 codice
3131 1404 3236 1460 quo
3258 1406 3382 1443 usus
3405 1401 3488 1445 est
3513 1392 3797 1460 Labbeus,

2205 1466 2275 1531 et
2299 1460 2609 1527 quamplura
2655 1476 2718 1514 ex
2765 1459 2830 1514 eo
2875 1459 3181 1531 emendavit
3225 1475 3342 1531 qure
3386 1470 3540 1517 antea
3593 1459 3798 1531 parum

2209 1527 2312 1602 lida
2341 1531 2421 1602 vel
2447 1540 2693 1583 accurata
2722 1546 2880 1584 manu
2914 1529 3125 1602 fuerant
3149 1527 3414 1602 descripta
3442 1550 3453 1583 :
3483 1527 3650 1601 quain
3684 1535 3801 1602 qui-

2205 1597 2325 1651 dem
2361 1597 2636 1652 Fastorom
2662 1602 2948 1654 editionem
2980 1601 3060 1654 sic
3082 1597 3380 1653 restitutam
3420 1597 3559 1656 inter
3599 1597 3798 1658 selecti:

2206 1671 2438 1743 agitedum
2457 1671 2540 1743 ad
2576 1670 2962 1743 illustrationem
2987 1669 3241 1743 >Ch_ronic_i
3273 1671 3538 1743 Paschalis
3567 1676 3801 1743 evulga-

2207 1737 2280 1791 vit
2311 1738 2429 1807 (m).
2453 1739 2714 1795 Nonnulla
2751 1755 2879 1796 vero
2908 1743 2958 1794 in
2985 1741 3171 1795 iisdem
3201 1740 3372 1794 Fastis
3404 1742 3665 1798 ldatianis
3697 1737 3796 1799 ca-

2201 1808 2392 1875 stigata
2421 1810 2656 1881 reperias
2686 1813 2823 1878 apud
2855 1811 3188 1881 Dodwellutn
3233 1810 3337 1881 (η).
3383 1811 3517 1868 Illud
3560 1816 3796 1880 insuper

2203 1880 2528 1934 monendum
2556 1881 2820 1945 ducimus,
2850 1883 3119 1936 laudatum
3153 1879 3446 1935 Floresinm
3485 1899 3556 1938 ex
3593 1879 3795 1940 codice

2195 1963 2296 2002 ms.
2329 1951 2418 2017 qui
2445 1950 2664 2005 Joannis
2692 1953 2939 2005 Marianas
2977 1952 3107 2012 fuit,
3148 1965 3267 2004 cum
3306 1950 3683 2014 Complutensi
3726 1971 3791 2009 ac

2196 2017 2453 2073 Toletano
2479 2022 2698 2087 collato,
2735 2024 2785 2075 in
2812 2022 2983 2076 lucem
3011 2020 3257 2077 emisisse
3290 2021 3443 2076 ldatii
3469 2024 3788 2081 Chronicon

2195 2089 2389 2160 minus,
2423 2090 2678 2146 hactenus
2707 2091 2962 2146 ineditum
2989 2089 3092 2160 (0).

2269 2159 2352 2214 γι.
2378 2162 2447 2216 At
2472 2177 2599 2215 vero
2628 2161 2712 2217 hic
2736 2161 2949 2216 demum
2979 2159 3156 2229 operte
3204 2163 3424 2229 pretium
3456 2163 3618 2218 fuerit
3663 2164 3788 2220 Sir-

2193 2231 2373 2283 moudi
2404 2233 2831 2286 observationem
2862 2234 2913 2286 in
2945 2233 3178 2286 medium
3208 2232 3449 2300 proferre
3478 2237 3541 2287 de
3578 2234 3792 2290 Nume-

2193 2315 2368 2352 rorum
2418 2306 2554 2354 notis
2599 2318 2710 2366 qua:
2753 2302 2989 2356 Chronici
3035 2314 3080 2355 et
3133 2301 3408 2355 Fastorum
3457 2307 3791 2366 marginibus

2192 2369 2357 2438 amara:
2394 2382 2530 2426 sunt.
2566 2373 2654 2426 Sic
2681 2373 2837 2442 igitur
2868 2373 2956 2427 ille
2983 2376 3063 2442 (ρ)
3089 2389 3102 2426 :
3131 2390 3151 2423 ι
3191 2372 3245 2427 lu
3282 2373 3548 2429 Chronico
3575 2369 3749 2430 ldatii
3770 2417 3787 2440 ,

2191 2451 2285 2506 ait,
2321 2453 2516 2516 praeter
2551 2443 2883 2516 olympiadas
2921 2456 2974 2498 et
3011 2443 3348 2516 singulorum
3392 2447 3788 2516 imperatorum

2192 2524 2364 2568 annos
2400 2513 2491 2580 qui
2529 2514 2717 2583 ordine
2753 2513 3232 2582 digerunturfduo
3261 2515 3532 2583 praecipue
3563 2519 3788 2570 numeri

2193 2593 2560 2653 annotantur,
2597 2582 2746 2638 Unus
2805 2585 2976 2653 major
3013 2585 3166 2649 cujus
3204 2582 3676 2638 initiuniducitur
3717 2588 3791 2640 ab

2191 2649 2515 2715 Abrahamo,
2551 2652 2652 2707 hoc
2689 2663 2770 2708 est
2809 2649 3135 2710 ab'exordio
3171 2653 3422 2707 Chronici
3464 2655 3786 2711 Eusebiani.

2192 2726 2322 2778 Nam
2365 2739 2486 2777 cum
2531 2725 2743 2778 Eusebii
2794 2725 3093 2779 Chronicon
3140 2724 3478 2778 continuaret
3532 2725 3786 2789 ldatios,

2191 2807 2525 2862 consequens
2563 2805 2676 2847 erat
2716 2804 2775 2847 ut
2812 2795 2952 2849 illius
2987 2797 3148 2850 etiam
3187 2799 3420 2862 epoclias
3445 2809 3782 2851 sectaretur.

2193 2866 2290 2920 Hic
2314 2865 2475 2930 igitur
2507 2865 2653 2930 prior
2691 2879 2945 2920 numerus
2981 2875 3066 2920 est
3102 2865 3456 2919 Eusebianos.
3499 2867 3662 2920 Alter
3703 2879 3794 2922 est

2190 2949 2312 2990 tera:
2345 2933 2663 3005 Hispanicae,
2693 2949 2852 3004 quam
2880 2938 2932 2989 in
2960 2936 3133 2990 Fastis
3171 2951 3380 3004 quoque
3424 2945 3480 3005 u_t
3522 2937 3797 3005 Hispanis

2190 3006 2439 3060 usitatam
2467 3013 2520 3057 et
2550 3003 2860 3060 familiarem
2888 3007 3102 3074 adjecit.
3132 3005 3258 3059 Ηειξο
3284 3003 3406 3058 vero
3431 3003 3640 3059 Christi
3684 3024 3792 3059 na-

2192 3077 2350 3130 talem
2379 3075 2448 3129 58
2473 3075 2628 3129 annis
2658 3084 2860 3129 tantum
2886 3075 3184 3140 antecedit,
3214 3088 3336 3129 cum
3372 3091 3630 3131 numerus
3679 3077 3801 3133 Eu-

504 3155 614 3201 tate
658 3157 818 3212 atque
866 3131 1038 3202 fructu
1084 3131 1367 3200 lectoribus
1401 3145 1674 3211 acceptior
1702 3144 2087 3213 jucundiorque
2112 3131 2159 3195 C
2190 3148 2440 3201 sebianus
2470 3145 2737 3213 praecedat
2764 3147 2919 3200 annis
2956 3145 3116 3199 2015.
3152 3131 3365 3212 Quare,
3414 3148 3458 3199 si
3509 3131 3798 3213 assignat:

506 3217 618 3272 fore
645 3217 940 3271 videbatur.
974 3235 992 3269 ι
1026 3217 1138 3271 Huc
1169 3231 1333 3283 usque
1358 3215 1690 3268 Sirmoudus.

584 3285 672 3342 ιν.
713 3303 731 3336 ι
761 3288 912 3353 Quod
943 3303 1091 3352 vero,
1121 3285 1302 3340 Subdit
1332 3286 1572 3339 Labbeus
1603 3284 1696 3354 (ἰ),
1731 3299 1970 3337 summus
2000 3285 2088 3339 ille

505 3356 586 3410 vir
616 3371 781 3422 u~que
824 3357 888 3410 ad
931 3358 1134 3411 obitum
1179 3357 1391 3418 renuit,
1444 3356 1544 3408 hoc
1589 3372 1688 3423 ego
1736 3354 2085 3421 plurimorum

509 3428 746 3493 pulsatus
786 3427 1033 3494 precibus
1069 3441 1130 3477 ac
1172 3439 1335 3491 prepe
1373 3425 1652 3494 conviciis,
1693 3424 1958 3491 publicare
1998 3440 2090 3494 ag-

505 3511 721 3564 gressus
768 3493 887 3548 sum
915 3535 929 3559 ,
982 3497 1321 3562 integrosque
1369 3493 1559 3546 Fastos
1604 3495 1872 3547 ldatianos
1914 3493 2088 3562 capite

508 3566 836 3636 pedibusque
863 3576 1100 3626 truncos,
1134 3564 1424 3636 lectoribus
1451 3578 1516 3636 ex
1545 3564 1734 3617 eodem
1775 3574 1959 3636 nostro
1996 3580 2089 3618 co-

505 3633 624 3689 dice
655 3633 762 3691 ms.
785 3636 1172 3704 representavi,
1204 3633 1398 3687 additis
1424 3634 1490 3688 ad
1518 3649 1665 3704 oram
1697 3633 1971 3703 utriusque
1997 3649 2088 3688 c0-

507 3709 701 3760 lumnae
727 3703 880 3760 annis
909 3707 976 3758 ab
1004 3705 1148 3760 Urbe
1174 3704 1385 3758 condita
1411 3719 1479 3759 ex
1521 3703 1846 3757 Varroniana
1881 3719 2087 3774 suppu-

507 3779 740 3842 tatione,
775 3789 828 3831 et
874 3775 1144 3845 castigatis
1189 3775 1458 3842 plerisque
1505 3775 1925 3841 antiquariorum
1975 3777 2088 3829 sive

505 3848 897 3916 exscriptorum
924 3846 1216 3902 erroribus.
1249 3845 1442 3899 Addidi
1471 3858 1708 3916 quoque,
1740 3845 1834 3898 sed
1874 3845 2088 3916 diverso

505 3935 534 3971 a
559 3915 768 3972 caneris
797 3920 1128 3977 charactere,
1165 3917 1422 3974 omissos.
1469 3915 1732 3969 interdum
1773 3915 2086 3970 eorumdein

506 3989 925 4057 antiquariorum
945 3987 1120 4055 potius
1143 4001 1297 4050 quam
1316 3985 1628 4057 ldatiiculpa
1651 3985 1900 4039 consules
1921 3987 2088 4053 gemi-

507 4056 778 4124 nos,’quia
813 4061 863 4110 id
891 4072 920 4109 a
951 4072 1034 4109 me
1070 4057 1341 4124 postulare
1380 4056 1660 4110 videbatur
1696 4067 1749 4109 et
1787 4057 2086 4124 argumenti

516 4127 652 4180 ratio
672 4137 725 4180 et
749 4127 1001 4180 lectorum
1031 4125 1200 4192 major
1223 4125 1617 4193 opportunitas.
1641 4144 1660 4176 ι
1689 4127 1814 4179 litec
1835 4127 1942 4180 ille.
1966 4125 2089 4192 Qui-

509 4199 608 4249 hus
642 4195 785 4250 addit
816 4195 1049 4267 Bannius
1077 4197 1572 4267 Signondianorum
1602 4197 1775 4250 editor
1810 4196 1886 4267 (j)
1914 4215 1925 4248 :
1961 4213 1980 4246 ι
2022 4196 2088 4250 Ut

508 4275 682 4319 autem
714 4281 743 4319 a
775 4267 926 4318 nobis
953 4265 1112 4318 iidem
1142 4262 1281 4316 Fasti
1311 4266 1581 4333 aliquanto
1602 4267 1760 4320 etiam
1791 4262 2087 4320 ornatiores

508 4338 741 4401 exirent,
776 4346 971 4405 printer
1002 4336 1088 4405 illa
1129 4349 1246 4398 qua:
1286 4333 1531 4388 Lahbeus
1570 4339 1769 4388 omissa
1808 4337 2086 4404 suppleve-

508 4417 618 4470 rat,
661 4404 962 4475 praaterqne
1001 4404 1236 4472 adjectus
1274 4407 1340 4458 ab
1381 4405 1495 4473 ipso
1523 4405 1635 4459 sive
1661 4407 2082 4470 emendationes,

509 4479 624 4532 sive
651 4477 918 4530 variantes
948 4476 1226 4539 lectiones,
1249 4475 1352 4529 alia
1377 4477 1592 4542 insuper
1611 4478 1825 4544 generis
1846 4477 2082 4544 ejusdem

511 4564 615 4600 non
643 4562 809 4614 pauca
834 4562 899 4600 ex
923 4545 1199 4601 Ciceronis
1227 4547 1373 4599 libris
1396 4547 1618 4614 aliisque
1641 4557 1874 4600 veterum
1906 4561 2090 4599 monu-

509 4619 704 4670 mentis
751 4619 1046 4682 conquisita
1093 4616 1343 4671 similiter
1389 4616 1453 4669 ad
1507 4618 1781 4685 utriusque
1825 4617 2090 4671 columna:

505 4700 657 4739 oram
687 4687 1034 4754 ascripsimus
1059 4726 1071 4738 .
1107 4703 1206 4742 nec
1238 4703 1342 4740 non
1371 4687 1561 4741 breves
1601 4688 1803 4756 aliquot
1846 4689 2088 4742 ammad-

579 4907 657 4976 (a)
684 4906 862 4975 Sigeb.
888 4905 1140 4960 Chronic.
1165 4908 1231 4962 ad
1259 4922 1384 4961 ann.
1409 4908 1532 4962 490.

582 4979 656 5116 (l2;
685 4977 954 5032 Sirmond.
989 4977 1192 5045 prazfat.
1222 4978 1286 5030 ad
1319 4980 1448 5031 ldat.
1481 4979 1534 5032 in
1561 4977 1680 5033 Vet.
1711 4978 1933 5034 Testim.

583 5052 634 5116 (ο
690 5048 842 5102 Voss.
870 5047 903 5099 l.
931 5064 979 5100 r.
1013 5063 1128 5115 pag.
1157 5049 1284 5101 250.

607 5047 656 5115 c)
690 5048 842 5102 Voss.
870 5047 903 5099 l.
931 5064 979 5100 r.
1013 5063 1128 5115 pag.
1157 5049 1284 5101 250.

602 5121 658 5185 d)
685 5118 831 5189 Pagi.
865 5119 928 5189 ad
954 5134 1081 5171 ann.
1113 5118 1236 5182 409,
1266 5117 1294 5189 §
1328 5118 1382 5172 (i.

580 5189 649 5262 (e)
675 5188 946 5262 Sirmond.
981 5189 1014 5241 l.
1046 5203 1094 5242 c.

584 5257 651 5325 (Γ)
685 5257 828 5326 Pagi.
862 5257 926 5311 ad
952 5275 1075 5312 ann.
1107 5259 1236 5320 465,
1268 5257 1294 5327 ς
1326 5257 1379 5310 6.

581 5327 856 5402 (g)_Coint.
891 5331 1080 5402 animi.
1118 5330 1265 5383 Eccl.
1293 5330 1546 5383 Francor.
1579 5329 1642 5382 ad
1665 5345 1791 5384 ann.
1817 5329 1940 5397 168,
1970 5329 1997 5402 ς
2035 5332 2070 5398 1,

507 5398 645 5454 toni.
671 5400 708 5458 l,
743 5414 858 5466 pag.
893 5398 1013 5455 105.

577 5468 959 5539 (Μδίι-ηὶοηά.
989 5470 1189 5537 prml'at.
1221 5470 1284 5523 ad
1316 5471 1447 5523 ldat.

580 5538 835 5615 (ilhabb.
878 5540 1080 5615 Syllab.
1123 5541 1378 5612 Scriptor.
1425 5547 1556 5594 tom.
1595 5538 1615 5593 1
1654 5539 1786 5594 Nov.
1838 5542 2090 5599 Biblioth.

507 5621 645 5678 mss.
668 5609 850 5662 iihroi'.
892 5609 1011 5678 pag.
1040 5612 1095 5664 2.

581 5673 655 5740 (il
684 5678 844 5735 Baun.
874 5673 1081 5744 priefat.
1113 5681 1176 5736 ad
1218 5690 1349 5736 tom.
1379 5679 1422 5735 ll
1450 5681 1584 5749 Opp.
1615 5682 1903 5744 Sirmond.,
1926 5675 1950 5743 ξ
1970 5684 2021 5736 Ξ.

2191 3232 2320 3280 tera,
2348 3215 2542 3270 Christi
2567 3231 2765 3269 annum
2815 3217 3053 3286 indagari
3101 3216 3312 3284 placet,
3360 3215 3667 3271 deducendi
3723 3221 3799 3272 ab

2193 3302 2296 3340 aera
2339 3297 2460 3338 sunt
2498 3288 2624 3338 anni
2658 3287 2746 3342 58.
2778 3285 3172 3355 Verbi’gratia,
3206 3285 3556 3339 barbarorum
3596 3288 3652 3340 in
3698 3289 3799 3342 Hi-

2193 3357 2406 3424 Spanias
2436 3356 2732 3424 ingressum
2783 3358 2835 3411 in
2883 3357 3150 3411 Chronico
3191 3355 3269 3426 (ᾳ)
3315 3367 3369 3410 et
3415 3357 3466 3408 in
3500 3357 3686 3410 Fastis
3715 3361 3798 3426 (γ)

2192 3427 2477 3496 contigisse
2507 3437 2654 3480 notat
2694 3443 2801 3480 tera
2848 3426 2987 3491 M7;
3034 3426 3204 3496 deduc
3248 3441 3419 3479 annos
3462 3428 3553 3487 38,
3583 3428 3794 3496 reliqui

2195 3497 2325 3550 ﬁunt
2349 3495 2472 3550 409.
2506 3498 2552 3550 ls
2581 3511 2709 3564 ergo
2736 3498 2929 3552 Christi
2957 3512 3126 3550 anuus
3153 3495 3271 3556 fuit,
3305 3511 3424 3549 cum
3464 3496 3687 3550 barbari
3720 3495 3792 3551 fin

2193 3566 2474 3632 Hispanias
2504 3576 2870 3633 penetrarunt.
2901 3566 3053 3632 Quod
3082 3580 3211 3620 sane
3231 3567 3550 3620 conﬁrmant
3577 3568 3791 3634 reliqui

2191 3639 2349 3690 etiam
2401 3639 2738 3690 characteres
2804 3639 2892 3705 qui
2947 3652 3050 3690 una
3107 3636 3304 3690 ibidem
3371 3649 3792 3701 Comparantur.

2191 3707 2463 3776 Olympias
2478 3710 2618 3760 enim
2635 3706 2760 3767 297,
2777 3720 2830 3762 et
2850 3709 3098 3762 consules
3113 3705 3377 3776 llonorius
3398 3720 3515 3766 vui,
3531 3719 3582 3759 et
3599 3708 3798 3762 Theo-

2191 3775 2373 3830 dosius
2404 3791 2481 3838 tn,
2507 3785 2560 3829 et
2593 3777 2725 3830 feria
2758 3780 2908 3832 tertia
2941 3793 2990 3829 tv
3021 3775 3415 3838 kal.0ctobris,
3440 3778 3623 3830 omnia
3656 3795 3793 3832 con-

2195 3855 2394 3915 gruunt
2421 3861 2561 3899 anno
2592 3846 2790 3900 Christi
2835 3848 2959 3902 409.
3004 3847 3210 3900 Rursus
3252 3846 3487 3914 prodigia
3530 3849 3793 3915 quadarn

2199 3913 2252 3971 in
2281 3917 2528 3970 Callaicia
2557 3933 2606 3969 vt
2639 3932 2806 3970 nonas
2854 3918 3069 3970 Martias
3115 3918 3224 3971 visa
3254 3955 3269 3979 ,
3315 3913 3540 3980 eamque
3585 3913 3789 3971 feriam

2191 3998 2394 4040 Sextam
2436 3985 2597 4057 [uisse
2627 3997 2808 4041 narrat
2838 3989 2888 4040 in
2918 3986 3186 4040 Chronico
3230 3985 3332 4057 (ε),
3372 4000 3475 4039 atra
3516 3988 3796 4056 quingen-

2194 4059 2399 4111 tesima.
2432 4055 2486 4110 Si
2519 4057 2585 4110 de
2612 4058 2945 4128 quingentis
2969 4055 3250 4128 tollantur
3272 4060 3360 4118 38,
3406 4067 3605 4128 restant
3651 4055 3789 4112 ιω.

2195 4129 2380 4181 Annus
2410 4142 2536 4195 ergo
2566 4126 2760 4180 Christi
2795 4127 2894 4180 fuit
2919 4126 3058 4187 462.
3093 4129 3145 4180 in
3183 4142 3341 4193 quem
3381 4137 3435 4180 et
3475 4126 3602 4180 feria
3652 4131 3793 4182 item

2193 4197 2282 4250 illa
2313 4201 2554 4266 quadrat,
2582 4207 2636 4251 et
2655 4196 2841 4251 Severi
2868 4198 3087 4262 Augusti
3120 4200 3210 4266 qui
3243 4197 3532 4265 Majoriano
3560 4213 3796 4254 succes-

2191 4270 2278 4330 sit,
2311 4283 2482 4321 annus
2517 4267 2782 4321 secundus
2807 4269 2893 4320 cui
2939 4267 3054 4321 hate
3082 4272 3314 4333 ascripta
3345 4277 3486 4319 sunt.
3519 4268 3706 4332 Atque
3739 4272 3795 4322 in

2193 4341 2334 4391 hunc
2381 4339 2596 4390 modum
2642 4337 2944 4391 ratiocinari
2992 4339 3044 4390 in
3089 4340 3302 4390 caeteris
3345 4338 3553 4397 licebit,
3600 4339 3717 4390 nisi
3750 4342 3795 4390 si

2195 4409 2408 4477 quando
2433 4409 2640 4461 numeri
2665 4409 2773 4461 suis
2814 4409 2945 4461 locis
2977 4409 3397 4472 antiquariorum
3439 4409 3592 4473 culpa
3625 4411 3795 4471 moti,

2120 4510 2171 4570 D
2198 4479 2900 4570 g‘.‘35““.‘.“.‘.i.‘.’.'_'.'.i"‘l.‘i"[ii‘ﬂ'
2926 4487 3008 4570 ἐξ,
3024 4477 3561 4570 ,cl’flii‘l'l‘fl‘i‘lfi'li'
3577 4478 3799 4570 illi?

2200 4549 2307 4603 ille.
2351 4550 2618 4617 Cancrum
2659 4551 2726 4602 de
2765 4563 2886 4601 trra:
2926 4548 3225 4615 Hispanicae
3257 4550 3462 4600 ratione
3489 4555 3548 4617 et
3575 4549 3799 4617 origine

2196 4619 2453 4671 Joannem
2487 4616 2773 4671 Marianam
2802 4618 3083 4673 consulere
3108 4626 3328 4688 praestat
3371 4618 3458 4686 (ι).
3495 4615 3610 4671 Sed
3668 4615 3767 4672 in:

2193 4704 2318 4742 num
2346 4689 2413 4744 de
2445 4688 2643 4742 tabula.

2263 4908 2340 4980 (lt)
2373 4909 2576 4965 Flores.
2610 4910 2645 4964 l.
2676 4926 2725 4966 c.
2757 4927 2873 4980 pag.
2896 4908 3022 4965 434.

2264 4979 2327 5050 (ι)
2356 4981 2519 5050 Cang.
2555 4979 2768 5052 praefat.
2797 4979 2859 5032 ad
2891 4983 3090 5052 Chron.
3121 4980 3309 5034 Pasch.
3344 4981 3370 5052 ς
3403 4980 3488 5044 40,
3538 4997 3662 5051 pag.
3696 4985 3789 5038 51.

2264 5053 2364 5118 (m)
2387 5052 2462 5103 ld.
2497 5053 2560 5103 ad
2591 5050 2790 5105 Chron.
2823 5053 3011 5106 Pasch.
3048 5051 3074 5121 ᾗ
3108 5053 3191 5114 12,
3226 5050 3481 5118 ιιςιςξὸᾇᾶ
3510 5050 3666 5119 seqq.

2263 5120 2339 5191 (ιι)
2374 5123 2556 5192 Dodw.
2590 5122 2652 5172 ad
2685 5121 2820 5188 Opp.
2853 5134 2990 5190 post.
3027 5120 3205 5176 l‘ears.
3239 5125 3286 5175 in
3321 5123 3543 5177 Dissert.
3574 5126 3784 5192 singul.

2199 5190 2316 5255 cap.
2344 5195 2397 5247 7.
2431 5190 2456 5261 §
2492 5195 2575 5251 10,
2609 5207 2728 5260 pag.
2769 5193 2856 5245 101
2892 5209 3003 5259 seq.

2272 5263 2345 5328 (ο)
2377 5264 2576 5314 Flores.
2614 5265 2649 5314 1.
2683 5278 2728 5313 c.
2766 5278 2883 5331 pag.
2916 5263 3040 5315 405.

2265 5333 2340 5398 (ρ)
2373 5331 2638 5385 Sirtnond.
2675 5334 2874 5397 pratfat.
2908 5337 2972 5386 ad
3006 5333 3136 5387 ldat.

2262 5401 2336 5471 (ιι)
2369 5401 2501 5471 ldat.
2535 5400 2734 5455 Chron.
2767 5402 2922 5456 infra.

2270 5474 2343 5538 (r)
2367 5470 2441 5523 Id.
2479 5471 2621 5524 Fast.
2656 5473 2809 5525 infra.

2269 5546 2338 5608 (δ)
2370 5541 2443 5593 Id.
2474 5543 2672 5595 Chron.
2701 5543 2856 5596 inira.

2273 5612 2333 5682 (ι)
2363 5611 2757 5686 lilarian._l_list.
2795 5613 2862 5668 de
2897 5613 3031 5668 Bch.
3073 5613 3219 5683 llisp.
3257 5613 3349 5668 lib.
3400 5629 3474 5677 Ill,
3501 5628 3637 5686 icap.
3687 5615 3787 5686 23,

3500 5685 3598 5700 ’σου

2205 5681 2332 5736 tom.
2365 5683 2400 5741 l,
2435 5698 2550 5749 pag.
2589 5681 2680 5738 101
2717 5699 2868 5751 seqq.
2896 5685 3021 5740 edit.
3057 5681 3433 5749 llagic-Comit.
3471 5685 3630 5742 i733.
