4064 6190
335 206 443 264 875

1758 205 2172 266 CHRONCON.

3496 198 3603 249 8η

331 315 3590 343 ______________________________________________,___________._.

1590 420 2334 536 IDATII

1830 605 2115 657 EPISCOPI

1205 741 2761 989 (SHB—QELCON.

1739 1078 2211 1209 mactatio.

344 1293 588 1357 ldatius
622 1309 845 1354 servus
872 1288 1123 1353 Domini
1149 1288 1348 1350 nostri
1379 1286 1524 1346 Jesu
1557 1280 1791 1347 Christi
1822 1278 2141 1360 universis
2170 1278 2462 1360 ﬁdelibus
2502 1280 2563 1340 in
2596 1281 2868 1343 Domino
2894 1284 3043 1343 Jesu
3077 1283 3357 1360 Christo,
3392 1291 3451 1347 rt
3476 1304 3612 1349 ser-

1414 1364 1734 1425 vientibus
1762 1361 1819 1420 ei
1848 1360 1913 1418 in
1949 1358 2212 1418 veritate
2240 1359 2535 1419 salutem.

413 1503 919 1559 Probatissimorum
952 1502 1004 1556 in
1026 1499 1281 1556 omnibus
1298 1498 1539 1552 virorum
1563 1495 1760 1559 studia,
1785 1505 1923 1562 quos
1952 1499 1992 1552 Α
2026 1504 2277 1557 corpore.
2317 1490 2375 1547 Si
2403 1502 2531 1548 tunc
2562 1494 2776 1562 proprio
2800 1497 2952 1566 operi
2979 1500 3123 1568 quod
3164 1502 3408 1558 subdidit
3436 1505 3609 1576 aliqua

342 1600 611 1667 praecipue
636 1596 689 1651 in
721 1596 827 1651 ﬁde
855 1595 1121 1651 catholica
1153 1605 1207 1649 et
1244 1594 1656 1649 conversatione
1685 1588 1924 1660 perfecta

343 1697 511 1743 testes
541 1688 785 1743 veritatis
815 1685 978 1740 divini
1010 1686 1189 1741 cultus
1237 1686 1396 1739 docet
1442 1682 1705 1745 assertio,
1734 1690 1794 1735 ut
1839 1694 1928 1732 or-

342 1788 543 1835 nantur
570 1779 764 1834 decore
789 1778 1083 1845 dictorum,
1124 1778 1197 1831 ita
1246 1784 1301 1830 et
1347 1773 1798 1830 commendantur
1825 1770 1926 1825 ho-

344 1886 480 1925 nore
508 1870 846 1934 meritorum,
882 1879 937 1923 ut
981 1871 1176 1923 miratu
1209 1869 1263 1922 in
1294 1867 1440 1921 Omni
1484 1880 1651 1935 opere
1678 1878 1778 1919 suo
1830 1862 1929 1917 ob-

343 1962 553 2017 tineant
582 1962 914 2015 ﬁrmitatem.
942 1959 1140 2014 Verum
1177 1958 1375 2013 ldatius
1416 1957 1701 2028 provinciae
1736 1954 1930 2011 Gallae-

344 2054 442 2110 cize
469 2064 626 2108 natus
657 2055 709 2107 in
740 2053 961 2108 Letnica
1002 2053 1245 2117 civitate,
1269 2066 1427 2120 mage
1455 2051 1649 2106 divino
1679 2062 1926 2113 munere,

343 2162 508 2214 quant
549 2146 769 2214 prOprio
813 2145 1025 2210 merito,
1056 2144 1251 2199 summi
1283 2143 1474 2214 praesul
1499 2153 1715 2197 creatus
1742 2140 1927 2205 ofﬁcii,

346 2248 406 2292 ut
450 2251 730 2295 extremus
784 2239 974 2308 plagae,
1006 2236 1079 2291 ita
1124 2247 1403 2294 extremus
1427 2245 1483 2293 et
1525 2236 1676 2301 vitae,
1721 2234 1932 2305 perexi-

345 2345 507 2399 guum
548 2329 869 2383 informatus
903 2327 1083 2384 studio
1124 2329 1391 2393 saeculari,
1416 2326 1586 2383 multo
1629 2328 1809 2381 minus
1833 2326 1931 2381 do-

347 2420 468 2475 citis
497 2428 699 2475 sanctae
731 2420 978 2476 lectionis
1008 2420 1285 2476 volumine
1326 2420 1585 2486 salutari;
1617 2427 1930 2474 sanctorum

349 2513 847 2569 eruditissimorum
889 2512 1110 2567 Patrum
1140 2516 1193 2567 in
1225 2512 1549 2584 praecedenti
1596 2526 1761 2579 apere
1808 2525 1929 2577 suo,

352 2619 451 2674 pro
470 2605 768 2673 capacitate
799 2604 1003 2673 proprii
1036 2618 1230 2659 sensus
1254 2613 1343 2658 aut
1364 2603 1539 2666 verbi,
1567 2612 1844 2657 ostensum
1865 2601 1934 2656 ab

353 2698 436 2751 his
456 2704 676 2752 secutus
695 2697 993 2767 exemplar.
1019 2696 1256 2763 Quorum
1282 2696 1493 2765 primus
1526 2695 1791 2749 Eusebius
1820 2694 1934 2748 Ca:—

352 2789 616 2843 sariensis
628 2788 1030 2857 episcopus,qui
1044 2787 1445 2843 ecclesiasticas
1456 2785 1541 2840 sui
1556 2785 1765 2839 muneri
1785 2784 1935 2838 libris

2026 1580 2386 1650 subjuuxerit,
2420 1584 2564 1653 apud
2586 1599 2680 1641 eos
2703 1586 2770 1641 ad
2798 1602 2936 1656 quos
2962 1592 3286 1660 scriptorum
3316 1595 3434 1665 ejus
3453 1612 3614 1655 omne

2027 1687 2162 1742 opus
2187 1677 2270 1729 vel
2319 1689 2532 1732 summa
2580 1679 2857 1747 pervenit,
2884 1689 3036 1736 certa
3077 1694 3134 1738 et
3177 1686 3333 1755 plena
3374 1691 3614 1758 cognitio

2028 1773 2131 1818 est.
2163 1763 2269 1820 Sed
2315 1768 2566 1836 quoniam
2608 1768 2664 1823 itt
2692 1770 2972 1839 cujusdam
3011 1774 3175 1829 studii
3221 1777 3303 1831 sui
3347 1780 3612 1849 scriptura

2028 1854 2230 1911 dixisse
2259 1871 2381 1912 eum
2406 1866 2640 1924 constat,
2664 1859 3122 1919 debacchantibus
3138 1866 3248 1937 jam
3277 1867 3329 1922 in
3369 1869 3614 1926 Romano

2029 1950 2148 2004 solo
2174 1950 2439 2015 barbaris,
2463 1952 2644 2006 omnia
2674 1952 2860 2009 haberi
2887 1959 3154 2025 permixta
3174 1968 3339 2029 atque
3367 1962 3609 2027 confusa,

2030 2039 2314 2108 Opittamur
2350 2055 2417 2097 ex
2459 2041 2618 2111 hujus
2648 2042 2847 2098 indicio
2888 2048 3181 2118 sermonis,
3209 2051 3259 2104 in
3291 2050 3396 2105 hoc
3423 2067 3516 2121 per
3557 2069 3616 2109 se

2030 2144 2294 2187 annorum
2333 2132 2605 2191 volumine
2654 2135 2870 2192 subdito
2897 2137 2965 2194 de
3010 2143 3357 2199 successione
3406 2154 3617 2215 tempo-

2032 2239 2149 2278 rum
2176 2224 2244 2280 ab
2285 2225 2403 2295 ipso
2432 2226 2569 2281 nihil
2612 2226 2903 2298 adjectum.
2935 2230 3138 2287 Tamen
3166 2234 3293 2302 quia
3332 2236 3400 2290 ad
3444 2240 3616 2292 nostri

2034 2320 2291 2387 temporis
2332 2334 2569 2385 cursum,
2599 2330 2658 2376 ut
2684 2324 2931 2393 superior
2956 2324 3122 2381 lectio
3157 2325 3336 2394 docet,
3370 2329 3616 2401 descrip-

2034 2408 2110 2463 tio
2138 2408 2361 2464 deﬂuxit
2382 2425 2667 2477 annorum,
2694 2426 2815 2467 cum
2849 2415 3159 2471 membrana
3192 2416 3351 2487 hujus
3373 2418 3618 2477 historiae

2035 2515 2216 2555 curam
2239 2501 2552 2572 contigisset
2574 2505 2813 2573 expertis
2830 2546 2844 2571 ,
2869 2516 3105 2563 mentem
3131 2512 3335 2565 monuit
3358 2511 3616 2582 imperiti,

2036 2593 2180 2648 utde
2205 2594 2453 2665 cognitis,
2477 2596 2579 2651 etsi
2604 2596 2657 2651 in
2689 2599 2939 2655 omnibus
2970 2602 3161 2671 impari
3188 2618 3403 2673 gressu,
3425 2606 3506 2662 vel
3529 2622 3619 2663 ve-

2041 2688 2213 2759 stigiis
2236 2704 2295 2745 se
2319 2692 2689 2747 substerneret
2714 2697 3261 2764 przrcessorumﬂuce
3281 2698 3422 2754 ﬁdeli
3447 2704 3616 2761 susci-

2040 2778 2191 2847 piens
2206 2780 2386 2835 cordis
2407 2781 2622 2848 intuitu,
2648 2783 2840 2850 partim
2856 2798 2919 2837 ex
2934 2786 3113 2840 studio
3134 2788 3488 2857 scriptorum,
3506 2807 3616 2860 par-

352 2878 577 2946 scripsit
613 2877 889 2945 historias,
913 2879 980 2931 ab
1009 2878 1168 2932 initio
1197 2877 1318 2931 Nini
1349 2878 1626 2947 regnantis
1670 2873 1933 2945 Assyriis,
1971 2876 2016 2933 Β
2050 2868 2141 2922 titn
2158 2884 2219 2923 ex
2235 2870 2787 2940 certoaliquantorum
2812 2873 3004 2939 relatu,
3027 2879 3217 2942 partim
3234 2882 3621 2951 excognitione

352 2978 409 3022 et
434 2970 605 3023 sancti
634 2970 861 3023 Ahraha:
886 2968 1207 3038 patriarcha:
1243 2967 1510 3029 llebrzeis,
1535 2978 1584 3020 et
1609 2966 1937 3034 reliquorum

354 3060 794 3131 contemporales
822 3060 904 3115 his
942 3075 1113 3115 annos
1142 3075 1349 3129 regum,
1375 3059 1427 3112 in
1457 3057 1771 3112 vicesimum
1799 3057 1940 3111 Con-

354 3152 580 3205 stantini
607 3151 821 3222 augusti
851 3166 959 3220 quo
1001 3150 1302 3218 imperabat
1344 3163 1576 3216 annum,
1606 3147 1781 3202 Graaci
1825 3161 1939 3201 ser-

355 3238 533 3293 monis
555 3238 1005 3310 chronographiac
1044 3239 1319 3294 c0ncludit
1348 3236 1593 3292 historia.
1626 3235 1757 3291 Post
1800 3236 1938 3291 hunc

354 3343 639 3383 successor
658 3329 1035 3400 syngrapheus
1069 3329 1339 3397 perfectus
1379 3328 1645 3383 universis
1677 3326 1936 3380 factorum

352 3418 731 3489 dictorumque
792 3419 1176 3482 monimentis.
1227 3418 1588 3486 Hieronymus
1637 3417 1936 3487 presbyter,

356 3510 504 3563 idem
551 3510 816 3564 Eusebius
864 3519 1240 3580 cognomento,
1274 3510 1340 3563 de
1382 3508 1573 3563 Grtrco
1604 3509 1655 3561 in
1692 3508 1937 3562 Latinum

357 3599 640 3669 scripturae
688 3600 850 3669 hujus
894 3600 1187 3669 interpres,
1237 3616 1267 3655 a
1297 3600 1550 3654 vicesimo
1595 3614 1740 3654 anno
1776 3614 1938 3669 supra

357 3690 485 3744 dicti
526 3690 869 3760 imperatoris
894 3691 947 3745 in
973 3702 1225 3761 quartum
1268 3691 1534 3745 decimum
1581 3690 1815 3745 Valentis
1846 3706 1939 3744 au-

356 3782 497 3848 gusti
541 3797 737 3836 annum
782 3783 1052 3837 subditam
1105 3784 1241 3837 texit
1292 3782 1595 3837 hiStoriam.
1631 3782 1760 3836 Esto
1798 3791 1855 3836 ut
1888 3784 1939 3836 in

356 3880 562 3928 sanctis
586 3875 779 3943 quibus
809 3875 990 3945 deguit
1033 3874 1523 3944 Hierosolymorum
1554 3873 1712 3939 locis,
1755 3888 1783 3926 a
1828 3889 1940 3928 tue-

360 3972 571 4018 tuorato
620 3963 861 4018 Valentis
908 3978 1049 4017 anno
1080 3963 1135 4018 in
1169 3973 1381 4032 tempus
1427 3978 1534 4032 quo
1584 3964 1636 4017 in
1688 3964 1939 4033 praisenti

359 4055 473 4107 vita
517 4055 749 4120 duravit,
791 4055 932 4109 forte
971 4054 1365 4121 quamplurima
1412 4052 1481 4107 de
1527 4053 1611 4107 his
1650 4069 1771 4123 qua:
1817 4064 1942 4107 sunt

357 4146 610 4200 insecuta
656 4148 992 4215 subjecerit:
1039 4146 1161 4217 quia
1194 4146 1330 4199 haud
1376 4160 1649 4212 umquam,
1692 4145 1822 4199 dum
1851 4161 1942 4198 va-

2039 2974 2198 3027 quam
2217 2962 2327 3030 jam
2352 2962 2700 3032 lacrytnabile
2724 2966 2955 3032 propria;
2978 2965 3097 3021 vitae
3123 2976 3335 3038 tempus
3356 2974 3616 3038 ostendit,

2040 3065 2157 3116 quae
2185 3052 2588 3121 subsequuntur
2613 3053 2931 3121 adjecimus.
2959 3055 3198 3122 Quorum
3228 3062 3622 3119 continentiam

2039 3149 2309 3208 gestorum
2323 3151 2373 3197 et
2390 3153 2712 3212 temporum,
2728 3146 2817 3215 qui
2842 3147 2973 3216 legis
2987 3150 3059 3202 ita
3071 3149 3370 3208 discernes:
3389 3154 3623 3210 Abanno

2010 3292 2014 3295 γ
2042 3230 2214 3299 primo
2240 3231 2527 3288 Theodosii
2568 3237 2779 3305 augusti
2822 3237 2876 3291 in
2904 3253 3119 3295 annum-
3135 3243 3351 3297 tertium
3380 3244 3622 3301 Valenti-

2042 3322 2183 3375 niani
2215 3324 2441 3393 augusti,
2467 3324 2718 3381 Placidia:
2749 3328 2948 3398 reginae
2979 3331 3096 3396 ﬁlii,
3124 3348 3189 3387 ex
3225 3349 3385 3403 supra
3416 3338 3561 3394 dicto
3590 3357 3620 3396 a

2043 3410 2197 3465 nobis
2220 3415 2527 3483 conscripta
2552 3427 2676 3470 sunt
2701 3420 2900 3485 studio,
2918 3422 2999 3475 vel
3016 3437 3082 3476 ex
3103 3426 3431 3494 scriptorum
3457 3430 3621 3500 stylo,

2043 3504 2125 3557 vel
2147 3518 2218 3558 ex
2235 3505 2583 3561 relationibus
2600 3509 3098 3568 indicantum.Extn
3116 3516 3386 3573 immerito
3399 3521 3624 3577 allectus

2040 3596 2106 3650 ad
2129 3598 2471 3665 episcopatus
2498 3601 2760 3668 otﬁcium,
2792 3618 2899 3658 non
2930 3606 3145 3675 ignarus
3172 3609 3410 3665 omnium
3459 3613 3625 3670 mise-

2041 3688 2229 3742 rabilis
2249 3690 2506 3759 tetnporis
2528 3706 2909 3761 aerumnarum,
2936 3705 2988 3749 et
3009 3700 3246 3753 conclusi
3275 3702 3324 3754 in
3348 3704 3625 3772 angustias

2044 3780 2252 3847 imperii
2281 3779 2509 3834 Romani
2542 3791 2713 3837 metas
2744 3786 3075 3841 subdiditnus
3106 3791 3360 3860 ruituras,
3390 3805 3444 3848 et
3479 3797 3623 3863 quod

2043 3880 2124 3925 est
2157 3871 2469 3940 luctuosius,
2499 3875 2636 3926 intra
2665 3886 2959 3931 extremam
2989 3880 3227 3936 universi
3257 3884 3403 3939 orbis
3426 3886 3624 3941 Gallice

2042 3963 2176 4019 ciam
2227 3963 2518 4019 deformem
2568 3967 2919 4021 ecclesiastici
2963 3970 3168 4025 ordinis
3208 3983 3430 4042 statum,
3476 3991 3626 4034 crea-

2045 4057 2278 4112 tionibus
2320 4057 2625 4112 indiscretis
2661 4060 2895 4115 honestae
2937 4060 3204 4118 libertatis
3235 4066 3542 4139 iuteritutn,
3572 4080 3630 4128 et

2043 4148 2308 4203 universae
2360 4149 2745 4217 propemodum
2813 4150 2866 4204 in
2926 4151 3109 4208 divina
3158 4155 3444 4227 disciplina
3491 4164 3625 4218 reli-

362 4238 485 4302 luit,
516 4254 545 4290 a
587 4238 801 4294 diverso
848 4240 969 4310 styli
1010 4254 1171 4307 opere
1215 4238 1468 4293 cessavit.
1497 4238 1667 4304 Quem
1707 4236 1939 4307 quodam
1967 4248 2011 4309 (ς
2044 4242 2216 4310 giouis
2246 4256 2495 4295 occasum
2526 4257 2593 4296 ex
2638 4242 2930 4298 furentium
2958 4245 3320 4305 dominantem
3366 4256 3625 4322 permixta

363 4337 608 4395 tempore
640 4331 869 4399 propria:
904 4331 1349 4399 peregrinationis
1380 4335 1430 4384 in
1462 4344 1623 4399 supra
1649 4330 1807 4384 dictis
1847 4347 1933 4385 re-

360 4419 612 4486 gionibus
661 4422 833 4476 adhuc
879 4422 1169 4477 infantulus
1211 4421 1407 4473 vidisse
1455 4435 1541 4474 me
1585 4429 1763 4475 certus
1793 4436 1933 4475 sum.

360 4510 470 4575 Qui
518 4518 639 4580 post
683 4511 888 4582 aliquot
935 4526 1105 4567 annos
1157 4512 1311 4565 beato
1363 4523 1419 4564 ut
1472 4521 1589 4565 erat
1635 4512 1834 4566 mansit
1882 4513 1934 4566 in

2045 4331 2342 4401 iniquarum
2368 4333 2773 4401 perturbatione
2795 4337 3095 4393 nationum.
3127 4338 3377 4410 Haecjam
3408 4345 3624 4414 quidem

2050 4423 2247 4475 inserta
2284 4440 2296 4475 :
2331 4423 2423 4477 sed
2454 4425 2682 4491 posteris
2712 4425 2764 4479 itt
2803 4429 3132 4495 temporibus
3164 4432 3355 4499 quibus
3386 4434 3627 4492 oﬁ'entlc-

2051 4515 2177 4580 riut,
2208 4514 2516 4584 reliquimus
2542 4517 2978 4571 eonsummanda.

368 4620 3619 4667 ____.______________________________________q

1638 4721 2363 4805 CHRONICON.

442 4863 807 4916 Romanorum
852 4859 1104 4926 XXXIX,
1136 4859 1468 4916 Tnsonosws
1509 4876 1602 4930 per
1631 4860 1942 4915 Gratianum

364 4954 425 5011 in
454 4953 782 5007 consortium
813 4951 962 5019 regni
985 4962 1315 5019 assumptus,
1351 4966 1474 5005 cum
1507 4954 1646 5019 ipso,
1671 4958 1726 5005 et
1753 4951 1942 5006 Valen-

367 5045 578 5101 tiniano
596 5045 810 5112 juniore
840 5052 1026 5112 regnat
1049 5044 1206 5097 annis
1226 5058 1361 5098 xvtt.

444 5136 483 5188 l.
506 5133 839 5189 Theodosius
867 5133 1081 5188 natione
1112 5134 1402 5202 Hispanus,
1434 5132 1498 5187 de
1524 5132 1793 5202 provincia
1822 5133 1951 5189 Gal-

366 5224 548 5291 ltccia,
591 5225 811 5279 civitate
850 5223 1051 5289 Gauca,
1093 5239 1123 5277 a
1170 5225 1425 5280 Gratiano
1465 5234 1722 5294 augustus
1768 5228 1951 5294 appel-

369 5321 537 5373 latur.

445 5409 588 5462 luter
611 5405 885 5460 Romanus
912 5413 966 5460 et
988 5405 1192 5462 Gothos
1222 5406 1387 5462 multa
1427 5411 1721 5465 certamina
1761 5427 1950 5467 conse-

367 5509 589 5555 runtur.

444 5590 511 5645 ll.
563 5586 900 5644 Theodosius
957 5589 1481 5661 ConstantinOpolim
1549 5593 1849 5664 ingreditur
1896 5596 1951 5650 in

653 5684 923 5742 l’n'rnon.
970 5678 1071 5739 ιι.

2050 4866 2220 4932 primo
2249 4866 2528 4917 consulatu
2553 4879 2669 4929 suo,
2694 4880 2851 4933 quem
2884 4882 3002 4921 euut
3032 4869 3287 4925 Gratiano
3316 4878 3504 4944 agebat
3527 4896 3627 4934 au-

2046 4970 2224 5023 guSto.

2123 5044 2467 5099 Alexandria:
2498 5044 2617 5099 XXI
2647 5045 2874 5101 habetur
2889 5051 3170 5119 episcopus
3196 5052 3526 5124 Theophilus
3548 5066 3629 5118 vir

2051 5135 2461 5200 eruditissimus,
2497 5135 2724 5205 insignis
2751 5140 2841 5204 qui
2880 5154 2906 5190 a
2939 5141 3110 5208 primo
3146 5146 3422 5203 consulatu
3452 5151 3626 5208 The..-

2053 5229 2189 5281 desii
2230 5229 2437 5297 augusti
2485 5228 2824 5283 Laterculum
2874 5245 2968 5299 per
3015 5241 3227 5288 centum
3259 5252 3433 5295 annos
3481 5244 3628 5317 dige.

2051 5330 2192 5373 stunt
2216 5320 2282 5373 de
2322 5321 2532 5387 pascha:
2558 5320 2931 5375 observatione
2951 5325 3286 5394 conscripsit.

2122 5408 2210 5465 lli.
2265 5411 2282 5480 (
2309 5408 2522 5479 Olyntp.
2547 5413 2730 5478 ccxc.)
2782 5411 3155 5479 Athanaricus,
3181 5433 3272 5471 rex
3302 5419 3623 5496 Gothorum,

2047 5502 2193 5570 apud
2232 5500 2751 5569 Constantinopolim
2779 5500 2991 5557 decimo
3017 5506 3205 5574 quinto
3231 5512 3319 5567 die
3356 5529 3420 5568 ex
3451 5533 3556 5588 quo
3595 5541 3624 5577 ε.

2052 5593 2353 5651 Theodosio
2376 5594 2543 5650 luerat
2570 5606 2872 5664 susceptus,
2899 5597 3123 5655 interiit.

3114 5693 3193 5759 218
