4064 6190
471 185 575 242 875

1505 177 1711 235 IDATII
1752 175 2060 234 EPISCOPI
2102 172 2721 244 AQUAEFLAVIENSIS

3645 173 3750 230 876

537 295 624 350 IV.
659 291 805 366 (Αἶν.
839 291 986 365 Hisp.
1021 290 1203 362 cote.)
1237 289 1397 346 Gothi
1439 291 1602 345 inlida
1635 290 1895 348 Romanis
1927 303 2055 360 pace
2084 291 2136 351 Α
2233 290 2601 345 Romanorum
2639 290 2754 354 XL,
2782 291 3053 346 Ancaoms
3079 298 3134 346 et
3155 291 3426 349 HONORIUS
3454 289 3752 350 Theodosii

467 404 525 443 se
554 387 790 441 tradunt.

536 479 858 534 Ambrosius
911 478 963 532 in
1013 477 1162 532 Italia
1221 476 1504 532 Mediolani
1556 476 1863 545 episcopus,
1915 473 2054 528 Maro

466 573 609 626 tinus
658 573 709 626 in
761 571 950 627 Galliis
1003 569 1238 625 Turonis
1290 569 1614 639 episcopus,
1668 574 1724 621 et
1770 567 1898 620 vita
1953 580 2059 619 me-

465 664 579 718 ritis
601 673 656 717 et
681 663 904 731 patratis
928 661 1202 716 miraculis
1221 661 1486 715 virtutum
1506 658 1772 712 habentur
1792 658 2052 725 insignes.

533 753 598 808 V.
631 753 968 808 Theodosius
1013 750 1302 806 Arcadium
1357 749 1528 804 lilium
1565 763 1725 802 suum
1769 756 2053 818 augustum

463 846 761 916 appellans,
791 846 938 914 regni
971 844 1098 899 facit
1127 843 1228 897 sibi
1255 857 1374 898 esse
1394 850 1723 897 consortem.

538 937 622 990 VI.
650 934 804 1006 (Eus.
835 934 1025 1006 ληίου.)
1081 933 1351 989 Honorius
1399 933 1640 986 nascitur
1687 930 1829 985 lilius
1877 927 2053 984 Theo-

461 1030 621 1085 dosii.

533 1122 716 1191 Legati
753 1123 1040 1177 Persarum
1085 1117 1151 1172 ad
1191 1116 1553 1172 Theodosium
1597 1112 2052 1181 Constantinopo-

462 1213 552 1267 lim
589 1214 830 1270 veniunt.

533 1305 642 1359 VII.
674 1304 911 1375 (Ulymp.
943 1302 1151 1369 ccxcr.)
1181 1299 1639 1368 Greothingorum
1665 1312 1796 1368 gens
1822 1311 1851 1351 a
1879 1296 2053 1352 Theo-

461 1395 612 1451 dosio
638 1405 943 1464 superatur.

531 1485 901 1540 Priscillianus
923 1483 1198 1538 declinans
1247 1483 1298 1535 in
1351 1479 1600 1534 haresim
1647 1479 2047 1546 Gnosticorum,

461 1594 558 1646 per
601 1581 886 1646 episcopos
927 1588 1062 1644 quos
1092 1573 1193 1628 sibi
1238 1574 1291 1628 in
1335 1571 1522 1626 eadem
1573 1572 1834 1640 pravitate
1881 1571 2049 1627 colle-

458 1681 647 1740 gerat,
707 1668 897 1722 Abula
947 1666 1232 1735 episcopus
1290 1664 1571 1717 ordinatur

459 1763 834 1830 episcoporum
877 1757 1124 1813 conciliis
1168 1755 1405 1820 auditus,
1447 1753 1652 1808 Italiam
1685 1756 1818 1823 petit
1860 1763 1913 1808 et
1941 1754 2049 1809 Ro-

459 1868 623 1906 mam.
657 1851 754 1907 Ubi
781 1865 848 1904 ne
874 1850 938 1902 ad
979 1858 1330 1916 conspectum
1363 1845 1578 1916 quidem
1603 1857 1910 1900 sanctorum
1942 1848 2048 1917 epi-

457 1960 742 2013 scoporum
794 1943 1009 1996 Damasi
1051 1952 1102 1994 et
1151 1939 1423 1994 Ambrosii
1473 1947 1746 2006 receptus,
1796 1952 1917 1992 cum
1965 1938 2050 1992 his

456 2053 576 2092 cum
604 2037 796 2106 quibus
825 2036 1014 2098 iverat,
1045 2031 1182 2086 redit
1209 2031 1272 2084 ad
1304 2030 1522 2085 Callias.
1555 2029 1691 2083 Inibi
1736 2030 1989 2084 similiter
2018 2047 2046 2084 a

457 2141 642 2187 sancto
668 2129 896 2183 Ilartino
917 2127 1190 2196 episcopo,
1222 2133 1275 2178 et
1306 2125 1373 2176 ab
1412 2123 1533 2176 aliis
1562 2123 1830 2191 episc0pis
1870 2123 2048 2178 hae-re-

457 2228 597 2279 tieus
618 2224 913 2292 judicatus,
945 2219 1177 2289 appellat
1221 2217 1289 2270 ad
1320 2214 1591 2270 Caesarem
1623 2215 1748 2284 quia
1778 2215 1831 2268 in
1858 2215 2049 2270 Galliis

459 2320 538 2370 his
566 2315 693 2387 [Με.
737 2306 970 2384 hisdem]
1017 2309 1207 2364 diebus
1237 2315 1555 2377 potestatem
1588 2319 1843 2378 tyrannus
1883 2307 2043 2362 Maxi-

455 2425 572 2462 mus
595 2405 872 2461 obtiuebat
892 2401 1127 2474 imperii.

526 2498 658 2553 VIII.
688 2494 902 2552 Arcadii
934 2490 1355 2564 quinquennalia
1387 2489 1753 2545 celebrantur.

523 2590 780 2644 Romanae
806 2585 1065 2641 Ecclesia
1092 2579 1315 2638 XXXVI
1335 2581 1567 2637 habetur
1593 2585 1880 2650 episcopus
1901 2577 2044 2638 Sun-

453 2699 590 2739 CIUS.

521 2775 616 2831 IX.
652 2773 1023 2829 Priscillianus
1067 2777 1290 2842 propter
1334 2783 1498 2838 supra
1527 2767 1727 2824 dictam
1775 2767 2039 2823 haresem

450 2870 519 2923 ab
563 2868 874 2938 episcopatu
927 2864 1222 2934 depulsus,
1249 2870 1308 2918 et
1351 2876 1477 2918 cum
1527 2863 1646 2933 ipso
1684 2861 2043 2916 Latronianus

450 2961 636 3026 laicus,
670 2958 1038 3030 aliquantique
1081 2964 1378 3012 sectatores
1425 2955 1543 3026 ejus
1588 2955 1727 3024 apud
1773 2954 2037 3009 Trevirim

2163 380 2254 434 ﬁlii
2288 381 2545 436 defuncto
2575 389 2730 451 patre
2758 390 2986 452 regnant
3009 384 3167 439 anuis
3198 399 3325 439 xu.

2231 569 2297 623 Il.
2331 569 2568 640 (Ulymp.
2594 568 2835 638 ccxcrv.)

2229 660 2316 713 Ill.
2351 660 2624 731 [Romamn
2646 658 2893 715 Ecclesia:
2921 658 3207 715 XXXVII
3233 660 3454 716 habetur
3476 661 3747 735 episcopus

2158 751 2541 821 ANASTASIUS.]

2231 845 2321 898 IV.

2230 936 2291 990 V.
2323 936 2379 991 In
2416 935 2699 1006 provincia
2740 934 3183 1007 Carthaginiensi
3213 938 3271 992 in
3302 935 3524 993 civitate
3548 937 3745 994 Toleto

2156 1028 2394 1100 synodus
2449 1029 2839 1099 episcoporum
2897 1027 3276 1092 contrahitur,
3325 1029 3379 1083 in
3436 1045 3545 1098 qua
3598 1031 3741 1100 quod

2154 1119 2324 1189 gestis
2353 1121 2688 1184 continetur,
2717 1118 3080 1191 Symphosius
3129 1130 3185 1176 et
3230 1121 3520 1186 Dictinius,
3550 1131 3606 1177 et
3649 1122 3742 1177 alii

2154 1226 2276 1265 cum
2330 1210 2414 1265 his
2445 1210 2720 1265 Callaecia
2763 1211 3060 1280 provincia
3108 1211 3378 1282 episcopi,
3409 1211 3744 1268 Priscilliani

2154 1310 2459 1356 sectatores
2491 1301 2754 1356 haresem
2799 1302 2918 1371 ejus
2951 1301 3486 1371 blaSphemissimam
3507 1319 3632 1359 cum
3653 1319 3747 1358 as-

2154 1400 2364 1447 sertore
2390 1391 2587 1447 eodem
2616 1391 2977 1462 professionis
3017 1408 3132 1447 sua
3161 1394 3562 1463 subscriptione
3607 1409 3742 1449 con-

2152 1482 2438 1538 demnant.
2471 1482 2808 1538 Statuuntur
2833 1482 3078 1552 quadam
3102 1484 3263 1537 etiam
3294 1482 3649 1538 observanda
3675 1485 3742 1541 do

2155 1575 2416 1630 Ecclesia
2445 1574 2750 1642 disciplina,
2771 1576 3209 1630 communicante
3246 1575 3298 1628 in
3329 1575 3522 1630 eodem
3551 1576 3740 1630 conci-

1631 1681 1643 1716 :
1695 1665 1785 1731 qui
1841 1664 2046 1733 aliquot
2077 1665 2122 1720 Β
2150 1667 2224 1722 lio
2272 1667 2483 1739 Ortigio
2511 1669 2767 1739 episcopo
2814 1669 2904 1738 qui
2939 1668 3174 1723 Calenis
3217 1667 3392 1723 fuerat
3432 1669 3737 1734 ordinatus,

2152 1760 2250 1815 sed
2290 1760 2577 1830 agentibus
2607 1760 3040 1815 Priscillianistis
3070 1776 3168 1831 pro
3198 1760 3301 1818 fide
3329 1759 3603 1817 catholica
3624 1763 3742 1833 pul-

2154 1866 2247 1906 sus
2272 1852 2604 1908 factionibus
2634 1854 2934 1907 exsulabat.

2226 1943 2312 1996 Vl.
2345 1944 2580 2015 (Olymp.
2607 1944 2826 2015 ccxcv.)

2225 2034 2336 2089 VII.

2223 2127 2359 2180 VIII.
2390 2127 2532 2182 Solis
2583 2129 2717 2183 facta
2766 2128 3001 2184 defectio
3045 2128 3202 2184 tertio
3244 2127 3364 2184 idus
3410 2128 3738 2186 Novembris

2149 2219 2281 2273 feria
2319 2220 2576 2274 secunda.

2221 2310 2481 2366 Romana
2528 2312 2784 2366 Ecclesia
2816 2311 3084 2366 XXXVIII
3116 2310 3241 2383 [Με.
3272 2309 3543 2385 XXXVII]
3571 2313 3736 2369 habe-

2149 2411 2235 2456 tur
2264 2403 2552 2471 episcopus
2578 2403 2948 2458 INNOCENTIUS.

2229 2494 2321 2549 lx.
2360 2494 2512 2565 (Eus.
2574 2496 2914 2566 uuccccxx.)
2959 2496 3304 2553 Theodosius
3333 2497 3556 2553 Arcadii
3593 2497 3737 2551 ﬁlius

2146 2588 2411 2642 nascitur.

2219 2681 2287 2735 Χ.
2320 2681 2558 2754 (Olymp.
2589 2681 2828 2752 ccxcvt.)
2858 2681 3329 2752 Constantinopoli
3352 2682 3594 2738 Joannes
3621 2682 3738 2752 epi-

2144 2789 2339 2844 scopus
2368 2774 2700 2845 pradicatur
2721 2775 2968 2846 insignis,
3003 2777 3093 2847 qui
3121 2776 3191 2831 ob
3219 2776 3383 2832 ﬁdem
3409 2776 3734 2834 catholicam

2146 2867 2441 2921 Eudoxiam
2500 2865 2722 2922 Arcadii
2781 2883 3008 2924 uxorem
3067 2866 3476 2926 infestissimam
3532 2871 3738 2940 patitur

2144 2958 2418 3014 Arianam.

449 3053 551 3108 sub
583 3063 813 3122 tyranno
851 3049 1084 3110 Maximo
1128 3048 1436 3103 caduntur.
1464 3045 1602 3102 Exin
1645 3047 1698 3101 in
1728 3046 2037 3103 Gallaciam
2066 3032 2113 3096 C
2212 3050 2304 3109 x|,

449 3144 969 3200 Priscillianistarum
999 3142 1222 3196 haresis
1253 3141 1468 3194 invasit.

522 3237 591 3294 Χ.
642 3237 901 3291 Maximus
930 3244 1188 3306 tyrannus
1229 3232 1493 3286 occiditur
1539 3247 1634 3301 per
1675 3231 2038 3287 Theodosium

450 3330 610 3384 tertio
639 3328 815 3397 lapide
844 3326 912 3380 ab
937 3326 1181 3395 Aquileia
1210 3325 1397 3393 quinto
1429 3322 1690 3378 kalendas
1720 3323 1991 3393 Augustas
2024 3342 2037 3377 :

448 3432 501 3473 et
530 3419 717 3474 eodem
754 3427 995 3485 tempore
1028 3415 1114 3468 vel
1140 3417 1254 3482 ipso
1275 3427 1417 3466 anno
1441 3413 1494 3466 in
1522 3411 1710 3467 Galliis
1738 3427 1834 3481 per
1859 3412 2038 3468 Arbo-

447 3521 652 3582 gastcm
686 3509 832 3583 [Ms.
880 3502 1273 3575 Arvagastem]
1328 3508 1578 3559 comitem
1631 3504 1769 3560 filius
1824 3505 2038 3560 Haximi

449 3606 668 3660 nomine
692 3603 875 3658 Victor
896 3602 1194 3655 exstinctus
1218 3609 1318 3654 est.

521 3697 792 3769 Cynegius
842 3693 1131 3750 Theodosii
1185 3690 1472 3762 praefectus
1512 3689 1742 3745 habetur
1790 3690 2036 3756 illustris,

447 3792 535 3862 qui
559 3789 712 3844 factis
743 3786 1042 3856 insignibus
1075 3784 1330 3853 praditus
1356 3791 1411 3837 et
1453 3796 1623 3851 usque
1643 3781 1708 3836 ad
1744 3780 2036 3853 ngyptum

448 3891 738 3954 penetrans
764 3878 1001 3947 gentium
1031 3875 1320 3930 simulacra
1351 3874 1638 3928 subvertit.

518 3971 613 4026 XI.
636 3969 875 4040 (Olymp.
902 3968 1130 4035 ccxcu.)
1153 3964 1492 4020 Theodosius
1512 3978 1633 4019 cum
1658 3962 1898 4018 IIonorio
1926 3959 2039 4017 filio

446 4079 547 4120 suo
576 4062 798 4116 Romam
822 4060 1095 4128 ingressus
1123 4065 1227 4111 est.

521 4153 635 4209 XII.

519 4248 657 4304 XIII.

2217 3145 2336 3198 XII.
2397 3145 2789 3216 Hierosolymis
2836 3145 3094 3210 Joannes,
3150 3145 3396 3202 Casarea
3449 3146 3734 3217 Eulogius,

2143 3234 2322 3305 Cypro
2350 3236 2706 3306 Epiphanius,
2724 3237 3052 3292 Alexandria
3076 3238 3412 3308 Theophilus
3435 3239 3524 3310 qui
3545 3255 3732 3309 snpra,

2143 3328 2383 3396 episcopi
2418 3327 2684 3383 habentur
2712 3329 2972 3398 insignes.

2219 3422 2579 3492 Hieronymus
2630 3423 2969 3493 presbyterio
3021 3422 3305 3491 praeditus,
3361 3423 3413 3476 in
3456 3422 3731 3478 Bethleem

2141 3513 2293 3568 Juda
2311 3514 2483 3567 vicina
2503 3514 2829 3581 consistens,
2851 3517 3156 3584 praecipuus
3179 3514 3407 3570 habetur
3425 3516 3476 3569 in
3495 3517 3729 3570 cunctis.

2217 3604 2356 3662 XIII.
2387 3605 2515 3659 Post
2543 3620 2705 3675 supra
2735 3606 2971 3674 scriptos
3001 3620 3132 3660 sane
3175 3606 3432 3670 Arianos,
3462 3607 3557 3676 qui
3602 3607 3729 3660 Hie-

2142 3698 2432 3767 rosolymis
2475 3707 2604 3752 ante
2649 3698 2916 3753 Joannem
2975 3698 3218 3767 episcopi
3269 3696 3493 3761 fuerint,
3531 3697 3731 3751 Idatius

2140 3791 2232 3859 qui
2283 3789 2402 3843 haec
2449 3788 2662 3854 scribit,
2691 3789 2834 3844 scire
2867 3804 2973 3844 non
3023 3790 3216 3858 patuit.
3246 3788 3395 3842 Hunc
3447 3803 3580 3842 vero
3609 3803 3734 3841 san-

2140 3890 2286 3934 ctum
2319 3895 2441 3933 cum
2467 3880 2667 3933 sanctis
2701 3879 2950 3949 Eulogio,
2978 3879 3284 3948 Theophilo
3311 3887 3367 3933 et
3397 3877 3730 3948 Hieronymo

2141 3972 2296 4036 vidit,
2328 3980 2383 4026 et
2414 3970 2712 4025 infantulus
2741 3980 2796 4026 et
2827 3971 3084 4040 pupillus.

2215 4062 2351 4115 XIV.
2379 4061 2618 4134 (Olymp.
2652 4062 2906 4129 ccxcvn.)

2213 4154 2330 4208 XV.
2349 4153 2592 4217 Alani,et
2616 4152 2888 4217 Wandali,
2909 4160 2962 4206 et
2985 4152 3145 4207 Suevi
3179 4151 3469 4221 Hispanias
3497 4149 3727 4220 ingressi

2142 4261 2248 4299 ara
2299 4260 2598 4311 ccccxevn,
2632 4243 2721 4296 alii
2745 4253 2939 4312 quarto
2973 4243 3248 4309 kalendas,
3283 4244 3372 4296 alii
3417 4243 3576 4297 tertio
3609 4241 3731 4296 idus

515 4341 657 4398 XIV.
690 4338 1096 4395 Valentinianus
1129 4336 1317 4406 junior
1350 4336 1491 4405 apud
1524 4335 1785 4390 Viennam
1833 4334 2039 4390 scelere
2066 4399 2106 4406 _
2142 4337 2394 4391 Octobris
2432 4344 2732 4390 memorant
2772 4335 2877 4401 die,
2909 4337 3063 4390 tertia
3095 4336 3249 4399 feria,
3281 4335 3523 4390 Honorio
3557 4350 3647 4389 vm
3677 4343 3732 4388 et

447 4438 659 4493 comitis
703 4431 994 4504 Arbogasti
1024 4399 1157 4505 [Mai
1187 4399 1489 4501 Arvaga-sti]
1529 4428 1809 4493 occiditur,
1837 4435 1892 4482 et
1932 4428 2039 4482 Eu-
2065 4399 2118 4460 D
2146 4428 2455 4483 Τὴθοᾱοδίο
2484 4424 2702 4480 Arcadii
2733 4425 2844 4479 filio
2864 4399 2928 4480 in
2960 4427 3300 4481 consulibus.

447 4532 638 4602 genius
663 4539 921 4600 tyrannus
949 4525 1200 4581 efficitur.

516 4622 634 4677 IV.
670 4620 902 4691 (Olymp.
935 4633 1150 4673 ccxcm.
1181 4614 1305 4669 /Er.
1341 4614 1488 4685 Hisp.
1513 4613 1738 4681 ccxxx.)

515 4711 660 4768 XVI.
712 4709 878 4784 (Eua.
922 4711 1158 4776 nucux.)
1205 4708 1476 4778 Eugenius
1513 4722 1542 4759 a
1595 4705 1900 4760 Theodosio
1942 4719 2036 4758 au-

447 4814 601 4875 gusto
621 4811 906 4871 superatus
930 4799 1216 4854 occiditur.

516 4893 682 4950 XVII.
713 4891 1053 4946 Theodosius
1083 4889 1445 4944 invaletudine
1474 4887 1732 4959 bydropis
1755 4888 1893 4957 apud
1925 4887 2032 4944 Me-

443 4988 717 5040 diolanum
759 4981 1044 5037 defunctus
1090 4991 1172 5034 est
1201 4995 1342 5033 anno
1371 4980 1520 5050 regni
1558 4980 1638 5032 sui
1671 4993 1799 5032 xvn.
1834 4979 1903 5032 Et
1933 4980 2034 5034 iste

446 5093 642 5142 annus,
675 5074 764 5145 qui
793 5071 1080 5128 Theodosii
1110 5087 1216 5125 xvu
1247 5071 1362 5139 ipse
1389 5068 1608 5124 Arcadii
1635 5076 1691 5124 et
1719 5068 1941 5123 Honorii
1976 5071 2032 5124 in

445 5170 603 5224 initio
634 5167 783 5236 regni
811 5181 1001 5219 eorum
1029 5163 1232 5234 primus
1260 5171 1344 5216 est.
1376 5179 1388 5214 :
1418 5161 1561 5230 quod
1607 5161 1728 5216 ideo
1769 5161 2035 5216 indicatur

445 5278 514 5316 ne
544 5261 902 5331 Olympiadem
928 5258 1167 5328 quinque
1191 5268 1456 5308 annorum
1485 5253 1666 5309 turbet
1688 5253 1944 5323 adjectio,
1975 5253 2029 5309 in

447 5358 551 5410 hoc
580 5355 700 5408 loco
736 5359 942 5406 tantum
987 5357 1208 5419 propter
1235 5353 1554 5417 regnantum
1583 5343 1788 5400 inserta
1814 5353 1842 5382 ι
1885 5346 2034 5416 prin-

444 5447 667 5514 cipium.

521 5573 547 5599 ι
587 5559 923 5629 Principium.
944 5555 1178 5629 cangius
1202 5555 1255 5629 in_
1282 5550 1594 5629 praefatione
1623 5549 1692 5629 ad
1719 5547 2030 5629 Chronicon

455 5632 698 5702 paschale
733 5623 957 5700 p'ag.°29,
984 5625 1120 5696 §27,
1157 5623 1436 5695 legit’item
1467 5623 1777 5697 principium
1801 5638 1872 5680 ex
1899 5624 2023 5677 cod.

2217 4520 2460 4574 Alaricus
2494 4557 2507 4580 ,
2536 4533 2630 4572 rex
2671 4517 2994 4586 Gethorum,
3028 4518 3250 4573 Romam
3284 4519 3579 4588 ingressus,
3606 4533 3730 4572 cum

2146 4612 2291 4666 intra
2318 4621 2371 4665 et
2396 4618 2548 4664 extra
2596 4611 2782 4664 urbem
2815 4612 2991 4664 cades
3021 4621 3333 4680 agerentur,
3363 4611 3620 4664 omnibus
3651 4612 3734 4664 in-

2144 4704 2352 4758 dultum
2380 4711 2466 4756 est
2497 4702 2584 4770 qui
2623 4701 2690 4756 ad
2721 4711 3035 4756 sanctorum
3065 4702 3247 4756 limina
3277 4704 3657 4770 confugerunt.

2216 4795 2448 4849 Placidia
2493 4794 2783 4849 Theodosii
2817 4794 2948 4862 lilia,
2979 4796 3203 4851 Honorii
3251 4796 3597 4865 imperatoris
3636 4811 3730 4851 so-

2137 4904 2250 4953 ror,
2283 4903 2312 4941 a
2337 4887 2532 4942 Gothis
2563 4887 2614 4940 in
2645 4886 2776 4940 urbe
2807 4895 2984 4955 capta.

2208 4978 2460 5032 Alaricus
2491 4978 2746 5042 moritur,
2779 4977 2864 5030 cui
2898 4975 3146 5031 Ataulfus
3175 4976 3417 5034 succedit
3453 4979 3505 5030 in
3535 4993 3728 5047 regno.

2209 5070 2428 5126 Barbari
2461 5069 2550 5138 qui
2600 5070 2653 5122 in
2706 5068 2991 5137 Hispanias
3039 5069 3272 5138 ingressi
3306 5068 3538 5132 fuerant,
3578 5069 3738 5123 cado

2138 5162 2517 5231 depradantur
2540 5160 2746 5214 hostili.
2780 5160 3090 5214 Pestilentia
3113 5175 3239 5214 suas
3284 5168 3465 5228 partes
3495 5175 3602 5212 non
3629 5175 3728 5214 se-

2139 5255 2296 5325 gnius
2317 5263 2592 5319 operatur.

2213 5339 2843 5398 XVI.Debacchantibus
2897 5355 2991 5409 per
3038 5339 3326 5409 Ilispanias
3375 5339 3643 5400 barbaris,
3671 5347 3732 5393 et

2144 5437 2400 5493 saviente
2440 5433 2784 5488 nihilominus
2814 5433 3134 5503 pestilentia
3165 5432 3332 5503 malo,
3358 5447 3489 5502 opes
3511 5440 3565 5486 et
3593 5445 3732 5485 cono

2137 5566 2263 5616 ms.,
2299 5564 2402 5604 non
2431 5547 2745 5617 principum,
2777 5553 2834 5600 ut
2859 5553 2941 5600 est
2974 5546 3026 5600 in
3058 5545 3188 5600 edit.
