4064 6190
344 261 449 318 877

1773 245 2179 304 CIIBONICON.

3514 253 3620 310 878

343 371 506 424 ditam
564 367 618 422 in
663 364 886 421 urbibus
931 363 1288 420 substantiam
1336 357 1651 432 tyrannicus
1699 365 1922 412 exactor
1951 361 2230 419 Acedens
2261 360 2452 418 Wallia
2499 363 2552 419 in
2606 381 2803 436 regno,
2863 383 2983 422 cum
3034 366 3257 436 patricio
3303 365 3622 421 Constantio

343 459 550 527 diripit,
578 464 633 512 et
677 455 831 510 miles
871 454 1124 509 exhaurit
1153 449 1281 525 [Μι.
1308 445 1532 517 milites]
1566 464 1578 498 :
1613 447 1784 502 fames
1809 445 1928 500 dira

343 560 640 621 grassatur,
671 547 808 603 adeo
837 556 892 601 ut
927 547 1174 600 humanae
1203 556 1394 598 carnes
1433 541 1502 594 ab
1552 541 1788 592 humano
1837 551 1932 606 ge-

360 659 494 699 nere
524 642 574 696 vi
609 642 763 696 famis
790 640 990 695 fuerint
1018 637 1290 691 devorata:
1322 649 1337 688 ι
1370 640 1571 687 matres
1596 644 1809 700 quoque
1839 642 1932 682 ne-

345 736 482 790 catis
506 733 590 788 vel
622 732 791 788 coctis
820 745 915 798 per
964 743 1024 783 se
1068 736 1318 782 natorum
1361 737 1583 777 suorum
1627 720 1734 775 sint
1765 725 1932 786 pasta

346 827 685 897 corporibus.
713 823 906 879 Bestiae
927 822 1234 876 occisorum
1258 815 1455 887 gladio,
1483 816 1644 879 fame,
1675 809 1933 880 pestilen-

344 920 440 982 tia,
473 916 832 971 cadaveribus
874 921 1124 978 assuetae,
1156 925 1399 981 quosque
1429 906 1705 962 hominum
1740 902 1930 957 fortio-

347 1025 437 1064 res
465 1009 806 1072 interimunt,
833 1019 1130 1074 eorumque
1156 1001 1411 1057 carnibus
1446 1007 1610 1070 pastae
1649 995 1845 1067 passim
1877 995 1933 1050 in

350 1100 575 1154 humani
607 1100 822 1170 generis
854 1096 1149 1152 efferantur
1179 1093 1473 1148 interitum.
1502 1090 1572 1144 Et
1599 1090 1672 1143 ita
1703 1099 1936 1158 quatuor

349 1193 524 1264 plagis
573 1192 725 1255 ferri,
775 1191 954 1256 famis,
983 1186 1324 1258 pestilentias,
1375 1184 1693 1248 bestiarum,
1737 1182 1936 1251 ubique

352 1285 404 1337 in
453 1293 566 1337 toto
617 1281 750 1336 orbe
794 1278 1166 1344 szevientihus,
1201 1274 1472 1345 praedictae
1513 1287 1543 1326 a
1583 1273 1810 1327 Domino
1840 1286 1936 1341 per

351 1373 644 1446 prophetas
673 1385 801 1425 suos
833 1367 1273 1423 annuntiationes
1300 1364 1608 1434 implentur.

424 1463 586 1519 XVII.
613 1460 903 1519 Subversis
946 1467 1243 1514 memorata
1277 1457 1555 1526 plagarum
1596 1452 1936 1524 grassatione

357 1553 630 1622 Hispania:
672 1549 983 1620 provinciis,
1009 1547 1222 1602 barbari
1271 1546 1336 1600 ad
1393 1560 1576 1614 pacem
1620 1543 1932 1612 ineundum,

360 1648 590 1703 Domino
617 1645 912 1700 miserante
937 1639 1210 1708 conversi,
1245 1649 1392 1694 sorte
1418 1640 1485 1692 ad
1527 1635 1936 1691 inhabitandum

2038 467 2170 520 pace
2193 469 2314 509 mox
2344 455 2504 522 facta,
2539 430 2728 512 Alanis
2755 470 2808 512 et
2834 430 3113 514 Wand-alis
3144 459 3387 528 Silingis,
3417 459 3469 513 in
3512 430 3647 536 Lu-t

2034 545 2231 600 sitania
2261 555 2315 601 et
2344 549 2538 603 Baetica
2560 549 2872 605 sedentibus
2898 553 3235 605 adversatur.

2105 638 2484 694 Alexandrina:
2515 641 2774 696 Ecclesia:
2805 653 2925 712 post
2951 642 3309 712 Theophilum
3335 643 3452 714 quis
3482 656 3625 713 prae-

2035 728 2259 796 sederit,
2284 731 2521 800 ignoravi
2556 734 2670 786 hazc
2697 734 2961 787 scribens.

2109 821 2456 876 Constantius
2495 823 2787 878 Placidiam
2821 826 3028 892 accepit
3051 840 3294 879 uxorein.

2112 910 2497 984 (Fredibalum,
2538 930 2708 986 regem
2739 916 2904 986 gentis
2930 914 3334 981 Wandalorum,
3365 919 3473 971 sine
3513 917 3625 972 uilo

2038 1005 2314 1058 certamine
2335 1005 2599 1075 ingeniose
2624 1016 2831 1078 captum
2854 1011 2924 1060 ad
2945 1007 3302 1077 imperatorem
3334 1008 3626 1066 Honorium

2037 1095 2307 1165 destinat.)

2112 1186 2299 1241 XXIII.
2333 1187 2546 1257 Wallia,
2604 1203 2697 1243 rex
2751 1188 3090 1257 Gothorum,
3137 1191 3362 1247 Romani
3394 1194 3630 1249 nomin‘s

2039 1293 2201 1334 causa
2231 1279 2366 1334 intra
2421 1280 2707 1350 Hispanias
2742 1283 2918 1336 caedes
2967 1299 3187 1354 magnas
3218 1284 3384 1339 efficit
3438 1286 3630 1340 barba-

2041 1386 2246 1425 rerum.

2114 1462 2306 1517 XXIV.
2340 1463 2480 1519 Solis
2505 1462 2641 1518 facta
2669 1462 2900 1518 defectio
2922 1464 3012 1518 die
3041 1464 3250 1519 decimo
3283 1475 3474 1534 quarto
3517 1463 3627 1519 kal.

2041 1557 2288 1625 Augusti,
2315 1557 2405 1626 qui
2438 1555 2539 1611 fuit
2559 1558 2747 1626 quinta
2765 1556 2914 1611 feria.

2114 1647 2372 1702 Romanae
2420 1647 2680 1702 Ecclesiae
2749 1646 2971 1702 XXXIX
3039 1647 3292 1717 praesidet
3344 1648 3631 1718 episcopus

352 1742 455 1796 sibi
526 1737 931 1808 provinciarum
1003 1733 1253 1789 dividunt
1302 1730 1573 1798 regiones.
1628 1726 1937 1783 Gallaeciam

2056 1741 2272 1796 losmus
2301 1739 2453 1812 [Ms.,
2486 1739 2770 1811 Eulalius].

354 1832 603 1888 Wandali
638 1836 908 1899 occupant
957 1837 1014 1881 et
1041 1824 1225 1891 Suevi,
1270 1822 1430 1878 sitam
1489 1821 1542 1874 in
1599 1819 1941 1874 extremitate

355 1924 556 1981 Oceani
594 1923 758 1977 maris
787 1919 1036 1975 occidua.
1071 1917 1226 1971 Alani
1268 1912 1594 1969 Lusitaniam
1626 1920 1683 1968 et
1717 1910 1943 1966 Cartha-

355 2017 653 2088 giniensem
685 2013 1019 2084 provincias,
1047 2021 1100 2066 et
1114 2007 1367 2065 Wandali
1393 2005 1715 2076 cognomine
1750 2004 1941 2076 Silingi

357 2107 610 2163 Baeticam
643 2106 961 2159 sortiuntur.
996 2100 1217 2171 Hispani
1245 2114 1341 2169 per
1362 2098 1612 2153 civitates
1637 2105 1693 2152 et
1717 2095 1942 2151 castella

357 2199 562 2255 residui
591 2213 620 2252 a
655 2198 846 2268 plagis,
880 2197 1236 2252 barbarorum
1281 2211 1380 2267 per
1411 2194 1719 2266 provincias
1765 2191 1944 2248 domi-

358 2293 602 2348 nantium
634 2305 693 2345 se
723 2290 1020 2360 subjiciunt
1051 2289 1319 2345 servituti.

432 2381 821 2438 Constantinus
853 2389 972 2450 post
1003 2380 1294 2435 triennium
1328 2379 1528 2433 invasa:
1553 2375 1851 2449 tyrannidis
1876 2373 1944 2431 ab

360 2474 599 2531 IIonorio
643 2473 780 2528 duce
816 2471 1140 2526 Constantio
1169 2471 1310 2526 intra
1341 2469 1547 2525 Gallias
1577 2466 1869 2522 occiditur.

429 2567 618 2623 XVIII.
647 2566 883 2638 (Olymp.
917 2564 1196 2633 ccxcutt.)
1225 2562 1452 2618 Jovinus
1497 2569 1553 2616 et
1593 2558 1947 2615 Sebastianus

360 2661 561 2716 fratres
590 2661 731 2714 intra
760 2657 1014 2721 Galliam,
1046 2665 1102 2711 et
1131 2657 1186 2710 in
1232 2653 1416 2710 Africa
1447 2653 1802 2708 Heraclianus
1827 2651 1942 2723 pari

361 2751 661 2825 tyrannidis
682 2750 940 2805 inflantur
963 2748 1195 2803 insania.

433 2845 764 2916 Augustinus
813 2839 1330 2912 Hipponeregiensis
1380 2839 1671 2908 episcopus
1721 2837 1949 2894 habetur

361 2937 616 3005 insignis,
643 2935 785 2990 inter
813 2933 970 3003 cujus
999 2931 1176 2987 studia
1205 2930 1512 3000 magniﬁca,
1547 2931 1854 2984 Donatistas
1879 2928 1946 2983 ab

362 3044 430 3084 eo
461 3028 556 3083 Dei
599 3027 868 3097 adjutorio
921 3034 1224 3096 superatos,
1271 3024 1495 3095 probata
1547 3022 1679 3078 ﬁdes
1725 3021 1949 3077 demon-

363 3129 498 3174 διε-δι
522 3126 824 3173 auctorum.

437 3209 580 3265 XIX.
617 3208 769 3281 (Eua.
821 3205 1436 3276 nuccccxxx.)Jovinus
1485 3214 1540 3262 et
1597 3206 1946 3262 Sebastianus

363 3302 610 3374 oppressi
640 3299 709 3354 ab
732 3299 956 3354 Honorii
980 3298 1206 3353 ducibus
1230 3297 1483 3352 Narbona
1501 3297 1766 3352 interfecti
1797 3306 1947 3352 sunt.

435 3395 597 3452 Gothi
635 3394 940 3449 Narbonam
983 3394 1210 3463 ingressi
1243 3393 1528 3447 vindemiae
1560 3401 1824 3462 tempore.

435 3488 789 3544 Ileracliauus
814 3501 1041 3542 movens
1067 3487 1362 3540 exercitum
1386 3484 1456 3539 de
1477 3484 1656 3539 Africa
1688 3485 1951 3539 adversus

367 3582 692 3646 Honorium,
723 3578 967 3636 Utriculo
997 3577 1049 3632 in
1083 3577 1227 3632 Italia
1263 3578 1315 3631 in
1360 3563 1612 3630 conﬂictu
1668 3585 1952 3644 superatus

367 3675 554 3746 effugit
575 3676 627 3729 in
652 3672 913 3737 Africam,
941 3671 1100 3726 caesis
1129 3673 1179 3726 in
1210 3671 1330 3725 loco
1360 3687 1522 3741 supra
1559 3671 1705 3726 dicto
1734 3687 1763 3725 ι,
1802 3671 1955 3725 milli-

369 3769 470 3822 bus
498 3775 851 3821 armatorum.
875 3764 995 3834 Ipse
1022 3775 1143 3834 post
1170 3763 1495 3834 Carthagine
1520 3765 1572 3819 in
1612 3765 1728 3819 aede
1755 3764 1954 3819 Memo-

368 3858 467 3914 riae
505 3872 604 3926 per
627 3854 920 3910 Honorium
951 3856 1357 3924 percussoribus
1383 3855 1567 3910 missis
1598 3855 1880 3917 occiditur.

443 3948 560 4002 XX.
583 3947 827 4004 Alaulfus
851 3947 990 4016 apud
1022 3947 1325 4001 Narbonam
1353 3947 1804 4003 Placidiamduxit
1827 3964 1958 4003 uxo«

367 4055 509 4103 rem,
543 4040 596 4093 in
623 4053 730 4108 quo
768 4037 1050 4109 prophetia
1081 4038 1312 4092 Danielis
1343 4048 1562 4108 putatur
1590 4037 1833 4108 impleta,
1865 4041 1956 4110 qui

369 4138 449 4190 ait
501 4135 664 4190 filiam
703 4135 846 4204 regis
903 4133 1085 4188 Austri
1135 4133 1444 4188 sociandam
1495 4137 1604 4203 regi
1644 4133 1954 4204 Aquilonis,

370 4229 523 4285 nullo
566 4241 742 4284 tamen
775 4227 893 4296 ejus
921 4242 990 4282 ex
1009 4241 1068 4280 ea
1100 4227 1308 4281 semine
1338 4225 1688 4281 subsistente.

442 4320 590 4376 XXI.
645 4317 1033 4386 Hierosolymis
1077 4315 1284 4370 Joanne
1333 4331 1441 4385 quo
1487 4330 1652 4385 supra
1706 4315 1960 4386 episcopo

369 4411 719 4481 prmsidente,
759 4418 978 4462 sanctus
1008 4415 1061 4460 et
1085 4407 1288 4476 primus
1317 4405 1469 4477 [Ms.,
1495 4406 1818 4475 praesidente
1843 4423 1959 4461 san-

371 4514 462 4557 cto
482 4513 538 4556 et
566 4497 790 4570 primus]
823 4508 942 4568 post
979 4497 1253 4553 Christum
1295 4497 1578 4552 Dominum
1608 4510 1812 4569 martyr
1836 4497 1959 4554 Ste-

373 4596 586 4665 phanus
613 4591 906 4646 revelatur.

449 4684 826 4754 Hieronymus,
854 4682 943 4752 qui
966 4696 1127 4751 supra
1153 4681 1522 4752 praecipuusin
1553 4682 1823 4747 omnibus.
1850 4683 1962 4739 ele-

373 4790 686 4836 mentorum
716 4791 929 4846 quoque
957 4775 1315 4846 peritissimus
1350 4775 1719 4843 Hebraaorum,
1754 4777 1803 4830 itt
1848 4776 1965 4845 lege

373 4870 617 4937 Domini,
648 4868 789 4938 quod
820 4869 1076 4934 scriptum
1105 4877 1210 4931 est,
1235 4867 1424 4920 diurna
1463 4876 1831 4935 nocturnaque
1855 4883 1968 4921 me-

375 4963 643 5017 ditatione
669 4962 975 5022 continuus,
1008 4959 1180 5012 studia
1212 4958 1392 5026 operis
1421 4959 1501 5012 sui
1535 4958 1756 5028 reliquit
1807 4959 1967 5012 innu-

377 5069 550 5110 mera.
582 5051 666 5107 Ad
703 5052 946 5106 ultimum
993 5050 1402 5122 Pelagianorum
1463 5051 1629 5124 [Ms.,
1679 5049 1970 5122 Pelagiani]

379 5160 588 5201 sectam
627 5160 747 5200 cum
789 5143 1028 5212 ejusdem
1064 5154 1285 5199 auctore
1342 5143 1692 5197 adamantino
1730 5142 1971 5198 veritatis

381 5241 582 5294 malleo
612 5238 883 5295 contrivit.
923 5237 1222 5292 Adversum
1263 5239 1361 5292 hos
1395 5248 1449 5292 et
1494 5237 1785 5292 adversum
1833 5237 1970 5292 alios

384 5333 670 5388 haereticos
688 5339 899 5386 exstant
927 5331 1044 5400 ejus
1075 5331 1447 5399 probatissima
1474 5331 1825 5385 monimenta.

461 5421 623 5478 XXII.
657 5421 891 5491 (Olymp.
939 5419 1174 5492 ccxmx.)
1207 5420 1449 5476 Ataulfus
1488 5437 1517 5474 a
1561 5421 1790 5490 patricio
1828 5421 1969 5476 Con-

383 5515 588 5570 stantio
603 5513 865 5584 pulsatus,
887 5521 943 5564 ut
966 5511 1149 5567 relicta
1174 5511 1419 5566 Narbona
1443 5512 1722 5580 Hispanias
1738 5521 1966 5580 peteret,

381 5619 487 5678 per
505 5603 791 5674 quemdam
806 5601 1042 5658 Gothum
1070 5601 1208 5671 apud
1240 5601 1591 5657 Barcinonam
1621 5600 1750 5674 [Μσ.
1772 5602 1968 5657 Barce-

382 5696 590 5764 Ionam]
617 5699 761 5757 inter
793 5697 1089 5756 familiares
1116 5697 1324 5755 fabulas
1357 5697 1651 5769 jugulatur.
1699 5697 1798 5755 Cui
1843 5711 1969 5756 suc-

1988 4466 2035 4526 D

2114 1833 2350 1888 Durante
2368 1833 2623 1904 episcopo
2645 1848 2750 1903 quo
2766 1848 2948 1903 supra,
2976 1833 3293 1904 gravissimo
3322 1841 3630 1888 terrmmotu

2043 1934 2228 1979 sancta
2256 1924 2309 1978 in
2333 1924 2718 1995 Hierosolymis
2746 1926 2860 1979 loca
2886 1933 3207 1993 quassantur
3227 1933 3282 1979 et
3310 1937 3531 1988 caetera,
3564 1926 3632 1978 de

2043 2016 2239 2087 quibus
2267 2017 2319 2071 in
2350 2016 2517 2086 gestis
2556 2015 2797 2085 ejusdem
2828 2017 3065 2084 episcopi
3093 2017 3292 2084 scripta
3326 2017 3629 2073 declarant.

2120 2107 2369 2162 Wandali
2421 2105 2611 2178 Silingi
2659 2107 2714 2161 in
2759 2107 2952 2161 Baetica
3001 2122 3096 2182 per
3143 2106 3392 2164 Walliam
3444 2125 3630 2180 regem

2046 2217 2241 2258 omnes
2277 2200 2551 2256 exstincti.

2117 2293 2274 2350 Alani
2304 2296 2396 2365 qui
2425 2293 2706 2350 Wandalis
2729 2305 2783 2350 et
2807 2295 2998 2350 Suevis
3027 2295 3472 2364 potentabantur,
3500 2296 3638 2351 adeo

2046 2386 2173 2440 caesi
2201 2393 2329 2440 sunt
2348 2400 2378 2439 a
2413 2383 2627 2452 Gothis,
2651 2393 2710 2440 ut
2736 2385 2999 2440 exstincto
3027 2385 3191 2440 Atace
3218 2383 3478 2456 [Addace]
3511 2402 3639 2458 rege

2048 2475 2312 2546 ipsorum,
2342 2476 2500 2545 pauci
2529 2475 2621 2546 qui
2662 2476 3058 2544 superfuerant,
3110 2477 3311 2530 abolito
3354 2480 3502 2547 regni
3543 2495 3640 2532 uo-

2048 2568 2544 2635 mine,Gunderici,
2576 2570 2717 2640 regis
2739 2569 3153 2638 Wandalorum,
3183 2573 3270 2640 qui
3305 2573 3354 2628 in
3386 2571 3638 2629 Callaecia

2049 2661 2350 2728 resederat,
2380 2675 2439 2717 se
2465 2662 2765 2731 patrocinio
2789 2663 3160 2732 sultjugarent.

2120 2753 2285 2808 Gothi
2331 2753 2641 2808 intermisso
2690 2755 2987 2809 certamine
3034 2753 3175 2824 quod
3222 2754 3474 2825 agebant,
3545 2771 3643 2826 per

2057 2843 2434 2901 Constantium
2480 2846 2546 2900 ad
2576 2845 2778 2902 Gallias
2818 2847 3078 2912 reVocati,
3109 2847 3264 2902 sedes
3320 2848 3375 2901 in
3419 2851 3640 2919 Aquita-

2055 2939 2174 2993 nica
2205 2953 2234 2992 a
2262 2938 2455 2994 Tolosa
2483 2953 2652 3007 usque
2680 2938 2744 2992 ad
2771 2939 3043 2992 Oceanum
3074 2950 3422 3009 acceperunt.

2126 3029 2323 3085 Wallia
2350 3045 2537 3084 eorum
2572 3044 2696 3098 rege
2724 3028 3000 3096 defuncto,
3050 3029 3418 3084 Theodericus
3455 3045 3643 3087 succe-

1978 3110 2025 3173 C
2057 3123 2137 3179 dit
2165 3124 2218 3178 in
2260 3138 2445 3192 regno.

2127 3214 2292 3270 XXV.
2336 3215 2482 3270 Inter
2519 3213 2884 3269 Gundericum
2914 3213 3301 3280 Vandalorum,
3324 3223 3379 3270 et
3414 3215 3645 3270 Herme-

2053 3307 2226 3363 ricum
2277 3309 2577 3361 Suevorum
2623 3321 2778 3376 reges
2829 3307 3124 3361 certamine
3176 3315 3319 3376 orto,
3379 3307 3540 3361 Suevi
3589 3309 3642 3362 in

2053 3397 2277 3453 Nervasi
2299 3396 2449 3469 [Ms.,
2484 3395 2758 3468 Nerbasis]
2785 3397 3054 3452 montibus
3081 3396 3400 3451 obsidentur
3425 3413 3454 3450 a
3479 3397 3647 3452 Wan-

2054 3490 2215 3544 dalis.

2128 3581 2541 3636 Valentinianus
2599 3580 2897 3636 Constantii
2947 3589 3002 3635 et
3047 3553 3300 3636 Placidia:
3360 3581 3502 3635 filius
3552 3596 3649 3637 na-

2052 3673 2244 3729 scitur.

2128 3765 2186 3820 ln
2215 3764 2486 3820 Gallicana
2519 3765 2759 3835 regione,
2792 3765 2844 3818 in
2872 3765 3090 3819 civitate
3123 3766 3364 3832 Biterris,
3390 3768 3552 3822 multa
3577 3769 3651 3825 si-

2057 3870 2161 3925 gna
2189 3855 2376 3910 effecta
2409 3855 2664 3919 terrifica,
2697 3855 2903 3909 Paulini
2930 3857 3166 3926 episcopi
3199 3857 3438 3925 ejusdem
3461 3859 3652 3916 civita-

2059 3950 2132 4003 tis
2158 3949 2382 4016 epistola
2413 3957 2630 4002 enarrat
2653 3947 2848 4015 ubique
2869 3947 3101 4001 directa.

2135 4038 2306 4092 XXVI
2347 4037 2574 4109 (Olymp.
2605 4036 2747 4109 ccc.)
2772 4037 3332 4094 WandaliSueVorutn
3367 4039 3653 4097 obsidione

2061 4131 2304 4199 dimissa,
2351 4132 2584 4185 instante
2615 4131 2830 4184 Asterio
2879 4129 3251 4197 IIiSpaniarutn
3302 4135 3520 4198 comite,
3550 4134 3654 4188 sub

2063 4225 2268 4279 vicario
2290 4223 2640 4289 Maurocello,
2682 4221 2974 4290 aliquantis
3010 4223 3257 4278 Bracaraa
3295 4225 3346 4278 in
3372 4229 3520 4281 exitu
3557 4241 3656 4279 suo

2065 4316 2282 4380 occisis,
2318 4315 2502 4369 relicta
2528 4312 2778 4368 Gallmcia
2809 4313 2874 4366 ad
2907 4314 3156 4366 Ba-ticaut
3187 4319 3535 4370 transierunt.

2139 4406 2413 4478 [Romnnw
2457 4403 2708 4459 Ecclesia:
2749 4402 2847 4457 XL
2897 4404 3133 4473 pra’sidet
3178 4407 3448 4476 episcopus
3501 4408 3656 4463 Bom-

2063 4497 2292 4567 IACIUS.]

2137 4593 2406 4647 IIonorius
2431 4589 2567 4660 apud
2598 4591 2906 4645 Ravennam
2937 4589 3311 4648 Constantium
3341 4603 3648 4650 consortem

2067 4682 2168 4737 sibi
2203 4682 2329 4735 facit
2357 4683 2406 4734 in
2438 4696 2625 4748 regno.

2140 4771 2356 4826 XXVII.
2389 4770 2758 4831 Constantius,
2785 4770 3080 4838 imperator
3110 4771 3400 4840 Ravennze,
3430 4775 3658 4829 moritur

2072 4866 2126 4920 in
2157 4880 2252 4918 suo
2281 4865 2439 4919 tertio
2461 4863 2766 4917 consulatu.

2147 4957 2386 5012 XXVIII.
2429 4957 2678 5010 Castinus
2722 4956 2979 5026 magister
3024 4957 3252 5010 militum
3306 4972 3427 5010 cum
3469 4971 3659 5025 magna

2077 5067 2235 5105 manu
2263 5061 2317 5105 et
2346 5049 2560 5104 auxiliis
2589 5049 2913 5114 Gothorum,
2950 5051 3147 5105 bellum
3191 5052 3242 5103 in
3275 5050 3465 5103 B:etica
3493 5047 3660 5102 Wan-

2075 5144 2212 5199 dalis
2236 5142 2424 5198 infert:
2455 5158 2593 5213 quos
2634 5159 2755 5198 cum
2799 5144 2863 5198 ad
2893 5143 3126 5209 incidam
3155 5142 3204 5194 vi
3236 5141 3534 5195 obsidionis
3573 5158 3660 5193 ar-

2076 5243 2270 5297 clarct,
2303 5234 2438 5288 adeo
2464 5244 2521 5288 ut
2546 5249 2607 5289 se
2639 5234 2850 5288 tradere
2891 5232 3000 5300 jam
3033 5241 3305 5300 pararent,
3354 5229 3656 5285 inconsulte

2077 5327 2289 5396 publico
2320 5325 2616 5380 certamine
2645 5325 2960 5393 c0niligens,
2991 5322 3309 5376 auxiliorum
3356 5320 3540 5375 fraude
3566 5321 3660 5377 de-

2075 5426 2264 5486 ceptus
2315 5419 2383 5472 ad
2422 5418 2784 5473 Tarraconam
2827 5415 2997 5489 [Blt.,
3037 5412 3436 5486 Terraconam]
3489 5413 3662 5470 victus

2072 5510 2277 5580 επιιεὶι.

2144 5601 2450 5657 Bonifacius
2484 5600 2735 5671 palatium
2766 5598 3025 5656 deserens
3056 5599 3293 5656 Africam
3324 5595 3548 5654 invadit.

2144 5693 2336 5750 XXIX.
2373 5692 2523 5766 (Eua.
2559 5706 2829 5749 luccccu
2847 5692 2886 5762 .)
