4032 6186
438 317 554 374 $70

1478 286 1692 345 IDATll
1731 278 2041 343 EPISCOPI'
2064 273 2359 343 AQUIEFL
2374 270 2671 327 \VIENSIS

3601 260 3720 318 830

526 423 689 483 XXX.
721 421 953 495 (Olymp.
985 409 1148 480 cccr.)
1183 405 1447 464 llonorius
1474 402 1607 458 actis
1637 393 2016 455 tricennalibus
2044 391 2097 451 Α
2193 383 2307 439 Vll.
2337 382 2546 445 Aetius,
2572 381 2676 434 dux
2707 378 2988 448 utriusque
3031 376 3258 445 militia,
3299 374 3469 431 Noros
3488 376 3724 432 edonias

2127 475 2445 495 _-x-u-_.--
2500 471 2727 495 0..--..m
2761 469 2921 495 οη...σέ
2953 469 3140 495 ζηεοιιηι
3183 481 3300 495 ...ιω
3331 466 3579 495 ρηιιωηςρ
3613 480 3721 495 ηομ

454 525 563 577 suis
596 518 864 571 Ravenna:
891 509 1042 564 obiit.

526 607 780 666 Paulinus
808 598 1171 656 nobilissimus
1202 602 1257 647 et
1301 584 1797 659 eloquentissimus,
1825 574 2027 631 dudum

456 699 811 760 conversione
840 692 907 747 ad
957 690 1126 744 Deum
1174 681 1405 738 nobilior
1437 679 1627 740 factus,
1671 672 1751 725 vir
1774 664 2029 738 apostoli-

457 807 576 856 cus,
608 789 739 843 Nola
762 780 1064 850 Campania:
1093 776 1375 845 episcOpus
1397 768 1624 823 habetur
1648 758 1869 829 insignis
1899 772 1912 810 :
1943 752 2032 808 cui

459 878 719 937 'I‘herasia
764 875 831 929 de
870 870 1094 940 conjuge
1144 866 1279 918 facta
1333 873 1525 923 soror,
1562 848 1869 909 testimonio
1911 845 2034 899 vitae

366 986 370 992 ‘
463 976 631 1027 beatzc
660 974 900 1037 aequatur
921 970 976 1016 et
1003 958 1213 1013 merito.
1240 953 1461 1007 Exstant
1484 944 1664 1015 operis
1691 939 1858 1010 ipsius
1882 948 2036 1005 egre-

462 1064 530 1134 gii
562 1058 736 1116 studia
762 1049 1121 1125 praedicanda.

537 1122 902 1208 Romanorum
933 1140 1070 1206 XLI,
1102 1138 1443 1192 Tnaonostus
1467 1125 1678 1185 Arcadii
1709 1122 1868 1184 filius,
1913 1122 2039 1171 ante

469 1247 676 1314 aliquot
703 1252 876 1293 annos
908 1244 1139 1302 regnans
1168 1230 1220 1281 in
1256 1223 1497 1295 partibus
1526 1214 1761 1273 Orientis
1791 1210 2040 1266 defuncto

470 1302 642 1405 pati-e,
674 1339 793 1399 post
823 1326 1027 1380 obitum
1054 1316 1278 1375 Honorii
1310 1313 1505 1384 patrui,
1555 1302 1919 1363 monarcbiam
1961 1305 2043 1352 te-

470 1437 560 1483 net
582 1421 811 1491 imperii,
836 1433 955 1472 cum
977 1420 1121 1469 esset
1148 1421 1409 1463 annorum
1432 1401 1613 1472 viginti
1644 1414 1758 1453 sex.

440 1540 445 1544 ο
541 1519 775 1573 Joannes
804 1507 993 1575 arripit
1028 1498 1384 1574 tyrannidem.

540 1608 580 1661 Ι.
611 1571 947 1659 Theodosius
966 1571 1415 1650 Valentinianum,
1448 1584 1626 1639 amitte
1656 1592 1768 1635 sua:
1794 1571 2046 1631 Placidia:

474 1701 661 1762 filium,
712 1682 1178 1753 Constantinopoli
1232 1678 1501 1734 Caesarem
1562 1671 1707 1735 facit,
1767 1678 1822 1723 et
1861 1673 2045 1720 contra

2126 475 2469 531 rebellantes.
2500 471 2729 525 Rursum
2761 469 2925 524 Suevi
2953 469 3141 522 initam
3182 481 3301 521 cum
3331 466 3582 522 Gallacis
3613 480 3722 534 pa-

2127 582 2243 622 cem
2271 566 2433 621 libata
2459 562 2563 617 sibi
2583 561 2867 616 occasione
2895 558 3239 614 conturbant.
3263 557 3343 611 Ob
3359 570 3586 626 quorum
3615 555 3726 610 de-

2128 656 2509 728 praedationem
2558 653 2758 708 Idatius
2798 653 3085 722 episcopus
3129 649 3201 703 ad
3252 649 3461 703 Aetium
3511 648 3725 702 ducem

2129 749 2219 818 qui
2241 745 2639 813 expeditionem
2662 743 2855 812 agebat
2888 741 2943 796 in
2983 740 3190 803 Galliis,
3224 739 3445 807 suscipit
3486 738 3727 807 legatio-

2134 853 2277 893 nem.
2305 836 2490 902 Vetto,
2519 834 2610 905 qui
2640 834 2707 890 de
2736 832 2925 889 Gothis
2958 831 3145 886 dolose
3175 829 3243 883 ad
3282 828 3590 884 Callaiciam
3619 844 3725 883 ve-

2135 937 2309 993 nerat,
2339 928 2457 981 sine
2485 927 2663 994 aliquo
2687 924 2883 979 effectu
2920 922 3061 977 redit
3083 925 3150 975 ad
3171 920 3396 976 Gothos.

2206 1020 2340 1075 VIII.
2374 1019 2607 1093 (Olymp.
2637 1013 2842 1085 cccm.)
2869 1014 3147 1083 Superatis
3166 1027 3261 1081 per
3282 1010 3491 1064 Aetium
3523 1010 3581 1064 in
3604 1023 3728 1064 cer-

2136 1115 2340 1169 tamine
2367 1111 2588 1167 Francis
2624 1118 2680 1164 et
2708 1110 2759 1163 in
2806 1122 2938 1178 pace
2986 1105 3271 1173 susceptis,
3312 1102 3609 1158 Censorius
3632 1117 3732 1156 co-

2140 1219 2255 1259 mes
2281 1202 2486 1272 legatus
2510 1198 2741 1255 mittitur
2771 1198 2839 1252 ad
2870 1196 3097 1262 Suevos,
3143 1208 3304 1265 supra
3356 1193 3503 1247 dicto
3530 1207 3728 1248 secum

2140 1295 2308 1351 Idatio
2329 1292 2609 1350 redeunte.
2768 1352 2779 1359 ,_

2209 1382 2512 1436 Bonifacius
2560 1380 2617 1434 in
2661 1360 3061 1433 aemulationem
3109 1374 3248 1430 Aetii
3299 1374 3369 1429 de
3416 1374 3599 1429 Africa
3633 1390 3734 1443 per

2144 1473 2433 1529 Placidiam
2463 1479 2718 1527 evocatus
2772 1469 2829 1523 in
2881 1466 3087 1522 Italiam
3142 1465 3212 1521 ad
3264 1465 3516 1535 palatium
3557 1466 3732 1520 redit.

2147 1564 2248 1630 Qui
2269 1566 2498 1634 depulso
2546 1563 2702 1618 Aetio
2729 1562 2781 1615 in
2810 1561 2985 1614 locum
3028 1558 3145 1629 ejus
3189 1558 3504 1623 succedens,
3537 1558 3735 1627 paucis

2148 1665 2270 1724 post
2292 1654 2586 1719 mensibus,
2616 1652 2748 1707 inito
2784 1650 3067 1705 adversum
3097 1648 3311 1702 Aetium
3340 1646 3621 1714 conflictu,
3667 1647 3736 1701 de

476 1738 661 1762 .........,
722 1738 1027 1747 η---
1075 1738 1088 1753 ,

476 1794 734 1848 Joannem
768 1781 957 1837 mittit:
988 1776 1089 1831 sub
1115 1788 1222 1844 quo
1248 1786 1277 1826 a
1303 1768 1530 1823 ducibus
1557 1762 1645 1834 qui
1695 1773 1819 1815 cum
1860 1771 1926 1812 eo
1955 1768 2049 1824 per
2080 1748 2126 1807 B
2153 1747 2375 1802 vulnere
2401 1760 2506 1816 quo
2528 1745 2708 1799 fuerat
2735 1756 3024 1813 percussus
3061 1741 3282 1795 interiit.
3310 1739 3409 1794 Cui
3457 1738 3740 1795 Sebastia-

477 1879 835 1940 Theodosium
865 1870 1015 1928 missi
1055 1868 1288 1931 fuerant,
1338 1858 1477 1930 apud
1520 1857 1827 1911 Ravennam
1876 1849 2052 1919 primo

478 1988 620 2030 anno
649 1973 847 2025 invasa:
880 1959 1180 2036 tyrannidis
1200 1953 1486 2013 occiditur,
1530 1958 1583 2003 et
1612 1945 1759 2000 Felix
1802 1937 2055 2011 patricius

480 2066 758 2121 ordinatur
779 2074 842 2114 ex
872 2030 1124 2124 magistro
1151 2048 1376 2104 militum
1399 2041 1551 2116 [Msa
1584 2049 1639 2094 et
1676 2035 1930 2105 magister
1957 2030 2056 2084 mi-

482 2153 676 2225 litum].

559 2220 960 2299 Valentinianus
988 2233 1078 2306 qui
1106 2241 1220 2289 erat
1239 2229 1441 2292 Caesar,
1465 2223 1651 2279 Romae
1674 2220 1943 2290 Augustus
1968 2226 2059 2284 ap-

486 2337 735 2411 pellatur.

557 2421 804 2483 Wandali
845 2416 1152 2474 Balearicas
1180 2410 1384 2467 insulas
1423 2400 1841 2474 depraedantur:
1872 2392 2063 2450 deinde

488 2515 814 2583 Carthagine
842 2506 1142 2579 Spartaria,
1173 2513 1227 2557 et
1248 2498 1449 2569 Ilispali
1475 2508 1661 2551 eversa
1704 2500 1759 2546 et
1798 2485 2065 2556 Hispaniis

490 2606 833 2678 depraedatis,
860 2596 1233 2655 Mauritaniam
1266 2588 1546 2646 invadunt.

558 2668 621 2754 II.
652 2668 906 2752 Romanae
921 2689 1179 2746 Ecclesiae
1212 2682 1323 2739 XLI
1352 2679 1478 2753 [Με.
1510 2674 1625 2748 XL]
1669 2670 1919 2745 praesidet
1946 2668 2067 2738 epi—

492 2804 684 2860 scopus
712 2788 1085 2843 Caussrtnus.

676 2972 911 3046 (Olymp.
952 2967 1136 3034 cccu.)
1161 2958 1515 3020 Gundericus,
1538 2967 1635 3007 rex
1656 2944 2065 3007 Wandalorum,

497 3079 651 3141 capta
680 3063 906 3136 Hispali,
940 3076 1061 3116 cum
1093 3054 1257 3125 impie
1287 3052 1461 3107 elatus
1485 3057 1676 3101 manus
1702 3044 1756 3096 in
1785 3036 2069 3096 ecclesiam

2158 1853 2257 1891 nus
2284 1851 2447 1906 gener
2473 1835 2795 1888 substitutus
2835 1846 2932 1902 per
2979 1828 3195 1886 Aetium
3246 1828 3315 1885 de
3346 1828 3545 1899 palatio
3576 1843 3740 1898 supe-

2158 1938 2307 1984 ratus
2333 1926 2640 1995 expellitur,

2230 2023 2324 2078 IX.
2370 2021 2524 2094 (Eua.
2576 2017 2868 2090 nuceccc.)
2899 2017 3168 2088 Regresso
3192 2014 3451 2071 Censorio
3474 2015 3545 2069 ad
3596 2014 3743 2084 pala-

2161 2117 2315 2184 tium,
2351 2112 2694 2169 Hermericus
2725 2125 2910 2181 pacem
2936 2123 3057 2164 cum
3085 2107 3329 2163 Callaicis
3355 2119 3492 2175 quos
3530 2105 3741 2174 przda-

2163 2209 2318 2263 batur
2344 2206 2579 2271 assidue,
2604 2203 2705 2259 sub
2730 2202 3037 2256 interventu
3060 2196 3354 2268 episcopali
3377 2196 3517 2251 datis
3533 2195 3639 2249 sibi
3661 2210 3745 2249 re-

2163 2296 2360 2351 format
2389 2294 2686 2350 obsidibus.

2236 2385 2591 2459 Symphosius
2620 2384 2904 2452 episcopus
2934 2397 3029 2451 per
3054 2395 3178 2437 eum
3235 2377 3301 2432 ad
3327 2377 3645 2433 comitatum
3676 2377 3747 2431 le-

2164 2490 2319 2553 gatus
2341 2480 2561 2546 missus,
2592 2478 2752 2533 rebus
2778 2475 2833 2529 in
2862 2488 3076 2531 cassum
3112 2473 3396 2526 frustratur
3424 2471 3677 2536 arreptis.

2240 2574 2298 2629 In
2325 2579 2594 2627 conventu
2642 2566 2874 2623 Luccnsi
2901 2572 3089 2620 contra
3117 2563 3452 2617 voluntatem
3491 2559 3751 2629 Agrestii,

2169 2663 2432 2720 Lucensis
2456 2658 2718 2732 episcOpi,
2749 2657 2943 2713 Pastor
2970 2665 3025 2711 et
3051 2653 3310 2725 Syagrius
3334 2652 3579 2723 episcopi
3608 2651 3754 2713 ordi-

2172 2762 2388 2810 nantur.

2244 2845 2451 2908 Aetius,
2468 2842 2572 2897 dux
2598 2839 2880 2909 utriusque
2896 2832 3405 2902 militize,Patricius
3433 2831 3758 2902 appellatur.

2244 2936 2314 2990 Χ.
2368 2932 2716 2990 Sebastianus
2752 2928 2905 2985 exsul
2934 2938 2985 2985 et
3018 2927 3275 2998 profugus
3305 2925 3555 2991 effectus,
3610 2924 3762 2977 navi-

2176 3038 2265 3099 gat
2289 3025 2355 3081 ad
2388 3023 2645 3094 palatium
2674 3020 2932 3076 Orientis.

499 3103 729 3218 35nd;
760 3103 929 3227 ipsius
956 3103 1314 3211 extendisset,
1327 3103 1456 3197 mox
1474 3137 1567 3192 Dei
1588 3132 1793 3205 judicio
1827 3130 2069 3185 daemone
2094 3109 2141 3170 C
2245 3118 2499 3227 Romanae
2527 3111 2785 3169 Ecclesia:
2810 3108 2949 3165 XLII
2974 3105 3104 3179 [Μδ.
3132 3103 3270 3178 XLI]
3298 3104 3528 3161 habetur
3549 3103 3763 3173 cpisco-

500 3262 780 3322 correptus
808 3246 1033 3304 interiit.
1076 3242 1174 3297 Cui
1204 3235 1510 3295 Gaisericus
1559 3228 1725 3284 frater
1754 3220 1991 3279 succedit
2019 3220 2073 3272 in

502 3314 687 3416 regno.
712 3341 810 3409 Qui
843 3347 898 3393 ut
937 3336 1235 3404 aliquorum
1266 3324 1458 3383 relatio
1487 3320 1666 3381 habet,
1695 3314 1917 3371 effectus
1947 3323 2077 3379 apo-

502 3409 637 3491 stata
679 3433 747 3486 de
773 3429 876 3483 fide
909 3423 1173 3481 catholica
1205 3421 1259 3473 in
1296 3416 1549 3471 Arianam
1588 3409 1765 3462 dictus
1794 3413 1878 3459 est
1904 3410 2076 3455 trans-

504 3531 609 3583 isse
634 3520 935 3594 perfidiam.

575 3616 638 3670 γ.
658 3611 981 3671 Gaisericus,
1000 3619 1097 3660 rex
1117 3601 1184 3657 de
1197 3596 1411 3655 Baetica:
1426 3588 1712 3664 provinciae
1730 3586 1931 3648 littore,
1954 3595 2077 3635 cum

2176 3223 2275 3279 pus
2301 3206 2535 3262 Xvsrus.

2251 3300 2345 3355 XI.
2389 3295 2776 3367 Hierosolymis
2807 3292 3125 3351 Iuvenalem
3153 3289 3469 3362 episcopum
3505 3286 3767 3357 praside-

2179 3409 2259 3459 re,
2287 3388 2539 3447 Germani
2570 3387 2875 3459 presbyteri
2918 3385 3163 3441 Arabicae
3192 3380 3430 3452 regionis
3470 3379 3673 3434 exinde
3702 3375 3768 3431 ad

2180 3481 2488 3541 Gallaeciam
2510 3479 2795 3547 venientis,
2822 3485 2878 3533 et
2896 3476 3122 3531 aliorum
3158 3473 3466 3530 Graccuer
3494 3469 3768 3524 relatione

2184 3574 2569 3645 comperimus,
2623 3570 3003 3641 adjicientibus
3054 3564 3579 3633 Constantinopolim
3634 3577 3763 3617 eum

506 3706 785 3765 Wandalis
815 3698 1085 3763 omnibus,
1118 3705 1411 3758 eorumque
1456 3682 1693 3747 familiis,
1735 3690 1922 3732 mense
1943 3673 2085 3729 Maio
2185 3683 2307 3723 cum
2338 3667 2478 3734 aliis,
2508 3662 2887 3721 etPalaastinre
2915 3661 3200 3731 provincia:
3225 3670 3279 3714 et
3300 3657 3531 3713 Orientis
3553 3656 3770 3724 episco-

506 3804 572 3854 ad
597 3793 986 3855 Mauritaniam,
1008 3797 1065 3843 et
1092 3783 1323 3840 Africam
1346 3776 1548 3834 relictis
1573 3771 1767 3827 transit
1795 3765 2083 3836 lliSpaniis.

2187 3760 2268 3829 pis
2296 3754 2714 3819 evocatum,sub
2741 3751 3032 3823 praesentia
3057 3748 3348 3805 Theodosii
3370 3746 3605 3816 augusti,
3638 3760 3771 3800 con-

508 3893 609 3961 Qni
658 3890 804 3959 prius
850 3896 1009 3954 quam
1042 3873 1421 3949 pertransiret,
1452 3865 1759 3922 admonitus
1808 3858 2090 3927 Hermiga-
2191 3860 2362 3907 tracto
2389 3851 2765 3919 episc0pornm
2794 3845 3100 3901 interfuisse
3138 3840 3368 3898 concilio
3392 3839 3458 3894 ad
3479 3837 3771 3893 destruen-

1798 3954 1809 3961 .
1886 3952 1899 3961 .
2006 3949 2020 3961 .
2205 3946 2220 3961 ι
2361 3944 2401 3961 η
2444 3943 2765 3961 ιρ--η----..,
2802 3937 3052 3961 a._...--:...
3108 3949 3265 3961 -.η-ι...
3296 3930 3565 3961 nimum-hu
3606 3928 3724 3961 Ill.

513 3928 609 3961 ιιηι
658 3928 804 3959 I‘"""
851 3928 1008 3954 ‘a-“w-
1045 3928 1205 3949 τν--τν
1409 3928 1419 3936 ι

513 3985 651 4039 rium
679 3982 913 4035 Suevutn
954 3971 1159 4027 vicinas
1188 3968 1240 4020 in
1272 3962 1499 4018 transitu
1532 3973 1631 4013 suo
1662 3952 1965 4025 provincias
1990 3949 2090 4005 de-
2189 3946 2311 4001 dam
2361 3943 2771 3999 Hebionitarum
2802 3937 3078 4003 haeresim,
3106 3949 3267 4004 quam
3294 3930 3570 3988 Nestorius
3606 3928 3767 4002 μη,

514 4071 766 4146 praedari,
795 4079 1016 4122 recursu
1046 4074 1165 4114 cum
1206 4052 1494 4124 aliquantis
1520 4050 1629 4103 suis
1657 4047 1817 4111 facto,
1844 4040 2091 4113 prazdan-

2191 4036 2424 4108 Atticus]
2455 4035 2696 4105 ejusdem
2743 4034 2892 4088 urbis
2920 4031 3204 4100 episcopus
3244 4040 3413 4098 pravo
3437 4023 3771 4081 stultissima

518 4121 765 4146 ι’-πτντη
802 4121 807 4122 ν
1300 4121 1311 4124 -

518 4182 627 4225 tcm
666 4162 718 4215 in
750 4154 1019 4214 Lusitania
1051 4147 1419 4216 consequitur.
1455 4142 1557 4208 Qui
1604 4138 1747 4193 haud
1791 4132 1979 4205 procul
2026 4129 2094 4184 de
2192 4138 2354 4187 sectae
2383 4126 2737 4184 resuscitabat
2767 4121 3005 4193 ingenio.

518 4352 799 4420 spreverat
829 4337 1009 4393 multis
1041 4346 1133 4403 per
1161 4324 1493 4384 Gaisericum
1532 4322 1709 4385 caesis,
1739 4331 1805 4371 ex
1836 4314 1920 4369 his
1962 4326 2097 4381 quos

518 4402 701 4497 secum
733 4430 983 4494 habebat,
1034 4402 1268 4487 arrepto,
1298 4424 1358 4471 ut
1402 4411 1629 4484 putavit,
1677 4409 1820 4463 Euro
1857 4402 2095 4459 velocius

521 4494 658 4599 fuga:
682 4522 940 4586 subsidio,
973 4518 1026 4571 in
1049 4512 1269 4569 ﬂumine
1297 4512 1411 4562 Ana
1452 4503 1632 4558 divino
1659 4497 1877 4555 brachio
1905 4494 2093 4566 praeci-

2265 4220 2382 4287 Quo
2409 4232 2539 4272 vero
2571 4225 2814 4283 tempore
2862 4210 3031 4268 sancti
3053 4208 3310 4270 Ioannes,
3342 4205 3705 4274 Hieronymus
3725 4208 3777 4255 et

2195 4311 2287 4366 alii
2317 4324 2455 4379 quos
2502 4321 2662 4373 supra
2692 4304 2948 4370 diximus,
2976 4300 3229 4365 obierint,
3284 4297 3373 4352 vel
3422 4294 3541 4365 quis
3581 4292 3775 4348 Joanni

2200 4414 2327 4457 ante
2354 4397 2673 4455 Iuvenalem
2706 4392 3051 4457 successerit,
3081 4393 3220 4444 sicut
3246 4399 3301 4443 et
3349 4387 3540 4441 fecisse
3593 4383 3779 4451 cogni-

2121 4468 2313 4549 I)tum
2368 4491 2532 4546 estin
2580 4488 2730 4542 brevi
2782 4486 3052 4541 seniorem
3091 4479 3402 4551 quemdam,
3448 4476 3775 4530 referentum

523 4622 722 4689 pitatus
751 4611 971 4667 interiit.
1004 4607 1121 4673 Quo
1150 4602 1226 4656 ita
1248 4599 1536 4663 exstincto,
1570 4607 1693 4647 mox
1719 4604 1825 4661 quo
1862 4595 2099 4656 casperat
2200 4600 2382 4643 sermo
2407 4598 2514 4637 ιιοη
2540 4581 2726 4636 edidit,

522 4707 827 4768 Gaisericus
859 4697 1174 4767 enavigavit.

600 4802 690 4856 IV.
721 4796 880 4854 Suevi
902 4792 1002 4847 sub
1032 4786 1339 4844 llermerico
1360 4795 1487 4853 rege
1518 4778 1721 4834 medias
1751 4784 1930 4844 partes
1975 4769 2100 4824 Gal-

527 4898 696 4952 lmcim
725 4884 1120 4958 deprcedantes,
1154 4894 1249 4948 per
1277 4876 1487 4945 plebem
1516 4886 1636 4940 quae
1662 4865 1881 4923 castella
1906 4860 2099 4916 tutiora

528 4985 814 5048 retinebat,
844 4986 961 5033 acta
988 4985 1207 5029 suorum
1237 4967 1429 5036 partim
1455 4962 1628 5029 caade,
1660 4958 1851 5031 partim
1873 4952 2101 5023 captivi~

529 5086 661 5140 tate,
696 5084 878 5143 pacem
916 5078 1077 5135 quam
1116 5065 1393 5128 ruperant,
1442 5053 1762 5108 familiarum
1809 5061 1928 5117 qua:
1958 5053 2107 5098 tene-

531 5173 748 5229 bantur,
775 5156 1132 5216 redhibitione
1161 5153 1484 5204 restanrant.

606 5262 707 5315 Per
736 5257 945 5310 Aetium
975 5247 1223 5304 comitem
1247 5240 1387 5296 haud
1418 5237 1601 5308 procul
1632 5235 1699 5289 de
1722 5233 1939 5288 Arelate
1962 5244 2109 5299 qna:-

535 5357 656 5410 dam
682 5349 977 5405 Codtorum
1002 5355 1189 5396 manus
1209 5332 1585 5403 exstinguitur,
1608 5325 1833 5382 Anaolfo
1855 5323 2108 5392 optimate

534 5457 723 5501 eorum
752 5446 929 5507 capto.
976 5428 1233 5498 Iuthungi
1263 5440 1358 5495 per
1382 5435 1504 5478 eum
1551 5416 1798 5472 similiter
1838 5411 2109 5468 debellan-

540 5547 623 5591 tur
649 5542 704 5586 ef.
732 5528 876 5584 Νυνὶ.

614 5624 759 5679 Felix
810 5619 900 5687 qni
950 5614 1227 5668 dicebatur
1257 5607 1516 5664 Patricius
1564 5602 1833 5657 Ravenna:
1882 5594 2107 5652 tumultu

542 5713 801 5771 occiditur
829 5706 1066 5761 militari.

2274 4675 2387 4730 XII.
2425 4673 2663 4744 (Olymp.
2695 4665 2893 4738 cccrv.)
2919 4664 3166 4720 Narbona
3192 4658 3433 4717 obsideri
3472 4667 3653 4727 empta
3686 4669 3779 4725 prr

2202 4769 2429 4827 Gothos.

2276 4858 2682 4930 Burgundiones
2704 4853 2794 4924 qui
2834 4848 3247 4909 rebellaverant,
3275 4858 3306 4897 a
3333 4840 3596 4895 Romanis
3644 4838 3778 4892 duce

2205 4953 2362 5009 Aetio
2392 4947 2749 5004 debellantur.

2276 5044 2398 5098 Uno
2425 5040 2727 5105 eodemque
2751 5044 2992 5102 tempore
3023 5023 3362 5083 Alexandria:
3384 5019 3643 5092 Cyrillum
3668 5016 3778 5083 epi-

2207 5148 2427 5202 scopum
2481 5127 2792 5200 praesidere,
2847 5132 2903 5179 et
2947 5114 3416 5183 Constantinopoli
3472 5108 3774 5165 Nestorium

2209 5225 2520 5282 hmreticum
2571 5218 2943 5279 Ilebionaaum,
2992 5210 3177 5282 Cyrilli
3219 5208 3386 5277 ipsius
3414 5204 3483 5258 ad
3529 5201 3775 5256 eumdem

2213 5315 2460 5386 epistola,
2492 5319 2546 5366 et
2572 5308 2819 5364 breresim
2842 5299 3167 5359 destruentis
3189 5309 3241 5353 et
3271 5296 3507 5364 regulam
3535 5291 3659 5345 ﬁdei
3691 5303 3779 5342 ex-

2216 5407 2467 5477 ponentis
2489 5401 2741 5457 ostendit.
2777 5397 2903 5451 Haec
2951 5408 3072 5448 cum
3113 5389 3233 5443 aliis
3284 5386 3548 5439 habentur
3599 5381 3778 5433 allata.

2286 5498 2424 5555 XIII.
2456 5496 2704 5552 Narbona
2752 5485 3032 5543 obsidione
3080 5481 3333 5535 liberatur
3369 5473 3523 5529 Aetio
3561 5471 3699 5524 duce
3733 5474 3784 5521 et

2216 5590 2470 5661 magistro
2494 5586 2741 5642 militum.
2787 5574 3221 5650 Burgundionum
3248 5580 3389 5624 caesa
3433 5564 3615 5635 viginti
3666 5560 3784 5617 mil-

2220 5685 2307 5738 lia.
