4032 6186
360 211 455 264 881

1779 207 2182 267 CHRONICON.

3513 206 3613 259 885‘!

427 323 632 380 Rursus
657 321 948 381 Censorius
977 331 1032 382 et
1056 324 1438 382 Fretimundus
1464 323 1622 396 legati
1650 325 1932 379 mittuntur
1960 326 2008 385 Α
2037 324 2217 391 nopoli
2268 321 2405 395 fugit
2449 325 2755 380 admonitus
2776 368 2790 394 ,
2835 335 2887 380 ct
2925 325 2990 379 ad
3041 325 3380 382 Theodorem
3433 340 3617 396 regem

361 418 428 468 ad
457 415 688 470 Suevos.

427 504 565 558 XIV.
592 503 891 560 Gothorum
929 520 1067 561 casa
1095 513 1218 562 octo
1263 505 1434 560 millia
1462 505 1563 559 sub
1589 504 1747 560 Aetio
1771 504 1928 558 dure.

423 596 586 652 Suevi
613 611 734 651 cum
767 607 919 666 parte
948 599 1116 665 plebis
1146 597 1412 653 Gallacia
1441 599 1526 651 cui
1568 597 1929 651 adversaban-

353 698 458 751 tur,
482 689 628 756 pacis
649 687 768 755 jura
796 687 1140 741 conﬁrmant.

423 778 766 832 I-lermericus
794 794 890 833 rex
919 780 1110 834 morbo
1140 792 1430 847 oppressus
1456 777 1732 832 Rechilam
1765 777 1929 830 ﬁlium

350 885 512 924 suum
567 871 843 923 substituit
882 871 932 923 in
989 885 1252 939 regnum:
1286 870 1378 938 qui
1433 868 1768 922 Andevotum
1808 884 1928 922 cum

349 977 447 1015 sua
489 975 649 1031 quam
705 960 934 1016 habebat
987 977 1146 1015 manu
1202 962 1269 1016 ad
1308 961 1676 1032 Singillionem
1717 961 1929 1014 Batica:

347 1052 566 1106 ﬂuvium
592 1059 780 1120 aperto
819 1060 988 1106 marte
1013 1052 1324 1120 prostravit,
1355 1051 1563 1121 magnis
1585 1051 1702 1119 ejus
1733 1051 1846 1103 auri
1878 1058 1932 1102 et

349 1141 556 1209 argenti
581 1139 770 1206 opibus
798 1141 1092 1208 occupatis.

421 1231 538 1285 XV.
568 1231 887 1300 Carthagine
915 1232 1097 1286 fraude
1127 1232 1348 1301 decepta
1374 1231 1462 1286 die
1502 1231 1712 1286 decimo
1738 1239 1928 1298 quarto

347 1320 530 1375 kalen.
581 1319 900 1376 Novembris
936 1335 1152 1374 omnem
1204 1320 1443 1374 Africam
1485 1334 1580 1374 rex
1625 1320 1929 1375 Caisericus

347 1411 575 1467 invadit.

419 1504 572 1558 Bello
601 1504 829 1559 Gothico
851 1503 948 1557 sub
966 1502 1305 1558 Theodorico
1326 1519 1454 1575 rege
1482 1502 1622 1572 apud
1649 1502 1925 1567 Tolosam,

346 1597 579 1652 Litorius
601 1597 873 1668 Romanus
894 1595 1001 1650 dux
1027 1596 1378 1650 inconsultius
1405 1610 1525 1650 cum
1548 1593 1792 1648 auxiliari
1819 1594 1928 1646 IIu-

2035 415 2331 469 Gothorum
2369 417 2592 471 veniens
2619 457 2634 482 ,
2681 418 3068 486 conquasitam
3115 418 3240 484 sibi,
3290 433 3395 487 qua
3426 417 3616 486 potuit,

2033 507 2383 563 Barcinonam
2413 509 2583 564 hostis
2606 507 2775 564 factus
2793 511 3109 579 ingreditur.

2106 599 2245 654 XXI.
2271 600 2328 654 In
2361 600 2695 656 Asturicensi
2727 603 2859 656 urbe
2905 602 3188 671 Gallacia,
3236 603 3452 672 quidam
3494 609 3621 656 ante

2033 690 2234 758 aliquot
2255 706 2426 745 annos
2455 692 2682 746 latentes
2713 692 2987 747 Manichai
3021 694 3186 762 gestis
3226 693 3619 762 episcopalibus

2031 781 2385 850 deteguntur;
2428 796 2548 850 qua
2584 782 2652 836 ab
2693 781 2865 836 Idalio
2887 793 2940 837 et
2965 783 3185 837 Turibio
3233 783 3501 851 episcopis
3525 783 3614 850 qui

2032 886 2124 924 eos
2151 871 2432 925 audierant
2459 889 2472 937 ;
2507 874 2574 926 ad
2606 871 2936 928 Antoninum
2974 873 3367 928 Emeritensem
3399 873 3612 941 episco-

2033 978 2157 1032 pum
2185 964 2391 1018 directa
2422 974 2566 1018 sunt.

2101 1054 2349 1110 Wandali
2374 1057 2597 1110 navibus
2644 1056 2883 1110 Turonio
2917 1055 2969 1110 in
3002 1056 3181 1110 littore
3205 1054 3477 1110 Gallacia
3522 1068 3616 1108 reo

2031 1157 2192 1216 pente
2223 1148 2457 1210 advecti,
2485 1146 2717 1200 familias
2745 1149 2964 1217 capiunt
2987 1148 3360 1216 plurimorum.

2102 1237 2453 1291 Sebastianus
2477 1237 2544 1292 de
2574 1238 2858 1293 Barcilone
2886 1238 3097 1309 fugatus
3119 1238 3314 1307 migrat
3354 1237 3421 1292 ad
3448 1236 3616 1292 Wan-

2031 1328 2202 1382 dalos.

2102 1419 2204 1472 Per
2230 1420 2542 1488 episcopum
2575 1419 2758 1472 Roma
2792 1430 2914 1473 tunc
2943 1420 3322 1488 praesidentem
3353 1428 3498 1488 gesta
3545 1419 3614 1473 de

2032 1509 2340 1566 Manichaeis
2371 1525 2466 1578 per
2501 1509 2801 1579 provincias
2830 1510 3151 1580 diriguntur.

2103 1599 2267 1654 XXII.
2298 1600 2446 1654 Vitus
2476 1602 2734 1668 magister
2764 1602 3042 1670 utriusque
3073 1599 3282 1654 militia
3329 1599 3520 1661 factus,
3543 1597 3611 1652 ad

348 1704 543 1744 norum
573 1704 730 1742 manu
759 1689 991 1752 irruens,
1028 1687 1186 1742 casis
1216 1687 1322 1753 his,
1358 1689 1473 1757 ipse
1502 1689 1815 1743 vulneratus
1838 1700 1925 1741 ca-
1954 1690 1999 1749 Β
2029 1688 2310 1759 Hispanias
2335 1690 2552 1756 missus,
2585 1705 2690 1742 non
2719 1691 2926 1759 exigua
2963 1705 3146 1744 manus
3191 1690 3351 1743 fultus
3389 1688 3610 1753 auxilio,

345 1782 514 1850 pitur,
544 1789 596 1834 et
629 1789 747 1848 post
775 1780 890 1833 dies
919 1792 1116 1848 paucos
1146 1778 1426 1832 occiditur.

416 1874 562 1929 Inter
591 1874 861 1928 Romanos
887 1883 941 1928 et
961 1873 1165 1929 Gothos
1192 1889 1291 1944 pax
1319 1875 1566 1928 efﬁcitur.

415 1966 722 2021 Gaisericus
769 1967 942 2020 elatus
992 1966 1194 2035 impie,
1247 1967 1558 2035 episcopum
1613 1965 1925 2033 clerumquc

343 2055 684 2126 Carthaginis
711 2057 932 2124 depellit
957 2072 1020 2112 ex
1051 2074 1138 2119 ea,
1180 2057 1402 2127 etjuxta
1455 2057 1792 2127 prophetiam
1823 2058 1924 2110 Da-

343 2147 523 2210 nielis,
550 2148 838 2202 demutatis
863 2147 1172 2204 ministeriis
1195 2159 1523 2213 sanctorum,
1556 2150 1812 2205 ecclesias
1837 2163 1926 2204 ca-

343 2239 574 2294 tholicas
606 2239 767 2292 tradit
798 2237 951 2310 [Ms..
976 2222 1214 2310 tradidit]
1241 2241 1474 2294 Arianis.

417 2329 660 2392 Rechila,
696 2345 787 2384 rex
818 2331 1141 2394 Suevorum,
1173 2331 1462 2386 Emeritam
1496 2331 1814 2401 ingreditur.

414 2419 554 2473 XVI.
585 2419 820 2490 (Olymp.
847 2422 1024 2491 cccv.)
1046 2421 1372 2486 Gaisericus,
1391 2424 1626 2477 Siciliam
1645 2423 1927 2492 depraeda-

341 2520 459 2577 tus,
485 2511 806 2565 Panormnm
840 2512 930 2566 diu
959 2513 1201 2567 obsedit:
1226 2513 1317 2583 qui
1347 2513 1623 2568 damnatia
1647 2513 1926 2568 catholicis

342 2605 614 2674 episcopis
665 2605 966 2671 Maximini,
995 2606 1133 2673 apud
1177 2606 1414 2661 Siciliam
1471 2607 1797 2661 Arianorum
1826 2606 1924 2660 du-

342 2697 446 2763 cis,
474 2697 759 2751 adversum
789 2697 1086 2751 catholicos
1117 2697 1478 2766 pracipitatur
1539 2698 1820 2764 instinctu,
1867 2709 1926 2752 ut

343 2799 442 2840 eos
461 2801 674 2855 quoquo
702 2795 856 2855 pacto
889 2785 944 2839 in
991 2787 1326 2856 impietatem
1368 2795 1586 2857 cogeret
1629 2788 1918 2842 Arianam:

343 2877 623 2932 nonnullis
649 2877 1062 2941 declinantibus,
1083 2878 1338 2945 aliquanti
1372 2878 1629 2934 durantes
1661 2880 1713 2934 in
1739 2881 1926 2935 catho-

353 2967 458 3021 lica
489 2967 590 3020 ﬁde
619 2981 1058 3022 consummavere
1089 2968 1424 3039 martyrium.

2028 1795 2149 1834 cum
2175 1780 2645 1849 Carthaginienses
2676 1791 2901 1834 vexaret
2928 1791 2979 1834 et
3017 1781 3270 1844 Baticos,
3318 1780 3614 1834 succeden-

2029 1876 2172 1930 tibus
2197 1891 2318 1930 cum
2344 1891 2468 1945 rege
2502 1891 2600 1929 suo
2641 1875 2753 1930 illic
2796 1875 3004 1937 Suevis,
3049 1873 3314 1942 superatis
3351 1874 3508 1926 etiam
3557 1873 3609 1926 in

2027 1968 2411 2037 congressione
2434 1967 2522 2035 qui
2548 1967 2597 2020 ei
2629 1967 2694 2020 ad
2719 1965 3136 2033 depradandum
3184 1964 3237 2017 in
3283 1963 3608 2030 adjutoriutn

2026 2068 2304 2124 venerant,
2338 2057 2550 2120 Gothis,
2581 2057 2798 2111 territus
2839 2055 3129 2110 miserabili
3164 2057 3354 2108 timore
3380 2053 3609 2124 diffugit.

2027 2151 2186 2206 Suevi
2216 2151 2338 2205 exin
2373 2150 2489 2203 illas
2519 2150 2826 2219 provincias
2850 2162 3040 2218 magna
3065 2147 3462 2217 depradatione
3487 2146 3612 2202 sub-

2028 2250 2260 2297 vertunt.

2097 2329 2288 2387 XXIII.
2318 2329 2578 2385 Romana
2603 2329 2861 2385 Ecclesia
2883 2327 3045 2383 XLIII
3068 2326 3206 2400 [Με.
3235 2327 3397 2399 XLII]
3428 2329 3614 2397 prasi-

2026 2422 2116 2478 det
2146 2423 2436 2491 episcupus
2462 2420 2574 2475 Leo
2606 2437 2618 2472 :
2648 2419 2806 2489 hujus
2841 2421 3037 2488 scripta
3067 2435 3162 2488 per
3191 2419 3426 2488 episcopi
3457 2419 3615 2473 Turi-

2027 2511 2101 2566 bii
2149 2512 2429 2566 diaconem
2468 2510 2784 2565 Pervincnm
2821 2519 3010 2564 contra
3057 2509 3494 2564 Priscillianistas
3543 2509 3614 2562 ad

2028 2601 2414 2671 Hispanienses
2465 2599 2751 2670 episc0pos
2803 2599 3140 2654 deferuntur.
3188 2599 3333 2654 Inter
3384 2612 3504 2668 qua
3544 2597 3610 2650 ad

2027 2695 2336 2764 episcopum
2360 2694 2636 2750 Turibium
2665 2695 2733 2750 de
2760 2694 3136 2749 observatione
3163 2695 3441 2749 catholica
3489 2693 3612 2749 ﬁdei

2027 2793 2082 2839 et
2107 2783 2175 2840 de
2204 2785 2468 2841 haresum
2517 2786 2869 2854 blaSphemiis
2918 2783 3210 2854 disputatio
3239 2787 3392 2856 plena
3429 2786 3614 2855 dirigi-

2027 2886 2137 2944 tur,
2178 2892 2298 2947 qua
2341 2878 2410 2932 ab
2457 2879 2728 2948 aliquibus
2771 2877 3019 2934 Gallacis
3075 2878 3301 2933 subdolo
3351 2879 3612 2949 probatur

2027 2967 2270 3022 arbitrio.

417 3057 709 3113 Censorius
738 3073 920 3113 comes
943 3061 1030 3129 qui
1064 3029 1270 3126 legatus
1292 3059 1484 3114 missus
1511 3058 1678 3114 fuerat
1698 3060 1763 3114 ad
1792 3061 1923 3116 Sue-
1953 3055 1997 3117 C
2099 3059 2240 3114 Solis
2263 3059 2396 3113 facta
2425 3057 2656 3116 defectio
2676 3059 2763 3115 die
2789 3029 2931 3115 nono
2957 3056 3382 3124 kalJanuarias,
3407 3058 3494 3127 qui
3515 3057 3613 3112 fuit

343 3163 465 3211 vos,
494 3149 735 3204 residens
767 3150 960 3220 Mirtyli
993 3149 1262 3222 [Martyli],
1293 3151 1544 3207 obsessus
1571 3168 1599 3206 a
1625 3151 1844 3208 Rechila
1873 3154 1924 3207 in

343 3255 482 3310 pace
508 3257 566 3295 se
594 3240 834 3298 tradidit.

422 3329 586 3384 XVII.
629 3331 740 3385 Rex
776 3333 1096 3398 Suevorum,
1123 3332 1378 3388 diuturno
1411 3349 1505 3402 per
1526 3348 1696 3390 annos
1725 3347 1929 3405 septem

328 3421 543 3475 morbo
568 3421 818 3488 afﬂictus,
853 3425 1081 3478 moritur
1109 3424 1470 3481 Hermericus.

424 3512 543 3566 Rex
571 3512 785 3567 Bechila
816 3515 1017 3584 Hispali
1043 3517 1282 3582 obtenta,
1332 3518 1583 3572 Baticam
1613 3527 1669 3573 et
1713 3517 1935 3575 Cartha-

343 3602 649 3672 giniensem
674 3605 974 3671 provincias
1005 3606 1058 3658 in
1081 3622 1232 3660 suam
1261 3608 1457 3676 redigit
1483 3617 1823 3677 potestatem.

428 3698 699 3769 [Romana
718 3699 960 3754 Ecclesia
987 3699 1188 3754 XLIII
1217 3702 1455 3771 praesidet
1483 3703 1747 3771 episcopus
1777 3699 1935 3770 Lam]

427 3791 630 3845 Sabino
674 3793 930 3860 episcOpo
978 3793 1047 3847 de
1077 3794 1279 3863 llispali
1308 3793 1540 3849 factione
1590 3794 1840 3864 depulso,
1883 3795 1938 3848 in

345 3883 532 3936 locum
556 3882 672 3949 ejus
700 3882 1027 3951 Epiphanius
1053 3884 1330 3938 ordinatur
1360 3885 1568 3952 fraude,
1598 3900 1702 3940 non
1724 3887 1866 3955 jure.

430 3973 701 4037 Asturius,
720 3972 829 4026 dux
864 3975 1141 4043 utriusque
1171 3975 1392 4040 militia,
1420 3977 1484 4030 ad
1500 3978 1782 4045 Hispanias
1810 3978 1938 4032 mis«

348 4079 476 4130 sus,
531 4063 1015 4120 Tarraconensium
1069 4066 1234 4121 cadit
1295 4068 1694 4124 multitudinem
1739 4070 1941 4124 Bacau-

350 4155 571 4210 durum.

431 4244 616 4300 XVIII.
642 4245 878 4302 Cometa
912 4246 1060 4301 sidus
1087 4262 1348 4319 apparere
1379 4249 1563 4319 incipit
1607 4265 1793 4306 mense
1838 4251 1941 4306 De-

350 4339 598 4399 cembri;
628 4339 767 4408 quod
795 4355 886 4407 per
917 4353 1128 4393 menses
1155 4341 1358 4408 aliquot
1383 4327 1578 4407 visum,
1609 4342 1940 4410 subsequen-

2031 3150 2186 3206 tertia
2214 3150 2368 3204 feria.

2105 3244 2291 3300 XXIV.
2329 3245 2563 3317 (Olymp.
2608 3246 2825 3317 cccvn.)
2860 3246 3112 3311 Beehila,
3147 3259 3241 3300 rex
3271 3245 3564 3299 Suevorum
3593 3287 3612 3312 ,

2033 3335 2284 3391 Emerita
2311 3337 2528 3404 gentilis
2569 3339 2796 3392 moritur
2827 3353 3011 3393 mense
3057 3339 3295 3407 Augusto
3324 3354 3336 3388 :
3367 3337 3450 3390 cui
3481 3351 3610 3390 mox

2033 3429 2172 3484 ﬁlius
2200 3443 2329 3483 suus
2357 3430 2651 3485 catholicus
2680 3431 2992 3486 Bechiarius
3017 3429 3258 3484 succedit
3284 3429 3334 3483 in
3367 3443 3612 3498 regnum,

2034 3522 2308 3577 nonnullis
2331 3521 2546 3591 quidem
2570 3522 2671 3577 sibi
2702 3523 2768 3577 de
2788 3531 2946 3592 gente
2967 3535 3060 3576 sna
3083 3521 3310 3586 amulis,
3326 3520 3419 3573 sed
3451 3520 3614 3572 laten-

2033 3623 2145 3670 ter:
2171 3612 2393 3668 obteiito
2419 3621 2596 3668 tamen
2626 3615 2940 3682 regno,isine
2963 3627 3108 3667 mora
3140 3611 3423 3665 ulteriores
3439 3610 3615 3679 regio-

2036 3718 2133 3759 nes
2163 3703 2363 3758 invadit
2388 3704 2452 3758 ad
2484 3703 2735 3772 praedam.

2108 3795 2446 3849 Pascentium
2477 3793 2758 3864 quemdam
2783 3791 2930 3849 urbis
2950 3791 3136 3846 Roma
3157 3791 3246 3858 qui
3277 3791 3344 3844 de
3369 3791 3614 3844 Asturica

2038 3887 2340 3956 diffugerat,
2371 3885 2720 3940 lifanichaum
2766 3885 3064 3937 Antoninus
3090 3881 3373 3949 episcopus
3402 3881 3614 3933 Emeri-

2041 3989 2109 4034 ta
2147 3978 2573 4048 comprehendit,
2619 3978 2964 4048 auditumque
3016 3976 3177 4031 etiam
3225 3975 3292 4029 de
3344 3972 3618 4043 provincia

2042 4072 2313 4127 Lusitania
2346 4069 2474 4124 facit
2497 4069 2718 4139 expelli.

2115 4165 2219 4220 Per
2243 4161 2512 4234 Agiulfum
2539 4161 2743 4232 Hispali
2767 4161 3055 4216 Censorius
3080 4157 3372 4228 jugulatur.

2120 4254 2284 4310 XXV.
2318 4254 2629 4309 Rechiarius
2657 4262 2874 4320 accepta
2904 4252 2958 4307 in
2986 4252 3291 4320 conjugium
3325 4247 3618 4303 Theudoris

2043 4348 2186 4417 regis
2212 4346 2339 4410 ﬁlia,
2366 4347 2670 4412 auspicatus
2693 4345 2899 4398 initium
2923 4344 3091 4415 regni,
3110 4340 3395 4396 Vasconias
3415 4340 3618 4406 depra-

353 4430 434 4484 tis
458 4430 513 4483 in
544 4430 840 4498 pestilentia
871 4430 1035 4499 plaga
1061 4445 1182 4499 qua
1211 4430 1324 4487 fere
1350 4434 1402 4486 in
1434 4441 1544 4487 toto
1579 4434 1712 4488 orbe
1739 4433 1931 4489 diffusa
1968 4412 2019 4472 ί)
2044 4412 2203 4491 datur
2234 4449 2418 4489 mense
2448 4435 2759 4489 Februario.

352 4528 468 4584 est,
497 4523 752 4589 praemisit
783 4531 1073 4577 ostentum.

435 4612 1037 4682 Constantinopolitana
1097 4614 1343 4670 ecclesia
1395 4616 1620 4686 depulso
1689 4619 1937 4677 Nestorio

356 4703 619 4772 prasidet
645 4705 925 4771 episcopus
957 4704 1259 4759 Flavianus.

439 4792 578 4848 XIX.
612 4793 762 4862 (Eur.
797 4794 1120 4865 unccccnx.)
1145 4797 1362 4852 Asturio
1383 4800 1637 4868 magistro
1661 4802 1938 4871 utriusque

360 4882 953 4952 militia,generipsius
981 4899 1258 4941 successor
1290 4888 1388 4957 ipsi
1419 4891 1940 4959 mittiturjMerobau-

359 4975 476 5041 dis,
509 4985 631 5028 natu
659 4976 852 5030 nobilis
900 4986 953 5030 et
977 4977 1299 5046 eloquentia
1330 4981 1545 5046 merito,
1578 4983 1662 5036 vel
1707 4987 1941 5040 maxime

364 5071 424 5123 in
459 5070 720 5134 poematis
741 5068 916 5122 studio
938 5070 1210 5123 veteribus
1257 5073 1672 5140 comparandus,
1703 5078 1943 5132 testimo-

365 5160 464 5214 nio
493 5159 650 5213 etiam
676 5159 986 5226 provehitur
1014 5169 1328 5215 statuarum.
1360 5162 1517 5217 Brevi
1562 5172 1807 5232 tempore
1851 5180 1944 5234 po-

369 5251 583 5303 testatis
608 5265 718 5304 sua
748 5251 1227 5305 Aracellitanorum
1257 5251 1451 5322 frangit
1473 5255 1814 5310 insolentiam
1845 5257 1946 5310 Ba-

369 5342 690 5395 caudarum.
716 5340 839 5395 Mox
865 5343 1241 5396 nonnullorum
1282 5344 1478 5401 invidia
1510 5357 1851 5418 perurgente,
1882 5350 1946 5404 ad

371 5432 568 5488 urbem
599 5431 822 5487 Romam
853 5449 1004 5488 sacra
1036 5438 1394 5504 praceptione
1423 5451 1726 5494 revocatur.

452 5521 570 5577 XX.
604 5521 834 5593 (Olymp.
869 5527 1070 5592 cccvt.)
1101 5526 1448 5584 SebaStianus
1482 5531 1720 5600 illicquo
1758 5531 1946 5586 confu-

375 5622 552 5684 gerat,
581 5614 944 5684 deprehensus
965 5617 1066 5672 sibi
1096 5620 1321 5675 adversa
1359 5621 1552 5688 moliri,
1586 5637 1615 5677 e
1644 5622 1946 5678 Constanti-

2113 4529 2340 4584 Basilius
2367 4529 2438 4584 ob
2464 4525 2828 4582 testimonium
2859 4523 3054 4592 egregii
3086 4537 3247 4578 ausus
3276 4523 3358 4578 sui
3387 4537 3618 4593 congre-

2041 4623 2179 4690 gatis
2209 4619 2473 4676 Bacaudis
2503 4619 2557 4672 in
2594 4617 2821 4672 ecclesia
2850 4615 3172 4685 Tyriassone
3201 4614 3491 4670 foederatos
3521 4629 3618 4669 oc-

2043 4711 2216 4765 ctdit:
2259 4710 2345 4764 ubi
2384 4718 2438 4764 et
2484 4707 2593 4762 Leo
2631 4706 2872 4775 ejusdem
2910 4705 3157 4759 ecclesia
3198 4705 3501 4774 episcopus,
3552 4704 3620 4755 ab

2046 4802 2246 4856 eisdem
2273 4800 2363 4870 qui
2387 4815 2511 4854 cum
2543 4799 2738 4853 Basilio
2765 4797 3008 4862 aderant,
3043 4797 3094 4850 in
3123 4810 3189 4851 eo
3211 4796 3328 4850 loco
3349 4795 3479 4848 obiit
3502 4793 3619 4847 vul-

2045 4903 2278 4947 neratus.

2118 4984 2433 5040 Rechiarius
2474 4996 2657 5038 mense
2704 4981 2844 5037 Julio
2893 4980 2957 5035 ad
2989 4979 3322 5035 Theodoram
3373 4991 3618 5030 socerum

2048 5077 2339 5147 profectus,
2371 5076 2903 5145 Casaraugustanam
2943 5074 3218 5142 regionem
3261 5085 3380 5124 eum
3424 5069 3618 5122 Basilio

2047 5172 2098 5224 in
2144 5168 2318 5224 reditu
2349 5167 2706 5236 depradatur.
2749 5165 2950 5234 Irrupta
2983 5179 3076 5232 per
3121 5161 3304 5216 dolum
3359 5161 3617 5217 llerdensi

2047 5259 2198 5321 urbe,
2229 5267 2345 5312 acta
2373 5269 2454 5313 est
2481 5273 2585 5313 non
2617 5273 2774 5324 parva
2804 5255 3105 5324 captivitas.

2123 5349 2304 5404 XXVI.
2341 5349 2586 5405 Asturius
2626 5350 2705 5403 vir
2730 5348 2952 5402 illustris
2982 5346 3048 5401 ad
3074 5347 3332 5401 honorem
3365 5342 3615 5412 provehi-

2051 5449 2136 5496 tur
2165 5442 2495 5496 consulatus.

2121 5533 2467 5588 Sebastianus
2488 5531 2634 5585 exsul
2660 5530 2834 5584 factus
2857 5528 2922 5584 ad
2951 5530 3300 5599 perniciosam
3334 5529 3456 5595 sibi,
3486 5529 3616 5584 sicut

2051 5635 2173 5694 post
2199 5623 2370 5680 exitus
2411 5620 2607 5688 docuit,
2663 5619 2927 5677 Gaiserici
2975 5621 3209 5692 confugit
3255 5630 3614 5693 potestatem:
