4064 6190
433 254 540 313 883

1435 254 1646 312 IDATII
1685 255 1982 314 EPISCOPI
2021 257 2631 326 AQUJEFLAVIENSIS

3599 268 3707 322 83‘

430 381 598 436 parvo
629 374 748 438 post
792 372 1034 436 tempore
1061 379 1218 437 quam
1249 375 1472 422 venerat
1502 382 1597 437 per
1636 382 1758 423 eum
1798 367 2017 438 iubetur
2043 371 2093 430 A
2125 372 2323 426 Fronto
2347 373 2594 429 similiter
2620 387 2827 440 comes,
2859 375 3020 446 legati
3045 387 3143 447 pro
3168 389 3297 446 pace
3323 375 3612 432 mittuntur
3649 388 3708 434 et

430 460 625 516 occidi.

501 553 579 607 De
603 550 792 608 Galliis
819 551 1066 622 epistolae
1091 550 1410 608 deferuntur
1422 551 1662 608 Flaviani
1681 551 1916 624 episcopi
1942 554 2011 610 ad

425 645 660 702 Leonem
690 646 999 716 episcopum
1031 646 1232 711 missae,
1277 660 1399 700 cum
1428 647 1646 716 scriptis
1673 645 1858 718 Cyrilli
1898 649 2013 716 epi-

352 738 571 825 iqscopi
610 736 966 791 Alexandrini
1015 736 1081 790 ad
1131 736 1437 792 Nestorium
1467 735 2011 807 Constantinopolita-

420 845 550 884 num
573 828 641 883 de
667 827 968 896 Eutychete
989 827 1274 882 Hebionila
1299 828 1574 894 baeretico,
1601 836 1656 881 et
1674 827 1872 882 Leonis
1897 827 2010 896 epi-

419 919 567 990 scopi
595 920 660 974 ad
682 920 930 974 eumdem
958 934 1241 988 responsa,
1264 934 1386 990 qua:
1406 933 1527 974 cum
1557 919 1783 973 aliorum
1802 920 2008 988 episco-

419 1027 611 1079 porum
642 1022 699 1068 et
733 1011 899 1083 gestis
951 1021 1004 1067 et
1067 1012 1282 1081 scriptis
1326 1026 1424 1082 per
1452 1011 1709 1066 ecclesias
1765 1010 2010 1082 dirigun-

419 1112 523 1157 tur.

490 1192 705 1248 XXVII.
737 1193 1076 1250 Theodosius
1120 1194 1408 1263 imperator
1434 1193 1662 1249 moritur
1699 1192 2008 1250 Constanti-

417 1285 599 1355 nopoli
631 1301 772 1340 anno
809 1287 986 1340 aetatis
1022 1301 1135 1340 suae
1162 1286 1574 1356 quadragesimo
1602 1295 1815 1341 octavo.

489 1376 618 1430 Post
658 1392 817 1446 quem
861 1376 1024 1430 XLIII
1069 1379 1249 1430 statim
1301 1376 1442 1445 apud
1483 1376 2004 1446 Constantinopolim

419 1468 732 1523 MARCIANUS
762 1482 792 1522 a
819 1468 1079 1523 militibus
1099 1476 1153 1522 et
1175 1468 1242 1522 ab
1267 1469 1528 1535 exercitu,
1560 1469 1793 1524 instante
1818 1483 2007 1524 sorore

423 1558 714 1614 Theodosii
749 1559 1029 1614 Pulcheria
1057 1557 1265 1628 regina,
1297 1558 1527 1614 efficitur
1554 1559 1864 1628 imperator.
1891 1559 2005 1627 Qua

419 1648 522 1705 sibi
553 1650 606 1704 in
627 1647 936 1721 coniugium
951 1658 1252 1720 assumpta,
1269 1657 1456 1719 regnat
1485 1649 1538 1703 in
1550 1649 1792 1719 partibus
1815 1650 2007 1706 Orien-

420 1744 509 1799 tis.

489 1832 728 1890 XXVIII.
762 1833 996 1906 (Olymp.
1025 1831 1635 1906 cccvtu.)Valentiniani
1664 1832 2003 1904 imperatoris

419 1935 593 1980 mater
614 1925 852 1980 Placidia
883 1929 1113 1982 moritur
1138 1926 1282 1994 apud
1312 1925 1560 1981 Romam.

489 2018 549 2073 In
604 2019 854 2075 Callaecia
902 2027 1245 2074 terrmmotus
1285 2019 1506 2085 assidui,
1574 2020 1724 2090 signa
1781 2018 1835 2073 in
1867 2019 2008 2075 coelo

419 2113 649 2182 plurima
681 2113 1061 2168 ostenduntur.
1095 2111 1226 2165 Nam
1259 2111 1434 2182 pridie
1465 2126 1634 2166 nonas
1664 2110 1868 2181 Aprilis
1900 2119 2009 2166 ter-

420 2205 491 2260 tia
526 2205 676 2273 feria,
707 2213 828 2275 post
850 2206 981 2260 solis
1008 2219 1281 2271 occasum,
1312 2203 1380 2258 ab
1405 2203 1686 2274 Aquilonis
1715 2203 1870 2274 plaga
1896 2217 2008 2259 cm-

419 2297 530 2351 lum
563 2297 763 2352 rubens
808 2297 947 2352 sicut
994 2297 1130 2368 ignis
1159 2305 1250 2350 aut
1287 2295 1505 2364 sanguis
1532 2293 1782 2363 efficitur,
1839 2298 2007 2350 inter-

418 2387 600 2442 mixtis
649 2403 745 2458 per
791 2387 1006 2458 igneum
1059 2387 1312 2442 ruborem
1381 2386 1538 2442 lineis
1582 2386 1900 2441 clarioribus
1951 2387 2008 2442 in

417 2484 654 2550 speciem
705 2481 976 2536 hastarum
1022 2481 1361 2536 rutilantium
1410 2479 1728 2536 deformatis
1776 2497 1791 2534 :
1840 2497 1871 2535 a
1919 2479 2008 2537 die

418 2573 603 2627 clauso
629 2586 795 2643 usque
817 2572 869 2626 in
900 2570 1086 2626 horam
1115 2572 1288 2628 noctis
1314 2569 1428 2626 fere
1449 2570 1664 2625 tertiam
1683 2569 1822 2641 signi
1848 2569 2009 2626 durat

419 2666 678 2730 ostensio,
711 2680 832 2735 qua:
860 2681 984 2720 mox
1015 2665 1214 2736 ingenti
1242 2663 1390 2720 exitu
1418 2663 1762 2734 perdocetur.

489 2756 634 2812 Gens
660 2757 972 2812 Hunnorum
1000 2772 1136 2828 pace
1163 2766 1316 2826 rupta
1343 2755 1682 2826 depraedatur
1703 2757 2008 2826 provincias

419 2845 714 2902 Galliarum
751 2865 764 2901 :
799 2847 1042 2916 plurimm
1088 2848 1334 2903 civitates
1386 2847 1644 2913 effracta,
1691 2847 1745 2902 in
1799 2849 2007 2918 campis

419 2940 798 3009 Catalaunicis,
831 2940 971 2996 haud
1008 2940 1163 3011 longe
1192 2941 1260 2996 de
1311 2941 1529 2996 civitate
1575 2954 1735 3010 quam
1778 2939 2007 3010 effrege-

418 3041 558 3098 rant,
589 3031 792 3098 Mertis,
848 3031 1008 3088 Aetio
1056 3031 1177 3086 duci
1226 3039 1281 3086 et
1330 3030 1444 3101 regi
1473 3029 1763 3094 Theodori,
1811 3029 2005 3100 quibus

2123 461 2372 518 obtinent
2397 464 2736 520 conditiones
2762 464 3054 536 iniunctas.

2187 554 2496 621 Thorismo,
2527 571 2626 611 rex
2650 555 2971 623 Gothorum,
3002 558 3217 626 spirans
3237 557 3451 614 hosﬁlia
3475 574 3500 610 a
3523 558 3708 615 Then-

2115 644 2299 702 dorico
2326 656 2381 703 et
2408 645 2696 704 Frederico
2715 646 2970 705 fratribus
2993 649 3266 719 iugulatur
3291 666 3304 702 :
3335 649 3420 704 cui
3449 648 3706 706 Theode-

2115 736 2260 792 ricus
2298 737 2540 794 succedit
2570 740 2624 794 in
2655 753 2844 810 regno.

2182 825 2356 883 XXX.
2380 828 2566 883 Tertio
2590 828 2742 900 regni
2762 843 2908 884 anno
2937 829 3195 901 principis
3225 830 3476 886 Marciani
3507 832 3695 902 regina

2111 919 2340 975 moritur
2367 920 2650 976 Pulcheria
2684 936 2870 976 mense
2891 921 3056 977 Julio.

2184 1010 2286 1066 Per
2334 1011 2677 1068 Fredericum
2737 1012 3058 1068 Theudorici
3114 1013 3257 1083 regis
3313 1011 3534 1068 fratrem
3594 1014 3696 1068 Ba-

2110 1101 2296 1157 caudae
2323 1103 2758 1159 Tarraconenses
2785 1102 3066 1159 caeduntur
3117 1119 3185 1160 ex
3231 1105 3554 1173 auctoritate
3581 1104 3696 1160 Ro-

2109 1208 2290 1250 mana.

2181 1283 2237 1338 In
2262 1283 2515 1341 Callaecia
2544 1294 2904 1355 terraemotus,
2931 1294 2987 1342 et
3025 1287 3077 1342 in
3107 1285 3224 1342 sole
3247 1285 3454 1357 signum
3480 1288 3530 1342 in
3550 1296 3693 1352 ortu,

2109 1375 2260 1445 quasi
2286 1376 2459 1432 altero
2485 1390 2668 1432 secum
2693 1387 3041 1433 concertante
3067 1385 3421 1433 monstratur.

2179 1465 2371 1523 Aetius
2397 1467 2504 1523 dux
2531 1479 2586 1524 et
2617 1469 2872 1538 patricius
2896 1469 3260 1525 fraudulenter
3286 1470 3578 1539 singularis
3601 1485 3695 1527 ac-

2108 1558 2248 1614 citus
2279 1559 2418 1614 intra
2451 1560 2706 1628 palatium
2736 1578 2898 1618 manu
2927 1563 3095 1632 ipsius
3116 1562 3478 1618 Valentiniani
3525 1564 3696 1634 impe-

2109 1651 2306 1706 ratoris
2335 1650 2619 1708 occiditur.
2667 1653 2735 1708 Et
2782 1668 2904 1709 cum
2947 1653 3064 1724 ipso
3093 1669 3190 1723 per
3237 1654 3535 1723 spatarium
3577 1655 3698 1725 eius

2040 1745 2088 1805 B
2115 1744 2278 1814 aliqui
2301 1745 2643 1816 singulariter
2671 1747 2963 1802 intromissi
2991 1747 3308 1818 iugulantur
3329 1747 3604 1802 honorati.

2188 1835 2279 1890 His
2307 1837 2476 1906 gestis
2502 1838 2706 1907 legatos
2739 1836 3148 1894 Valentinianus
3197 1838 3358 1892 mittit
3385 1837 3451 1892 ad
3481 1849 3692 1909 gentes,

2112 1940 2177 1982 ex
2207 1927 2402 1997 quibus
2428 1928 2495 1983 ad
2521 1929 2728 1986 Suevos
2751 1929 2899 1985 venit
2922 1929 3274 1986 Justinianus.

2182 2019 2376 2075 XXXI.
2404 2021 2608 2088 Quarto
2652 2024 2804 2092 regni
2848 2036 2990 2077 anno
3037 2023 3291 2092 principis
3318 2021 3568 2077 Marciani
3599 2037 3694 2093 per

2110 2110 2245 2168 duos
2273 2112 2529 2169 barbaros
2567 2113 2708 2169 Aetii
2738 2113 3032 2171 familiares
3066 2113 3477 2170 Valentinianus
3505 2115 3692 2169 Roma:

2109 2202 2404 2273 imperator
2428 2206 2692 2276 occiditur
2721 2205 2773 2261 in
2811 2220 3025 2276 campo,
3057 2206 3295 2261 exemita
3341 2207 3694 2260 circumstan-

2110 2305 2185 2364 te,
2224 2311 2368 2352 anno
2395 2299 2568 2354 aetatis
2594 2311 2706 2353 sua:
2732 2313 2915 2362 xxxvi,
2946 2305 3001 2352 et
3024 2299 3171 2367 regni
3205 2313 3352 2354 xxxi.
3378 2296 3508 2351 Post
3531 2311 3693 2366 quem

2110 2401 2236 2443 mox
2265 2387 2527 2443 Maximus
2566 2403 2634 2443 ex
2661 2388 2974 2444 consulibus
3002 2403 3130 2443 xwt
3184 2385 3372 2442 Romae
3425 2389 3692 2456 Augustus

2109 2479 2448 2550 appellatur:
2475 2479 2567 2550 qui
2597 2494 2720 2535 cum
2769 2480 3062 2549 imperator
3111 2479 3281 2534 factus
3314 2478 3556 2535 relictam
3588 2478 3694 2533 Va-

2110 2570 2388 2627 lentiniani
2417 2571 2521 2627 sibi
2548 2571 2797 2628 duxisset
2827 2586 3073 2636 uxorem,
3098 2578 3155 2627 et
3174 2570 3282 2625 ﬁlio
3303 2583 3404 2625 suo
3425 2584 3490 2624 ex
3515 2569 3694 2638 priore

2108 2664 2336 2735 conjuge
2387 2664 2626 2721 Palladio
2675 2679 2834 2736 quem
2887 2663 3156 2720 Caesarem
3203 2663 3426 2728 fecerat,
3459 2661 3693 2718 Valenti-

2109 2757 2256 2812 niani
2284 2757 2449 2813 filiam
2476 2759 2528 2813 in
2550 2758 2857 2827 coniugium
2883 2755 3211 2822 tradidisset,
3237 2769 3555 2824 magnorum
3575 2767 3695 2808 mo-

2108 2855 2258 2904 tuum
2300 2862 2437 2918 quos
2485 2850 2793 2914 verebatur,
2853 2848 3258 2918 perturbatione
3309 2845 3592 2912 distortus,
3640 2852 3693 2898 et

2107 2940 2234 3010 quia
2263 2939 2315 2994 in
2361 2940 2663 2996 occisorum
2706 2955 2803 3008 per
2836 2938 3290 3003 Valentinianum,
3336 2945 3391 2992 ct
3441 2936 3497 2992 in
3527 2936 3696 3006 ipsius

2108 3028 2386 3086 interitum
2412 3029 2796 3097 Valentiniani,
2844 3030 3046 3085 ambitu
3099 3029 3252 3100 regni
3293 3027 3516 3084 consilia
3565 3041 3695 3083 sce-

418 3125 610 3178 eratin
633 3138 762 3194 pace
788 3124 1039 3185 societas.
1065 3131 1252 3193 aperto
1280 3130 1452 3177 marte
1477 3120 1793 3191 confligens,
1816 3119 2003 3177 divino
2028 3110 2074 3173 C
2107 3121 2242 3177 lesta
2288 3130 2494 3192 patrata
2549 3122 2873 3189 contulerat,
2927 3135 3051 3177 cum
3099 3120 3385 3190 imperium
3431 3117 3694 3174 deserere

419 3230 559 3271 caesa
589 3227 871 3284 superatur
897 3214 1096 3272 auxilio
1131 3233 1144 3268 :
1175 3215 1372 3270 bellum
1407 3229 1513 3271 nox
1568 3213 1893 3283 intempesta
1921 3212 2005 3269 di-

419 3307 598 3362 remit.
655 3307 770 3362 Rex
825 3309 936 3362 illic
988 3307 1302 3363 Theodores
1361 3315 1663 3378 prostratus
1706 3306 2000 3361 occubuit:

420 3416 518 3456 ccc
549 3400 721 3455 ferme
746 3401 907 3455 millia
939 3400 1215 3464 hominum
1242 3399 1296 3456 in
1321 3414 1388 3455 eo
1418 3398 1716 3455 certamine
1737 3397 2003 3455 cecidisse

420 3502 808 3548 memorantur.

490 3587 652 3642 Multa
684 3602 826 3643 anno
856 3587 1006 3657 signa
1038 3584 1357 3657 procedunt.
1389 3584 1587 3653 Quinto
1613 3584 1722 3640 kal.
1753 3584 2003 3642 Octobris

418 3693 448 3734 a
480 3688 634 3751 parte
679 3678 914 3736 Orientis
945 3679 1070 3734 luna
1110 3677 1370 3734 fuscatur.
1422 3677 1482 3734 In
1508 3677 1698 3734 diebus
1727 3679 2002 3748 sequentis

419 3772 632 3842 paschae
660 3773 772 3827 visa
797 3772 1037 3842 quredam
1066 3770 1118 3826 in
1157 3770 1298 3827 coelo
1328 3770 1638 3841 regionibus
1683 3770 1998 3839 Galliarum,

416 3865 646 3935 epistola
675 3865 742 3920 de
774 3865 854 3919 his
882 3863 1122 3919 Eufronii
1152 3864 1649 3934 Augustodunensis
1668 3865 1906 3933 episcopi
1935 3865 2002 3919 ad

417 3957 770 4028 Agrippinum
801 3957 1052 4012 comitem
1084 3954 1224 4011 facta
1251 3956 1527 4010 evidenter
1555 3956 1809 4011 ostendit.
1836 3955 1999 4012 Stella

416 4056 653 4102 cometes
683 4062 714 4102 a
743 4047 953 4102 decimo
995 4057 1187 4117 quarto
1228 4044 1343 4100 Ital.
1378 4045 1548 4101 Julias
1575 4060 1837 4115 apparere
1867 4046 2002 4100 inci-

414 4141 516 4210 pit,
545 4157 663 4210 quae
693 4156 750 4195 ut
775 4139 884 4195 kal.
911 4140 1148 4195 diluculo
1170 4139 1237 4195 ab
1265 4139 1486 4195 Oriente
1508 4140 1642 4205 visa,
1673 4149 1796 4209 post
1841 4154 2000 4195 occa-

416 4247 538 4287 sum
569 4232 700 4286 solis
745 4232 812 4285 ab
841 4230 1062 4285 occidua
1095 4239 1244 4299 parte
1283 4245 1409 4284 mox
1437 4230 1696 4285 cernitur.
1745 4229 2001 4286 Kalendis

412 4324 638 4393 Augusti
661 4339 690 4377 a
723 4331 874 4392 parte
899 4321 1190 4376 occidentis
1221 4329 1464 4391 apparet.

486 4413 677 4471 Occiso
705 4413 991 4470 Theodore
1018 4412 1304 4469 Thorismo
1338 4409 1476 4466 filius
1504 4411 1620 4481 eius
1659 4411 1902 4470 succedit
1944 4413 1996 4468 in

412 4521 601 4576 regno.

487 4599 665 4653 Hunni
719 4614 841 4654 cum
887 4613 1014 4669 rege
1068 4614 1168 4654 suo
1202 4599 1382 4665 Attila,
1415 4597 1616 4654 relictis
1645 4597 1834 4654 Galliis
1884 4605 2004 4668 post

412 4699 710 4760 certamen,
738 4691 943 4746 Italiam
977 4701 1182 4758 petunt.

485 4783 678 4840 XXIX.
700 4783 852 4854 (Eua.
871 4785 1216 4854 nuccccnxr.)
1241 4785 1490 4841 Secundo
1511 4784 1658 4853 regni
1680 4798 1823 4839 anno
1853 4785 1999 4853 prin-

415 4877 552 4947 cipis
577 4877 851 4941 Marciani,
883 4875 1057 4931 Hunni
1092 4878 1181 4946 qtti
1221 4876 1430 4931 Italiam
1461 4877 1860 4948 praedabantur,
1902 4877 2002 4931 ali-

410 4971 624 5040 quantis
652 4971 813 5026 etiam
844 4969 1156 5026 civitatibus
1200 4969 1444 5038 irruptis,
1490 4968 1747 5024 divinitus
1801 4968 1996 5037 partim

410 5063 575 5130 fame,
611 5064 803 5132 partim
860 5064 1051 5118 morbo
1081 5062 1312 5133 quodam
1346 5063 1514 5133 plagis
1562 5062 1878 5119 caelestibus
1917 5062 1996 5117 fe-

409 5157 623 5211 riuntur
647 5173 660 5210 :
687 5155 865 5210 missis
880 5155 1039 5209 etiam
1066 5169 1158 5224 per
1180 5154 1507 5208 Marcianum
1532 5153 1825 5223 principem
1845 5155 2000 5210 Aetio

411 5249 551 5303 duce
575 5246 855 5302 caeduntur
884 5247 1127 5312 auxiliis;
1155 5246 1463 5315 pariterque
1489 5245 1540 5298 in
1565 5244 1783 5300 sedibus
1808 5244 1921 5300 suis
1945 5254 2000 5300 et

410 5339 722 5395 coelestibus
751 5338 944 5409 plagis,
973 5349 1026 5393 et
1056 5353 1152 5407 per
1192 5336 1446 5390 Marciani
1493 5334 1814 5405 subiguntur
1844 5351 1999 5391 exer-

409 5433 577 5488 citum
610 5449 625 5486 :
655 5440 710 5487 et
736 5431 807 5485 ita
837 5430 1065 5495 subacti,
1093 5443 1228 5499 pace
1260 5427 1396 5482 facta
1428 5441 1549 5481 cum
1589 5425 1846 5481 Romanis
1876 5441 1995 5496 pro-

410 5526 555 5594 prias
605 5521 840 5578 universi
883 5528 1133 5590 repetunt
1178 5518 1356 5584 sedes,
1389 5516 1456 5572 ad
1501 5531 1635 5588 quas
1682 5533 1780 5573 rex
1809 5532 1996 5574 eorum

412 5616 575 5672 Attila
604 5629 728 5670 mox
757 5629 1013 5670 reversus
1040 5613 1266 5667 interiit.

481 5707 565 5765 Ad
615 5707 819 5763 Suevos
870 5706 1178 5762 Mansuetus
1234 5717 1418 5761 comes
1472 5702 1884 5773 Hispaniarum.
1940 5709 1993 5757 et

2105 3213 2270 3269 vellet
2299 3223 2355 3270 et
2386 3213 2634 3280 Romam,
2676 3214 2769 3268 vix
2818 3220 3049 3283 quatuor
3095 3211 3247 3281 regni
3286 3210 3370 3265 sui
3416 3209 3694 3264 mensibus

2104 3307 2353 3377 expletis,
2386 3305 2442 3362 in
2467 3307 2582 3378 ipsa
2609 3307 2744 3364 urbe
2770 3306 2999 3362 tumultu
3030 3305 3209 3378 populi
3230 3312 3287 3362 et
3307 3301 3575 3359 seditione
3600 3316 3695 3358 oc-

2105 3398 2306 3453 ciditur
2334 3397 2574 3453 militari.

2177 3488 2299 3557 Ipso
2325 3503 2466 3544 anno
2493 3489 2545 3543 in
2569 3488 2760 3545 Galliis
2773 3489 2961 3544 Avitus
2982 3487 3165 3545 Gallus
3187 3487 3324 3542 civis
3348 3485 3418 3541 ab
3438 3485 3688 3542 exercitu

2105 3578 2380 3634 Gallicana
2407 3589 2463 3635 et
2501 3580 2570 3635 ab
2599 3581 2899 3648 honoratis,
2954 3580 3185 3650 primum
3221 3577 3457 3640 Tolosae,
3494 3575 3694 3632 dehinc

2104 3671 2243 3741 apud
2273 3671 2550 3727 Areiatum
2593 3674 2862 3742 Augustus
2891 3669 3215 3741 appellatus,
3257 3667 3485 3724 Romam
3517 3667 3694 3738 pergit

2104 3770 2161 3818 et
2183 3763 2493 3832 suscipitur.

2179 3853 2356 3925 Usque
2367 3855 2432 3910 ad
2448 3853 2879 3910 Valentinianum
2904 3851 3190 3909 Theodosii
3210 3851 3491 3922 generatio
3512 3850 3692 3906 tenuit

2105 3948 2490 4018 principatum.

2176 4038 2538 4093 Romanorum
2570 4036 2754 4103 XLIII,
2797 4037 3109 4092 Mancunus
3150 4044 3342 4107 quarto
3375 4035 3490 4106 iam
3536 4035 3690 4106 regni

2103 4128 2187 4183 sui
2219 4142 2362 4182 anno
2391 4127 2599 4182 obtinet
2619 4126 3008 4182 monarcbiam.

2175 4220 2216 4275 l.
2244 4219 2480 4292 (Olymp.
2507 4217 2704 4285 eccm.)
2737 4217 2839 4274 Per
2874 4219 3110 4282 Avitum,
3145 4217 3235 4287 qui
3281 4231 3310 4271 a
3337 4214 3598 4273 Romanis
3627 4223 3690 4271 et

2105 4321 2360 4369 evocatus
2411 4321 2466 4366 et
2515 4320 2801 4379 susceptus
2849 4309 3024 4364 fuerat
3069 4310 3383 4379 imperator,
3413 4307 3578 4378 legati
3621 4307 3692 4362 ad

2106 4405 2432 4459 Marcianum
2461 4417 2560 4472 pro
2587 4402 2940 4457 unanimitate
2965 4401 3249 4455 mittuntur
3275 4400 3508 4468 imperii.

2027 4486 2082 4548 D
2175 4493 2486 4552 Gaisericus
2538 4494 2854 4550 sollicitatus
2903 4508 2933 4546 a
2979 4493 3166 4548 relicta
3207 4490 3584 4554 Valentiniani.
3632 4498 3694 4546 ut

2105 4588 2306 4644 malum
2343 4587 2480 4642 fama
2519 4586 2797 4656 dispergit,
2839 4585 2991 4654 prius
3027 4599 3187 4654 quam
3224 4582 3414 4638 Avitus
3432 4594 3696 4651 angustus

2107 4679 2280 4745 fieret,
2312 4679 2537 4734 Romam
2566 4677 2880 4748 ingreditur,
2913 4675 3243 4744 direptisque
3271 4673 3465 4741 opibus
3491 4671 3695 4726 Roma-

2106 4786 2299 4828 norum
2348 4769 2723 4840 Carthaginem
2754 4768 2918 4834 redit,
2958 4766 3204 4822 relictam
3231 4764 3600 4820 Valentiniani
3637 4771 3693 4817 et

2105 4862 2242 4917 tilias
2261 4861 2415 4931 duas,
2433 4869 2487 4918 et
2509 4860 2653 4917 Aetii
2669 4859 2832 4915 illium
2855 4857 3210 4915 Gaudentium
3235 4855 3474 4923 nomine,
3505 4869 3693 4912 secum

2103 4955 2339 5105 “sit:
2360 5047 2837 5116 Carthaginienses
2862 5043 3109 5114 regiones
3134 5055 3266 5112 quas
3286 5039 3547 5094 Romanis
3567 5037 3690 5094 1·οό-

2102 5141 2371 5208 diderant,
2397 5140 2799 5212 deprazdantur.

2173 5234 2474 5290 Marcianus
2502 5241 2557 5288 et
2585 5232 2778 5286 Avitus
2799 5226 3100 5285 concordes
3127 5224 3430 5295 principatu
3455 5221 3686 5278 Romani

2103 5335 2328 5382 utuntur
2356 5323 2586 5395 imperii.

2173 5421 2274 5474 Per
2303 5425 2582 5488 augustum
2615 5414 2833 5470 Avitum
2865 5411 3066 5466 Fronto
3103 5422 3289 5463 comes
3328 5406 3540 5476 legatus
3567 5409 3686 5459 mit~

2101 5514 2231 5568 titur
2253 5509 2321 5565 ad
2352 5509 2576 5567 Suevos.
2605 5505 2865 5564 Similiter
2891 5511 2948 5559 et
2967 5517 2996 5556 a
3024 5515 3154 5570 rege
3181 5497 3480 5555 Gothorum
3506 5497 3684 5551 Theu-

2102 5603 2318 5667 dorico;
2349 5599 2644 5671 quia'lidus
2671 5598 2916 5653 Romano
2943 5601 3092 5649 esset
3131 5591 3381 5662 imperio,
3425 5589 3588 5660 legati
3617 5587 3682 5645 ad

2101 5695 2320 5755 eosdem
2343 5693 2649 5751 mittuntur.
2676 5698 2736 5745 ut
2764 5697 2872 5745 tam
2895 5699 3077 5744 secum
3104 5697 3264 5752 quam
3287 5697 3412 5738 cum
3441 5680 3682 5736 Romam
