4064 6190
296 295 396 352 εδδ

1724 282 2137 341 CIIRONICON.

3463 298 3566 354 886

297 410 540 481 imperio,
574 409 699 481 quia
728 423 836 465 uno
863 417 1044 465 essent
1074 406 1221 477 pacis
1269 405 1471 463 findere
1497 402 1753 473 cepulati,
1783 401 1869 470 ju-
1901 399 1953 457 Α
2049 397 2258 454 Aiulfus
2286 400 2542 459 deserens
2570 403 2775 461 Gothos
2797 405 2850 460 in
2872 405 3124 465 Callaecia
3148 411 3367 468 residet.

298 505 398 559 rati
450 501 665 557 foederis
721 501 982 569 promissa
1033 505 1334 554 servarent.
1382 497 1644 553 Demissis
1691 494 1878 564 legatis

298 593 575 660 utriusque
616 592 786 661 partis
831 603 993 662 atque
1039 589 1186 645 omni
1233 589 1372 658 juris
1418 589 1629 644 ratione
1659 585 1877 646 violata,

298 685 460 742 Suevi
487 684 951 739 Tarraconensem
982 683 1311 754 provinciam
1342 696 1462 752 quae
1507 679 1751 735 Romano
1783 679 1881 731 im-

299 778 447 848 perio
473 774 832 840 deserviebat,
862 774 1139 828 invadunt.

371 874 444 927 De
470 873 751 928 Erulorum
774 883 936 942 gente
962 880 1170 939 septem
1202 867 1426 924 navibus
1455 866 1508 921 in
1541 862 1765 919 Lucensi
1796 862 1884 916 lit-

298 973 416 1019 tore
446 964 700 1032 aliquanti
730 962 963 1026 advecti,
993 961 1091 1014 viri
1134 959 1303 1014 ferme
1335 972 1465 1014 cccc
1494 954 1749 1026 expediti,
1785 969 1881 1007 su-

299 1065 562 1125 perventu
592 1054 946 1110 multitudinis
972 1062 1310 1122 congregatae
1348 1050 1555 1105 duobus
1583 1057 1788 1101 tantum
1819 1060 1886 1099 ex

299 1161 398 1200 suo
426 1161 653 1201 numero
680 1145 982 1214 effugautur
1009 1143 1224 1210 occisis,
1250 1143 1339 1212 qui
1365 1141 1432 1194 ad
1456 1140 1614 1195 sedes
1640 1136 1884 1205 proprias

300 1237 613 1303 redeuntes,
642 1236 1048 1292 Cantabriarum
1080 1245 1132 1288 et
1160 1232 1558 1288 Vardulliarum
1587 1230 1702 1285 loca
1727 1226 1888 1282 mari-

301 1331 430 1384 tima
453 1329 824 1383 crudelissime
844 1326 1139 1396 depraedati
1160 1335 1306 1380 sunt.

375 1422 561 1491 Legati
591 1421 888 1476 Gothorum
917 1436 1131 1476 rursum
1158 1420 1385 1474 veniunt
1410 1418 1475 1473 ad
1498 1417 1704 1475 Suevos
1728 1436 1742 1472 :
1769 1428 1891 1489 post

302 1529 531 1584 quorum
570 1513 858 1567 adventum
909 1527 1005 1566 rex
1049 1511 1348 1566 Suevorum
1397 1509 1715 1565 Rechiarius
1767 1526 1889 1564 cum

303 1622 497 1677 magna
540 1621 758 1660 suorum
785 1604 1129 1658 multitudine
1155 1604 1402 1673 regiones
1435 1603 1722 1672 provincia:
1753 1602 1888 1656 Tar-

303 1696 620 1752 raconensis
647 1696 868 1762 invadit,
893 1703 1008 1750 acta
1036 1695 1142 1748 illic
1165 1694 1588 1763 deprzedatione,
1621 1703 1674 1749 et
1701 1693 1889 1763 grandi

305 1791 372 1844 ad
404 1789 706 1844 Galiasciam
730 1787 1036 1856 captivitate
1068 1786 1318 1841 deducta.

380 1881 501 1934 Mox
533 1880 813 1948 Hispanias
867 1894 960 1933 rex
1009 1877 1308 1933 Gothorum
1340 1876 1716 1933 Theudoricus
1767 1879 1896 1932 cum

305 1972 512 2043 ingenti
535 1972 775 2025 exercitu
796 1984 916 2039 suo,
947 1979 1145 2025 etcum
1173 1971 1448 2026 voluntate
1473 1978 1526 2026 et
1554 1970 1894 2026 ordinatione

304 2064 455 2120 Aviti
497 2063 837 2133 imperatoris
887 2064 1204 2133 ingreditur.
1251 2063 1350 2118 Cui
1397 2054 1519 2118 cum
1552 2063 1894 2118 multitudine

305 2155 609 2212 Suevorum
640 2170 732 2208 rex
784 2154 1099 2211 Rechiarius
1138 2169 1426 2212 occurrens
1456 2155 1777 2210 duodecimo
1827 2157 1895 2210 de

306 2246 643 2302 Asturicensi
671 2246 804 2301 urbe
834 2247 1104 2312 milliario,
1134 2247 1199 2300 ad
1232 2245 1450 2300 fluvium
1483 2249 1700 2301 nomine
1739 2245 1897 2302 Urbi-

305 2353 456 2404 cum,
489 2339 646 2392 tertio
677 2353 846 2393 nonas
867 2337 1116 2394 Octobris
1140 2339 1246 2404 die,
1267 2347 1418 2394 sexta
1447 2338 1576 2394 feria
1617 2340 1749 2394 inito
1773 2353 1896 2394 mox

307 2430 608 2484 certamine
634 2439 919 2499 superatur
946 2448 958 2483 :
990 2431 1144 2486 caesis
1187 2445 1406 2485 suorum
1443 2430 1766 2500 agminibus,
1799 2431 1899 2484 ali-

308 2522 526 2589 quantis
557 2523 750 2590 captis,
797 2521 1148 2591 plurimisque
1195 2521 1412 2591 fugatis,
1456 2523 1571 2590 ipse
1613 2522 1680 2577 ad
1721 2533 1900 2578 extre-

309 2629 428 2667 mas
459 2613 616 2668 sedes
647 2613 912 2669 Callaeciae
942 2616 1181 2685 plagatus
1209 2617 1298 2670 vix
1324 2616 1503 2670 evadit
1535 2630 1597 2670 ac
1623 2615 1898 2685 profugus.

382 2705 724 2761 Theudorico
746 2722 874 2775 rege
903 2723 1022 2762 cum
1044 2709 1286 2763 exercitu
1307 2709 1372 2762 ad
1403 2708 1690 2764 Bracaram
1722 2718 1901 2764 extre-

308 2811 457 2850 mam
490 2797 770 2851 civitatem
819 2796 1086 2853 Callaecia:
1133 2799 1507 2868 pertendeute,
1559 2801 1746 2870 quinto
1789 2799 1899 2856 kal.

307 2888 580 2944 Novemb.
603 2887 694 2943 die
715 2889 1006 2955 dominico,
1030 2891 1133 2944 etsi
1156 2891 1454 2958 incruenta,
1487 2891 1547 2945 fit
1569 2899 1748 2946 tamen
1771 2893 1904 2947 satis

307 2987 508 3034 incesta
548 2988 603 3033 et
643 2978 1007 3048 lacrymabilis
1060 2979 1303 3048 ejusdem
1360 2979 1593 3050 direptio
1645 2980 1902 3035 civitatis.

306 3070 681 3125 Romanorum
728 3086 922 3142 magna
975 3071 1153 3142 agitur-
1203 3072 1487 3140 captivitas
1536 3073 1900 3143 captivorum,

2057 493 2216 548 Suevi
2257 495 2347 562 qui
2396 507 2767 551 remanserant
2812 497 2865 552 in
2909 507 3151 556 extrema
3193 512 3341 572 parte
3373 504 3570 560 Gallae-

1985 583 2102 649 ciar,
2136 583 2388 640 Massiliae
2439 584 2606 641 filium
2658 588 2875 645 nomine
2923 591 3181 649 Maldram
3230 595 3332 650 sibi
3385 611 3565 666 regem

1984 677 2335 732 constituunt.

2056 768 2428 825 Theudoricus
2456 771 2746 827 Emeritam
2792 772 3095 842 depraedari
3144 775 3347 843 volens,
3399 776 3569 833 beata:

1987 859 2209 914 Eulalia:
2233 863 2483 932 martyris
2513 874 2744 918 terretur
2773 865 3027 920 ostentis.

2057 952 2145 1008 lli.
2171 953 2360 1008 Avitus
2388 956 2547 1009 tertio
2594 971 2736 1011 anno
2763 971 2950 1025 poswa
2998 972 3158 1027 quam
3203 971 3233 1010 a
3264 955 3434 1012 Gallis
3461 970 3520 1012 et
3541 975 3570 1011 a

1989 1047 2176 1103 Gothis
2199 1047 2370 1103 factus
2394 1048 2568 1103 fuerat
2591 1051 2901 1119 imperator,
2925 1060 3076 1105 caret
3097 1051 3344 1121 imperio,
3367 1050 3573 1105 Gotho-

1990 1154 2108 1194 rum
2141 1140 2410 1208 promisso
2439 1139 2730 1194 destitutus
2751 1141 2972 1208 auxilio,
2999 1153 3143 1197 caret
3169 1153 3221 1197 et
3251 1142 3380 1196 vita.

2059 1232 2119 1286 In
2150 1231 2386 1286 Orientis
2415 1233 2655 1302 partibus
2677 1235 2909 1302 septimo
2937 1249 3080 1289 anno
3107 1237 3315 1304 imperii
3342 1235 3425 1289 sui
3456 1251 3572 1288 mo-

1991 1324 2125 1378 ritur
2151 1324 2474 1378 Marcianus.

2064 1415 2427 1470 Romanorum
2453 1415 2641 1486 XLIV,
2677 1418 3011 1473 Masomasus
3042 1419 3094 1474 in
3122 1419 3294 1487 italia,
3339 1427 3393 1475 et
3427 1419 3575 1475 Con-

1999 1507 2346 1575 stantinopoli
2370 1506 2483 1561 Leo
2511 1510 2719 1578 augusti
2746 1509 3106 1578 appellantur.

2066 1599 2106 1654 l.
2149 1600 2519 1655 Theudoricus
2547 1601 2788 1656 adversis
2819 1602 2917 1656 sibi
2947 1603 3146 1657 nuntiis
3175 1604 3419 1668 territus,
3454 1619 3578 1659 mox

1997 1701 2120 1761 post
2145 1693 2260 1748 dies
2287 1694 2520 1763 paschae,
2569 1693 2710 1763 quod
2763 1693 2860 1747 fuit
2891 1694 3077 1762 quinto
3106 1692 3216 1749 kal.
3245 1695 3466 1763 Aprilis,
3513 1697 3581 1750 de

1917 1772 1968 1835 Β
1998 1787 2231 1842 Emerita
2260 1785 2552 1855 egreditur,
2587 1794 2643 1840 et
2667 1784 2869 1840 Gallias
2893 1794 3139 1854 repetens
3183 1797 3386 1854 partem
3419 1804 3484 1841 ex
3517 1803 3580 1842 ea

1997 1894 2155 1945 quam
2186 1878 2416 1932 habebat
2454 1877 2799 1930 multitudine
2825 1878 2987 1931 varia:
3032 1878 3284 1942 natiOuis,
3331 1893 3451 1932 cum
3486 1879 3582 1932 du-

1995 1971 2148 2025 cibus
2179 1971 2292 2025 suis
2317 1971 2383 2024 ad
2413 1983 2632 2039 campos
2657 1967 2928 2024 Gallazcia:
2957 1969 3138 2039 dirigit
3168 1985 3183 2024 :
3228 1971 3316 2039 qui
3361 1971 3500 2026 dolis
3531 1981 3584 2024 et

1998 2062 2247 2132 perjuriis
2277 2062 2547 2129 instructi,
2571 2065 2712 2119 sicut
2736 2062 2818 2118 eis
2850 2063 3025 2118 fuerat
3057 2067 3394 2135 imperatum,
3424 2065 3583 2117 Astu-

1997 2153 2161 2207 ricam
2189 2167 2348 2223 quam
2374 2152 2484 2222 jam
2513 2153 2800 2222 praedones
2842 2154 3011 2225 ipsius
3040 2155 3140 2210 sub
3172 2153 3355 2224 specie
3384 2152 3583 2207 Roma-

1999 2259 2082 2298 nae
2123 2245 2484 2299 ordinationis
2516 2246 2866 2311 intraverant,
2895 2245 3221 2301 mentientes
3264 2245 3328 2298 ad
3371 2244 3583 2299 Suevos

1998 2337 2086 2405 qui
2132 2344 2523 2404 remanserant,
2567 2337 2775 2406 jussam
2806 2337 2907 2392 sibi
2948 2335 3368 2405 expeditionem,
3407 2335 3583 2402 ingre-

2001 2427 2220 2482 diuntur
2264 2442 2394 2497 pace
2431 2426 2608 2484 fucata
2635 2427 2810 2484 solitae
2840 2438 2955 2482 arte
2995 2425 3251 2497 perfidiaz.
3296 2425 3405 2479 Nec
3434 2441 3582 2479 mora

2003 2523 2293 2591 promiscui
2336 2523 2549 2591 generis
2580 2530 2795 2591 reperta
2842 2522 2951 2576 illic
2999 2521 3224 2577 caeditur
3271 2517 3580 2584 multitudo,

2001 2622 2202 2669 sanctae
2247 2613 2605 2684 effringantur
2646 2614 2911 2679 ecclesiaa,
2963 2613 3221 2668 altaribus
3265 2612 3487 2679 direptis
3531 2621 3586 2665 et

2003 2706 2296 2772 demolitis,
2341 2721 2494 2762 sacer
2535 2707 2786 2762 omnibus
2816 2715 3037 2761 ornatus
3078 2715 3131 2760 et
3169 2720 3297 2759 usus
3323 2704 3582 2758 aufertur.

2005 2798 2121 2853 Duo
2150 2799 2261 2854 illic
2288 2799 2529 2869 episcopi
2561 2799 2766 2855 inventi
2792 2814 2917 2854 cum
2962 2799 3107 2853 omni
3137 2798 3284 2854 clero
3309 2797 3588 2852 abducun-

2007 2901 2093 2946 tur
2116 2891 2169 2945 in
2196 2892 2560 2961 captivitatem
2591 2909 2605 2946 :
2634 2891 2920 2948 invalidior
2948 2891 3234 2961 promiscui
3275 2906 3436 2946 sexus
3476 2892 3589 2961 agi-

2008 2991 2093 3037 tur
2119 2982 2425 3038 miseranda
2451 2983 2764 3054 captivitas;
2799 2982 3032 3038 residuis
3057 2991 3111 3036 et
3139 2982 3327 3037 vacuis
3354 2980 3589 3036 civitatis

2007 3075 2256 3130 domibus
2290 3076 2427 3130 datis
2459 3074 2732 3141 incendio,
2775 3090 3088 3144 camporum
3126 3073 3245 3128 loca
3287 3082 3589 3127 vastantur.

307 3172 626 3217 sanctorum
661 3162 898 3218 basilica:
943 3162 1202 3230 effractae,
1244 3164 1432 3218 altaria
1485 3165 1697 3219 sublata
1741 3174 1902 3234 atque
1929 3146 1977 3211 ο
2010 3167 2286 3223 Palentina
2339 3168 2536 3223 civitas
2576 3166 2740 3222 simili
2788 3182 2894 3236 quo
2939 3165 3210 3231 Asmrica,
3243 3181 3336 3234 per
3382 3163 3590 3220 Gothos

308 3254 614 3320 confracta,
643 3254 876 3325 virgines
923 3254 1016 3308 Dei
1064 3254 1187 3310 exin
1238 3255 1456 3324 quidem
1497 3256 1762 3323 adductas,
1808 3256 1903 3311 sed

309 3346 628 3415 integritate
657 3355 889 3412 servata,
930 3346 1109 3401 clerus
1139 3361 1309 3417 usque
1349 3350 1415 3401 ad
1465 3347 1764 3403 nuditatem
1808 3363 1906 3416 pu-

308 3436 466 3492 doris
495 3446 709 3505 exutus,
741 3439 1031 3508 promiscui
1058 3453 1220 3494 sexus
1247 3455 1368 3494 cum
1399 3440 1654 3508 parvulis,
1680 3440 1748 3496 de
1775 3440 1907 3495 locis

310 3527 512 3598 refugii
540 3531 742 3584 sanctis
788 3529 1017 3600 populus
1062 3531 1238 3585 omnis
1267 3531 1590 3594 abstractus,
1634 3531 1909 3601 jumento-

311 3635 463 3686 rum,
498 3636 776 3688 pecorum,
825 3621 1259 3692 camelorumque
1307 3625 1528 3678 horrore
1560 3623 1707 3678 locus
1753 3637 1910 3680 sacer

312 3711 598 3780 impletus,
627 3713 827 3781 scripta
857 3727 1020 3782 super
1057 3712 1356 3770 Jerusalem
1400 3729 1467 3771 ex
1496 3725 1643 3786 parte
1669 3715 1909 3772 coeleStis

312 3804 416 3859 irae
449 3807 719 3859 revocavit
740 3806 1006 3876 exempla.

390 3896 460 3952 ll.
490 3897 806 3952 Rechiarius
848 3899 914 3952 ad
943 3900 1118 3954 locum
1145 3900 1235 3970 qui
1257 3901 1540 3956 Portucale
1579 3901 1904 3970 appellatur,

313 3991 580 4060 profugus
627 3994 740 4062 regi
794 3991 1135 4048 Theudorico
1171 3994 1414 4064 captivus
1445 3995 1730 4051 adducitur
1758 4013 1770 4047 :
1802 4009 1908 4064 quo

314 4083 374 4135 in
409 4081 710 4136 custodiam
758 4083 997 4148 redacto,
1031 4084 1246 4140 caeteris
1293 4087 1382 4155 qui
1413 4085 1483 4142 de
1514 4087 1694 4156 priore
1732 4096 1909 4141 certa-

313 4173 474 4227 mine
503 4173 896 4242 superfuerant,
930 4176 1267 4230 tradentibus
1293 4192 1350 4232 se
1372 4177 1591 4243 Suevis,
1623 4178 1907 4246 aliquantis

314 4261 677 4317 nihilominus
707 4265 1022 4330 interiectis,
1071 4281 1293 4336 regnum
1325 4268 1656 4324 destructum
1699 4279 1754 4323 et
1783 4267 1906 4324 fini-

314 4362 436 4407 tum
463 4364 546 4407 est
576 4352 900 4409 Suevorum.

391 4445 615 4500 Hisdem
645 4446 836 4502 diebus
862 4448 1200 4504 Rechimeris
1243 4449 1454 4506 comitis
1494 4450 1911 4508 circumventio-

2014 3261 2155 3329 perit
2182 3261 2372 3316 exitio.
2407 3259 2584 3316 Unum
2611 3259 2942 3315 Goviacense
2963 3264 3200 3314 castrum
3226 3257 3500 3312 tricesimo
3525 3255 3593 3310 de

2011 3353 2258 3411 Asturica
2287 3354 2541 3411 milliario
2563 3369 2595 3408 a
2624 3353 2818 3410 Gothis
2844 3351 3058 3408 diutino
3079 3352 3378 3408 certamine
3404 3349 3593 3419 fatiga-

2012 3457 2144 3515 tum,
2178 3448 2383 3504 auxilio
2414 3449 2531 3517 Dei,
2564 3448 2811 3504 hostibus
2851 3455 2906 3502 et
2941 3443 3157 3502 obsistit
3195 3454 3250 3501 et
3290 3443 3592 3514 praevalet:

2013 3553 2172 3606 quam
2204 3539 2453 3608 plurimis
2483 3555 2550 3594 ex
2600 3554 2789 3595 eorum
2840 3553 3002 3593 manu
3028 3534 3352 3602 interfectis,
3398 3534 3594 3602 reliqui

2014 3641 2358 3686 revertuntur
2378 3631 2447 3687 ad
2475 3631 2705 3688 Gallias.

2084 3722 2294 3777 Aiulfus
2324 3723 2450 3777 dum
2484 3738 2706 3792 regnum
2738 3723 3039 3780 Suevorum
3067 3722 3254 3791 spirat,
3309 3721 3594 3776 Portucale

2012 3816 2238 3870 moritur
2268 3829 2454 3871 mense
2478 3814 2657 3870 Junio.

2082 3904 2244 3960 Suevi
2284 3906 2336 3960 in
2375 3914 2556 3976 partes
2595 3905 2753 3960 divisi
2799 3919 2987 3975 pacem
3031 3904 3274 3958 ambiunt
3314 3902 3596 3958 Gallmcia-

2015 4015 2172 4054 rum:
2207 4013 2238 4055 e
2265 3999 2458 4069 quibus
2487 4015 2613 4069 pars
2644 3999 2993 4067 Frantanem,
3046 4013 3169 4068 pars
3221 3997 3478 4052 Mcldram
3513 4011 3598 4050 re-

2012 4109 2135 4164 gem
2165 4093 2418 4164 appellat.
2451 4093 2625 4150 Solito
2664 4108 2816 4149 more
2846 4093 3084 4164 perﬁdiae
3127 4092 3458 4147 Lusitaniam
3504 4091 3600 4146 de-

2014 4185 2284 4255 praedatur
2334 4199 2460 4254 pars
2498 4184 2800 4240 Suevorum
2852 4184 3113 4240 Maldram
3164 4197 3445 4254 sequens:
3478 4191 3597 4236 acta

2013 4276 2126 4331 illic
2152 4275 2516 4332 Romanorum
2545 4277 2714 4346 cmde,
2745 4276 3048 4347 praedisque
3073 4276 3384 4338 contractis,
3411 4274 3601 4328 civitas

2016 4368 2353 4439 Uiyxippona
2379 4370 2479 4425 sub
2506 4370 2688 4439 specie
2719 4369 2870 4439 pacis
2891 4370 3143 4422 intratur.

2087 4460 2386 4516 Frautanes
2415 4461 2644 4514 moritur
2667 4474 2760 4529 per
2780 4457 2987 4512 Pascha
3013 4465 3070 4511 et
3098 4455 3481 4510 Pentecosten.
3507 4452 3602 4508 Ju-

313 4548 411 4600 ne,
444 4550 634 4606 magna
668 4537 954 4592 multitudo
982 4538 1391 4602 Wandalorum,
1441 4556 1563 4611 quae
1590 4556 1650 4596 se
1679 4542 1747 4597 de
1775 4545 1907 4597 Gar-
1936 4525 1991 4586 Ῑ)
2018 4553 2174 4607 υθηιε
2204 4552 2404 4607 Maldra
2439 4552 2599 4608 suevi
2631 4525 2685 4605 in
2731 4551 2942 4605 solitam
2993 4546 3273 4617 perfidiam
3305 4547 3471 4612 versi,
3514 4562 3602 4600 re—

312 4627 542 4697 thagine
569 4643 690 4682 cum
723 4644 794 4683 ιι
844 4631 1075 4684 navibus
1120 4633 1185 4686 ad
1236 4631 1436 4688 Gallias
1483 4635 1569 4688 vel
1597 4635 1662 4689 ad
1706 4635 1909 4690 italiam

310 4728 590 4786 moverat,
613 4721 727 4790 regi
759 4719 1096 4778 Theudorico
1126 4725 1402 4779 nuntiatur
1445 4725 1618 4782 occisa
1662 4741 1757 4796 per
1785 4728 1912 4782 Avi-

308 4821 463 4865 tum.

393 4901 698 4973 Hesychius
729 4903 975 4960 tribunus
1013 4904 1221 4976 legatus
1258 4909 1325 4960 ad
1356 4906 1753 4965 Theudoricum
1783 4926 1904 4967 cum

307 4993 490 5046 sacris
522 4994 835 5049 muneribus
882 4997 1075 5050 missus
1104 4998 1171 5051 ad
1217 4999 1523 5054 Gallmciam
1557 5003 1721 5068 venit,
1771 5020 1907 5058 nun-

309 5084 466 5136 tians
493 5085 541 5138 ei
569 5084 622 5138 id
648 5086 790 5153 quod
820 5103 1003 5156 supra,
1036 5090 1088 5142 in
1119 5090 1333 5146 Corsica
1377 5107 1571 5148 cassam
1605 5096 1904 5151 multitudi-

305 5188 444 5228 nem
476 5173 891 5244 Wandalorum,
929 5189 982 5235 et
1031 5181 1243 5237 Avitum
1293 5185 1361 5238 de
1401 5183 1546 5240 Italia
1591 5186 1659 5241 ad
1705 5187 1904 5244 Gallias

305 5265 540 5320 Arelate
568 5271 913 5324 successisse.
943 5270 1298 5328 Orientalium
1328 5291 1495 5331 naves
1524 5277 1780 5346 Hispalim
1813 5297 1905 5337 ve—

301 5357 531 5411 nientes
563 5375 658 5426 per
685 5360 942 5415 Marciani
970 5365 1268 5419 exercitum
1299 5381 1465 5423 cmsas
1497 5368 1724 5424 nuntiat.

382 5447 582 5505 Occiso
611 5450 898 5509 Rechiario
928 5470 1114 5511 mense
1146 5456 1448 5527 Decembri,
1478 5475 1572 5515 rex
1598 5460 1900 5520 Theudori-

295 5559 412 5600 cus
441 5543 506 5599 de
533 5541 787 5602 Gallzecia
817 5546 884 5602 ad
914 5547 1244 5605 Lusitaniam
1267 5554 1528 5609 succedit.

379 5634 446 5690 In
472 5647 774 5693 conventus
805 5648 955 5708 parte
984 5641 1328 5699 Bracarensis
1360 5644 1773 5703 latrocinantum
1803 5647 1901 5705 dc-

294 5728 578 5803 praedatio
604 5739 961 5805 perpetratur.

2016 4647 2227 4716 gionem
2259 4644 2528 4700 Callaecia“:
2557 4643 2919 4698 adhaerentem
2943 4640 3149 4695 flumini
3193 4639 3356 4696 Durio
3389 4642 3600 4709 deprzc-

2016 4736 2232 4790 dantur.
2282 4735 2482 4803 Quinto
2527 4735 2645 4789 idus
2690 4733 2878 4789 lunias
2926 4733 3033 4802 die,
3082 4744 3270 4803 quarta
3321 4733 3474 4795 feria,
3529 4733 3597 4784 ab

2015 4829 2150 4884 hora
2192 4839 2380 4898 quarta
2430 4830 2483 4883 in
2541 4827 2727 4882 horam
2776 4835 3008 4892 sextam,
3059 4826 3124 4880 ad
3175 4827 3407 4894 speciem
3454 4825 3597 4878 luna:

2013 4921 2214 4990 quinta:
2240 4921 2328 4976 vel
2357 4929 2545 4988 sextae,
2576 4920 2655 4975 sol
2683 4919 2750 4975 de
2777 4918 2981 4975 lumine
3001 4918 3147 4974 orbis
3175 4917 3258 4970 sui
3291 4915 3594 4971 minoratus

2011 5012 2276 5080 apparuit.

2081 5103 2144 5157 ll.
2173 5102 2407 5174 (Olymp.
2423 5106 2601 5175 cccx.)
2629 5103 2892 5160 Gothicus
2914 5101 3185 5159 exercitus
3205 5101 3342 5156 duce
3364 5115 3465 5155 suo
3493 5101 3598 5170 Cy-

2010 5194 2108 5248 rila
2141 5210 2170 5248 a
2200 5194 2540 5250 Theudorico
2571 5210 2700 5265 rege
2739 5194 2808 5249 ad
2841 5193 3125 5262 Hispanias
3173 5192 3375 5246 missus
3405 5206 3595 5246 mense

2007 5286 2151 5340 iulio
2197 5287 2440 5341 succedit
2505 5287 2572 5342 ad
2627 5287 2900 5340 Baeticam.
2961 5283 3148 5353 Legati
3193 5282 3492 5338 Gothorum
3546 5291 3601 5336 et

2007 5377 2398 5434 Wandalorum
2438 5380 2645 5449 pariter
2680 5378 2746 5432 ad
2788 5377 2993 5431 Suevos
3037 5374 3279 5441 veniunt,
3326 5381 3382 5428 et
3409 5388 3596 5428 rever—

2012 5481 2213 5526 tuntur.
2693 5517 2705 5527 .

2082 5562 2170 5617 ill.
2207 5561 2575 5618 Theudoricus
2599 5577 2718 5616 cum
2741 5560 2878 5616 duce
2900 5575 2996 5615 suo
3017 5559 3298 5616 Suuierico
3326 5561 3594 5614 exercitus

2008 5649 2093 5710 sui
2120 5654 2447 5724 aliquantam
2499 5655 2564 5708 ad
2597 5653 2847 5709 Bmticam
2893 5652 3070 5721 dirigit
3114 5667 3330 5707 manum
3366 5668 3377 5704 :
3413 5650 3596 5721 Cyrila

2008 5756 2294 5804 revocatur.
2324 5746 2390 5800 ad
2422 5745 2646 5802 Gallias.
2696 5745 2860 5803 Suevi
2907 5743 3253 5802 nihilominus
3305 5741 3603 5800 Lusitaniae
