4032 6186
477 283 583 339 887

1469 274 1676 330 IDATII
1720 270 2016 329 EPISCOPI
2055 270 2668 331 AOUzEFLAV'IENSlS

3646 281 3757 340 888

476 407 651 467 partes
675 411 794 452 cum
827 395 1054 459 Maldra,
1086 391 1172 446 alii
1195 406 1316 449 cum
1349 391 1720 446 Rcchitnundo
1742 364 2047 445 Gallteciam
2081 390 2132 447 Λ
2229 388 2593 445 Romanorum
2634 389 2797 456 XLV,
2830 389 3078 446 SEVBRUS
3109 405 3137 446 a
3168 403 3356 449 senatu
3411 394 3605 453 Romae
3655 415 3754 454 au-

473 489 868 558 deprtedantur.

541 581 691 635 Eruli
723 581 996 634 maritima
1024 586 1322 634 conventus
1349 576 1611 631 Lucensis
1643 576 1759 629 loca
1790 572 2054 628 nonnulla

470 675 846 731 crudelissime
885 673 1140 727 invadunt
1168 673 1233 725 ad
1261 671 1509 725 Bzeticam
1541 669 1942 738 pertendentes.

541 768 772 824 Maldras
795 782 1105 837 germanum
1131 780 1284 819 suum
1307 765 1530 819 fratrem
1555 763 1831 825 interﬁcit,
1847 771 1900 816 et
1925 759 2056 815 Por-

471 862 645 915 tucale
673 870 906 914 castrum
939 858 1077 911 idem
1106 858 1275 911 hostis
1305 855 1522 912 invadit.

540 953 689 1007 Inter
719 951 924 1007 Suevos
954 958 1007 1003 et
1035 949 1296 1004 Gallaecos
1322 945 1618 1002 interfectis
1647 943 1938 1013 aliquantis
1960 942 2055 995 ho-

468 1046 638 1099 nestis
667 1055 818 1106 natu,
851 1042 1046 1096 malum
1079 1040 1276 1094 hostile
1304 1039 1581 1094 miscetur.

541 1137 723 1205 Legati
756 1152 784 1187 a
830 1133 1126 1202 Nepotiano
1157 1134 1417 1201 magistro
1463 1129 1689 1194 militias,
1721 1137 1773 1182 et
1801 1142 1828 1180 a
1859 1124 2053 1182 Sunie-

471 1228 586 1281 rico
616 1227 813 1281 comite
845 1227 993 1279 missi
1039 1226 1264 1280 veniunt
1293 1222 1358 1277 ad
1390 1221 1690 1284 Galltecios,
1748 1220 2054 1273 nuntiantes

470 1319 822 1389 Maiorianum
851 1327 1132 1388 augustum
1158 1328 1210 1371 et
1232 1314 1625 1370 Theudoricum
1652 1328 1831 1377 regem
1857 1310 2054 1364 firmis-

471 1411 605 1463 sima
639 1410 779 1464 inter
805 1425 863 1463 se
895 1408 1039 1477 pacis
1064 1408 1184 1477 jura
1215 1407 1482 1470 sanxisse,
1521 1403 1710 1459 Gothis
1739 1403 1790 1455 in
1820 1399 2051 1470 quodam

470 1501 767 1555 certamine
796 1498 1081 1568 superatis.

544 1591 633 1644 IV.
670 1588 822 1660 (Eus.
856 1588 1262 1654 umccccnxxx.)
1313 1586 1546 1640 Maldras
1591 1585 1646 1638 in
1689 1584 1796 1638 fine
1850 1580 2053 1637 mensis

472 1679 754 1734 Februarii
782 1679 1056 1748 jugulatus
1087 1677 1281 1731 merito
1311 1676 1450 1746 perit
1481 1676 1724 1730 interitu.

2160 490 2350 549 gustus
2377 482 2681 550 appellatur
2706 497 2847 536 anno
2879 483 3095 551 imperii
3125 483 3323 540 Leonis
3361 488 3578 556 quinto.

2226 573 2313 627 Vl.
2346 573 2629 646 l.(0!ymp.
2663 576 2864 646 cccxr.)
2894 575 3214 630 Suniericus
3262 577 3402 631 redit
3431 578 3498 632 ad
3527 578 3750 637 Gallias.

2157 666 2489 734 Nepotianus
2514 667 2856 723 Theudorico
2895 669 3182 725 ordinante
3221 671 3513 727 Arborium
3553 677 3753 745 accipit

2157 772 2550 813 successorem.

2230 848 2285 900 In
2320 849 2590 916 provincia
2621 849 2870 904 Gallaacia
2902 849 3270 920 prodigiorum
3299 852 3557 907 videntur
3597 856 3749 925 signa

2158 941 2390 996 diversa.
2425 941 2554 997 Era
2587 958 2640 1010 υ,
2673 959 2724 997 vr
2755 957 2923 997 nonas
2981 944 3198 999 Martias
3241 945 3512 1013 pullorum
3563 957 3744 1013 cantu,

2158 1034 2227 1087 ab
2257 1048 2449 1088 occasu
2483 1034 2613 1088 solis
2642 1036 2765 1088 luna
2786 1035 2838 1088 in
2866 1035 3180 1105 sanguinem
3205 1035 3364 1105 plena
3393 1038 3746 1092 convertitur.

2164 1123 2310 1178 Idem
2339 1124 2454 1177 dies
2477 1135 2626 1178 sexta
2658 1124 2792 1178 feria
2823 1124 2942 1178 fuit.

2231 1213 2510 1268 Antiochia
2543 1213 2714 1282 major
2757 1213 2977 1269 Isauria:
3031 1211 3238 1285 [Forte,
3273 1214 3499 1284 majoris
3539 1215 3746 1288 Syriae]

2159 1305 2473 1360 inobediens
2504 1306 2721 1359 monitis
2751 1305 3102 1369 salutaribus,
3136 1316 3278 1360 terra
3309 1307 3634 1364 dehiscente
3663 1310 3751 1366 de-

2158 1397 2440 1465 mergitur,
2476 1404 2680 1450 tantum
2712 1396 2881 1466 ipsius
2901 1398 3138 1452 civitatis
3175 1398 3474 1469 aliquantis
3506 1402 3599 1470 qui
3629 1417 3748 1457 eum

2159 1489 2512 1543 obaudientes
2544 1489 2718 1543 timori
2751 1489 2963 1543 Domini
3019 1498 3146 1544 sunt
3173 1494 3367 1556 secuti,
3413 1492 3482 1548 de
3526 1496 3748 1550 interitu

2161 1579 2420 1645 liberatis,
2451 1580 2676 1634 turrium
2716 1581 2877 1635 etiam
2909 1580 3043 1636 solis
3085 1583 3459 1638 cacuminibus
3492 1589 3748 1642 exstanti-

2160 1677 2264 1730 bus
2294 1693 2453 1747 super
2484 1687 2698 1732 terram.

545 1773 647 1825 Per
696 1772 904 1826 Suevos
950 1771 1099 1825 Luco
1150 1770 1477 1836 habitantes,
1512 1770 1564 1822 in
1597 1768 1788 1823 diebus
1819 1766 2053 1836 paschae,
2087 1751 2134 1810 Β
2233 1769 2539 1824 Gaisericus
2568 1768 2927 1823 Valentiniani
2955 1770 3194 1824 relictam
3223 1770 3745 1841 ConstantinOpolim

473 1863 700 1918 Romani
732 1863 993 1932 aliquanti
1025 1878 1148 1916 cum
1182 1872 1395 1916 rectore
1424 1877 1523 1916 suo
1555 1863 1783 1915 honesto
1815 1870 1940 1913 natu
1972 1874 2060 1914 re-

473 1955 696 2023 pentino
723 1953 900 2008 securi
932 1953 998 2006 de
1029 1955 1330 2006 reverentia
1362 1953 1573 2006 dierum
1619 1952 1941 2006 occiduntur
1971 1954 2056 2006 in-

472 2060 656 2099 CUI‘SU.

546 2136 732 2190 Mense
763 2135 902 2188 Maio
952 2133 1275 2202 Majorianus
1307 2133 1596 2199 llispanias
1628 2131 1927 2203 ingreditur
1958 2131 2059 2185 im-

473 2234 692 2295 peratur
725 2242 740 2279 :
773 2239 881 2294 quo
912 2223 1415 2293 Carthaginiensem
1467 2221 1797 2292 provinciam
1840 2231 2058 2290 perten-

474 2317 656 2380 dente,
714 2316 1015 2385 aliquantas
1047 2330 1208 2370 naves
1241 2330 1374 2385 quas
1404 2315 1505 2368 sibi
1536 2314 1602 2368 ad
1647 2314 1929 2369 transitum
1961 2312 2058 2367 ad-

474 2423 692 2463 versum
729 2407 1015 2461 Wandalos
1046 2406 1404 2475 praeparabat,
1452 2405 1518 2460 de
1549 2404 1731 2459 littore
1774 2403 2058 2473 Carthagi-

474 2499 649 2552 niensi
682 2499 995 2553 commoniti
1025 2497 1274 2552 Wandali
1307 2513 1403 2568 per
1432 2495 1740 2566 proditores
1762 2496 2056 2565 abripiunt.

474 2590 799 2659 Majorianus
830 2590 901 2643 ita
933 2605 1027 2645 sua
1059 2587 1401 2644 ordinatione
1431 2588 1725 2644 frustratus
1754 2587 1820 2642 ad
1851 2586 2056 2641 Italiam

476 2683 785 2737 revertitur.

549 2773 681 2826 Pars
711 2770 927 2826 Gothici
958 2771 1230 2826 exercitus
1259 2786 1290 2825 a
1319 2771 1603 2827 Sunierico
1648 2779 1702 2824 et
1745 2769 2054 2838 Nepotiano

477 2863 767 2917 comitibus
797 2862 862 2916 ad
905 2861 1216 2917 Gallazciam
1253 2862 1478 2927 directa,
1517 2862 1723 2918 Suevos
1764 2859 1905 2928 apud
1952 2861 2057 2914 Lu-

477 2972 598 3009 cum
628 2955 1010 3024 depraedantur
1043 2973 1056 3006 :
1090 2969 1207 3023 qua:
1246 2954 1478 3008 Dictinio
1509 2953 1634 3024 [Με.
1669 2955 1875 3010 Suevos
1918 2952 2056 3023 apud

477 3049 680 3103 Lucum
712 3047 1056 3117 deprazdatur
1088 3047 1413 3111 habitantes,
1454 3062 1575 3117 quin
1609 3047 1884 3118 Dictinio],
1936 3047 2058 3117 Spi-

478 3141 640 3194 nione
687 3150 742 3194 et
792 3140 1025 3193 Ascanio
1066 3139 1430 3202 delatoribus,
1476 3140 1960 3208 spargentibusque
1988 3139 2053 3193 ad
2081 3120 2127 3182 δ

479 3240 741 3283 terrorem
776 3230 1006 3298 propria:
1037 3245 1242 3286 venena
1275 3230 1538 3298 perfidiae,
1567 3228 1799 3284 indicata
1824 3232 2056 3285 recurrit

478 3322 543 3374 ad
575 3336 701 3375 suos
733 3340 744 3373 :
780 3337 843 3375 ac
875 3338 1003 3375 mox
1054 3322 1245 3376 iisdem
1278 3321 1612 3376 delatoribus
1643 3323 1835 3388 quibus
1867 3337 2050 3391 supra,

480 3413 793 3466 Frumarius
823 3428 941 3466 cum
976 3426 1135 3466 manu
1177 3412 1477 3466 Suevorum
1509 3426 1665 3481 quam
1693 3412 1925 3467 habebat
1956 3414 2054 3467 im-

483 3506 685 3570 pulsus,
719 3517 874 3572 capto
907 3503 1074 3557 ldatio
1126 3503 1383 3571 episcopo
1433 3506 1664 3571 septimo
1696 3503 1914 3558 kalend.
1949 3507 2058 3558 Au-

479 3597 616 3664 gusti
652 3597 701 3649 in
733 3595 1145 3664 Aqumnaviensi
1175 3595 1424 3661 ecclesia,
1459 3595 1705 3650 eumdem
1732 3607 2056 3652 conventum

480 3688 664 3757 grandi
699 3687 894 3742 evertit
923 3685 1152 3740 excidio.
1347 3741 1349 3743 _

553 3780 953 3835 Recltimundus
978 3782 1147 3835 vicina
1166 3780 1263 3833 sibi
1286 3780 1486 3848 pariter
1499 3780 1888 3851 Auregensium
1913 3781 2054 3847 loca,

483 3886 536 3928 et
567 3874 820 3927 Lucensis
843 3880 1136 3928 conventus
1166 3870 1432 3924 maritima
1464 3873 1768 3940 populatur.

556 3965 694 4018 Inter
712 3965 1048 4018 Frumarium
1080 3973 1132 4018 et
1164 3963 1592 4018 Rechimundum
1613 3965 1786 4019 oritur
1813 3963 1880 4019 de
1907 3963 2057 4033 regni

483 4068 747 4129 potestate
776 4057 1062 4111 dissensio.

551 4148 924 4202 Gallaeciorum
956 4156 1011 4201 et
1040 4147 1340 4201 Suevorum
1375 4147 1521 4214 pacis
1564 4145 1813 4216 quaedam
1866 4146 2057 4202 umbra

482 4241 802 4296 conseritur.

554 4337 598 4389 A
628 4333 964 4390 Theudorico
996 4329 1153 4401 legati
1183 4330 1248 4383 ad
1291 4329 1498 4386 Suevos
1528 4329 1749 4385 veniunt
1793 4339 1849 4387 et
1878 4344 2055 4386 recur-

481 4438 625 4482 ΓυΙὶΙ..

551 4520 861 4573 Suniericus
917 4518 1204 4575 Scallabim
1256 4520 1339 4573 cui
1384 4517 1793 4584 adversabatur,
1849 4518 2054 4573 obtinet

479 4609 771 4662 civitatem.

552 4699 746 4752 ldatius
773 4698 860 4767 qui
892 4713 1073 4766 supra,
1109 4701 1278 4754 tribus
1300 4699 1578 4755 mensibus
1607 4699 1937 4768 captivitatis
1960 4699 2056 4752 im-

481 4791 659 4861 pletis,
677 4805 863 4846 mense
887 4790 1199 4857 Novembri,
1218 4794 1522 4848 miserantis
1542 4793 1632 4846 Dei
1656 4792 1850 4862 gratia,
1868 4802 2052 4846 contra

481 4897 660 4936 votum
693 4891 747 4936 et
803 4881 1193 4935 ordinationem
1226 4899 1386 4952 supra
1433 4883 1698 4938 dictorum
1750 4884 2050 4939 delatorum

481 4974 623 5030 redit
651 4974 716 5027 ad
749 4973 978 5027 Flavias.

551 5068 625 5120 De
651 5080 776 5136 rege
813 5064 1150 5119 Theudorico
1193 5065 1352 5133 legati
1383 5069 1561 5136 gentis
1608 5068 1822 5137 perﬁdae
1872 5084 2052 5124 rever-

481 5167 683 5211 tuntur.

550 5247 855 5303 Gaisericus
885 5263 976 5303 rex
998 5261 1028 5300 a
1051 5247 1342 5317 Majoriano
1370 5247 1700 5316 imperatore
1729 5265 1821 5316 per
1851 5250 2054 5319 legatos

478 5339 713 5408 postulat
743 5354 950 5408 pacem.

554 5428 616 5479 V.
649 5429 999 5497 Majorianum
1032 5428 1098 5484 de
1128 5428 1317 5485 Galliis
1351 5430 1572 5485 Romam
1613 5430 1954 5497 redeuntem,
2001 5445 2055 5487 et

482 5520 722 5574 Romano
780 5521 1008 5589 imperio
1038 5522 1120 5574 vel
1154 5522 1353 5577 nomini
1407 5537 1495 5576 res
1526 5523 1859 5577 necessarias
1905 5525 2052 5578 ordi-

481 5623 719 5676 nantcm,
753 5614 1036 5668 Rcchimer
1069 5616 1238 5670 livore
1271 5618 1504 5684 percitus
1520 5626 1572 5670 et
1595 5616 1893 5672 invidorum
1925 5633 2052 5672 con-

481 5705 602 5758 silio
632 5705 817 5768 fultus,
853 5708 1040 5761 fraude
1073 5709 1325 5763 interﬁcit
1347 5709 1797 5767 circumventum.

2083 4484 2134 4544 D

2162 1861 2414 1915 remittit.
2445 1860 2596 1915 Filia:
2627 1861 2819 1928 ipsius,
2883 1876 2985 1914 una
3017 1860 3246 1916 Gentoni
3297 1861 3561 1917 Gaiserici
3616 1865 3744 1931 ﬁlio,

2162 1955 2262 2007 alia
2295 1955 2518 2026 Olybrio
2547 1955 2784 2010 senatori
2816 1955 2967 2010 urbis
3011 1955 3198 2009 Romae
3247 1955 3367 2024 jure
3414 1958 3746 2013 matrimonii

2161 2047 2499 2115 copulantur.

2231 2136 2558 2206 Agrippinus
2587 2135 2772 2191 Gallus
2801 2144 2856 2192 et
2884 2150 3070 2192 comes
3124 2147 3177 2192 et
3219 2138 3375 2203 civis,
3410 2139 3633 2210 Egidio
3661 2155 3748 2196 co-

2161 2227 2276 2281 miti
2306 2227 2423 2281 viro
2455 2227 2649 2297 insigni
2682 2228 2962 2296 inimicus,
3012 2237 3068 2282 ut
3100 2228 3398 2284 Gothorum
3448 2240 3747 2286 mereretur

2160 2320 2380 2386 auxilia,
2415 2319 2718 2374 Narbonam
2751 2319 2971 2375 tradidit
2990 2319 3351 2376 Theudorico.

2231 2413 2507 2467 Adversus
2551 2412 2827 2481 IEgidium
2885 2414 3139 2468 comitem
3193 2415 3477 2484 utriusque
3518 2414 3743 2483 militiae,

2161 2504 2369 2571 virum,
2409 2511 2469 2558 ut
2517 2503 2657 2557 fama
2696 2504 3070 2568 commendat,
3129 2504 3239 2558 Deo
3294 2505 3452 2560 bonis
3496 2507 3745 2575 operibus

2160 2596 2606 2667 complacentem,
2640 2595 2693 2648 in
2747 2596 3102 2650 Armoricana
3134 2597 3407 2665 provincia
3453 2598 3745 2652 Fretiricus

2160 2687 2326 2740 frater
2361 2685 2687 2740 'I'heuderici
2715 2686 2858 2755 regis
2884 2687 3186 2756 insurgens,
3219 2702 3342 2742 cum
3375 2687 3460 2743 his
3487 2705 3610 2743 cum
3633 2690 3744 2761 qui-

2159 2777 2260 2831 bus
2287 2776 2485 2842 fuerat,
2515 2785 2800 2843 superatus
2829 2776 3116 2832 occiditur.

2230 2864 2366 2920 Cum
2395 2866 2679 2935 Palegorio
2704 2868 2824 2921 viro
2850 2867 3017 2920 nobili
3044 2866 3332 2932 Callaeciae,
3363 2868 3452 2938 qui
3483 2869 3552 2923 ad
3584 2885 3743 2940 supra

2159 2957 2360 3012 dictum
2394 2957 2566 3013 fuerat
2617 2973 2796 3026 regem
2826 2956 3007 3024 Cyrila
3037 2959 3269 3026 legatus,
3323 2959 3388 3012 ad
3429 2959 3740 3015 Gallaeciam

2162 3052 2407 3116 veniens,
2439 3062 2630 3106 euntes
2660 3050 2726 3104 ad
2777 3049 3025 3105 eumdem
3066 3065 3253 3118 regem
3303 3050 3509 3122 legatos
3561 3053 3741 3107 obviat

2163 3141 2522 3196 Rechimundi
2561 3141 2696 3209 :qui
2727 3143 2959 3209 regressi
3004 3140 3059 3194 in
3113 3142 3316 3207 celeri,
3375 3153 3740 3199 revertentem

2158 3232 2391 3303 Cyrilam
2419 3233 2472 3286 in
2500 3230 2729 3286 Lttcensi
2759 3232 2890 3286 urbe
2916 3231 3241 3300 suscipiunt.
3274 3233 3398 3286 Post
3438 3233 3593 3303 cujus
3621 3251 3740 3290 mox

2159 3335 2434 3391 egressum
2467 3320 2532 3375 de
2563 3321 2838 3389 Callaecia,
2871 3321 3031 3376 Suevi
3067 3323 3484 3390 promissionum
3517 3340 3739 3379 suarum

2159 3421 2218 3465 ut
2246 3427 2462 3481 semper
2486 3411 2711 3468 fallaces
2739 3421 2796 3467 et
2825 3411 3037 3482 perfidi,
3075 3411 3289 3468 diversa
3353 3415 3472 3469 loca
3507 3415 3740 3472 infelicis

2159 3500 2427 3556 Callaecia:
2455 3501 2615 3556 solito
2644 3501 3049 3571 deprredantur.

2233 3592 2336 3646 Per
2363 3591 2758 3647 Theudoricum
2787 3593 2854 3646 ad
2880 3593 3084 3649 Suevos
3107 3592 3526 3649 Remismundus
3559 3605 3614 3649 et
3642 3594 3738 3666 Cy-

2159 3685 2258 3740 rila
2280 3701 2402 3741 cum
2427 3686 2713 3755 aliquantis
2739 3686 2929 3742 Gothis
2950 3687 3037 3756 qui
3071 3689 3216 3756 prius
3242 3699 3528 3752 venerant,
3559 3692 3738 3744 remit-

2161 3785 2366 3831 tuntur.
2393 3777 2574 3848 Cyrila
2605 3777 2658 3831 in
2686 3777 2941 3833 Gallzccia
2971 3788 3312 3844 remanente,
3344 3778 3737 3834 Remismundo

2161 3883 2282 3922 mox
2316 3878 2630 3924 recurrente
2658 3870 2724 3922 ad
2750 3884 2953 3936 regem,
2987 3871 3132 3924 inter
3157 3869 3420 3925 Gallaecos
3450 3880 3506 3925 et
3536 3870 3736 3926 Suevos

2159 3958 2554 4028 indisciplinata
2584 3958 2919 4027 perturbatio
2955 3959 3285 4014 dominatur.

2231 4051 2487 4104 Romana:
2517 4049 2772 4105 Ecclesiae
2802 4049 2962 4106 XLIV
2986 4049 3113 4124 [Με.
3144 4049 3330 4121 XLIII]
3362 4050 3734 4122 prasidetepi-

2159 4159 2356 4214 scopus
2387 4147 2643 4201 HILARUS.

2231 4237 2341 4292 γη.
2371 4235 2435 4293 II.
2464 4237 2796 4307 Nepotianus
2827 4239 3030 4294 recedit
3057 4253 3088 4294 e
3125 4253 3379 4309 corpore.

2228 4327 2507 4382 Frutnario
2534 4337 2767 4393 mortuo,
2800 4329 3205 4385 Rechimundus
3244 4331 3496 4386 omnibus
3548 4331 3735 4387 Suevis

2159 4425 2212 4477 in
2235 4437 2385 4478 suam
2416 4423 2673 4478 ditionem
2700 4423 2863 4491 regali
2893 4423 3013 4492 jure
3035 4425 3324 4491 revocatis,
3348 4439 3536 4493 pacem
3565 4424 3735 4480 refor-

2163 4523 2272 4568 mat
2295 4516 2554 4582 elapsam.

2233 4604 2415 4658 Mense
2453 4603 2593 4659 Maio
2638 4619 2798 4672 supra
2846 4601 2973 4658 dicti
3025 4604 3123 4658 viri
3177 4604 3378 4675 ,ιΕείόῆ
3425 4606 3590 4676 legati
3647 4623 3738 4677 per

2161 4696 2431 4750 Oceanum
2460 4695 2530 4749 ad
2563 4695 2832 4750 Vandalos
2883 4706 3183 4763 transeunt,
3213 4698 3303 4766 qui
3345 4699 3536 4753 eodem
3581 4714 3736 4754 cursu

2164 4787 2467 4856 Septembri
2500 4802 2684 4842 mense
2712 4799 3054 4842 revertuntur
3084 4790 3148 4842 ad
3193 4803 3342 4844 suos.

2234 4878 2454 4933 Decimo
2490 4879 2650 4933 tertio
2681 4878 2896 4933 kalend.
2926 4880 3149 4948 Augusti
3181 4879 3291 4946 die,
3315 4881 3554 4934 secunda
3589 4882 3735 4944 feria,

2162 4974 2216 5028 in
2245 4973 2480 5042 speciem
2512 4972 2650 5026 lunae
2678 4971 2876 5041 quintae
2907 4973 2986 5025 sol
3029 4972 3098 5027 de
3128 4972 3326 5026 lumine
3364 4987 3466 5026 suo
3492 4974 3561 5027 ab
3615 4974 3735 5029 hora

2165 5065 2318 5119 tertia
2351 5065 2402 5118 in
2434 5064 2619 5117 horam
2646 5072 2850 5117 sextam
2875 5061 3111 5118 cernitur
3135 5063 3458 5116 minoratus.

2237 5157 2460 5226 Legatos
2480 5155 2898 5209 Remismundus
2919 5155 3082 5208 mittit
3106 5153 3173 5207 ad
3199 5153 3629 5220 Theudoricum;
3655 5153 3735 5222 qui

2162 5251 2414 5305 similiter
2437 5263 2562 5305 suos
2590 5248 2657 5302 ad
2714 5247 3151 5302 Remismundum
3183 5247 3432 5310 remittit,
3493 5262 3616 5301 cum
3657 5261 3735 5299 ar-

2165 5358 2374 5395 morum
2406 5341 2710 5410 adjectione
2739 5338 2824 5393 vel
2855 5351 3160 5404 munerum,
3193 5336 3398 5392 directa
3431 5347 3487 5391 et
3515 5338 3734 5406 conjuge

2164 5450 2323 5506 quant
2356 5433 2593 5488 haberet.

2234 5526 2455 5580 Vandali
2488 5541 2584 5594 per
2608 5523 2974 5579 Marcellinum
2999 5523 3050 5576 in
3078 5519 3256 5577 Sicilia
3285 5520 3413 5574 cmsi
3445 5519 3736 5590 effinguntur

2163 5635 2225 5675 ex
2258 5633 2339 5671 ea.

2231 5704 2478 5774 ﬂigidius
2510 5706 2756 5775 moritur,
2810 5706 2897 5760 alii
2927 5706 3106 5760 dicunt
3134 5702 3366 5768 insidiis,
3403 5701 3495 5757 alii
3534 5714 3732 5756 veneno
