4032 6186
346 304 449 363 889

1782 308 2195 370 CHRONICON.

3521 326 3619 381 890

349 419 624 489 inceptus.
648 419 767 488 Quo
790 420 1106 490 desistente,
1137 438 1259 478 mox
1293 422 1453 480 Gothi
1482 424 1732 496 regiones
1770 425 1924 481 inva-
1951 427 2002 488 A
2028 443 2169 493 rum,
2233 428 2733 504 habitatoribusque
2778 436 2952 508 captis
3002 446 3166 508 atque
3219 438 3505 510 dispersis,
3566 451 3624 498 et

346 511 484 563 dunt
507 523 642 576 quas
672 510 917 567 Romano
943 514 1149 569 nomini
1193 515 1464 570 tuebatur.

420 601 581 655 Suevi
603 599 998 660 Conimbricam
1024 605 1212 661 dolose
1243 607 1493 677 ingressi,
1544 607 1802 662 familiam
1834 621 1933 661 no-

345 690 511 746 bilem
574 693 827 749 Cantabri
878 696 1157 765 spoliant,
1207 706 1264 754 et
1325 700 1593 770 captivam
1657 700 1933 756 abducunt

345 788 577 836 matrem
610 797 731 838 cum
765 784 909 839 ﬁliis.

416 870 607 941 Legati
633 873 823 929 eodem
855 890 995 931 anno
1020 877 1229 935 duabus
1268 881 1473 935 vicibus
1504 897 1534 936 a
1566 897 1690 951 rege
1723 882 1930 937 Suevo-

344 976 466 1015 rum
491 965 778 1018 mittuntur
814 965 879 1019 ad
911 981 1093 1037 regem
1118 968 1541 1037 Theudoricum,
1577 972 1644 1027 ad
1685 987 1843 1043 quem
1876 982 1930 1028 et

348 1054 617 1110 Arborius
649 1057 1008 1126 proficiscitur
1036 1072 1310 1118 evocatus.

422 1145 583 1216 [VII].
616 1146 726 1217 Il|.j
755 1148 974 1204 Reversi
1000 1152 1158 1221 legati
1208 1153 1510 1209 Suevorum
1558 1157 1758 1211 obiisse
1794 1173 1932 1211 nun-

345 1235 482 1287 tiant
512 1234 771 1290 Severum
801 1238 1011 1308 imperii
1067 1242 1148 1295 sui
1179 1256 1322 1297 anno
1364 1253 1578 1315 quarto,
1621 1246 1715 1316 qui
1766 1260 1930 1316 supra

345 1330 700 1381 remittuntur
727 1327 793 1382 ad
833 1327 1251 1389 Conimbricam.

419 1414 556 1486 Ajax
587 1418 806 1473 natione
831 1418 1050 1491 Galata,
1107 1422 1332 1481 effectus
1360 1436 1601 1495 apostata
1650 1437 1704 1483 et
1749 1430 1932 1484 senior

348 1510 606 1577 Arianus,
641 1514 783 1569 inter
836 1516 1047 1573 Suevos
1074 1521 1216 1590 regis
1265 1524 1347 1577 sui
1387 1525 1591 1579 auxilio
1637 1527 1810 1582 hostis
1841 1542 1932 1583 ca-

346 1602 567 1658 tholica:
594 1603 720 1660 ﬁdei
746 1615 799 1661 et
819 1607 1016 1665 divinae
1041 1610 1322 1667 Trinitatis
1354 1617 1600 1685 emergit.
1644 1618 1725 1672 Ad
1756 1617 1929 1674 Galli-

345 1707 537 1747 canam
563 1694 863 1753 Gothorum
897 1699 1284 1758 habitationem
1315 1705 1418 1760 hoc
1461 1706 1779 1775 pestiferum
1836 1713 1931 1765 ini-

344 1784 474 1838 ωἱοί
504 1784 739 1841 hominis
766 1788 913 1844 virus
943 1791 1250 1848 advectum.

416 1876 581 1932 Suevi
624 1878 911 1936 adversum
964 1887 1348 1941 Aunonensem
1399 1890 1628 1945 saeviunt
1678 1893 1925 1962 plebem:

343 1982 450 2039 qua
480 1969 548 2024 tle
570 1983 734 2024 causa
764 1973 922 2043 legati
953 1990 984 2030 a
1015 1976 1352 2036 Theuderico
1383 1983 1450 2038 ad
1483 1985 1927 2045 Remismnndum

345 2060 634 2115 mittuntttr
666 2061 957 2131 incassum,
990 2070 1265 2140 spretique
1286 2073 1354 2127 ab
1384 2088 1449 2127 eo
1480 2090 1610 2130 mox
1641 2078 1889 2135 redeunt.

418 2150 496 2205 De
523 2150 992 2224 ConstantinOpoli
1041 2172 1069 2211 a
1110 2158 1292 2214 Leone
1339 2172 1567 2233 augusto
1608 2167 1930 2225 Anthemius

342 2238 511 2295 frater
540 2239 789 2311 Procopii
835 2259 961 2298 cum
984 2246 1326 2317 Marcellino,
1359 2254 1590 2324 aliisque
1641 2260 1929 2316 comitibus

344 2331 478 2385 viris
506 2332 714 2399 electis,
755 2344 810 2388 et
860 2350 981 2390 cum
1015 2338 1215 2407 ingenti
1263 2344 1609 2400 multitudine
1659 2351 1930 2407 exercitus

342 2425 574 2493 copiosi,
606 2427 674 2481 ad
719 2425 925 2483 Italiam
982 2430 1095 2486 Deo
1141 2433 1421 2492 ordinante
1469 2437 1710 2497 directus
1741 2458 1932 2501 ascen-

346 2518 449 2571 tlit.

418 2608 784 2667 Romanorum
814 2612 999 2681 XLVI,
1029 2616 1341 2676 Amulius
1363 2632 1554 2680 octavo
1580 2628 1834 2684 milliaria
1862 2631 1932 2688 de

346 2698 517 2756 Roma
546 2701 816 2773 Augustus
845 2707 1168 2778 appellatur,
1190 2726 1333 2768 anno
1353 2713 1554 2772 Leonis
1601 2719 1811 2790 imperii
1842 2738 1929 2779 oc-

348 2802 495 2862 tavo,
530 2810 717 2850 mense
746 2798 1009 2866 Augusto.

421 2882 518 2938 IX.
566 2884 606 2937 I.
637 2885 919 2955 Expeditio
944 2889 1011 2943 ad
1061 2890 1295 2947 Africam
1342 2895 1603 2954 adversus
1635 2900 1929 2973 Wandalos

347 2974 594 3029 ordinata
626 2978 1013 3035 metabularum
1042 2990 1458 3044 commutatiOne
1486 2998 1543 3045 et
1568 2994 1931 3064 navigationis

349 3066 808 3136 inopportunitate
839 3082 1144 3129 revocatur.

422 3156 527 3212 Per
571 3156 966 3217 Theudericum
997 3166 1133 3220 Salla
1168 3167 1373 3237 legatus
1422 3172 1656 3229 mittitur
1707 3177 1774 3231 ad
1820 3178 1930 3234 Re-
1956 3149 2010 3215 (δ

351 3246 712 3302 mismundum
740 3265 919 3319 regem
960 3254 1283 3323 Suevorttm,
1313 3261 1403 3329 qui
1430 3277 1677 3320 reversus
1700 3268 1767 3322 ad
1809 3270 1937 3325 Gal-

348 3336 451 3389 lias
479 3352 600 3391 eum
631 3353 659 3391 a
704 3339 868 3397 fratre
899 3358 997 3399 suo
1048 3347 1240 3403 Eurico
1272 3349 1364 3423 [1η
1393 3369 1489 3407 ms.
1527 3356 1813 3430 EuveriCo]
1848 3378 1934 3417 re-

353 3428 492 3497 perit
515 3429 875 3485 interfectum.

426 3518 652 3574 Euricus
680 3523 796 3592 pari
823 3524 1027 3581 scelere
1066 3544 1173 3599 quo
1225 3530 1412 3603 frater,
1465 3539 1707 3595 succedit
1756 3542 1812 3599 in
1842 3559 1931 3600 re-

348 3795 552 3889 mundo
575 3801 839 3865 remissis,
855 3802 1093 3872 ejusdem
1114 3809 1257 3878 regis
1280 3811 1433 3881 legati
1448 3816 1513 3868 ad
1528 3816 1930 3889 imperatorem,

348 3884 441 3939 alii
466 3885 534 3940 ad
562 3886 877 3956 Wandalos,
906 3894 997 3948 alii
1024 3896 1327 3968 diriguntur
1365 3904 1431 3958 ad
1462 3884 1689 3962 Gothus.

420 3977 498 4031 De
527 3983 839 4038 Aunonensi
874 3986 1029 4054 plebe
1055 3993 1139 4045 cui
1189 3993 1487 4052 Suevorum
1541 4002 1933 4062 adversabatur

348 4067 642 4135 hostilitas,
674 4072 850 4138 Opilio
876 4091 997 4132 cum
1028 4080 1156 4137 viris
1194 4098 1376 4141 secum
1425 4104 1454 4141 a
1478 4105 1606 4161 rege
1652 4097 1928 4165 profectis,

344 4168 402 4212 et
431 4174 552 4215 cum
580 4163 876 4236 aliquantis
918 4174 1158 4241 quicum
1201 4178 1319 4248 ipso
1360 4182 1511 4237 missi
1561 4187 1795 4258 fuerant,
1844 4163 1932 4247 re;

348 4252 599 4309 vertitur.

418 4341 579 4438 Gothi
606 4348 697 4416 qui
727 4348 794 4405 ad
819 4350 1111 4411 Wandalos
1143 4360 1289 4415 missi
1316 4362 1550 4431 fuerant,
1580 4383 1740 4438 supra
1770 4373 1929 4430 dictae

343 4435 705 4503 expeditionis
730 4455 945 4499 rumore
976 4450 1246 4515 perterriti
1278 4435 1690 4517 revertunturin
1719 4467 1885 4521 celeri
1912 4486 1925 4520 :

338 4708 438 4809 sed
472 4714 654 4813 paucis
684 4725 807 4813 post
832 4724 1106 4780 mensibus
1134 4727 1249 4797 ipse
1274 4746 1369 4786 rex
1401 4708 1699 4794 Suevorum
1727 4743 1793 4797 ad
1818 4708 1928 4798 Lu;

339 4808 595 4856 sitaniam
620 4808 829 4862 transit.

315 4904 320 4927 τ
372 4982 384 4993 ο
509 4892 745 4996 (Olpntp.
767 4902 1343 4996 cccxtt.)Conimbriea
1377 4917 1427 4971 in
1450 4933 1579 4986 pace
1609 4923 1827 4996 decepta
1845 4928 1926 4983 di-

336 4984 565 5053 ripitur:
593 4987 787 5048 domus
826 4995 1175 5060 destruuntur
1203 5021 1324 5064 cum
1345 4984 1523 5083 aliqua
1566 5028 1717 5087 parte
1740 4984 1919 5078 inure-

1720 5320 1933 5429 Ἦξ

2031 520 2180 590 regio
2204 521 2481 578 desolatur
2500 537 2553 580 et
2584 526 2794 582 civitas.

2102 610 2285 682 Legati
2311 612 2377 669 de
2407 613 2637 672 Gothico
2662 618 2867 673 reversi
2896 628 3140 689 portenta
3164 660 3180 686 ,
3210 621 3263 675 in
3288 621 3475 677 Galliis
3505 623 3617 678 visa

2033 705 2328 777 aliquanta,
2354 708 2407 763 in
2429 720 2742 779 conSpectu.
2768 750 2781 765 .
2816 753 2831 766 .
2867 752 2882 766 .
2919 752 2933 766 .
2964 713 3194 768 similem
3224 713 3323 781 ipsi
3351 714 3418 767 de
3446 714 3620 770 conti-

2031 812 2140 851 nuo
2168 801 2415 867 paruisse
2437 801 2607 856 solem
2634 802 2797 857 alium
2814 804 2990 859 visum
3017 844 3030 858 .
3065 846 3078 857 .
3114 843 3133 861 .
3162 846 3175 859 .
3205 844 3217 857 .
3244 806 3375 861 solis
3401 821 3616 864 occasu.

2030 884 2381 958 Congregatis
2408 891 2571 945 etiam
2603 892 2836 961 quodam
2891 894 2977 948 die
3016 895 3229 950 concilii
3277 897 3355 949 sui
3403 896 3616 964 Gothis,

2033 978 2135 1030 tela
2163 995 2280 1047 qua:
2308 980 2580 1036 habebant
2610 984 2664 1037 in
2689 985 2942 1040 ntanibus
2980 1002 3008 1039 a
3039 995 3188 1055 parte
3216 987 3344 1042 ferri
3368 990 3449 1042 vel
3479 989 3616 1055 acie,

2030 1069 2135 1123 alia
2160 1069 2339 1138 viridi,
2371 1072 2474 1127 alia
2505 1088 2685 1140 roseo,
2717 1078 2820 1132 alia
2870 1093 3088 1144 croceo,
3122 1080 3224 1134 alia
3249 1083 3404 1147 nigro
3433 1082 3619 1135 colore

2032 1165 2330 1221 naturalem
2359 1166 2492 1222 ferri
2540 1170 2777 1237 speciem
2834 1173 3164 1242 aliquamdiu
3208 1190 3313 1229 non
3365 1175 3619 1230 habuisse

2032 1268 2256 1312 mutata.
2278 1258 2454 1315 Medio
2480 1260 2692 1316 Tolosa:
2723 1262 2955 1319 civitatis
2984 1266 3193 1321 hisdem
3214 1268 3405 1322 diebus
3427 1278 3616 1322 eterra

2031 1348 2350 1415 sanguinem
2378 1351 2642 1421 erupisse,
2679 1362 2899 1424 totoque
2938 1355 3047 1412 diei
3081 1358 3303 1413 ﬂuxisse
3330 1360 3615 1414 curriculo.

2104 1440 2191 1495 ΙΙΙ.
2224 1441 2544 1509 Legatorum
2577 1443 2877 1499 Suevorum
2924 1447 3153 1502 reditum
3197 1450 3466 1519 aliquanta
3513 1449 3621 1506 GO-

2033 1534 2245 1587 thornm
2279 1548 2470 1589 manus
2501 1535 2790 1605 insequens
2822 1536 3113 1593 Emeritam
3142 1539 3297 1607 petit.

2106 1629 2440 1701 Ulyxippona
2470 1645 2501 1685 a
2532 1630 2726 1687 Suevis
2756 1643 3075 1702 occupatur,
3117 1636 3235 1691 cive
3272 1650 3369 1692 suo
3395 1636 3483 1704 qui
3512 1636 3623 1692 illic

2035 1731 2286 1791 praeerat,
2321 1723 2568 1779 tradente
2598 1724 2840 1780 Lusidio.
2868 1726 2977 1781 Ilac
2998 1742 3056 1782 re
3086 1728 3298 1796 cognita
3329 1727 3487 1783 Gothi
3530 1729 3619 1798 qui

1959 1790 2009 1851 Β
2034 1825 2312 1881 venerant,
2346 1818 2611 1874 invadunt
2632 1829 2685 1874 et
2709 1819 2917 1874 Suevos
2963 1790 3363 1889 deprmdantur,
3418 1823 3622 1891 pariter

2030 1923 2084 1966 et
2111 1912 2387 1966 Romanos
2408 1912 2541 1982 ipsis
2571 1912 2624 1966 in
2656 1911 2952 1967 Lusitaniaa
2971 1912 3616 1983 regionibusservientes.

2101 2001 2285 2071 Legati
2317 2000 2408 2069 qui
2434 2001 2501 2056 ad
2522 2003 2908 2070 imperatorem
2934 2002 3084 2058 missi
3114 2003 3345 2071 fuerant,
3365 2005 3615 2073 redeunt,

2032 2092 2340 2147 nuntiantes
2367 2092 2469 2146 sub
2495 2093 2782 2166 presentia
2816 2094 2898 2148 sui
2928 2110 3184 2164 magnum
3220 2095 3379 2149 valde
3408 2096 3619 2149 exerci—

2032 2194 2144 2240 tum
2170 2200 2294 2240 cum
2328 2184 2497 2239 tribus
2526 2186 2753 2241 ducibus
2785 2186 2940 2243 lectis
2981 2187 3269 2241 adversum
3317 2186 3615 2243 Wandalos

2030 2292 2060 2332 a
2092 2279 2272 2335 Leone
2298 2278 2626 2347 imperatore
2656 2278 3025 2345 descendisse,
3049 2279 3259 2335 directo
3298 2279 3610 2334 Marcellino

2031 2370 2234 2442 pariter
2261 2385 2383 2424 cum
2407 2383 2568 2423 manu
2611 2384 2801 2439 magna
2855 2369 3031 2425 eidem
3092 2384 3187 2439 per
3233 2370 3621 2439 imperatorem

2030 2460 2377 2516 Anthemium
2407 2463 2630 2517 sociata.
2654 2462 3041 2518 Rechinterum
3066 2476 3322 2533 generum
3348 2462 3623 2517 Anthemii

2031 2552 2395 2621 imperatoris,
2425 2562 2479 2607 et
2506 2553 2787 2622 patricium
2820 2555 3019 2608 factum
3055 2570 3069 2608 :
3131 2554 3399 2622 Asparem
3423 2552 3620 2623 degra-

2032 2644 2215 2699 datum
2242 2644 2307 2699 ad
2334 2646 2595 2715 privatam
2634 2647 2818 2709 vitam,
2864 2646 3029 2700 ﬁlium
3075 2646 3193 2716 ejus
3222 2647 3487 2709 occisum,
3522 2645 3622 2699 ad—

2032 2750 2245 2791 versum
2278 2734 2578 2791 Romanum
2612 2737 2920 2808 imperium,
2953 2739 3093 2793 sicut
3144 2738 3448 2807 detectique
3473 2747 3621 2806 sunt,

2033 2828 2309 2885 Wandalis
2335 2832 2704 2886 consulentes.

2106 2921 2286 2989 Hilaro
2314 2920 2563 2977 defuncto
2583 2937 2678 2976 sex
2710 2921 2995 2976 sacerdotii
3020 2922 3104 2977 sui
3160 2921 3318 2976 annis
3359 2920 3616 2992 expletis,

2032 3011 2170 3066 XLV
2200 3012 2458 3069 Romamn
2488 3012 2744 3069 Ecclesiae
2794 3013 3100 3069 SIIPLICIUS
3129 3014 3420 3085 episcopus
3468 3014 3620 3069 ordi-

2037 3114 2220 3157 natur.

2110 3196 2463 3249 Aunonenses
2489 3208 2675 3264 pacem
2698 3208 2819 3249 cum
2874 3209 3001 3265 rege
3040 3193 3242 3249 faciunt
3293 3193 3620 3260 Suevorum,

2036 3283 2128 3352 qui
2160 3293 2214 3339 et
2242 3284 2533 3341 Lusitaniae
2561 3294 2617 3341 et
2641 3295 2938 3341 conventus
2968 3286 3340 3342 Asturieensis
3378 3285 3624 3357 quaedam

2037 3374 2152 3429 loca
2184 3377 2487 3445 prredantes
2517 3377 2799 3433 invadunt.

2105 3466 2267 3521 Gothi
2292 3468 2436 3523 circa
2461 3468 2707 3524 eumdem
2725 3478 3047 3525 conventum
3062 3468 3179 3540 pari
3207 3469 3499 3526 hostilitate
3524 3470 3626 3527 do-

2034 3560 2281 3624 sazviunt,
2309 3568 2488 3629 partes
2508 3564 2669 3618 etiam
2697 3562 2986 3618 Lusitaniae
3007 3565 3409 3633 deprazdantur.

2105 3648 2352 3705 Lusidius
2372 3668 2472 3722 per
2498 3652 2945 3709 Remismundum
2967 3670 3090 3709 cum
3146 3656 3259 3709 suis
3310 3655 3620 3713 hominibus

2034 3740 2225 3797 Suevis
2245 3742 2310 3796 ad
2329 3743 2711 3813 imperatorem
2738 3747 2791 3798 in
2823 3745 3094 3814 legatione
3129 3746 3401 3816 dirigitur.
3472 3748 3481 3755 '

2105 3835 2438 3891 Durissimus
2466 3844 2617 3891 extra
2647 3837 2865 3891 solitum
2892 3837 2993 3891 hoe
3025 3836 3215 3892 eodem
3257 3848 3501 3907 tempore
3526 3852 3623 3891 an-

2036 3943 2139 3984 nus
2163 3928 2401 3995 hiberni,
2434 3931 2600 3995 veris,
2629 3931 2853 3993 aestatis,
2878 3931 3123 3985 aulttmni
3149 3932 3201 3985 in
3229 3931 3392 3997 aeris,
3424 3939 3479 3986 et
3504 3947 3623 3986 om-

2034 4020 2182 4075 nium
2212 4019 2480 4075 fructuum
2511 4022 2907 4088 permutatione
2931 4020 3264 4076 dillunditur.

2107 4112 2268 4180 Signa
2289 4111 2449 4166 etiam
2474 4112 2748 4181 aliquanta
2777 4121 2831 4167 et
2855 4112 3092 4183 prodigia
3120 4113 3170 4167 in
3196 4112 3328 4167 locis
3348 4112 3621 4168 Gallreeiae

2033 4205 2401 4274 pervidentur.
2445 4203 2503 4258 In
2548 4203 2772 4260 ﬂumine
2820 4205 3009 4273 Minio,
3056 4206 3125 4261 de
3165 4207 3458 4275 municipio
3497 4207 3623 4262 Lais

2034 4295 2269 4350 milliaro
2299 4295 2467 4350 ferme
2496 4297 2708 4365 quinto,
2735 4298 3026 4365 capiuntur
3050 4297 3223 4363 pisces
3247 4308 3479 4366 quatuor
3498 4296 3622 4350 novi

2032 4386 2151 4441 visu
2179 4395 2234 4440 et
2261 4386 2462 4456 specie,
2483 4387 2622 4442 sicut
2652 4386 2885 4442 retulere
2911 4388 2999 4455 qui
3021 4397 3297 4455 coeperant
3326 4386 3617 4442 Christiani

1954 4513 2007 4575 Β
2033 4488 2087 4532 et
2116 4476 2371 4547 religiosi,
2400 4477 2638 4532 Hebraeis
2658 4478 2930 4533 etGraacis
2954 4478 3173 4541 litteris,
3208 4478 3409 4532 Latinis
3437 4492 3614 4535 autem

2032 4584 2265 4624 terarum
2293 4570 2531 4624 numeris
2557 4569 2817 4639 insigniti,
2846 4569 2917 4623 ita
2950 4584 3152 4624 cccuv
3194 4572 3319 4624 anni
3351 4572 3615 4626 circulum

2031 4659 2391 4726 continentes,
2423 4659 2539 4728 pari
2587 4660 2852 4714 mensium
2889 4660 3200 4716 intervallo.
3241 4660 3395 4716 Haud
3426 4664 3617 4731 procul

2030 4753 2098 4805 de
2127 4765 2288 4820 supra
2317 4751 2461 4806 dicto
2491 4752 2789 4820 municipio
2816 4754 2869 4806 In
2900 4753 3135 4823 speciem
3183 4753 3454 4808 lenticulae
3482 4754 3612 4809 vir?-

1948 4835 1957 4841 ’
2027 4843 2370 4898 dissimorum
2398 4851 2457 4897 ut
2479 4842 2643 4898 herba
2670 4844 2915 4914 quasdam
2940 4845 3110 4900 forma
3136 4862 3423 4915 granorum
3458 4846 3616 4915 plena

2029 4934 2386 4990 amaritudine
2413 4934 2636 4991 deﬂuxit
2691 4951 2722 4992 e
2753 4937 2915 5003 caelo,
2951 4947 3007 4994 et
3045 4937 3210 4993 multa
3239 4936 3345 4992 alia
3398 4944 3615 4994 ostenta

2025 5043 2147 5099 quae
2178 5043 2477 5086 memorare
2501 5028 2769 5100 prolixum
2800 5039 2906 5088 est.

2098 5327 2199 5433 ἓξ

1934 5546 1983 5587 ν
