4064 6190
294 327 400 384 895

292 443 392 500 551
435 440 682 497 Atratino
707 445 762 496 et
787 438 1079 496 Vibulano.

292 535 400 593 332
435 533 740 606 Capitolino
768 541 824 588 et
850 531 1133 587 Vibulano.

503 627 599 683 His
627 640 804 682 conss.
852 621 1032 696 [Forte
1077 621 1205 678 Sine
1253 617 1459 690 conss]
1491 619 1617 673 item
1672 619 1872 673 tribuni

435 719 606 792 plebis
634 726 866 788 quatuor
896 715 1054 769 annis
1081 727 1196 767 vm.

286 815 390 871 541
437 811 630 867 Omissi
660 809 848 865 Cossus
875 816 925 861 et
957 804 1296 860 Medullinus.

285 906 396 964 542
438 904 630 958 Omissi
659 901 933 956 Ambustus
963 907 1012 951 et
1044 896 1276 950 Pacilus.

287 1000 397 1057 545
437 999 726 1068 Mugillano
750 1007 804 1050 et
834 992 1038 1048 Rutilio
1061 990 1168 1063 [AL
1187 988 1428 1061 Rutilo].

284 1092 392 1148 544
431 1089 654 1146 ΛΕιιιίΙίο
683 1097 740 1144 et
767 1086 992 1141 Rustico
1019 1082 1124 1156 [AL
1154 1080 1216 1136 C.
1251 1080 1507 1152 Valerio].

283 1182 395 1238 545
432 1183 600 1238 Cosso
622 1186 679 1234 et
704 1176 1021 1232 Medullino.

497 1269 595 1327 Bis
624 1283 806 1324 conss.
858 1265 1038 1339 [Forte
1079 1263 1212 1319 Sine
1256 1259 1467 1330 conss.]
1499 1263 1624 1317 item
1667 1260 1868 1315 tribuni

427 1363 600 1433 plebis
626 1377 701 1427 tv,
725 1369 779 1415 et
801 1374 863 1425 ιι,
894 1367 951 1413 et
970 1372 1046 1425 vr,
1075 1356 1231 1410 annis
1265 1370 1356 1410 xv.

279 1452 387 1511 561
426 1454 592 1509 Flavo
621 1462 677 1508 et
700 1450 1008 1506 Camerino.

277 1543 392 1600 562
428 1544 606 1599 Potito
625 1553 682 1598 et
706 1538 1036 1610 Capitolino.

498 1636 596 1691 His
637 1647 819 1690 conss.
850 1630 1032 1705 [Forte
1077 1628 1209 1684 Sine
1260 1623 1466 1696 con:s.]
1495 1625 1621 1680 item
1664 1623 1867 1679 tribuni

422 1727 599 1801 plebis
623 1725 792 1781 creati
823 1730 948 1777 sunt
972 1721 1130 1775 annis
1161 1733 1309 1782 xvm,
1343 1725 1528 1784 postea
1571 1715 1731 1769 annis
1771 1729 1862 1779 iv;

1504 320 1905 380 DESCRIPTIO
1943 323 2337 384 CONSULUM.

1898 442 1950 501 Α
1977 440 2082 498 429
2118 441 2349 498 Camillo
2374 453 2427 499 et
2451 443 2639 499 Bruto.

3463 339 3566 388 894

2189 533 2286 589 His
2333 549 2517 589 conss.
2548 533 2731 606 [Forte
2761 535 2879 590 sine
2925 532 3136 605 conss.]
3187 545 3300 590 tum
3335 538 3565 592 dictator

2116 636 2333 682 creatus
2380 627 2641 699 Papyrius
2670 625 2892 695 Cursor,
2928 638 2983 685 et
3028 629 3287 699 magister
3325 631 3564 700 equitum

2121 718 2346 772 Drusus.

1973 806 2075 862 451
2115 807 2301 878 Longo
2331 818 2386 864 et
2408 809 2726 865 Cerretano.

1972 897 2080 952 432
2115 897 2347 955 Cursore
2376 911 2430 956 et
2457 901 2617 957 Rullo
2649 901 2758 975 [AL
2795 903 2936 958 Max.
2977 902 3233 959 Rulliano
3273 913 3328 960 et
3373 901 3562 958 Fulvio

2113 991 2340 1064 Curvo],

1971 1083 2078 1139 455
2112 1084 2336 1140 Calvino
2361 1093 2416 1140 et
2438 1085 2656 1141 Albino.

1969 1175 2076 1229 434
2115 1174 2353 1232 Cursore
2383 1192 2421 1231 ιι
2450 1186 2503 1232 et
2531 1178 2781 1234 Philone.

1970 1266 2076 1322 435
2112 1267 2328 1337 Papirio
2352 1278 2407 1324 et
2439 1270 2760 1325 Cerretano.

1969 1356 2073 1412 436
2112 1357 2328 1413 Venoce
2357 1367 2412 1414 et
2438 1358 2691 1414 Flaccino
2718 1360 2824 1432 [AL
2854 1361 3120 1417 Vennone
3149 1368 3203 1417 et
3226 1358 3468 1430 Flacco].

1969 1446 2071 1502 437
2112 1447 2343 1504 Barbula
2373 1459 2429 1506 et
2456 1451 2723 1506 Bubulco.

1967 1538 2075 1594 438
2115 1539 2317 1594 Rutilio
2346 1550 2404 1596 et
2429 1541 2668 1598 Lmnate.

1967 1630 2073 1686 439
2111 1631 2345 1688 Cursore
2372 1649 2428 1688 ιιι
2457 1643 2512 1689 et
2536 1634 2754 1688 Laenate
2784 1633 2892 1707 [AL
2916 1633 3167 1707 Philone]
3208 1651 3269 1690 ιι.

1972 1722 2079 1778 440
2115 1723 2362 1779 Samnite
2392 1723 2499 1797 [AL
2531 1723 2795 1797 Poetelio]
2813 1736 2868 1781 et
2893 1727 3098 1798 Longo.

426 1834 588 1877 nemo
614 1816 822 1874 curulis
851 1813 1196 1884 magistratus
1218 1808 1339 1863 luit.
1365 1806 1495 1863 Item
1525 1806 1724 1861 tribuni
1749 1806 1864 1876 ple-
1894 1805 1942 1866 B
1967 1812 2067 1869 441
2109 1814 2345 1870 Cursore
2375 1831 2429 1870 iv
2456 1824 2512 1870 et
2540 1816 2782 1871 Bubulco
2819 1833 2879 1871 ιι.

423 1913 510 1969 bis
537 1927 614 1966 Vl.

275 2005 389 2065 388
424 2001 746 2060 Mamertino
795 1997 903 2073 [AL
952 1995 1262 2059 Mamerco,
1293 1992 1371 2046 vel
1412 1986 1762 2059 Mamercino]
1809 1997 1865 2044 et

424 2097 713 2153 Laterano.

276 2190 387 2248 589
424 2188 664 2245 Genucio
694 2194 749 2241 et
778 2182 988 2248 Curtio,

277 2283 388 2340 390
424 2281 607 2338 Petico
629 2291 685 2335 et
703 2277 867 2334 Galva
894 2276 1002 2348 [AL
1025 2272 1238 2343 Calvo].

275 2374 381 2430 391
422 2371 744 2428 Mamertino
769 2385 805 2424 ιι
833 2378 889 2423 et
914 2367 1045 2423 Silla
1073 2366 1181 2439 [AL
1213 2363 1503 2436 Genucio].

275 2464 386 2520 592
425 2462 596 2516 Ahala
624 2469 680 2516 et
708 2459 968 2517 Genucio.

276 2555 388 2612 595
429 2554 655 2610 Stolone
682 2562 738 2607 et
767 2550 957 2606 Petino
983 2547 1089 2621 [AL
1117 2547 1345 2618 Fetico].

274 2645 387 2702 394
427 2647 616 2700 Omissi
635 2644 827 2698 Balbus
853 2651 898 2695 et
918 2641 1217 2694 Ambustus.

273 2741 385 2796 395
421 2739 628 2794 Libone
656 2734 765 2809 [AL
795 2734 1014 2789 Manlio.
1051 2731 1185 2786 Vide
1216 2728 1429 2802 Sigam]
1457 2738 1513 2786 et
1539 2729 1778 2785 Laenate.

271 2834 386 2890 396
425 2831 689 2887 Ambusto
717 2838 770 2883 et
804 2825 1056 2881 Proculo.

273 2925 384 2980 397
423 2922 649 2979 Rustico
677 2929 731 2976 et
753 2918 1058 2988 Capitolino
1081 2916 1192 2991 [AL
1225 2914 1453 2988 Rutilo].

272 3016 384 3072 398
423 3013 686 3070 Ambusto
717 3027 755 3066 ιι
783 3019 835 3066 et
860 3009 1100 3064 Laenate.

272 3107 386 3163 399
424 3106 600 3160 Potito
628 3101 738 3177 [AL
770 3097 978 3171 Petico]
1009 3110 1062 3153 et
1088 3096 1390 3154 Publicola.

269 3201 384 3256 400
421 3198 610 3252 Omissi
632 3194 904 3250 Ambustus
931 3208 986 3248 ιιι
1015 3203 1064 3247 et
1095 3190 1439 3262 Capitolinus.

268 3291 380 3347 401
423 3289 620 3343 Desunt
648 3286 853 3341 Peticus
882 3300 934 3338 ιν
961 3293 1008 3339 et
1033 3280 1306 3355 Poplicola
1331 3296 1390 3335 ιι.

267 3382 382 3438 402
423 3381 617 3434 Desunt
645 3376 712 3432 P.
748 3375 1022 3430 Publicola
1053 3385 1100 3428 et
1129 3371 1338 3426 Rutilus
1369 3386 1428 3424 ιι.

268 3475 383 3531 405
419 3474 643 3529 Roetico
671 3480 729 3526 et
751 3469 919 3524 Poeno
949 3466 1056 3540 [AL
1089 3466 1272 3522 Petico
1297 3473 1353 3520 et
1380 3459 1612 3532 Penno].

268 3568 383 3626 404
421 3567 674 3638 Scipione
701 3574 754 3619 et
775 3563 995 3619 Laenate
1023 3576 1083 3616 ιι.

268 3660 382 3715 405
417 3657 647 3713 Camillo
669 3665 723 3710 et
744 3654 965 3710 Crasso.

267 3751 383 3807 406
417 3749 650 3804 Corvino
676 3757 731 3801 et
757 3746 973 3801 Laenate
1002 3757 1083 3798 ιιι.

268 3844 378 3899 407
416 3841 632 3895 Veneco
666 3836 770 3910 [AL
805 3829 1094 3904 Vennone]
1121 3839 1177 3888 et
1202 3830 1502 3900 Torquato.

267 3937 382 3992 408
419 3934 654 3990 Corvino
683 3948 721 3986 ιι
750 3943 805 3986 et
833 3930 1067 3985 Libone.

269 4025 384 4080 409
424 4024 666 4078 Bursone
695 4020 804 4094 [AL
839 4015 1106 4090 Dorsone]
1133 4025 1188 4072 et
1216 4012 1530 4071 Camerino.

273 4116 388 4172 410
427 4114 610 4168 Rutilo
636 4122 690 4168 et
713 4111 989 4180 Torquato
1016 4123 1074 4164 ιι.

266 4207 377 4261 411
420 4206 655 4261 Corvino
687 4220 742 4259 ιιι
765 4213 825 4258 et
850 4203 1043 4258 Cosso.

267 4297 383 4352 412
420 4296 590 4352 Ahala
615 4305 671 4350 et
696 4294 876 4348 Rutilo
907 4309 966 4347 ιι.

267 4388 380 4444 415
417 4387 637 4442 Venoce
666 4384 776 4457 [AL
807 4380 1090 4454 Vennone]
1116 4397 1155 4436 ιι
1182 4390 1235 4435 et
1253 4376 1604 4434 Mamertino.

265 4478 378 4534 414
416 4478 688 4547 Torquato
718 4491 774 4530 ιιι
802 4483 858 4530 et
881 4474 1102 4528 Musone
1132 4471 1238 4544 [AL
1266 4467 1461 4541 Mure].

267 4572 382 4628 415
421 4571 744 4626 Mamertino
770 4577 824 4622 et
851 4567 1051 4622 Seleno
1079 4564 1188 4639 [AL
1214 4560 1491 4632 Philone].

266 4664 380 4720 416
419 4662 649 4718 Camillo
681 4669 736 4716 et
765 4660 985 4716 Minnio.

268 4755 377 4810 4t7
417 4753 580 4810 Festo
607 4752 716 4827 [AL
746 4749 912 4820 Paeto]
941 4760 995 4804 et
1021 4749 1231 4818 Longo.

262 4848 376 4904 418
416 4849 614 4903 Crasso
638 4855 694 4902 et
719 4845 913 4900 Dulillo
944 4842 1050 4915 [AL
1081 4839 1322 4912 Duillio].

263 4938 376 4996 419
418 4938 624 5009 Regulo
652 4947 708 4993 et
734 4937 989 4990 Corvino.

264 5032 374 5086 420
414 5031 612 5085 Albino
642 5039 697 5084 et
726 5025 957 5083 Galbino
986 5024 1094 5096 [AL
1121 5019 1391 5091 Calvino].
1432 5020 1562 5075 Vide
1589 5019 1777 5092 Sigon.

261 5121 368 5177 421
411 5121 547 5175 Ann.
580 5119 677 5174 iste
702 5135 834 5172 coss.
868 5116 1035 5171 nullos
1063 5115 1259 5169 habuit.

262 5214 374 5270 422
413 5213 646 5269 Galbino
673 5220 728 5265 et
751 5209 945 5264 Cosso.

261 5305 376 5361 425
413 5305 591 5358 Potito
616 5311 673 5358 et
697 5300 977 5356 Marcello.

261 5396 371 5454 424
409 5395 606 5451 Crasso
625 5405 678 5450 et
704 5392 918 5448 Venoce
948 5389 1056 5464 [AL
1083 5387 1366 5461 Vennone]

261 5487 375 5544 425
413 5486 732 5543 Mamertino
761 5500 798 5540 ιι
825 5495 880 5540 et
902 5483 1163 5538 Deciano.

260 5580 372 5638 426
409 5581 626 5637 Venoce
650 5594 689 5634 ιι
716 5586 771 5634 et
801 5576 1082 5648 Scipione.

261 5672 371 5729 427
408 5671 639 5729 Lentulo
665 5679 721 5726 et
748 5670 935 5726 Silone
961 5667 1068 5740 [AL
1096 5664 1370 5738 Philone].

259 5763 373 5824 428
408 5762 638 5822 Libonio
667 5759 775 5836 [AL
800 5759 1028 5836 Libone]
1056 5769 1110 5817 et
1131 5760 1388 5818 Cursore.

1884 3173 1932 3236 C

1968 1902 2077 1960 442
2115 1905 2345 1962 Maximo
2370 1917 2426 1961 et
2456 1907 2682 1963 Musone
2704 1907 2813 1980 [AL
2839 1907 3038 1980 Mure].

1965 1997 2075 2050 445
2113 1996 2356 2052 Bubulco
2386 2013 2445 2051 ιιι
2474 2007 2528 2052 et
2556 1998 2810 2053 Barbula.

1969 2090 2076 2146 444
2115 2091 2273 2146 Rullo
2303 2100 2360 2147 et
2384 2091 2612 2147 Rutilio.

2181 2183 2279 2238 llis
2305 2199 2488 2239 couss.
2537 2183 2719 2256 [Forte
2767 2183 2896 2240 Sine
2941 2181 3150 2254 conss.]
3181 2191 3294 2238 tum
3324 2182 3555 2238 dictator

2109 2279 2333 2349 Cursor,
2357 2288 2412 2334 et
2440 2279 2692 2348 magister
2712 2280 2952 2348 equitum
2984 2277 3276 2332 Bubulcus.

1965 2371 2072 2427 446
2110 2371 2337 2427 Masone
2365 2370 2473 2444 [AL
2505 2371 2676 2444 Mure]
2709 2387 2746 2425 ιι
2774 2382 2826 2426 et
2855 2370 3012 2424 Rullo
3045 2386 3102 2424 ιι.

1963 2463 2070 2518 447
2110 2462 2287 2533 Appio
2317 2462 2474 2517 Caeco
2501 2471 2556 2517 et
2587 2462 2830 2517 Violente
2861 2461 2967 2532 [AL
3000 2457 3340 2532 Volumnio].

1963 2555 2073 2612 448
2109 2555 2372 2610 Tremulo
2399 2563 2454 2610 et
2476 2555 2671 2609 Albino
2702 2554 2807 2627 [AL
2839 2551 3084 2622 Arvina].

1964 2649 2071 2704 449
2109 2647 2323 2702 Metello
2348 2647 2458 2720 [AL
2483 2644 2733 2716 Megello]
2763 2655 2816 2699 et
2843 2645 3088 2699 Minutio.

1964 2738 2072 2797 450
2109 2739 2432 2808 Sempronio
2459 2746 2514 2792 et
2529 2737 2758 2792 Faberio
2777 2735 2886 2791 [ΑΙ.
2928 2735 3253 2792 Saverrione
3273 2733 3351 2789 vel
3381 2735 3549 2788 Aver-

2107 2827 2312 2900 rione].

1964 2921 2068 2977 451
2113 2920 2343 2976 Lentulo
2363 2928 2415 2975 et
2441 2917 2699 2975 Abentesi
2729 2916 2842 2990 [AL
2870 2914 3270 2988 Aventinensi].

1965 3014 2072 3071 452
2109 3015 2355 3070 Dentone
2384 3012 2491 3086 [AL
2515 3009 2736 3084 Deutre]
2764 3020 2819 3066 et
2837 3009 3085 3066 Etnilio.

2183 3107 2280 3162 His
2292 3120 2475 3160 conss.
2498 3100 2682 3177 [Forte
2701 3103 2831 3159 Sine
2858 3099 3063 3172 conss]
3091 3098 3355 3155 Corvinus
3379 3096 3550 3152 dicta-

2104 3203 2214 3263 tor,
2242 3192 2565 3250 etﬂmilius
2600 3194 2857 3264 magister
2901 3192 3143 3262 equitum
3183 3189 3459 3244 mensibus
3483 3196 3539 3244 vl

2107 3289 2306 3344 deinde
2335 3286 2580 3341 fuerunt.

1963 3379 2072 3438 454
2105 3379 2340 3437 Corvino
2369 3379 2476 3452 [AL
2506 3378 2706 3450 Corvo]
2739 3386 2794 3432 et
2818 3377 3014 3433 Pansa.

1964 3474 2071 3530 455
2107 3472 2306 3528 Paetico
2336 3470 2445 3544 [AL
2476 3471 2684 3526 Pzetino
2706 3471 2782 3524 vel
2810 3468 2984 3542 Paeto]
3014 3477 3069 3524 et
3091 3468 3384 3538 Torquato.

1963 3565 2071 3620 456
2105 3563 2364 3635 Scipione
2392 3573 2446 3619 et
2472 3563 2730 3619 Maximo.

1963 3657 2071 3712 457
2109 3656 2267 3710 Rullo
2295 3670 2351 3708 ιιι
2377 3664 2432 3710 et
2459 3655 2686 3710 Musone
2728 3670 2785 3708 ιιι
2834 3653 2943 3724 [AL
2984 3651 3049 3718 ρ.
3100 3650 3267 3705 Fabio
3296 3666 3354 3705 ιν
3406 3657 3459 3705 et
3487 3647 3549 3704 P.

2108 3746 2274 3800 Decio
2301 3743 2408 3816 ιιι].

1962 3836 2070 3894 458
2106 3835 2329 3892 Claudio
2360 3843 2415 3890 et
2441 3833 2690 3888 Violente
2720 3831 2825 3902 [AL
2852 3831 3136 3886 Volumnio
3163 3830 3244 3902 ιι].

2094 3928 2257 3983 Rullo
2286 3941 2339 3981 ιν
2371 3936 2424 3981 et
2460 3925 2682 3980 Musone
2711 3941 2785 3979 rv.

2103 4018 2328 4074 Claudio
2357 4033 2394 4072 ιι
2425 4029 2480 4073 et
2504 4016 2755 4072 Violente
2787 4033 2850 4072 ιι.

2173 4109 2459 4180 videntur.)

1959 4201 2067 4259 459
2103 4201 2264 4256 Rullo
2291 4217 2320 4253 ν
2347 4209 2400 4256 et
2432 4199 2655 4254 Masone
2684 4212 2715 4250 ν
2748 4196 2855 4269 [AL
2886 4194 2984 4268 tv].

1959 4293 2066 4349 460
2105 4293 2322 4349 Metello
2349 4291 2463 4365 [AL
2488 4289 2718 4359 Megello
2748 4288 2810 4360 ιι]
2839 4299 2895 4343 et
2925 4287 3156 4358 Regulo.

1959 4386 2060 4442 461
2103 4386 2343 4441 Cursore
2363 4393 2418 4440 et
2439 4384 2672 4439 Maximo
2710 4383 2817 4456 [AL
2846 4379 3123 4450 Carvilio].

1961 4478 2068 4533 462
2109 4477 2345 4532 Maximo
2374 4475 2596 4545 Gurgite
2621 4483 2675 4529 et
2703 4473 2940 4527 Braccho
2967 4471 3075 4542 [AL
3103 4468 3310 4540 Bruto].

2947 3924 2968 4082 ξ
3019 3978 3129 4053 (Hi
3184 3979 3317 4033 male
3377 3978 3548 4033 inserti

1884 4549 1936 4608 D
1962 4569 2068 4625 465
2104 4568 2325 4623 Metello
2355 4581 2392 4620 ιι
2425 4578 2478 4620 et
2501 4565 2678 4618 Vulbo
2701 4563 2807 4633 [AL
2835 4562 3059 4632 Megello
3087 4577 3147 4615 ιιι
3176 4570 3232 4616 et
3259 4555 3545 4629 Bubulco].

1964 4660 2072 4717 464
2115 4659 2303 4714 Omissi
2332 4657 2553 4726 Ruﬁnus
2583 4665 2630 4710 et
2660 4655 2934 4708 Dentatus.

1963 4750 2072 4806 465
2110 4751 2342 4805 Maximo
2369 4747 2473 4820 [AL
2506 4745 2769 4815 Corvino]
2801 4755 2855 4799 et
2875 4745 3102 4800 Noctua.

1963 4841 2073 4897 466
2109 4841 2363 4896 Tremulo
2391 4847 2445 4894 et
2466 4838 2665 4893 Albino
2693 4836 2798 4909 [AL
2823 4836 3067 4909 Arvina].

1960 4933 2065 4989 467
2107 4932 2359 4987 Marcello
2384 4937 2440 4984 et
2466 4928 2673 4982 Rutilo.

1960 5026 2068 5082 468
2105 5024 2281 5080 Potito
2308 5031 2363 5078 et
2389 5022 2564 5077 Petito
2602 5018 2708 5092 [AL
2730 5016 2927 5089 Paeto].

1956 5117 2064 5174 469
2105 5114 2308 5185 Lepido
2336 5121 2391 5169 et
2415 5110 2626 5167 Cercina
2659 5111 2765 5183 [AL
2793 5104 3038 5176 Canina].

1957 5205 2065 5262 470
2104 5205 2268 5260 Dacio
2294 5213 2350 5258 et
2379 5204 2619 5258 Dentone
2647 5200 2754 5271 [AL
2776 5199 2955 5254 Tucca
2983 5207 3036 5251 et
3062 5193 3304 5266 Dentre].

1954 5298 2055 5354 471
2101 5295 2380 5350 Dolabella
2411 5301 2466 5349 et
2496 5292 2728 5348 Maximo
2756 5289 2863 5361 [AL
2893 5285 3166 5357 Domitio].

1956 5389 2062 5445 472
2098 5389 2266 5444 Lucio
2295 5387 2400 5460 [AL
2426 5381 2680 5453 Luscino]
2709 5390 2764 5436 et
2789 5380 2960 5452 Papo.

1957 5483 2065 5537 475
2102 5481 2332 5536 Barbula
2362 5488 2416 5534 et
2441 5477 2715 5545 Philippo.

1955 5573 2061 5628 474
2104 5572 2323 5627 Lmvino
2351 5579 2406 5626 et
2439 5569 2793 5623 Coruncano.

1951 5663 2058 5720 475
2095 5663 2395 5719 Caverione
2415 5670 2470 5716 et
2496 5659 2723 5714 Musone
2753 5654 2859 5728 [AL
2885 5651 3212 5710 Saverrione
3232 5661 3286 5709 et
3305 5649 3505 5725 Mure].

1953 5756 2057 5814 476
2096 5755 2320 5814 Lucinio
2346 5750 2452 5829 [AL
2480 5746 2736 5822 Luscino]
2766 5756 2822 5808 et
2846 5747 3016 5822 Papo.
