2032 3095
236 143 289 174 595

235 200 286 228 177
304 199 403 227 Rulino
416 201 444 226 et
456 196 588 226 Bubulco.

234 246 287 274 178
306 245 415 279 Gurgite
428 248 456 272 et
468 243 589 279 Clepyno
603 241 657 278 [AL
670 240 821 277 Clepsina].

235 291 286 319 479
308 291 419 318 Dentato
432 294 459 318 et
471 289 596 317 Lentulo.

234 337 288 365 480
307 337 421 364 Dentato
434 344 453 363 ιι
467 335 521 372 [ΑΙ.
536 334 576 370 in]
589 338 617 361 ct
632 333 771 361 Merenda.

235 383 284 410 481
308 382 411 409 Licinio
424 387 451 409 et
466 381 573 409 Cambia
589 379 642 416 [AL
656 378 781 414 Canina].

235 428 289 456 482
307 428 428 455 Cursore
442 432 469 454 et
485 427 600 454 Maximo
616 426 669 462 [AL
683 423 820 460 Carvilio].

235 473 289 501 485
307 473 418 501 Claudio
432 478 459 500 et
472 472 630 507 Clepsinate
650 471 705 508 [AL
721 470 869 506 Clepsina].

236 520 289 548 484
310 520 404 547 Omissi
418 520 537 554 Cleprina
552 527 570 546 ll
586 523 609 545 et
623 518 723 545 Blasio.

236 565 290 592 485
309 564 385 592 Gallo
400 565 499 593 Sabino
513 570 539 592 et
555 564 651 591 Pisone
671 563 724 600 [AL
741 561 873 597 Pictore],

237 610 290 638 486
309 610 468 645 Sempronio
483 611 613 644 Sapiente
630 615 657 637 et
669 609 750 636 Rufo.

237 658 291 685 487
311 657 412 691 Regulo
427 662 454 684 et
469 657 583 684 Libone.

238 703 292 730 488
311 703 394 730 Fabio
409 702 516 729 Pictore
529 707 556 729 et
569 702 643 728 Poeta
657 700 710 736 [AL
727 698 816 734 Pera].

238 747 292 775 489
311 747 427 774 Maximo
439 752 466 774 et
480 747 570 774 Vitulo
585 746 639 782 [AL
651 745 747 781 Mure].

239 794 292 822 590
311 794 456 822 Theudace
471 793 524 829 [AL
537 792 665 829 Caudice]
685 797 713 820 et
730 792 836 819 Flacco.

239 839 290 867 491
309 839 425 867 Maximo
436 844 463 867 et
473 838 581 866 Crasso.

239 886 292 914 492
312 886 409 913 Albino
427 886 482 921 [AL
499 886 530 913 L.
544 885 683 912 Postumio
698 884 823 921 Megello]
836 888 863 912 et
875 883 977 911 Vliulo.

240 932 294 960 495
313 932 412 960 Flacco
426 940 445 958 ιι
460 936 487 959 et
500 932 610 960 Crasso.

240 978 294 1006 494
313 978 439 1013 Scipione
453 977 536 1005 Asina
553 983 579 1005 et
593 977 702 1005 Duillio.

241 1022 294 1051 495
314 1024 439 1058 Scipione
453 1028 480 1050 et
494 1023 586 1050 Floro.

241 1068 294 1096 496
312 1067 459 1095 Catacoeno
473 1067 525 1103 [AL
538 1066 673 1104 Calatino]
686 1072 714 1094 et
727 1066 882 1094 Paterculo.

241 1114 293 1141 497
312 1114 416 1149 Regulo
429 1118 457 1141 et
469 1114 555 1141 Blaeso
569 1114 622 1150 [AL
636 1113 783 1149 Blasione].

240 1159 295 1188 498
314 1158 432 1187 Volsone
452 1163 482 1187 et
502 1159 583 1187 Decio
603 1159 656 1196 [AL
681 1159 822 1195 Caedicio],
841 1159 886 1187 cui
908 1159 1035 1187 suil‘ectus

312 1204 442 1239 Regulus.

241 1250 294 1278 499
314 1249 416 1278 Ριξξιίηο
431 1249 485 1286 [ΑΙ.
498 1249 603 1286 Fulvio]
618 1254 643 1278 et
655 1250 749 1278 Paulo.

241 1296 295 1323 500
313 1295 444 1330 Scipione
455 1299 483 1322 et
495 1294 630 1323 Calatino.

242 1343 292 1370 50!
314 1342 447 1377 Capitone
461 1343 514 1379 [AL
530 1342 670 1378 Caepione]
689 1347 717 1371 et
733 1343 833 1371 Blaeso.

242 1387 295 1414 502
313 1387 392 1414 Cotta
408 1392 435 1415 et
454 1388 580 1415 Gemino.

241 1433 295 1460 505
314 1432 423 1460 Metello
439 1437 466 1460 et
479 1433 553 1467 Papo
564 1433 619 1468 [AL
634 1432 748 1471 Pacilo].

241 1478 294 1506 504
314 1479 491 1517 ReguloiLet
503 1480 635 1510 Vni-one.

241 1522 431 1554 505’Pulchro
446 1532 475 1554 ct
488 1527 578 1554 Pullo.

241 1573 294 1601 506
313 1573 392 1601 Cotta
405 1581 423 1601 ιι
437 1577 465 1601 et
476 1573 592 1601 Gemino
603 1581 634 1601 ιι.

241 1618 293 1645 507
313 1619 425 1647 Metello
438 1624 464 1647 et
478 1619 608 1647 Buteone.

241 1663 294 1691 508
313 1663 413 1691 Crasso
427 1669 454 1691 et
473 1664 590 1692 Licinio.

241 1709 294 1736 509
314 1709 436 1737 Buteone
448 1717 468 1737 ιι
484 1716 510 1737 et
526 1710 605 1737 Bullo
624 1709 676 1746 [AL
691 1710 798 1747 Balbo].

241 1754 296 1783 510
316 1755 454 1791 Torquato
465 1760 494 1783 et
508 1756 608 1784 Blaeso.

241 1801 291 1828 5H
314 1801 438 1829 Fundulo
453 1806 480 1829 et
493 1801 572 1830 Gallo
587 1802 691 1839 Longo.

241 1846 293 1874 512
311 1848 408 1875 Catulo
423 1853 452 1876 et
464 1849 574 1877 Albino.

241 1893 294 1921 515
313 1893 452 1929 Torquato
465 1900 494 1922 et
506 1895 609 1924 Catone
620 1896 673 1933 [AL
690 1896 836 1933 Cercone].

241 1939 293 1967 514
312 1940 432 1968 Centone
447 1945 475 1969 et
490 1942 625 1970 Tuditano
636 1943 701 1978 (Cic.
718 1944 746 1971 in
758 1944 852 1979 Bruto,
866 1944 925 1979 72).

241 1985 294 2013 515
313 1985 437 2013 Tuncino
457 1987 487 2014 et
499 1986 620 2016 Falcone
644 1989 698 2025 (AL
714 1989 834 2017 Turrino
847 1994 874 2017 et
895 1989 1032 2027 Faltone].

241 2030 294 2058 516
314 2031 439 2059 Graccho
453 2037 481 2059 et
498 2033 622 2061 Faltone.

241 2075 293 2104 517
314 2076 408 2104 Omissi
421 2077 547 2105 Lentulus
561 2085 584 2106 et
596 2078 721 2107 Flaccus.

242 2122 296 2150 518
314 2122 426 2150 Claudio
440 2123 555 2151 Lentulo
567 2123 620 2159 [AL
634 2132 660 2160 p.
674 2125 759 2153 Corn.
773 2125 891 2156 Lentulo
900 2127 1034 2164 Caudino]

351 2173 379 2196 et
394 2169 476 2197 Varo.

242 2215 295 2243 519
314 2216 451 2251 Torquato
462 2221 489 2244 et
505 2216 592 2245 Volbo
608 2217 662 2254 [AL
678 2217 789 2254 Balbo].

243 2260 295 2289 520
313 2262 411 2289 Albino
423 2268 450 2290 et
462 2262 536 2297 Rogo
548 2262 602 2299 [AL
619 2263 761 2298 Carvilio].

243 2308 293 2335 521
315 2308 431 2335 Maximo
442 2313 470 2336 et
483 2309 621 2336 Mathone.

243 2353 295 2380 52?.
315 2352 418 2387 Lepido
428 2358 455 2380 et
470 2353 582 2381 Balhulo
594 2354 647 2389 [AL
663 2355 810 2389 Malleolol.

243 2398 296 2425 525
315 2398 441 2425 Mathone
455 2402 482 2425 et
497 2399 617 2427 Masone.

242 2442 295 2470 524
314 2443 432 2470 Barbula
445 2451 463 2470 ιι
475 2448 503 2471 et
519 2444 598 2472 Pera.

243 2488 296 2516 525
314 2488 414 2516 Albino
426 2493 454 2517 et
466 2489 638 2518 Centumalo.

243 2535 296 2563 526
314 2536 403 2571 Burga
420 2541 448 2564 et
467 2537 585 2564 Maximo
605 2537 677 2566 Vero
699 2538 758 2574 [AL
781 2538 814 2573 Q.
829 2539 895 2569 Fab.
918 2541 989 2570 Max.
1007 2546 1037 2572 et

244 2576 258 2617 ᾖ
347 2582 487 2619 Carvilio].

243 2627 295 2655 527
314 2627 413 2656 Flacco
426 2633 453 2656 et
467 2629 571 2665 Regulo
585 2629 652 2666 (Cic.
662 2631 694 2657 de
706 2630 852 2664 Senectute,
866 2630 922 2667 11).

244 2674 297 2701 528
316 2674 432 2701 Maximo
447 2674 562 2702 Messala
575 2675 628 2712 [AL
648 2676 707 2704 Val.
723 2675 850 2712 Messala]
866 2681 894 2705 et
905 2677 1033 2713 Apustio.

243 2721 296 2749 529
314 2721 387 2757 Papo
399 2722 453 2759 [AL
469 2722 579 2760 Flacco]
594 2729 621 2751 et
635 2724 752 2760 Regulo.

243 2768 294 2795 550
313 2767 452 2803 Torquato
467 2774 495 2796 et
505 2769 578 2804 Papo
591 2769 645 2806 [AL
661 2770 781 2806 Flacco].

243 2812 293 2841 551
314 2813 449 2843 Flaminio
463 2819 492 2843 et
504 2815 618 2844 Philone
629 2816 682 2853 [AL
699 2816 799 2854 Philo].

244 2858 297 2886 552
316 2859 444 2895 Scipione
458 2866 486 2889 et
499 2861 637 2891 Marcello.

1039 194 1068 223 Δ

1049 1540 1073 1572 C

1046 2226 1074 2257 Ι)

746 138 851 168 IDATII
870 137 1022 167 EPlSCOPl
1041 136 1351 172 AQUEFLAVIENSIS

1822 135 1882 166 895

1080 195 1133 223 535
1152 196 1282 231 Scipione
1295 196 1390 224 Nasica
1405 195 1458 233 [AL
1474 193 1570 230 Asina]
1580 199 1607 223 et
1621 194 1703 222 Rufo.

1082 241 1134 270 554
1153 242 1251 270 Catulo
1265 246 1293 270 et
1308 242 1434 270 Philone.

1081 288 1136 316 555
1155 288 1240 315 Paulo
1256 293 1284 315 et
1298 288 1461 316 Salinatore.

1083 334 1134 362 556
1152 334 1280 369 Scipione
1294 339 1320 362 et
1335 334 1441 369 Longo.

1083 380 1135 407 557
1154 380 1271 408 Gemino
1281 385 1309 408 et
1327 379 1472 412 Flaminio.
1484 379 1526 407 cui
1541 378 1672 406 sull'ectus
1686 382 1728 406 est
1743 375 1882 412 Regulus.

1082 425 1136 453 558
1156 425 1240 453 Paulo
1250 433 1268 453 ιι
1283 431 1311 453 et
1324 425 1444 453 Varone.

1083 470 1137 498 559
1156 471 1241 499 Fabio
1254 471 1376 498 Maximo
1390 475 1418 498 et
1427 470 1562 498 Graccho.

1083 516 1137 544 540
1155 516 1239 544 Fabio
1253 517 1372 544 Maximo
1385 524 1401 543 ιι
1417 521 1445 544 et
1459 515 1599 543 Marcello.

1083 562 1134 590 541
1156 562 1274 590 Maximo
1289 568 1315 590 et
1333 562 1466 590 Graccho.

1083 609 1137 637 542
1156 609 1272 636 Pulchro
1282 615 1308 636 et
1320 609 1430 637 Flacco.

1084 655 1137 682 545
1156 654 1242 682 Galba
1258 659 1284 682 et
1295 654 1469 682 Centumalo.

1085 700 1136 729 544
1156 701 1276 737 Lebyino
1290 700 1344 737 [AL
1361 700 1484 736 Lavino]
1500 704 1528 728 et
1542 700 1680 728 Marcello.

1085 746 1138 775 545
1159 746 1243 774 Fabio
1257 751 1285 774 et
1299 746 1411 774 Flacco.

1086 793 1138 819 516
1158 792 1285 819 Marcello
1297 798 1324 819 et
1337 792 1477 826 Crispino.

1088 840 1139 866 547
1160 839 1266 866 Nerone
1279 844 1306 867 et
1321 839 1484 866 Salinatore.

1085 886 1137 912 548
1158 886 1266 913 Metello
1280 891 1306 913 et
1321 886 1434 913 Philone
1450 886 1514 920 (Cic.
1534 885 1610 918 ibid.,
1627 885 1686 920 57).

1086 931 1138 959 549
1159 932 1285 966 Scipione
1296 937 1322 959 et
1333 932 1433 959 Crasso
1447 932 1531 959 divite
1543 931 1608 967 (Cic.
1625 932 1699 964 ibid.,
1711 930 1770 966 77).

1086 979 1140 1008 550
1160 979 1281 1013 Cethego
1298 983 1325 1006 et
1338 978 1473 1005 Tuditano
1489 978 1556 1013 (Cic.
1570 978 1646 1011 ibid.,
1659 978 1693 1006 58
1707 981 1731 1004 et
1743 977 1803 1013 60).

1086 1025 1135 1052 551
1157 1024 1285 1058 Caepione.
1301 1029 1327 1051 et
1341 1024 1466 1051 Servilio.

1086 1070 1138 1097 552
1159 1071 1265 1097 Nerone
1284 1073 1311 1096 ct
1326 1069 1452 1096 Servilio.

1086 1116 1138 1143 553
1157 1117 1273 1144 Lentulo
1288 1120 1315 1142 et
1329 1115 1412 1142 Paeto.

1087 1163 1138 1190 554
1159 1163 1243 1191 Galba
1256 1171 1274 1190 ιι
1289 1167 1316 1190 et
1331 1163 1421 1189 Cotta.

1087 1209 1139 1237 555
1159 1209 1275 1237 Lentulo
1288 1214 1315 1236 et
1326 1209 1459 1243 Tappulo.

1086 1255 1139 1283 556
1157 1255 1291 1282 Flaminio
1307 1260 1333 1282 et
1348 1254 1432 1282 Paeto.

1088 1301 1138 1328 557
1160 1301 1279 1335 Cethego
1290 1305 1316 1327 et
1330 1300 1399 1327 Rufo
1414 1299 1479 1336 (Cic.
1499 1299 1576 1331 ibid..
1587 1298 1646 1335 75).

1160 1346 1310 1383 Porphyrio
1330 1346 1385 1385 [AL
1399 1345 1586 1383 Purpureone]
1599 1353 1627 1376 et
1637 1345 1779 1375 Marcello.

1088 1394 1141 1422 559
1160 1395 1241 1422 Festo
1253 1395 1306 1431 [AL
1321 1394 1433 1430 Catone]
1448 1400 1474 1421 et
1486 1394 1594 1422 Flacco.

1088 1441 1140 1468 560
1159 1441 1287 1475 Scipione
1304 1440 1433 1468 Africano
1449 1445 1476 1468 et
1488 1440 1592 1476 Longo.

1088 1486 1138 1513 561
1161 1486 1263 1513 Merula
1278 1491 1302 1513 et
1317 1486 1447 1513 Thermo.

1090 1532 1142 1559 562
1162 1532 1294 1559 Flaminio
1309 1538 1335 1559 et
1350 1532 1546 1560 Ahenobarbo.

1089 1578 1142 1605 565
1162 1578 1308 1604 Glabrione
1323 1583 1351 1604 et
1365 1577 1471 1605 Nasica.

1089 1623 1141 1651 564
1161 1624 1288 1658 Scipione
1300 1629 1326 1651 et
1342 1624 1436 1651 Laelio.

1088 1670 1142 1698 565
1162 1671 1281 1698 Vulsone
1294 1676 1321 1698 ct
1339 1671 1489 1699 Nobiliore.

1089 1715 1142 1743 566
1160 1716 1313 1744 Salinatore
1328 1721 1354 1744 et
1367 1717 1491 1745 Messala.

1088 1762 1140 1789 567
1161 1762 1263 1797 Lepido
1279 1767 1305 1790 et
1317 1764 1458 1791 Flaminio.

1088 1808 1141 1835 568
1161 1808 1259 1835 Albino
1272 1814 1298 1836 et
1315 1809 1450 1844 Philippo.

1088 1853 1140 1880 569
1160 1854 1278 1881 Pulchro
1292 1860 1317 1881 et
1333 1855 1468 1882 Tuditano
1485 1855 1551 1890 (Cic.
1567 1856 1593 1883 in
1606 1856 1701 1890 Bruto,
1713 1856 1771 1892 60).

1088 1898 1139 1925 570
1159 1898 1276 1926 Pulchro
1287 1908 1305 1927 ιι
1319 1905 1344 1927 et
1358 1900 1475 1928 Licinio.

1088 1944 1138 1970 571
1160 1945 1285 1973 Labeone
1299 1951 1324 1972 et
1343 1946 1480 1974 Marcello.

1088 1990 1140 2017 572
1160 1990 1284 2018 Pamlilio
1296 1992 1347 2028 [AL
1361 1992 1524 2029 Tamphylo]
1538 1998 1566 2021 et
1580 1993 1676 2021 Paulo.

1087 2035 1139 2062 575
1159 2036 1277 2072 Cethego
1291 2042 1318 2063 et
1333 2037 1456 2065 Pamiilio
1471 2039 1522 2074 [AL
1544 2037 1720 2074 Tamphylo].

1086 2079 1140 2108 574
1158 2081 1258 2109 Albino
1271 2087 1298 2110 et
1312 2082 1421 2111 Pisone.

1087 2127 1140 2156 575
1158 2128 1302 2164 Acindyno
1313 2128 1366 2165 [AL
1382 2128 1508 2165 Acidino]
1519 2135 1547 2158 et
1561 2129 1669 2158 Flacco.

1087 2176 1139 2203 576
1159 2177 1243 2205 Bruto
1257 2181 1285 2204 et
1300 2177 1430 2206 Vulsone.

1088 2221 1139 2249 577
1160 2222 1277 2250 Pulchro
1292 2228 1320 2250 et
1335 2222 1470 2251 Graccho.

1086 2267 1140 2295 578
1159 2268 1288 2303 Scipione
1304 2272 1333 2297 et
1343 2268 1455 2297 Petilio.

1086 2313 1140 2342 579
1158 2313 1261 2349 Lepido
1277 2322 1295 2342 ιι
1309 2319 1337 2341 et
1352 2315 1490 2343 Scaevola.

1086 2359 1140 2387 580
1161 2359 1257 2387 0miin
1269 2360 1378 2388 Albinus
1391 2366 1416 2388 et
1429 2361 1556 2389 Scwvola.

1087 2404 1136 2432 581
1157 2404 1257 2432 Albino
1271 2410 1300 2433 et
1314 2405 1436 2434 Laenate.

1089 2450 1142 2478 582
1160 2450 1270 2478 Lmnate
1281 2455 1309 2479 et
1322 2452 1406 2480 Elio.

1089 2497 1142 2524 585
1160 2496 1259 2525 Crasso
1273 2500 1301 2525 et
1314 2498 1408 2533 Longo
1422 2498 1475 2534 [AL
1489 2498 1636 2534 Longino].

1088 2542 1142 2571 584
1160 2543 1279 2571 Macrino
1290 2544 1344 2580 [AL
1357 2544 1494 2580 Mancino]
1508 2550 1536 2572 et
1551 2545 1683 2573 Serrano.

1088 2588 1141 2616 585
1159 2588 1282 2623 Philippo
1295 2592 1323 2616 et
1334 2589 1463 2624 Caepione
1478 2590 1544 2625 (Cic.
1560 2591 1586 2618 in
1601 2590 1693 2625 Bruto,
1709 2591 1767 2627 78).

1088 2633 1142 2662 586
1161 2634 1245 2662 Paulo
1258 2639 1285 2662 et
1299 2634 1409 2663 Crasso.

1088 2680 1141 2708 587
1160 2680 1236 2708 Paeto
1252 2684 1280 2707 et
1296 2681 1388 2708 Penno
1404 2680 1468 2716 (Cic.
1479 2681 1555 2716 ibid.,
1571 2681 1645 2717 109).

1086 2725 1140 2753 588
1158 2725 1236 2752 Gallo
1254 2730 1282 2753 et
1293 2724 1419 2753 Claudio.

1085 2772 1139 2800 589
1158 2771 1294 2807 Torquato
1309 2776 1336 2799 et
1350 2771 1462 2800 Octavio
1483 2772 1564 2809 (Ibid.
1578 2773 1610 2802 de
1622 2772 1686 2803 Fin.
1702 2773 1724 2803 L
1736 2781 1756 2808 I,
1766 2773 1825 2810 24).

1085 2818 1138 2846 590
1157 2817 1294 2853 Torquato
1305 2826 1323 2845 ιι
1336 2823 1362 2845 et
1373 2817 1507 2854 Longino.

1087 2865 1137 2894 591
1159 2865 1282 2894 Graccho
1295 2870 1321 2893 et
1334 2865 1448 2893 Thalna.
