4064 6190
308 259 409 317 897

304 371 409 430 592
452 369 709 441 Scipione
738 368 931 425 Nasica
961 377 1017 425 et
1042 367 1254 439 Figulo.

518 462 576 516 1n
629 462 822 516 horum
865 461 1083 528 locum,
1134 462 1258 531 quia
1302 458 1434 514 vitio
1476 459 1645 516 creati
1691 467 1883 528 erant,

449 549 794 605 sufﬁciuntur
820 550 1083 605 Lentulus
1120 558 1176 604 et
1208 548 1500 605 Domitius.

299 643 408 698 595
449 643 674 697 Messala
696 652 752 696 et
775 641 1023 697 Carbone
1050 639 1159 713 [AL
1183 636 1491 709 Strabone].

299 732 409 789 594
446 732 604 787 Gallo
632 741 689 786 et
714 730 973 800 Cethego.

298 824 407 879 595
446 822 725 877 Dolabella
755 830 813 877 et
838 821 1030 876 Fulvio
1066 820 1364 877 Nobiliore.

298 914 407 968 596
449 913 655 984 Lepido
683 923 736 968 et
770 912 987 967 Laenate
1016 926 1075 965 ιι.

297 1004 404 1060 597
445 1003 661 1059 Caesare
683 1013 739 1057 et
768 1002 984 1057 Oreste.

298 1097 410 1152 598
449 1096 680 1150 Lentulo
706 1103 761 1148 et
784 1093 972 1164 Figulo
999 1091 1129 1165 (Cic.
1169 1092 1222 1146 in
1251 1092 1433 1160 Bruto,
1467 1091 1580 1162 79).

295 1187 408 1243 599
448 1186 636 1242 Nasica
659 1196 715 1241 et
735 1185 1016 1240 Marcello.

296 1275 406 1333 600
446 1276 659 1347 Opimio
682 1287 735 1332 et
762 1277 981 1331 Albino.

297 1372 402 1427 601
446 1371 724 1426 Nobiliore
750 1381 806 1425 et
834 1369 1009 1424 Lusco
1047 1366 1179 1439 (Cic.
1208 1367 1381 1437 ibid.).

297 1464 407 1520 602
448 1462 703 1518 Marcello
730 1477 769 1516 ιι
794 1470 848 1516 et
876 1460 1094 1515 Flacco.

298 1558 409 1613 605
448 1554 676 1611 Lucullo
705 1564 756 1609 et
786 1554 979 1608 Albino
1012 1550 1145 1623 (Cic.
1179 1550 1334 1618 ibid.,
1364 1549 1479 1621 81).

297 1651 408 1705 604
448 1648 713 1703 Flaminio
744 1655 798 1702 et
821 1646 1004 1700 Balbo.

296 1742 409 1795 605
448 1740 742 1794 Censorino
772 1748 825 1792 et
846 1737 1063 1793 Manilio
1093 1734 1228 1808 (Cic.
1256 1736 1309 1789 in
1340 1732 1526 1801 Bruto,
1559 1732 1672 1806 61).

296 1831 407 1888 606
444 1831 640 1886 Albino
666 1838 721 1886 et
754 1830 968 1884 Pisone.

294 1925 403 1980 607
447 1923 700 1992 Scipione
730 1922 937 1977 Aimilii
968 1920 1076 1992 [AL
1110 1917 1431 1990 Emiliano]
1455 1930 1507 1975 et
1534 1920 1725 1977 Druso.

293 2015 405 2069 608
444 2010 675 2070 Lentulo
702 2022 760 2068 et
783 2013 1033 2069 Numicio
1060 2012 1167 2085 [AL
1204 2009 1504 2083 Mummio].

295 2107 408 2162 609
448 2107 677 2161 Maximo
706 2104 911 2161 Einilii
940 2103 1048 2177 [AL
1079 2101 1395 2174 Emiliano]
1438 2113 1491 2156 et
1519 2102 1787 2157 Mancino.

295 2199 407 2254 610
446 2199 615 2254 Galba
647 2205 704 2253 et
726 2196 883 2251 Cotta
910 2197 1043 2261 (Cic.
1075 2196 1139 2249 de
1164 2195 1371 2248 Amicit.
1407 2193 1522 2262 96).

294 2290 401 2345 611
443 2289 672 2343 Claudio
701 2297 757 2342 et
781 2286 1023 2342 Metello.

290 2382 403 2437 612
440 2381 659 2436 Metello
686 2395 723 2434 tt
750 2387 806 2436 et
835 2380 1067 2435 Maximo
1099 2377 1232 2449 (Cic.
1258 2378 1314 2432 in
1341 2376 1524 2445 Bruto,
1558 2377 1703 2450 161).

291 2473 403 2528 615
444 2472 635 2525 Omissi
658 2470 831 2540 prio
851 2480 897 2525 et
920 2470 1108 2541 Rufus.

291 2560 401 2617 614
440 2564 693 2633 Caepione
727 2569 783 2615 et
807 2560 973 2616 Laelio
1001 2559 1135 2631 (Cic.
1165 2558 1317 2624 ibid.,
1343 2560 1455 2629 85).

290 2653 402 2709 615
441 2653 659 2708 Laenate
685 2662 738 2707 et
766 2651 962 2707 Pisone
991 2651 1121 2723 (Cic.
1151 2650 1304 2718 ibid.,
1351 2648 1494 2721 106).

292 2742 405 2798 616
442 2742 633 2799 Nasica
665 2743 920 2812 Scipione
946 2751 999 2796 et
1034 2743 1215 2797 Bruto.

290 2834 400 2891 617
438 2835 644 2906 Lepido
672 2835 901 2890 Porcina
924 2844 981 2890 et
1009 2835 1281 2890 Mancino.

290 2928 401 2986 618
441 2927 597 2983 Philo
622 2938 676 2983 et
701 2927 935 2984 Servilio
963 2927 1069 3000 [AL
1100 2927 1230 2983 Sex.
1255 2927 1465 2998 Atilio].

289 3023 400 3079 619
438 3023 636 3078 Flacco
666 3030 722 3077 et
746 3020 964 3077 Pisone.

291 3114 404 3170 620
440 3113 694 3184 Scipione
718 3111 973 3168 Africano
999 3119 1055 3165 et
1077 3111 1295 3166 Flacco.

288 3204 393 3258 621
435 3203 677 3260 Scaevola
713 3212 768 3258 et
794 3201 1108 3271 Calpurnio.

288 3294 402 3348 622
437 3294 655 3349 Laenate
680 3302 735 3349 et
758 3293 961 3347 Rutilio
992 3293 1098 3364 [AL
1127 3289 1385 3361 Rupilio].

290 3388 403 3442 625
439 3387 640 3442 Crasso
666 3396 720 3441 et
739 3386 934 3441 Flacco
971 3384 1102 3456 (Cic.
1131 3386 1193 3437 de
1222 3385 1480 3448 Amicitia,
1510 3384 1624 3455 57).

290 3479 401 3535 624
437 3478 669 3534 Lentulo
700 3477 808 3551 [AL
833 3479 971 3549 App.
1004 3475 1252 3549 Claudio]
1285 3487 1340 3532 et.
1368 3477 1676 3532 Perpenna.

290 3569 401 3627 625
440 3571 709 3625 Tuditano
751 3582 805 3624 et
833 3569 1032 3624 Anulio
1072 3568 1204 3639 [(216.
1244 3568 1306 3621 de
1353 3567 1485 3625 Να..
1539 3582 1757 3622 «earum
1809 3563 1882 3624 14

507 3662 770 3733 Aquilio].

288 3753 399 3813 626
437 3756 661 3811 Octavio
690 3766 741 3809 et
766 3754 907 3810 Rufo
937 3754 1043 3826 [AL
1078 3754 1143 3808 T.
1178 3752 1401 3826 Annio].

289 3851 398 3906 627
439 3850 682 3919 Longino
709 3861 762 3904 et
794 3848 964 3903 Cinna
998 3848 1129 3920 (Cic.
1158 3847 1312 3915 ibid.,
1343 3846 1469 3916 109)

288 3943 400 3999 628
439 3942 643 4013 Lepido
670 3952 723 3997 et
751 3942 962 3996 Oreste.

290 4034 399 4089 629
438 4034 668 4105 Hypsaeo
690 4042 745 4087 et
773 4032 989 4087 Flacco.

288 4125 400 4181 650
439 4124 682 4193 Longino
709 4133 762 4177 et
789 4123 1036 4178 Calvino.

289 4217 393 4273 651
439 4217 653 4272 Metello
684 4227 739 4271 et
768 4214 1074 4269 Flaminino
1097 4214 1229 4287 (Cic.
1260 4231 1352 4283 pro
1379 4214 1561 4281 Domo,
1589 4212 1731 4283 156).

288 4308 403 4365 652
438 4308 804 4364 Ahenobarbo
828 4316 883 4363 et
913 4307 1119 4361 Fannio
1150 4306 1281 4375 (Cic.
1304 4307 1358 4359 in
1384 4304 1568 4367 Bruto,
1597 4305 1714 4373 99).

289 4403 401 4456 655
438 4401 650 4470 Opimio
676 4410 731 4455 et
761 4401 992 4455 Maximo
1018 4398 1226 4453 [Emilii
1256 4396 1364 4469 [AL
1394 4394 1737 4466 1Emiliano].

289 4492 402 4549 654
441 4494 662 4547 Manilio
693 4491 801 4565 [AL
834 4489 1052 4563 Manlio]
1081 4498 1137 4546 et
1162 4488 1432 4546 Carbone.

290 4588 404 4645 655
442 4587 658 4642 Metello
686 4596 740 4641 et
764 4587 943 4639 Cotta.

291 4681 402 4735 656
439 4678 647 4733 Catone
673 4687 726 4732 et
757 4676 957 4731 Marcio
989 4690 1136 4745 rege.

290 4774 398 4831 657
439 4775 655 4831 Metello
702 4773 1020 4828 Diademato
1065 4770 1201 4841 [Vel
1234 4766 1573 4840 Dalmatico]
1615 4777 1671 4825 et
1717 4769 1882 4824 Mntio

512 4864 779 4922 Scaevtila.

294 4961 400 5017 658
439 4958 571 5013 Geta
600 4967 653 5011 et
679 4956 911 5011 Maximo
939 4953 1268 5011 Serviliano.

291 5052 404 5106 659
443 5051 651 5105 Scauro
682 5057 736 5103 et
767 5048 1005 5103 Metello.

290 5143 406 5199 640
444 5127 611 5197 Balbo
641 5152 695 5196 et
723 5141 955 5195 Catone.

293 5236 393 5291 651
441 5233 655 5288 Metello
683 5242 738 5287 et
769 5232 1037 5287 Carbone.

294 5325 405 5381 642
443 5325 620 5380 Druso
649 5335 707 5379 et.
736 5325 955 5379 Pisone.

512 5415 606 5469 His
637 5428 821 5470 conss.
846 5414 1063 5471 initium
1092 5413 1217 5470 belli
1248 5411 1581 5483 Jugurthini.

296 5511 403 5567 645
442 5507 631 5564 Nasica
678 5508 933 5577 Scipione
968 5518 1025 5565 et
1070 5506 1248 5565 Bestia
1296 5505 1589 5576 Calpurnio
1629 5506 1775 5578 (Cic.
1827 5507 1881 5563 in

515 5599 698 5664 Bruto,
730 5596 878 5668 128).

298 5691 406 5749 644
447 5692 581 5749 Rulo
611 5702 668 5749 et
696 5690 917 5755 Albino,

1522 249 1925 312 DESCRIPTIO
1961 253 2347 313 CONSULUM.

3466 264 3571 322 898

1912 372 1964 431 Δ
1993 369 2098 426 645
2137 371 2352 428 Metello
2374 372 2659 429 Numidico
2689 385 2744 430 et
2769 374 2955 431 Silano
2985 375 3114 447 (Cic.
3152 375 3311 444 ibim,
3330 374 3478 449 155).

1988 465 2094 520 646
2132 465 2363 535 Sulpitio
2396 476 2451 523 et
2471 469 2695 523 Scauro.

1988 556 2093 612 647
2131 558 2377 629 Longino
2403 569 2459 614 et
2479 560 2648 616 Mario
2677 560 2809 633 (Cic.
2833 562 2984 628 ibid.,
3020 560 3169 633 161).

1992 650 2097 708 648
2135 652 2371 708 Serrano
2393 661 2447 707 et
2474 653 2751 723 Cmpione.

2205 742 2301 797 His
2325 756 2510 799 conss.
2538 754 2695 798 natus
2734 753 2818 798 est
2846 742 3035 797 Cicero
3071 742 3160 798 die
3188 758 3278 799 vut
3305 740 3569 800 kalendas

2132 833 2303 888 Maias
2330 833 2409 907 [ιιι
2442 834 2579 890 Non.
2608 837 2732 891 Jan.
2764 836 2832 889 ad
2859 837 2962 889 Au.
2992 851 3085 904 vn,
3117 835 3193 908 5].

1990 923 2096 979 649
2134 923 2272 977 Rufo
2292 934 2347 979 et
2369 925 2546 979 Mallio
2577 926 2685 997 [AL
2710 926 2973 998 Manilio].

1991 1014 2097 1071 650
2134 1017 2298 1070 Mario
2326 1032 2363 1071 ιι
2384 1026 2438 1071 et
2460 1016 2718 1071 Fimbria.

1990 1104 2089 1160 651
2133 1106 2301 1159 Mario
2326 1121 2385 1160 ιιι
2414 1116 2469 1160 et
2495 1107 2708 1162 Oreste.

1990 1191 2097 1248 652
2136 1194 2302 1249 Mario
2334 1210 2386 1250 tv
2413 1205 2469 1250 et
2492 1195 2704 1251 Catulo.

1989 1284 2097 1339 655
2136 1285 2304 1341 Mario
2332 1302 2364 1337 v
2394 1295 2451 1341 et
2475 1287 2735 1355 Aquillio.

1994 1373 2101 1430 654
2138 1375 2310 1430 Mario
2336 1391 2390 1431 γι
2419 1384 2476 1432 et
2502 1377 2698 1432 Flacco
2731 1378 2863 1447 (Cic.
2888 1395 2980 1449 pro
3003 1379 3206 1445 Rabir.,
3234 1379 3345 1449 20).

1988 1464 2095 1520 655
2132 1465 2371 1522 Antonio
2388 1478 2443 1522 et
2463 1468 2663 1523 Albino
2686 1468 2817 1539 (Cic.
2842 1482 2954 1538 post
2972 1471 3147 1539 redit.,
3171 1471 3240 1524 ad
3266 1472 3438 1540 Quin,
3455 1471 3568 1542 11).

1987 1555 2096 1611 656
2133 1556 2347 1612 Metello
2374 1558 2581 1628 Nepote
2609 1569 2666 1614 et
2692 1559 2815 1615 Tito
2843 1560 3017 1615 Didio.

1993 1647 2096 1702 657
2137 1647 2369 1704 Lentulo
2400 1657 2458 1704 et
2484 1648 2702 1705 Crasso.

1915 1724 1965 1786 Β
1992 1739 2097 1795 658
2140 1742 2502 1798 Ahenobarbo
2527 1751 2582 1798 et
2603 1743 2867 1814 Longino.

1990 1831 2095 1889 659
2134 1833 2335 1889 Crasso
2360 1844 2417 1889 et
2441 1835 2683 1891 Scwvola
2713 1836 2842 1907 (Cic.
2871 1837 2924 1890 in
2954 1836 3138 1905 Bruto,
3160 1836 3314 1909 229).

1988 1924 2096 1980 660
2133 1924 2297 1981 Galva
2330 1926 2437 2000 [AL
2461 1926 2651 1999 Caldo]
2672 1938 2727 1983 et
2755 1929 3143 1985 Ahenobarbo.

1987 2015 2085 2071 661
2132 2016 2325 2072 Flacco
2354 2027 2408 2073 et
2440 2017 2736 2074 Herennio.

1988 2109 2093 2164 662
2132 2108 2368 2165 Pulchro
2391 2121 2445 2164 et
2473 2110 2769 2181 Perperna.

1987 2200 2092 2255 665
2131 2200 2379 2271 Philippo
2405 2211 2461 2256 et
2490 2202 2707 2256 Caesare
2740 2200 2844 2275 [AL
2869 2201 2999 2257 Sex.
3031 2200 3141 2257 Jul.
3174 2202 3358 2275 (ἷκε.)

1986 2291 2095 2347 664
2132 2292 2346 2348 Caesare
2372 2293 2479 2366 [AL
2508 2293 2570 2349 L.
2602 2293 2713 2349 Jul.
2742 2293 2880 2349 ϐακε.
2912 2292 2951 2365 ι]
2980 2304 3036 2350 et
3065 2296 3236 2364 Lupo.

1985 2383 2093 2439 665
2133 2383 2402 2439 Strabone
2424 2392 2482 2440 et
2506 2385 2713 2439 Catone
2737 2384 2870 2456 (Cic.
2898 2385 3096 2449 Divin.,
3122 2384 3203 2455 4).

1986 2476 2091 2532 666
2129 2475 2276 2549 Sylla
2308 2487 2363 2532 et
2386 2476 2528 2531 Rul‘o
2556 2476 2741 2547 (Cic.2
2767 2479 2817 2531 in
2843 2476 3019 2543 Rull.,
3059 2478 3178 2547 58).

1984 2567 2089 2623 667
2128 2569 2353 2624 Octavio
2383 2576 2440 2623 et
2462 2567 2632 2624 Cinna
2663 2550 2795 2639 (Cic.
2823 2568 3061 2636 Tuscul.,
3085 2568 3202 2639 55).

1985 2658 2091 2713 668
2129 2657 2298 2712 Mario
2323 2673 2394 2713 vn
2424 2668 2479 2713 et
2497 2657 2663 2713 Cinna
2697 2674 2754 2714 ιι.

2204 2750 2296 2804 llis
2325 2764 2512 2806 conss.
2545 2759 2706 2807 natus
2752 2762 2835 2806 est
2874 2751 3169 2808 Sallustius
3195 2752 3284 2810 die
3313 2752 3571 2811 kalendas
3616 2748 3631 2757 ”

2130 2841 2352 2898 Octobr.

1986 2934 2092 2990 669
2132 2933 2301 2989 Cinna
2333 2950 2391 2990 ιιι
2420 2942 2476 2991 et
2503 2933 2769 2992 Carbone.

1986 3026 2094 3083 670
2131 3025 2381 3084 Carbone
2401 3043 2439 3083 ιι
2465 3035 2521 3083 et
2547 3028 2828 3085 Scribonio
2859 3029 2967 3101 [AL
2991 3028 3161 3084 Cinna
3185 3027 3282 3100 tv].

1912 3096 1957 3159 ο
1989 3117 2086 3173 671
2134 3119 2391 3189 Scipione
2419 3129 2475 3175 et
2501 3119 2759 3175 Norbano
2782 3096 2910 3191 (Cic.
2935 3137 3028 3193 pro
3058 3096 3291 3187 Quintia,
3314 3120 3434 3192 24).

1983 3210 2090 3266 672
2128 3211 2375 3267 Carbone
2402 3226 2462 3267 ιιι
2491 3221 2547 3267 et
2572 3212 2743 3267 Mario
2769 3212 2899 3282 (Cic.
2923 3214 3031 3268 5in
3061 3212 3227 3278 ΒΜΔ,
3259 3214 3338 3280 7).

1985 3301 2091 3358 675
2129 3301 2329 3357 Decula
2349 3311 2404 3358 et
2433 3302 2712 3357 Dolabella
2735 3301 2865 3375 (Cic.
2893 3304 2928 3358 2
2959 3304 3012 3358 in
3041 3303 3214 3367 Πρω..
3237 3302 3354 3374 55).

1983 3394 2088 3448 676
2125 3393 2273 3463 Sylla
2304 3402 2360 3448 et
2385 3392 2602 3448 Metello
2624 3392 2722 3447 Pio
2753 3391 2884 3463 (Cic.
2919 3410 3013 3462 pro
3046 3392 3283 3461 Plancio,
3316 3393 3432 3465 69).

1978 3477 2093 3541 ί.ῖὲ
2128 3485 2282 3539 Vatia
2314 3494 2367 3538 et
2389 3484 2643 3540 Pulchro.

1981 3575 2088 3631 676
2128 3577 2334 3644 Lepido
2355 3587 2410 3633 et
2432 3576 2623 3632 Catulo
2653 3577 2780 3649 (Cic.
2807 3596 2899 3647 pro
2926 3577 3109 3641 Balbo,
3147 3576 3261 3648 51).

1982 3666 2089 3723 677
2132 3669 2297 3723 Bruto
2321 3678 2376 3723 et
2419 3670 2691 3723 Mamerco
2723 3667 2852 3738 (Cic.
2881 3670 2933 3722 in
2958 3668 3139 3735 Brulo,
3169 3671 3316 3739 175).

1980 3758 2093 3817 678
2127 3758 2353 3813 Octavio
2376 3768 2433 3813 et
2455 3758 2689 3814 Curione
2715 3758 2844 3828 (Cic.
2874 3759 3025 3823 ibid.,
3057 3761 3209 3829 217).

1979 3846 2090 3909 e79
2124 3848 2415 3905 Octavioet
2442 3850 2600 3905 COtta
2629 3848 2815 3919 (Cic.1
2859 3830 3028 3916 γένη,
3072 3850 3220 3919 150).

1983 3941 2090 3998 680
2128 3940 2351 3996 Lucullo
2378 3952 2432 3996 et
2461 3942 2638 3997 Cotta.

1984 4034 2084 4090 681
2128 4033 2308 4089 Marco
2353 4034 2577 4089 Lucullo
2614 4042 2667 4088 et
2711 4032 2901 4089 Cassio
2948 4032 3193 4104 Longino
3240 4032 3440 4105 (Cicero
3475 4052 3568 4108 pro

2199 4124 2431 4187 Cluent..
2466 4124 2610 4195 157).

1984 4217 2091 4273 682
2129 4217 2229 4271 Cn.
2260 4213 2510 4271 Lentullo
2540 4225 2593 4271 et
2618 4215 2793 4271 Gellio
2816 4214 2949 4288 (Cic.
2982 4217 3011 4272 4
3056 4214 3225 4283 Verr.,
3248 4215 3364 4288 95).

1983 4309 2089 4365 685
2126 4308 2187 4363 Ρ.
2216 4308 2443 4364 Lentulo
2464 4316 2517 4363 et
2542 4307 2755 4363 Oreste.

1984 4401 2090 4458 684
2128 4401 2389 4472 Pompeio
2419 4412 2473 4457 et
2502 4400 2699 4457 Crasso
2731 4401 2862 4471 (Cic.
2899 4403 2933 4457 5
2967 4400 3139 4463 Verr..
3172 4401 3318 4471 125).

1904 4467 1960 4529 D
1989 4494 2093 4550 685
2132 4467 2432 4548 Hortensio
2461 4504 2514 4547 et
2545 4467 2762 4546 nereus
2791 4489 2921 4561 (Cic.
2950 4508 3044 4561 pro
3071 4491 3254 4543 Cluenl
3278 4467 3321 4560 ).

2199 4585 2299 4640 His
2330 4598 2512 4639 conss.
2540 4595 2699 4637 natus
2731 4594 2815 4638 eSt
2842 4582 3099 4652 Virgilius
3131 4582 3219 4636 die
3246 4583 3318 4636 id.
3343 4580 3565 4640 Octobr.

1986 4677 2092 4733 686
2132 4677 2332 4733 Marcio
2359 4676 2509 4746 Rege
2536 4687 2589 4731 et
2619 4676 2836 4732 Metello
2866 4674 2999 4745 (Cic.
3026 4677 3079 4730 in
3106 4674 3247 4744 Pis.,
3280 4674 3357 4749 8).

1986 4767 2089 4823 687
2131 4768 2325 4823 Pisone
2346 4776 2401 4823 et
2426 4766 2721 4823 Glabrione
2752 4766 2883 4839 (Cic.
2907 4768 2941 4822 2
2970 4766 3232 4839 Philipp.)

1988 4857 2091 4913 688
2134 4857 2376 4913 Volcatio
2418 4867 2472 4914 et
2509 4858 2690 4913 Tullo.
2720 4856 2887 4926 (Duos
2934 4875 3115 4913 exuno
3158 4858 3295 4929 fecit.
3333 4856 3568 4913 Volcatio

2200 4947 2355 5001 Tullo
2397 4948 2594 5022 collega
2639 4949 2740 5020 fuit
2785 4948 3037 5003 fEmt’lius
3091 4947 3319 5018 Lepidus
3363 4945 3503 5021 (Cir.
3538 4950 3565 5005 1

2202 5039 2354 5095 Catil.
2383 5038 2495 5111 ιδ).

1990 5131 2093 5188 689
2132 5132 2283 5186 Cotta
2308 5142 2362 5187 et
2389 5133 2666 5203 Torquato
2692 5133 2823 5197 (Cic.
2849 5136 2883 5190 5
2913 5134 3093 5201 Catil.,
3127 5133 3237 5205 19).

1988 5223 2093 5279 690
2133 5224 2193 5279 L.
2225 5223 2438 5281 Caisare
2458 5236 2511 5281 et
2539 5226 2733 5298 Figulo
2762 5226 2895 5300 (Cic.
2930 5243 3023 5297 pro
3051 5225 3225 5295 Sylla,
3256 5224 3369 5297 56).

1988 5315 2087 5371 691
2129 5315 2395 5371 Cicerone
2422 5326 2476 5372 et
2502 5318 2760 5371 Antonio.

2202 5407 2297 5461 llis
2323 5421 2507 5462 conss.
2538 5408 2739 5462 bellum
2763 5406 3010 5461 Catilina:
3033 5415 3240 5475 gestum
3272 5414 3378 5462 est.

1986 5499 2091 5555 692
2129 5499 2315 5555 Silano
2342 5509 2398 5555 et
2422 5499 2640 5554 Murena
2672 5498 2801 5568 (Cic.
2836 5514 2927 5567 pro
2963 5498 3177 5568 Flacco,
3218 5497 3333 5568 50).

1989 5594 2094 5649 695
2131 5594 2330 5649 Pisone
2358 5593 2520 5660 Frugi
2554 5600 2609 5645 et
2642 5591 2866 5645 Messala
2894 5591 3077 5663 Nigro.

1987 5684 2092 5741 694
2132 5684 2355 5741 Afranio
2395 5692 2450 5739 et
2497 5681 2711 5738 Metello
2758 5680 2950 5740 Celere
3001 5680 3131 5752 (Cic.
3160 5682 3230 5738 ad
3256 5683 3361 5739 Atl.
3390 5695 3427 5752 t,
3460 5676 3568 5753 15).
