4032 6186
459 289 564 350 899
1488 271 1698 329 IDATII
1740 264 2045 324 EPISCOPI
2082 260 2707 332 AQUASFLAVIENSIS
3628 241 3731 296 900

457 403 561 462 695
595 401 660 459 (Ξ.
685 401 898 457 Caesare
924 404 982 454 et
1005 392 1197 450 Bibulo
1221 391 1352 464 (Cic.
1384 391 1438 443 in
1468 387 1675 453 Pisam,
1705 385 1782 453 5).
2069 378 2121 438 Α
2145 379 2246 434 751
2288 378 2584 436 Octaviano
2613 395 2671 435 xl
2697 387 2755 434 et
2780 378 2995 434 Pisone.

457 497 562 554 696
603 494 802 550 Pisone
829 501 884 546 et
910 486 1162 544 Gabinio.
2147 473 2250 528 752
2287 472 2578 528 Aisernino
2602 480 2659 528 et
2683 471 2931 528 Aruntio.

458 590 562 647 697
601 583 834 642 Lentulo
880 587 937 636 et
976 576 1193 635 Metello
1237 573 1448 643 Nepote
1489 569 1622 640 (Cic.
1673 576 1784 638 post
1826 565 1936 618 red.
1982 563 2036 616 in
2287 565 2449 621 celso
2469 573 2524 621 ei
2550 565 2775 620 Hibum,
2805 563 2926 636 (ιειε
2953 563 3085 618 male
3111 561 3194 616 ιιξε
3220 559 3441 630 imis),

671 677 802 733 Sen.
836 672 913 744 5).
2147 659 2253 716 755
2290 659 2466 714 Lollio
2493 669 2552 715 et
2570 659 2797 727 Lepido.

460 771 566 829 698
602 765 914 825 Marcellino
943 771 997 818 et
1031 759 1280 827 Philippo
1307 753 1441 825 (Cic.
1473 753 1540 806 ad
1569 749 1726 805 Fam.
1759 765 1796 815 ι,
1825 744 1910 817 9).
2148 751 2252 806 751
2293 750 2520 820 Apuleio
2560 759 2615 806 et
2635 750 2836 805 Nerva.

459 863 564 918 609
605 857 862 926 Pompeio
889 870 925 908 ιι
957 861 1012 908 et
1035 851 1232 907 Crasso
1265 863 1323 902 ιι.
2149 841 2256 898 755
2299 841 2448 912 (Er.
2478 842 2633 913 Hisp.
2661 839 2758 909 20)
2787 839 3080 896 Saturnino
3105 846 3160 894 et
3183 836 3433 893 Lucretio
3457 833 3650 891 Cinna.

460 955 570 1012 700
608 947 970 1006 Ahenobarbo
992 956 1042 998 et
1072 943 1331 997 Pulchro.
2153 934 2257 990 τευ
2288 933 2503 988 Duobus
2532 933 2792 988 Lemnus.

460 1045 563 1101 701
605 1039 830 1098 Calvino
856 1048 912 1093 et
941 1035 1198 1091 Messala.
2367 1023 2463 1078 His
2499 1037 2683 1078 conss.
2715 1023 2848 1077 obiit
2874 1020 3131 1090 Virgilius
3168 1020 3257 1076 die
3297 1035 3351 1073 ιι
3379 1018 3489 1074 kal.
3523 1017 3736 1074 Octobr.

461 1136 569 1193 702
607 1131 867 1202 Pompeio
890 1144 950 1182 ιιι
975 1136 1030 1182 el.
1049 1123 1266 1181 Metello
1291 1119 1564 1191 Scipione.
2296 1115 2462 1186 (Obiit
2487 1131 2623 1168 anno
2647 1115 2908 1182 superiore
2935 1114 3190 1182 proximo,
3228 1110 3516 1165 Saturnino
3555 1123 3602 1164 et
3632 1109 3743 1161 Lu-

464 1229 572 1285 703
609 1197 832 1281 Rufo—et
861 1219 1138 1277 Μπθθηοο
2295 1209 2452 1262 cretio
2477 1223 2642 1260 conss.
2675 1206 2840 1259 idibus
2869 1203 3007 1271 Oct.)

463 1321 570 1377 701
609 1318 862 1375 Marcello
891 1322 947 1369 et
971 1312 1160 1367 Paulo.
2369 1298 2600 1351 Lentulo
2647 1307 2703 1351 et
2758 1294 3031 1350 Cornelio.
3079 1292 3196 1364 (Hi
3225 1300 3344 1345 sunt
3392 1291 3496 1344 duo
3545 1289 3748 1344 Lentuli

467 1412 574 1470 705
615 1409 848 1466 Lentulo
868 1415 924 1461 et
949 1402 1225 1458 Marcello.
2299 1390 2452 1442 modo
2478 1388 2747 1454 appellati,
2770 1401 2862 1439 nec
2888 1396 2958 1439 est
2986 1383 3119 1437 alius
3149 1381 3496 1451 consulatus.)

471 1503 580 1560 706
618 1503 833 1556 Caesare
861 1505 917 1550 et
937 1493 1170 1550 Servilio
1197 1487 1439 1544 Isaurico
1467 1486 1597 1557 (Cic.
1617 1485 1669 1537 in
1697 1481 1878 1546 Bruto,
1898 1477 2050 1548 229).
2157 1482 2260 1537 757
2301 1480 2553 1534 Fornicio
2585 1478 2690 1550 [AL
2720 1475 2942 1546 Furnio]
2965 1484 3019 1528 et
3042 1475 3247 1529 Silano.

468 1595 574 1650 707
618 1591 824 1647 Caleno
855 1596 914 1643 et
945 1585 1157 1639 Vatinio
1187 1582 1319 1654 (Cic.
1340 1583 1376 1636 2
1396 1578 1656 1650 Philipp.,
1681 1576 1798 1645 51).
2159 1576 2263 1630 758
2301 1571 2552 1641 Scipione
2581 1579 2638 1626 et
2661 1569 2891 1625 Domitio
2912 1566 3293 1622 Ahenobarbo.

467 1687 572 1742 708
611 1685 829 1740 Caesare
859 1696 919 1736 ιιι
945 1688 1002 1735 et
1032 1678 1254 1748 Lepido.

1253 1722 1254 1729 η
2160 1665 2263 1720 759
2301 1663 2507 1718 Libone
2534 1669 2590 1716 et
2622 1661 2845 1714 Pisone.

467 1779 573 1836 709
611 1779 829 1834 Caesare
857 1789 908 1829 tv
939 1773 1080 1828 solo.
2083 1754 2133 1814 Β
2160 1756 2263 1811 740
2301 1754 2499 1810 Crasso
2525 1762 2582 1807 et
2605 1751 2858 1806 Lentulo.

468 1873 574 1929 710
612 1871 831 1926 Caesare
864 1885 894 1923 v
927 1877 980 1924 et
1009 1864 1266 1923 Antonio.
2156 1847 2257 1903 741
2301 1846 2515 1902 Nerone
2542 1853 2598 1901 et
2626 1843 2791 1898 Varo.

469 1967 569 2021 711
613 1966 788 2021 Pansa
819 1973 875 2018 et
903 1961 1098 2018 Hirtio.
2137 1942 2264 2019 712
2301 1940 2527 1996 Messala
2556 1948 2614 1995 et
2637 1938 2883 2006 Quirino.

686 2059 781 2111 His
802 2069 982 2110 conss.
1010 2053 1148 2108 obiit
1193 2050 1384 2104 Cicero
1427 2046 1516 2101 die
1541 2061 1593 2100 iv
1623 2041 1838 2098 kalend.
1868 2039 2052 2094 Maias.
2301 2035 2552 2089 Rubellio
2575 2043 2629 2089 et
2659 2029 3014 2100 Saturnino.(
3043 2028 3254 2084 Temere
3275 2027 3511 2094 inserti.)

614 2146 775 2215 (Obiit
803 2161 874 2199 vn
903 2145 1019 2197 idus
1049 2141 1374 2196 Decembres.
1407 2136 1494 2190 Ita
1537 2133 1823 2189 testimonio
1849 2130 2056 2184 Tironis
2157 2127 2264 2182 745
2302 2127 2531 2181 Maximo
2552 2133 2607 2179 et
2634 2123 2940 2178 Tuberone.

619 2208 845 2310 prodidit
862 2245 1041 2290 auctor
1065 2233 1271 2304 Dialogi
1297 2231 1359 2285 de
1380 2225 1738 2296 Oratoribus.)
2158 2219 2264 2276 741
2301 2219 2554 2275 Africano
2582 2217 2690 2290 [AL
2743 2216 2877 2272 Fab.
2928 2214 3001 2272 M.
3033 2214 3206 2271 Afric.
3247 2223 3303 2268 et
3344 2229 3362 2267 ι
3407 2208 3672 2284 Antonio]
3700 2218 3751 2265 et

472 2332 580 2388 712
617 2331 823 2401 Lepido
851 2339 905 2384 et
927 2328 1147 2384 Planco.
1917 2350 1930 2355 -
2304 2312 2562 2401 Maximo.

473 2424 582 2479 715
618 2396 852 2478 An‘tonio
879 2419 1086 2474 Pietate
1113 2425 1170 2472 et
1194 2415 1454 2471 Isaurico.
2161 2403 2268 2460 745
2304 2402 2458 2472 (Afr.
2485 2400 2641 2472 Hisp.
2672 2399 2764 2471 50)
2796 2399 2972 2455 Druso
2998 2406 3054 2455 et
3073 2396 3352 2468 Crispino.

689 2512 784 2570 His
804 2526 987 2567 conss.
1029 2510 1228 2565 bellum
1263 2507 1554 2562 Isauricum
1603 2511 1816 2574 gestum
1863 2506 1978 2564 est,
2005 2505 2060 2552 et
2162 2494 2269 2550 746
2304 2493 2668 2549 Censorinoet
2693 2491 2870 2547 Gallo.

617 2605 793 2661 Julius
820 2603 1004 2658 Caesar
1043 2616 1111 2656 ex
1161 2600 1396 2655 Senatus
1447 2596 1680 2651 consilio
1720 2594 1980 2663 deceptus
2005 2591 2059 2644 in
2164 2587 2267 2642 717
2310 2585 2523 2641 Nerone
2543 2599 2581 2638 ιι
2607 2592 2663 2638 et
2683 2583 2878 2638 Pisone
2906 2597 2968 2638 ιι.

615 2695 777 2752 Curia
805 2695 1070 2750 occiditur
1098 2707 1129 2747 a
1152 2691 1340 2746 Cassio
1369 2700 1424 2745 et
1456 2689 1646 2743 Bruto.
2165 2681 2270 2736 718
2308 2679 2474 2734 Balbo
2501 2686 2556 2733 et
2586 2677 2803 2734 Vetere.

695 2788 826 2842 Post
852 2787 999 2840 hunc
1027 2785 1355 2839 Octavianus
1380 2781 1561 2837 Caesar
1579 2780 1852 2848 Augustus
1876 2774 2062 2847 appel-
2164 2774 2272 2830 719
2310 2772 2611 2829 Octaviano
2635 2787 2709 2825 xu
2735 2779 2790 2827 et
2821 2770 2991 2843 Sylla.

624 2881 788 2935 latur.
822 2875 970 2949 (Ista
1002 2877 1114 2930 loco
1135 2891 1236 2929 non
1263 2890 1357 2928 suo
1392 2873 1630 2943 apposita
1677 2870 1760 2924 hic
1797 2885 1905 2923 esse
1935 2867 2063 2921 satis
2166 2866 2271 2921 750
2307 2864 2509 2920 Sabino
2529 2872 2585 2919 et
2607 2862 2802 2918 Rufino
2829 2862 2936 2934 [AL
2969 2859 3155 2934 Rufo].

618 2973 799 3039 liquet.
824 2969 996 3023 Ctesar
1027 2967 1225 3020 occisus
1253 2973 1327 3019 est
1363 2981 1454 3017 an.
1481 2963 1606 3026 710,
1634 2961 1802 3015 idibus
1833 2958 2059 3013 Martiis.
2164 2956 2268 3013 761
2311 2955 2542 3012 Lentulo
2562 2963 2619 3012 et
2641 2955 2950 3010 Messalino.

621 3061 841 3134 Augusti
873 3069 1041 3113 autent
1083 3074 1268 3111 nomen
1311 3055 1595 3109 Octauiano
1635 3053 1885 3106 tributum
1925 3065 2063 3104 anno
2097 3120 2139 3134 _
2166 3047 2276 3103 752
2309 3046 2607 3105 Octaviano
2634 3063 2732 3101 xm
2755 3057 2809 3101 et
2838 3047 3027 3102 Silano
3057 3046 3165 3118 [AL
3205 3045 3465 3120 Silvano].

620 3120 748 3217 727,
777 3151 980 3206 testibus
1015 3148 1181 3202 Dione
1202 3157 1250 3202 et
1282 3143 1617 3216 Censorino.)
2091 3120 2142 3187 α
2385 3142 2481 3197 His
2507 3155 2692 3197 conss.
2719 3151 2878 3197 natus
2902 3150 2984 3198 est
3009 3139 3257 3196 Christus
3279 3140 3367 3197 die
3389 3156 3483 3194 vni
3503 3139 3750 3196 kalJan.

482 3246 585 3300 714
623 3242 849 3297 Calvino
879 3257 914 3295 ιι
947 3251 1000 3295 et
1025 3238 1290 3295 Pollione.

1275 3276 1290 3290 .
2170 3232 2277 3289 755
2313 3232 2544 3290 Lentulo
2568 3241 2620 3288 et
2645 3233 2861 3288 Pisone.

479 3332 584 3389 715
623 3332 799 3402 (/Era:
826 3329 984 3395 Hisp.
1020 3329 1072 3399 1)
1101 3327 1243 3383 Rufo
1284 3327 1585 3383 Censorino
1632 3325 1738 3398 [AL
1777 3325 1840 3380 L.
1872 3325 2066 3380 Martio
2382 3325 2560 3397 (Era:
2584 3325 2898 3380 Christiana
2938 3340 3099 3377 annos
3128 3323 3369 3392 deinceps
3422 3322 3752 3375 inscribemus

691 3421 1015 3491 Censorino]
1045 3430 1102 3477 et.
1125 3423 1350 3479 Sabino.
2310 3418 2534 3487 margini
2559 3417 2740 3487 quibus
2769 3425 3014 3487 perpetua
3041 3413 3279 3468 methodo
3309 3413 3477 3467 additi
3502 3415 3631 3467 anni
3658 3415 3757 3468 755

482 3520 587 3577 716
626 3517 860 3575 Pulchro
882 3525 935 3570 et
961 3515 1182 3570 Flacco.
2319 3510 2470 3566 Urbis
2499 3510 2722 3563 conditae
2749 3525 2911 3562 annos
2937 3507 3288 3576 exhibebunt.)

698 3609 792 3665 His
818 3620 1002 3663 conss.
1029 3605 1162 3660 obiit
1186 3603 1484 3664 Sallustius
1511 3602 1600 3660 die
1631 3618 1690 3658 ιιι
1715 3601 1836 3657 idus
1877 3599 2065 3656 Maias.
2245 3605 2273 3660 ί
2314 3601 2374 3657 C.
2399 3601 2615 3657 Caesare
2643 3610 2697 3656 et
2728 3599 2892 3654 Lucio
2920 3599 3110 3652 Paulo.

487 3704 590 3761 717
631 3702 865 3771 Agrippa
896 3707 951 3753 et
971 3697 1148 3752 Gallo.
2243 3696 2280 3750 2
2318 3693 2467 3765 (Et.
2494 3693 2648 3764 Hisp.
2674 3693 2745 3748 40
2772 3691 2790 3762 )
2820 3688 3067 3745 Vindicio
3090 3689 3200 3761 [AL
3245 3686 3477 3759 Vinicio]
3516 3699 3575 3743 et
3601 3687 3754 3741 Varo.

486 3797 593 3854 718
632 3791 909 3850 Publicola
937 3799 992 3846 et
1019 3788 1196 3844 Nerva
1226 3787 1476 3843 Cocceio.
2246 3787 2282 3842 3
2322 3786 2504 3841 Lamia
2535 3794 2589 3840 et
2612 3783 2845 3840 Servilio
2878 3787 2910 3836 ιι
2934 3782 3095 3836 niano
3115 3781 3231 3853 [Sic
3257 3778 3401 3849 mm.

486 3888 591 3946 719
628 3883 922 3944 Corniﬁcio
938 3890 994 3937 et
1021 3881 1274 3950 Pompeio
1288 3880 1478 3949 Magno
1492 3876 2066 3951 [ALSeLPompeio].
2246 3877 2282 3932 4
2325 3877 2516 3932 Omissi
2542 3874 2723 3930 Elius
2750 3873 2906 3928 Catus
2927 3883 2976 3929 et
2999 3873 3338 3928 Saturninus.

702 3979 797 4034 llis
825 3989 1009 4031 conss.
1037 3974 1236 4028 bellum
1266 3971 1639 4042 Fugitivorum
1670 3981 1884 4041 gestum
1911 3981 2016 4026 est.
2248 3968 2284 4023 5
2321 3967 2512 4038 Magno
2543 3966 2804 4036 Pompeio
2847 3963 2953 4037 [AL
2993 3965 3164 4021 Cinna
3195 3961 3411 4035 Magno]
3444 3972 3497 4018 et
3529 3961 3756 4019 Valerio.

491 4072 598 4127 720
637 4069 873 4125 Antonio
900 4081 940 4121 ιι
962 4076 1013 4120 et
1039 4063 1266 4119 Libone.
2251 4063 2285 4119 6
2324 4063 2596 4133 Lepidoet
2623 4061 2872 4117 Aruntio.

705 4160 801 4214 llis
830 4171 1013 4212 conss.
1039 4155 1177 4211 obiit
1208 4154 1399 4209 Cicero
1427 4153 1748 4209 interfectus
1772 4153 1861 4209 die
1884 4169 1937 4208 tv
1961 4153 2071 4209 kal.
2254 4158 2286 4211 7
2322 4155 2536 4210 Cretico
2562 4164 2614 4208 et
2636 4153 2832 4208 Nerva.

635 4250 819 4306 Maias.
856 4246 1246 4320 (Expungenda
1284 4245 1393 4298 hcec
1422 4261 1528 4298 esse
1566 4260 1712 4298 nemo
1743 4261 1843 4298 non
1890 4245 2074 4315 videt.)
2250 4249 2285 4305 8
2322 4247 2550 4304 Camillo
2577 4256 2633 4302 et
2658 4246 3007 4312 Quintiliano.

489 4346 590 4402 721
631 4342 925 4401 Octaviano
948 4340 1191 4410 Augusto
1213 4353 1250 4392 ιι
1280 4347 1335 4392 et
1361 4337 1525 4391 Paulo
1557 4338 1663 4408 [AL
1689 4335 1895 4408 Tullo].
2251 4340 2285 4396 9
2323 4339 2607 4395 Camerino
2635 4348 2689 4392 et
2704 4338 2919 4393 Sabino.

703 4436 800 4492 His
839 4448 1022 4490 conss.
1046 4431 1176 4487 Era
1207 4431 1378 4501 prima
1424 4444 1617 4484 cursus
1648 4431 1791 4485 lunae
1823 4430 2077 4483 inventus
2221 4433 2289 4490 10
2330 4431 2603 4487 Dolabella
2631 4442 2684 4484 et
2705 4429 2908 4486 Sabino
2935 4428 3044 4501 [AL
3077 4424 3302 4497 Silano].

636 4535 740 4584 est.
768 4525 1140 4599 (Referendum
1161 4523 1214 4575 id
1244 4522 1346 4592 fuit
1365 4521 1433 4574 ad
1456 4537 1649 4575 annum
1679 4521 1834 4592 716.)
2101 4502 2161 4567 Ῑ)
2223 4526 2286 4581 11
2329 4524 2535 4595 Lepido
2561 4533 2615 4578 et
2635 4523 2835 4577 Tauro.

498 4621 603 4676 722
641 4618 1005 4674 Ahenobarbo
1030 4624 1086 4670 et
1105 4615 1282 4670 Sosio.
1337 4613 1433 4675 (lli
1461 4629 1732 4686 perperam
1763 4616 1916 4684 positi
1940 4615 2080 4688 infra
2220 4620 2292 4674 12
2329 4617 2476 4689 (/E'r.
2504 4616 2659 4685 Hisp.
2689 4615 2784 4684 50)
2837 4613 3031 4669 Omissi
3069 4612 3406 4668 Germanicus
3437 4610 3616 4666 Ctesar
3641 4609 3766 4666 etC.

708 4717 853 4760 erant
881 4707 934 4758 in
964 4705 1088 4776 ms.)
2396 4705 2644 4761 Fonteius
2665 4705 2863 4777 Capito.

492 4800 596 4856 723
634 4799 930 4855 Octaviano
959 4798 1095 4867 Aug.
1122 4813 1177 4851 ιιι
1198 4807 1252 4852 et
1277 4796 1517 4854 Corbilio
1546 4795 1654 4872 [AL
1680 4796 1954 4868 Corvino].
2221 4801 2292 4854 15
2331 4797 2524 4853 Flacco
2550 4806 2604 4851 et
2630 4795 2812 4850 Silano
2843 4793 2948 4865 [AL
3002 4792 3201 4847 Planco
3223 4802 3277 4848 et
3306 4791 3486 4863 Silio].

492 4895 596 4950 724
636 4892 929 4948 Octaviano
949 4905 1005 4944 tv
1037 4898 1093 4944 et
1119 4888 1338 4945 Crasso.
2227 4890 2291 4946 14
2332 4890 2549 4944 Duobus
2570 4887 2751 4943 Sextis
2781 4884 3040 4954 Pompeio
3071 4885 3269 4954 Magno
3297 4895 3354 4941 et
3380 4886 3630 4956 Apuleio.

491 4987 597 5043 725
636 4985 803 5058 (Afr.
833 4981 987 5055 Hisp.
1019 4982 1126 5044 10)
1173 4983 1466 5039 Octaviano
1511 4999 1544 5036 v
1586 4991 1644 5038 et
1688 4982 1918 5039 Pu'cltro
1948 4982 2075 5055 [AL
2224 4982 2294 5036 15
2335 4980 2500 5034 Bruto
2531 4976 2640 5051 [AL
2667 4972 2868 5048 Druso]
2896 4975 2950 5031 et
2982 4975 3199 5030 Flacco.

633 5074 904 5147 Apuleio].
2225 5071 2294 5126 16
2332 5069 2510 5123 Tauro
2537 5077 2591 5122 et
2616 5067 2842 5122 Libone.

493 5170 596 5227 726
633 5170 927 5225 Octaviano
953 5184 1006 5223 vt
1032 5177 1086 5223 et
1111 5168 1342 5237 Agrippa
1372 5184 1431 5223 ιι.
2224 5163 2292 5217 17
2331 5161 2528 5216 Crasso
2554 5157 2662 5231 [AL
2696 5155 2916 5227 Flacco]
2939 5166 2992 5210 et
3022 5155 3184 5210 Rufo.

706 5261 800 5314 His
827 5275 1009 5315 conss.
1041 5257 1310 5330 Carthago
1340 5259 1642 5316 libertatem
1672 5277 1701 5316 a
1749 5261 1946 5334 populo
1973 5259 2080 5316 Ro-
2224 5257 2292 5314 18
2329 5256 2550 5312 Tiberio
2581 5253 2796 5308 Caesare
2823 5269 2862 5307 ιι
2887 5260 2940 5307 et
2961 5251 3135 5307 Druso
3163 5248 3492 5306 Germanico
3520 5249 3624 5323 [AL
3643 5246 3769 5303 Ger-

634 5365 794 5404 mano
823 5351 1048 5419 recepit.
2404 5359 2551 5398 man.
2584 5339 2750 5411 Cass.)
2793 5357 2852 5396 ιι.

494 5443 595 5496 727
638 5442 930 5497 Octaviano
949 5458 1025 5498 vn
1053 5452 1106 5497 et
1135 5441 1370 5512 Agrippa
1398 5457 1476 5502 ιιι.
2226 5437 2293 5492 19
2331 5435 2517 5491 Silano
2543 5443 2599 5488 et
2624 5433 2810 5487 Balbo.

495 5534 600 5590 728
638 5534 926 5590 Octaviano
950 5549 1045 5589 vm
1072 5545 1126 5589 et
1154 5534 1353 5590 Tauro.
2221 5531 2294 5586 20
2333 5529 2557 5585 Messala
2584 5537 2639 5581 et
2667 5525 2835 5581 Grato
2861 5526 2972 5599 [AL
2997 5524 3198 5596 Cotta].

495 5623 598 5679 729
637 5626 928 5682 Octaviano
955 5642 1011 5684 ix
1037 5637 1092 5684 et
1117 5626 1319 5683 Silano.
2226 5624 2291 5681 21
2336 5622 2553 5679 Tiberio
2600 5620 2816 5674 Caesare
2843 5635 2904 5674 ιιι
2951 5630 3008 5678 et
3025 5619 3198 5677 Druso
3225 5616 3546 5675 Germanico
3578 5631 3635 5672 ιιι
3665 5613 3775 5688 μδ.

498 5707 601 5766 750
639 5714 928 5772 Octaviano
955 5731 989 5772 χ
1015 5726 1071 5774 et
1094 5716 1312 5774 Flacco.
2407 5713 2568 5770 Dm-
2603 5710 2722 5770 Tib-
2757 5709 2944 5784 fil-"1'
