4064 6190
350 267 451 325 909

352 377 445 436 551
488 377 622 435 Ρσει
647 394 828 435 conss.
863 378 1037 449 Sergii
1067 386 1121 433 et
1145 377 1467 448 Nigriniani.

565 471 661 525 His
701 485 882 525 conss.
926 469 1129 526 bellum
1176 468 1465 539 Magnentii
1494 468 1594 524 fuit
1638 470 1811 525 Morsa
1837 469 1927 525 die

490 578 548 619 tv
592 560 703 618 kal.
737 562 954 623 Octob..
985 571 1040 616 et
1085 576 1154 616 eo
1181 575 1325 615 anno
1358 561 1637 630 depositus
1671 560 1928 615 Vetranio

496 668 590 709 vui
620 651 730 709 kal.
756 652 1002 721 Januar.,
1022 664 1076 705 et
1108 651 1315 706 levatus
1333 660 1417 706 est
1439 650 1787 706 Constantius
1813 650 1930 705 Cae-

493 760 582 800 sar
621 744 741 799 idus
767 744 985 798 Martias
1014 741 1159 814 [Clin
1190 742 1338 796 Alex.
1373 741 1546 797 idibus
1572 741 1798 812 Martiis]
1831 760 1843 793 :
1875 752 1930 796 et

494 835 747 905 apparuit
785 836 837 887 in
871 831 1094 888 Oriente
1137 832 1350 903 signum
1398 831 1693 888 Salvatoris
1739 832 1827 886 die
1871 847 1929 885 ιιι

493 923 606 983 kal.
639 926 802 981 Febr.
833 924 960 979 luna
981 940 1164 979 xxvut.

349 1018 459 1076 552
500 1017 645 1090 (Αἰν.
685 1017 839 1090 Hisp.
880 1018 1033 1087 590.)
1079 1015 1400 1073 Constantio
1437 1030 1470 1069 v
1513 1025 1571 1070 et
1609 1013 1931 1071 Constantio

564 1110 706 1163 Caes.

350 1203 458 1259 555
494 1200 812 1257 Constantio
838 1216 889 1255 v1
918 1209 971 1255 et
997 1198 1318 1255 Constantio
1338 1216 1399 1257 ιι.

569 1295 663 1349 His
690 1308 871 1347 conss.
898 1292 1233 1361 Magnentius
1259 1308 1319 1347 se
1354 1292 1630 1349 interfecit
1659 1294 1709 1348 in
1742 1294 1930 1350 Galliis

493 1386 635 1455 apud
679 1386 998 1454 Lugdunum
1040 1384 1129 1437 die
1158 1399 1217 1438 ιιι
1264 1384 1337 1439 id.
1362 1388 1597 1456 Aug.,et
1643 1386 1931 1442 Decentius

493 1477 659 1530 frater
706 1473 995 1545 Magnentii
1040 1473 1232 1543 laqueo
1263 1488 1324 1529 se
1379 1475 1662 1545 suspendit
1704 1492 1772 1531 xv
1817 1475 1927 1531 kal.

352 1654 457 1710 554
495 1566 812 1710 ἓξῗξῖῃηῒίῖο
858 1667 934 1708 vi:
971 1662 1027 1708 et
1068 1650 1421 1709 Constantino
1461 1651 1567 1725 [ΑΙ.
1619 1651 1932 1709 ConStantio

562 1743 743 1816 Gallo]
768 1760 848 1800 ιιι.

564 1836 660 1890 His
697 1849 878 1889 conss.
909 1835 1121 1890 occisus
1160 1845 1244 1891 est
1285 1834 1635 1892 Constantius
1664 1837 1847 1894 Caesar
1878 1837 1933 1892 in

494 1926 667 1981 insula
693 1926 955 1981 Flauona.

352 2017 460 2075 555
498 2018 792 2074 Arbetione
818 2028 871 2073 et
894 2017 1157 2073 Lolliano.

568 2109 663 2163 His
688 2124 870 2163 conss.
903 2110 1108 2165 levatus
1131 2121 1217 2165 est
1242 2110 1491 2167 Julianus
1520 2109 1703 2167 Caesar
1728 2112 1817 2169 die
1845 2129 1935 2168 vin

498 2201 619 2256 idus
644 2201 995 2257 Novembres.

356 2290 462 2347 556
500 2292 818 2347 Constantio
847 2309 938 2347 vin
964 2294 1256 2350 etJuliano
1289 2294 1429 2351 Cres.

562 2384 656 2439 His
678 2400 861 2440 conss.
901 2387 1227 2442 introierunt
1256 2390 1782 2462 Constantinopolim
1812 2394 1971 2453 reli-.

504 2475 643 2542 quia:
683 2476 916 2543 apostoli
947 2478 1217 2534 Timothei
1242 2479 1331 2535 die
1354 2479 1462 2536 kal.
1493 2482 1623 2539 Jun.

362 2564 469 2619 557
507 2564 825 2620 Constantio
856 2582 909 2621 ιιι
932 2576 983 2622 et
1006 2567 1220 2624 Juliano
1246 2570 1383 2625 Caes.
1416 2587 1477 2628 ιι.

571 2658 668 2713 His
698 2673 878 2713 conss.
915 2659 1235 2716 introierunt
1255 2662 1775 2737 Constantinopolim
1806 2669 1942 2724 reli-

504 2750 645 2819 quiae
684 2758 997 2806 sanctorum
1028 2754 1395 2822 apostolorum
1426 2758 1657 2814 Andreae
1676 2769 1731 2815 et
1754 2760 1939 2826 Luem,

504 2840 594 2896 die
626 2858 656 2895 ν
687 2857 815 2897 non.
856 2844 1039 2911 Mart.,
1072 2854 1126 2901 et
1154 2847 1765 2908 introivitConstantius
1798 2855 1937 2925 Aug.

504 2931 690 2987 Romae
718 2950 771 2988 vi
799 2934 905 2990 kal.
933 2935 1119 3005 Maias,
1150 2947 1204 2993 et
1226 2938 1394 2994 edidit
1421 2957 1581 2996 xxxv.

361 3019 469 3079 558
505 3023 731 3079 Datiano
759 3034 815 3080 ct
839 3024 1087 3082 Cereale.

577 3118 674 3174 His
713 3135 895 3176 conss.
940 3122 1265 3177 introierunt
1297 3122 1819 3197 Constantinopolim
1859 3129 1935 3184 le-
1966 3119 2014 3182 C

504 3215 611 3284 gati
642 3214 931 3271 Persarum
960 3218 1049 3272 die
1069 3234 1162 3272 Vlll
1187 3218 1297 3273 kal.
1327 3220 1483 3276 Mart.
1507 3221 1629 3289 Ipso
1656 3238 1797 3278 anno
1826 3233 1940 3279 ter-

507 3314 769 3362 raamotus
812 3308 1009 3376 factus,
1044 3310 1115 3364 ita
1146 3320 1204 3365 ut
1232 3312 1424 3366 civitas
1468 3312 1941 3371 Nicomedensium

505 3396 740 3452 funditus
769 3412 1081 3455 versaretur
1109 3401 1197 3456 die
1235 3418 1285 3456 ix
1316 3402 1426 3457 kal.
1480 3404 1792 3473 Septemb;
1820 3407 1941 3461 alite

502 3506 632 3547 vero
661 3507 726 3547 ει.
755 3493 999 3548 civitates
1028 3495 1270 3563 partibus
1299 3505 1505 3551 vexatae
1535 3507 1680 3551 sunt.

359 3582 470 3639 559
510 3583 743 3639 Eusebio
768 3594 823 3639 et
852 3584 1102 3656 Hypatio.

577 3676 673 3731 His
700 3691 882 3732 conss.
925 3686 1083 3732 natus
1113 3688 1195 3733 est
1222 3678 1511 3735 Gratianus
1542 3679 1685 3735 filius
1712 3680 1940 3750 Augusti

504 3767 868 3823 Valentiniani
904 3768 993 3824 die
1039 3786 1127 3824 xw
1165 3770 1273 3825 kal.
1304 3770 1468 3826 Maias
1502 3790 1514 3824 :
1554 3782 1608 3827 et
1635 3774 1753 3841 ipso
1799 3789 1940 3828 anno

507 3863 741 3928 primum
780 3863 1046 3930 processit
1087 3861 1608 3931 ConstantinOpolim
1655 3864 1940 3933 prmfectns

510 3950 686 4019 Urbis,
711 3953 933 4007 nomine
959 3953 1263 4008 Honoratus
1282 3995 1295 4018 ,
1325 3954 1412 4009 die
1440 3970 1496 4007 ιιι
1527 3955 1644 4010 idus
1684 3957 1936 4011 Decetnb.

358 4041 471 4097 560
506 4042 859 4097 Constantino
884 4059 915 4097 x
944 4052 999 4098 et
1021 4043 1232 4099 Juliano
1255 4061 1332 4101 ιιι.

574 4134 666 4188 His
696 4149 873 4188 conss.
905 4135 1207 4190 dedicatum
1236 4146 1317 4191 est
1342 4134 1803 4208 Constantinopoli
1837 4139 1940 4195 Do-

504 4226 757 4282 minicum
788 4228 873 4281 die
901 4244 969 4280 xv
994 4226 1101 4281 kal.
1128 4228 1367 4283 Martias.

357 4317 463 4374 561
506 4316 687 4372 Tauro
715 4326 771 4372 et
798 4318 1094 4373 Florentio.

576 4410 670 4464 His
712 4425 893 4466 ροηδε.
949 4411 1091 4465 diem
1138 4410 1350 4465 functus
1397 4413 1746 4467 Constantius
1796 4416 1935 4485 Aug.

506 4501 888 4571 Mopsucrenas
916 4502 968 4555 in
1004 4502 1139 4558 lines
1164 4502 1368 4558 Ciliciae
1399 4505 1689 4560 Ptiwniciae
1721 4510 1938 4576 provin-
1965 4486 2016 4546 D

504 4594 601 4648 cite
628 4609 686 4648 ιιι
718 4610 843 4647 ιιοιι.
872 4595 1153 4665 Novemb.,
1184 4607 1238 4651 et
1262 4599 1505 4651 introivit
1525 4599 1769 4654 Julianus
1797 4604 1935 4670 Aug.

504 4684 1027 4755 Constantinopolim
1058 4687 1144 4741 die
1172 4704 1224 4741 ιιι
1260 4688 1377 4741 idus
1409 4689 1749 4745 Decembres.

352 4776 464 4832 562
499 4777 641 4848 (/Er.
675 4779 827 4850 llisp.
858 4781 1006 4850 400.)
1043 4782 1360 4837 Mamertino
1388 4795 1441 4839 et
1467 4784 1697 4841 Nevitta.

353 4872 466 4928 565
504 4872 717 4928 Juliano
746 4876 855 4943 Aug
910 4891 962 4929 tv
987 4886 1041 4930 et
1071 4877 1348 4931 Sallustio.

584 4967 677 5020 His
708 4982 888 5022 coms.
924 4969 1135 5023 occisus
1164 4979 1247 5024 est
1275 4970 1520 5027 Julianus
1549 4975 1686 5045 Aug.
1718 4977 1768 5029 in
1798 4977 1938 5032 bello

505 5056 725 5113 Persico
754 5058 841 5112 die
880 5076 931 5113 vr
975 5058 1084 5115 kal.
1118 5061 1286 5115 Julias
1321 5078 1335 5126 ;
1383 5072 1438 5117 et
1472 5062 1595 5132 quia
1627 5075 1867 5133 apostata
1908 5085 1936 5122 a

508 5149 618 5203 Deo
644 5150 819 5205 factus
840 5160 941 5215 est,
969 5152 1394 5207 Christianorum
1419 5156 1577 5209 etiam
1605 5172 1938 5225 persecutor,

508 5242 720 5296 occisus
752 5253 867 5309 est,
900 5254 955 5296 et
987 5245 1193 5299 levatus
1223 5257 1304 5299 est
1330 5244 1820 5303 Christianissimus
1848 5249 1940 5305 Jo-

502 5335 696 5389 vianns
719 5338 854 5403 Aug.
885 5352 913 5387 v
941 5335 1156 5391 kalend.
1186 5336 1373 5392 Julias.

358 5422 469 5478 364
505 5423 729 5481 Joviano
760 5432 895 5495 Aug.
927 5437 980 5480 et
1004 5427 1171 5482 Varro
1197 5427 1302 5501 [ΑΙ.
1336 5428 1721 5500 Varroniano].

578 5519 669 5574 His
698 5534 874 5574 conss.
920 5524 1143 5577 recessit
1179 5521 1433 5576 Jotianus
1466 5526 1604 5592 Aug.
1640 5524 1941 5580 Dadastena

505 5609 594 5665 die
632 5624 686 5665 xl
726 5609 839 5666 kal.
885 5612 1038 5666 Mart.
1072 5622 1125 5666 et
1160 5612 1366 5667 levatus
1409 5622 1494 5668 est
1537 5614 1942 5671 Valentinianus

509 5703 642 5776 Aug.
678 5705 819 5777 apud
849 5705 1078 5762 Nicmam
1121 5706 1208 5763 die
1254 5723 1285 5762 v
1316 5706 1425 5764 ktl.
1462 5709 1617 5764 Mart.
1654 5709 1775 5780 Ipso
1803 5725 1943 5767 anno

1571 265 1969 325 DESCRIPTIO
2008 264 2227 321 CONSU
2236 263 2319 320 LU
2328 264 2400 318 Μ.

1962 383 2009 437 A

3506 260 3612 316 9m

2183 378 2394 431 levatus
2426 382 2507 429 est
2545 373 2748 428 Valens
2790 374 2926 443 Aug.
2959 369 3511 442 Constantinopolim,
3562 377 3616 431 in

2176 466 2433 521 milliario
2460 481 2563 531 vn,
2603 464 2656 519 in
2689 464 2941 519 tribunali
2970 478 3001 517 a
3036 464 3204 519 fratre
3237 479 3337 519 suo
3373 464 3615 522 Valenti-

2175 557 2337 611 niano
2367 556 2455 611 die
2481 571 2533 610 tv
2562 553 2672 610 kal.
2706 554 2883 624 April.

2033 648 2138 704 565
2179 648 2559 703 Valentiniano
2585 657 2640 702 et
2671 646 2899 702 Valente
2929 650 3101 718 Attgg.

2252 743 2347 797 His
2376 756 2558 797 conss.
2602 756 2753 795 mare
2784 742 2926 795 ultra
2958 741 3219 796 terminos
3262 756 3389 797 suos
3431 756 3617 812 egres-

2176 848 2295 890 sum
2341 844 2425 890 est
2453 835 2540 889 die
2574 849 2648 888 xn
2690 832 2907 887 kalend.
2940 834 3102 902 Aug,
3135 841 3191 888 et
3218 835 3334 899 ipso
3365 850 3507 889 anno
3540 835 3619 888 la-

2175 939 2260 982 tro
2306 936 2606 983 nocturnus
2640 925 2916 993 hostisque
2960 923 3205 993 publicus
3236 924 3379 979 intra
3427 926 3617 981 urbem

2176 1016 2695 1085 Constantinopolim
2717 1014 2963 1084 apparuit
2992 1015 3077 1070 die
3101 1032 3150 1069 tv
3177 1015 3285 1071 kal.
3315 1016 3507 1072 Octob.

2035 1109 2138 1165 566
2176 1110 2435 1165 Gratiano
2464 1110 2603 1164 Nob.
2646 1108 2754 1183 [AL
2788 1108 3134 1163 Nobilissimo
3182 1108 3372 1182 puero]
3419 1122 3472 1166 et
3517 1111 3621 1166 Da-

2238 1201 2454 1272 galail'o.

2253 1292 2350 1348 Hi8
2381 1308 2564 1348 conss.
2592 1303 2750 1349 natus
2778 1305 2864 1349 est
2904 1294 3318 1349 Valentinianus
3344 1296 3530 1365 junior
3559 1296 3618 1350 li-

2178 1383 2283 1438 lius
2341 1386 2569 1454 Augusti
2605 1386 2843 1440 Valentis
2892 1388 2981 1442 die
3032 1403 3099 1440 xv
3159 1387 3375 1442 kalend.
3432 1388 3617 1452 Fcbr..

2178 1485 2232 1529 et
2278 1475 2396 1544 ipso
2466 1490 2609 1529 anno
2656 1476 2797 1531 idem
2867 1477 3038 1531 hostis
3087 1478 3335 1543 publicus
3382 1490 3435 1533 et
3484 1495 3622 1547 przc-

2177 1567 2247 1621 do
2275 1567 2417 1621 intra
2446 1567 2734 1638 Phrygiam
2777 1568 3117 1630 Salutarem,
3158 1580 3211 1621 ct
3252 1570 3303 1622 in
3336 1571 3621 1626 Nacolien-

2176 1658 2316 1713 sium
2368 1673 2591 1727 campos
2637 1660 2706 1714 ab
2760 1662 3002 1728 Augusto
3050 1658 3277 1714 Valente
3330 1676 3623 1730 oppressus

2174 1758 2337 1821 atque
2363 1753 2659 1806 exstinctus
2691 1759 2773 1806 est
2800 1751 2886 1805 die
2913 1766 2967 1804 vr
2990 1749 3097 1804 kal.
3130 1751 3341 1807 Junius.
3379 1754 3500 1823 Ipso
3520 1770 3621 1809 an-

2180 1859 2251 1899 no
2301 1843 3031 1913 Augustus-Valentinianus
3059 1855 3274 1913 gentem
3308 1846 3624 1901 Alamanni-

2177 1949 2296 1989 cam
2328 1935 2575 2004 pervicit.

2039 2024 2142 2079 567
2184 2025 2446 2096 Lupicino
2471 2036 2525 2080 et
2550 2025 2764 2080 Jovino.

2250 2118 2346 2173 His
2382 2132 2565 2173 conss.
2612 2118 2664 2171 in
2698 2118 2917 2171 civitate
2950 2118 3446 2190 ConstantinOpoli,
3478 2122 3626 2179 Deus

2186 2209 2501 2280 grandinem
2534 2209 2671 2280 pluit
2697 2210 2750 2263 in
2779 2210 2996 2266 modum
3028 2220 3300 2281 petrarum
3331 2215 3419 2269 die
3448 2232 3499 2270 tv
3530 2232 3629 2271 no-

2182 2314 2279 2353 nas
2320 2299 2529 2363 Julias;
2573 2307 2627 2355 et
2654 2300 2775 2368 ipso
2804 2316 2946 2355 anno
2979 2301 3188 2357 levatus
3224 2312 3307 2358 est
3336 2304 3626 2360 Gratianus

2180 2390 2313 2460 Aug.
2351 2391 2403 2443 in
2448 2390 2636 2445 Galliis
2675 2390 2819 2460 apud
2871 2392 3164 2447 Ambianos
3210 2394 3262 2448 in
3299 2396 3553 2450 tribunali
3592 2418 3619 2454 a

2186 2491 2340 2549 patre
2360 2497 2460 2535 suo
2485 2481 2730 2551 Augusto
2747 2481 3126 2539 Valentiniano
3146 2485 3234 2541 die
3257 2502 3312 2539 ιιι
3337 2484 3445 2540 kal.
3471 2486 3623 2555 Sept.

2044 2572 2148 2629 568
2189 2572 2569 2628 Valentiniano
2589 2589 2627 2628 ιι
2651 2584 2705 2629 et
2735 2575 2960 2631 Valente
2988 2592 3046 2629 ιι.

2267 2663 2362 2718 His
2404 2678 2585 2719 conss.
2617 2674 2960 2719 terrtemotus
2991 2665 3189 2732 factus,
3220 2667 3291 2719 ita
3349 2676 3408 2721 ut
3433 2669 3627 2724 civitas

2186 2755 2526 2810 Nicenorum
2558 2763 2718 2811 terrae
2748 2756 2989 2812 funditus
3012 2770 3450 2829 prosterneretur
3479 2762 3568 2819 die
3593 2780 3628 2817 v

2187 2846 2307 2902 idus
2327 2846 2549 2903 Octobr.

2043 2936 2149 2995 569
2188 2937 2567 2995 Valentiniano
2593 2940 2729 2997 Nob.
2763 2949 2816 2996 et
2836 2940 3071 2998 Victore.

2258 3029 2545 3087 Hiseonss.
2571 3048 2708 3102 Opus
2726 3035 3068 3103 magnificum
3095 3036 3341 3091 cisterna:
3367 3040 3628 3095 Constan-

2184 3123 2559 3192 tinopolitanae
2588 3127 2917 3193 completum
2945 3135 3030 3181 est
3061 3143 3088 3180 a
3117 3128 3354 3184 Domitio
3385 3131 3627 3187 Modesto

2187 3229 2239 3271 ν.
2283 3229 2333 3269 c.
2368 3215 2564 3269 iterum
2601 3214 2861 3283 praefecto
2889 3217 3058 3282 urbis,
3090 3218 3229 3284 quod
3259 3219 3312 3273 in
3348 3221 3517 3287 prima
3548 3223 3630 3275 in-

2185 3306 2477 3361 choaverat
2524 3306 2870 3376 praefectura.
2925 3308 3074 3377 Agon
3133 3322 3250 3378 post
3298 3328 3468 3367 anuos
3520 3330 3629 3371 xvii

2185 3400 2469 3455 restitutus
2493 3409 2577 3455 est
2614 3401 2682 3455 ab
2711 3405 2956 3469 Augusto
2986 3401 3231 3458 Valente.

2043 3491 2147 3547 570
2182 3491 2564 3547 Valentiniano
2593 3508 2648 3546 ιιι
2681 3502 2737 3548 et
2763 3493 2991 3547 Valente
3020 3510 3095 3548 ιιι.

2270 3582 2365 3638 His
2414 3598 2594 3638 conss.
2652 3599 2842 3654 magna
2901 3585 3070 3639 fames
3129 3585 3227 3639 fuit
3284 3588 3333 3640 in
3389 3588 3630 3656 partibus

2183 3675 2431 3746 Phrygia;
2464 3685 2559 3729 :et
2606 3675 2852 3729 dedicata
2903 3685 2987 3730 est
3029 3686 3214 3730 sancta
3256 3679 3483 3733 ecclesia
3539 3682 3631 3735 tibi

2186 3769 2326 3822 beati
2356 3766 2584 3836 apostoli
2619 3767 2776 3833 positi
2808 3776 2951 3830 sunt,
2982 3767 3068 3822 die
3095 3783 3128 3820 v
3160 3769 3279 3822 idus
3308 3769 3481 3838 April.

2044 3863 2140 3916 571
2187 3859 2443 3916 Gratiano
2474 3859 2611 3927 Aug.
2644 3874 2681 3912 ιι
2713 3869 2767 3912 et
2790 3859 2984 3912 Probo.

2041 3952 2145 4007 573
2188 3951 2332 4024 (/Er.
2366 3950 2521 4018 Hisp.
2556 3949 2705 4018 410.)
2735 3948 2978 4003 Modesto
3008 3958 3063 4005 et
3097 3951 3379 4005 Arintheo.

2042 4045 2147 4098 575
2185 4042 2557 4097 Valentiniano
2586 4057 2636 4095 tv
2662 4050 2715 4095 et
2739 4040 2958 4095 Valente
2988 4057 3057 4094 tv.
3360 4044 3373 4057 “

2041 4136 2146 4190 574
2186 4135 2442 4190 Gratiano
2470 4149 2525 4188 ιιι
2552 4143 2605 4188 et
2634 4132 2875 4202 Equitio
2905 4131 3015 4203 [Αἰ.
3049 4133 3307 4206 Equitin].

2044 4230 2147 4286 575
2185 4229 2313 4285 Post
2339 4243 2519 4283 conss.
2546 4227 2787 4283 Gratiani
2822 4242 2879 4279 ιιι
2909 4236 2965 4280 et
2995 4225 3242 4295 quu'tii.

2254 4322 2349 4377 His
2389 4337 2570 4377 conss.
2606 4320 2833 4375 thermae
2862 4318 3171 4374 Carosianae
3209 4320 3471 4376 dedicatas
3506 4335 3633 4378 sunt

2182 4427 2375 4486 agente
2424 4414 2685 4484 prrefecto
2732 4430 2786 4467 v.
2829 4428 2879 4466 c.
2942 4411 3265 4465 Vindalonio
3311 4414 3524 4483 Magno.
3564 4418 3631 4471 Et

2184 4512 2303 4578 ipso
2348 4524 2491 4562 anno
2541 4507 2680 4561 diem
2730 4505 2944 4558 functus
2986 4504 3396 4559 Valentinianus
3445 4510 3630 4564 senio:-

2184 4616 2253 4653 xv
2297 4599 2405 4653 kal.
2438 4597 2689 4652 Deceml).
2726 4596 2778 4649 in
2831 4594 3053 4649 castello
3085 4595 3383 4665 Virgitione
3418 4615 3429 4650 :
3464 4609 3521 4654 et
3552 4601 3630 4653 1ο·-

2182 4703 2339 4746 vatus
2408 4698 2493 4744 est
2553 4688 2961 4742 Valentinianus
3026 4687 3209 4755 jnnior
3273 4692 3411 4757 Aug.
3485 4690 3630 4744 ﬁlius

2184 4787 2318 4853 Aug.
2388 4780 2750 4836 Valentiniani
2817 4780 2885 4834 ab
2943 4782 3182 4835 exercitu
3254 4782 3306 4835 in
3369 4784 3630 4839 tribunali

2183 4877 2272 4930 die
2305 4892 2335 4927 x
2370 4870 2744 4927 kal.Decemb.
2776 4873 2829 4925 in
2862 4872 3077 4927 civitate
3108 4872 3328 4925 Acinco.

2040 4969 2145 5026 576
2182 4969 2410 5021 Valente
2457 4971 2593 5035 Aug.
2641 4982 2673 5017 v
2723 4973 2775 5019 et
2827 4963 3202 5020 Valentiniano
3251 4963 3469 5031 juniore
3520 4964 3632 5017 Au-

2182 5071 2357 5133 gusto.

2262 5154 2354 5208 llis
2383 5167 2563 5208 conss.
2595 5151 2717 5206 victi
2748 5158 2802 5207 et
2830 5149 3037 5217 expulsi
3064 5156 3185 5201 sunt
3211 5146 3373 5203 Gothi
3404 5162 3432 5201 a
3464 5159 3626 5217 gente

2183 5248 2463 5303 Hunorum
2489 5287 2505 5313 ,
2537 5254 2592 5301 et
2620 5244 2860 5313 suscepti
2884 5252 3007 5296 sunt
3039 5243 3088 5295 in
3121 5240 3380 5294 Romania
3412 5256 3507 5309 pro
3532 5243 3632 5294 mi-

2187 5340 2483 5397 sericortlia
2524 5338 2772 5409 iussione
2803 5335 2938 5403 Aug.
2983 5333 3241 5387 Valentis.
3286 5333 3353 5386 Et
3391 5333 3510 5402 ipso
3539 5350 3632 5386 an-

2191 5447 2260 5487 no
2290 5431 2535 5486 introivit
2579 5443 2773 5496 corpus
2826 5425 3048 5493 Augusti
3089 5423 3451 5480 Valentiniani
3488 5425 3630 5480 Con-

2188 5523 2617 5593 stantinopolim,
2652 5521 2739 5575 die
2764 5537 2795 5573 v
2821 5518 2929 5573 kal.
2957 5518 3073 5573 Jan.

2045 5619 2148 5673 577
2188 5617 2442 5673 Gratiano
2472 5626 2520 5664 tv
2550 5622 2603 5666 et
2635 5610 2979 5666 Merobaude.

2259 5710 2539 5765 Hiscouss.
2558 5721 2687 5777 gens
2710 5705 3004 5762 Gothorum
3031 5705 3116 5775 qui
3143 5720 3237 5778 pro
3262 5703 3629 5762 misericordia
