4032 6186
398 317 529 382 ⁶911

1038 310 1243 369 IDATH
1280 308 1587 368 EPISCOPI
1622 301 2238 378 AQUIEFLAVIENSIS
2278 298 2684 358 DESCRIPTIO
2711 296 3105 356 CONSULUM.

3586 299 3710 361 9ιῖ

565 434 803 507 suscepti
848 438 997 502 sunt,
1056 427 1464 486 rebellaverant
1505 421 1763 477 adversus
1812 418 2009 474 Roma-
2036 414 2215 478 A387
2257 413 2472 469 Valerio
2503 411 2609 485 [AL
2647 406 3047 481 Valentiniano]
3075 423 3130 463 tu
3159 418 3215 464 et
3236 408 3516 480 Eutropio.

565 546 664 585 nos
690 547 703 581 :
732 528 796 582 ad
829 540 965 597 quos
996 519 1385 593 expugnandos
1430 515 1583 573 missi
1624 522 1750 569 sunt
1780 512 2004 569 comites

567 632 688 673 cum
722 614 1003 678 militibus,
1029 622 1081 667 et
1104 614 1477 680 pugnaverunt
1497 617 1629 694 'cum
1662 601 1874 657 Gothis.

426 710 531 769 578
570 709 797 765 Valente
822 721 878 761 vt
905 714 960 759 et
982 700 1363 757 Valentiniano
1392 711 1449 750 ιι.

637 799 733 854 llis
783 809 965 852 conss.
1018 792 1300 861 ingressus
1356 795 1442 843 est
1493 783 1692 838 Valens
1746 782 1881 850 Aug.
1940 777 2010 831 ab

550 891 780 948 oriente
825 881 1349 951 Constantinopolim
1404 879 1491 932 die
1519 892 1576 931 ιιι
1619 874 1728 932 kal.
1769 872 1897 928 Jun.
1947 871 2012 924 Et

569 986 689 1053 ipso
717 996 858 1036 anno
890 977 1163 1049 profectus
1191 983 1275 1029 est
1305 971 1504 1028 Valens
1532 971 1669 1038 Aug.
1700 982 1766 1021 ex
1790 965 1919 1020 urbe
1944 965 2011 1017 ad

566 1074 829 1129 fossatum
857 1068 945 1124 die
988 1083 1045 1122 ιιι
1079 1067 1199 1121 idus
1245 1063 1435 1119 Junias
1467 1079 1479 1114 :
1533 1069 1589 1115 et
1619 1072 1794 1128 pugna
1820 1069 2012 1125 magna

570 1165 671 1219 fuit
700 1178 821 1217 cum
879 1157 1138 1213 Romanis
1182 1165 1238 1212 et
1276 1155 1468 1211 Gothis
1497 1167 1527 1205 a
1558 1150 1793 1205 milliaro
1839 1163 1907 1201 xu
1947 1145 2014 1200 ab

569 1253 975 1320 HadrianOpoli,
1007 1250 1095 1306 die
1122 1266 1153 1303 v
1182 1248 1304 1303 idus
1336 1246 1578 1316 Augusti.
1607 1244 1686 1298 Ex
1715 1258 1779 1297 ea
1802 1240 1891 1296 die
1916 1239 2016 1294 Va-

566 1350 684 1405 lens
712 1349 985 1417 Augustus
1012 1358 1276 1413 nusquam
1320 1340 1567 1409 apparuit
1591 1354 1605 1396 :
1634 1343 1690 1391 ct
1720 1343 1835 1390 toto
1872 1347 2016 1388 anno

565 1457 662 1511 per
690 1436 978 1494 "dioecesim
1006 1434 1384 1497 Thraciarum,
1420 1439 1472 1485 et
1517 1427 1774 1500 Scythia,
1805 1432 1861 1481 et
1889 1423 2017 1479 Μω-

564 1534 683 1597 site,
717 1529 882 1587 Gothi
908 1528 1291 1582 habitaverunt
1316 1521 1517 1588 simul,
1548 1530 1603 1575 et
1625 1534 1718 1573 eas
1741 1516 2019 1588 pradave-

571 1634 696 1679 runt
720 1638 735 1687 ;
765 1621 966 1675 deinde
994 1632 1173 1687 usque
1202 1615 1269 1671 ad
1305 1625 1489 1685 portas
1532 1611 1683 1667 urbis
1710 1608 2021 1665 Constanti-

570 1713 897 1784 nopolitanae
938 1719 1222 1764 venerunt.

428 1811 534 1868 579
575 1807 815 1863 Ausonio
846 1814 900 1859 et
928 1801 1172 1874 Olybrio.

640 1898 736 1958 His
784 1910 968 1952 conss.
1020 1895 1227 1948 levatus
1270 1899 1352 1945 est
1390 1885 1731 1943 Theodosius
1782 1885 1921 1953 Aug.
1955 1882 2023 1936 ab

571 1994 812 2064 Augusto
841 1989 1097 2046 Gratiano
1124 1986 1215 2041 die
1250 2000 1340 2038 XIV
1371 1982 1484 2037 kal.
1514 1980 1773 2035 Februar.
1803 1978 1855 2031 in
1895 1975 2023 2029 civi-

572 2096 684 2143 tate
732 2085 953 2141 Sirmio.
1018 2081 1141 2150 Ipso
1186 2092 1330 2132 anno
1387 2075 1555 2130 multa
1604 2072 1742 2128 bella
1798 2069 2023 2124 Romani

568 2195 699 2235 cum
723 2174 915 2234 Gothis
944 2172 1352 2229 commiserunt.
1388 2165 1593 2221 Deinde
1621 2162 1863 2218 victoria:
1890 2175 2029 2213 nun-

578 2271 721 2325 tiatae
752 2276 878 2322 sunt
905 2266 1168 2319 adversus
1214 2259 1447 2326 Gothos,
1478 2256 1681 2313 Alanos
1711 2260 1872 2323 atque
1917 2250 2027 2305 llu-

574 2382 673 2420 nos
700 2362 790 2417 die
819 2376 888 2414 xv
911 2358 1019 2413 kal.
1051 2353 1307 2411 Decemb.

682 2454 785 2529 [Ad
796 2466 940 2506 orant
954 2448 1147 2502 codicis
1180 2444 1345 2500 nostri
1358 2458 1459 2497 ms.
1476 2440 1586 2495 lucc
1598 2436 1855 2492 habentur
1869 2431 2032 2487 ascri-

576 2526 1147 2621 pta,vqua:Sirmondus
1171 2538 1350 2593 omisit
1368 2551 1387 2590 :
1414 2535 1507 2589 llis
1519 2529 1836 2586 consulibus
1848 2526 2030 2580 Theo-

578 2620 761 2715 philus
796 2635 1139 2694 Alexandriae
1167 2633 1460 2702 episcopus
1506 2624 1812 2695 subjectum
1842 2620 2031 2675 Later-

578 2707 760 2789 culum
793 2728 931 2785 infra
959 2727 1027 2782 de
1049 2724 1273 2782 Pascha:
1287 2719 1675 2776 observatione
1690 2707 2035 2781 conscribit.]

442 2827 545 2885 580
581 2824 839 2882 Gratiano
867 2821 1008 2889 Aug.
1045 2833 1077 2871 v
1107 2828 1160 2872 et
1180 2812 1492 2870 Theodosio
1521 2809 1661 2879 Aug.

653 2919 750 2973 His
779 2928 960 2971 conss.
1011 2910 1253 2966 victoriae
1292 2907 1554 2962 nuntiata:
1598 2908 1726 2956 sunt
1754 2896 2036 2951 amborum

586 3015 971 3088 Augustorum.
1010 3007 1078 3059 Et
1102 3004 1220 3073 ipso
1247 3015 1389 3055 anno
1434 3000 1709 3067 ingressus
1744 3002 1832 3047 est
1856 2989 2038 3045 Theo-

585 3109 770 3162 dosius
797 3085 941 3172 Aug.
966 3095 1485 3163 Constantinottolim
1514 3091 1600 3147 die
1631 3104 1755 3144 xvut
1784 3085 1897 3141 kal.
1938 3086 2043 3139 De-

586 3196 763 3254 cemh.

448 3289 548 3348 581
590 3287 823 3362 Syagrio
853 3293 909 3340 et
938 3280 1233 3338 Eucherio.

662 3381 754 3434 His
776 3391 956 3433 conss.
991 3376 1272 3444 ingressus
1301 3378 1385 3423 est
1421 3363 1786 3425 Athanaricus
1813 3376 1912 3417 rex
1937 3359 2046 3415 Go-

593 3474 810 3525 thorum
882 3462 1405 3531 Constantinopolim
1476 3459 1565 3513 die
1626 3472 1685 3511 ιιι
1746 3454 1866 3509 idus
1920 3453 2042 3508 Jan.

593 3562 798 3618 Eodem
841 3572 1031 3613 mense
1074 3555 1218 3610 diem
1258 3552 1475 3607 functus
1506 3550 1651 3605 idem
1686 3546 2046 3602 Athanaricus

595 3672 685 3710 vttt
716 3654 821 3709 kal.
856 3652 1017 3707 Febr.

456 3750 563 3808 382
605 3747 753 3820 (/Er.
789 3745 947 3814 Hisp.
983 3741 1134 3814 420.)
1173 3737 1407 3795 Antonio
1433 3746 1487 3793 et
1514 3734 1763 3809 Syagrio;

669 3841 765 3896 His
813 3852 997 3894 conss.
1025 3832 1365 3891 Theodosius
1403 3828 1541 3898 Aug.
1586 3840 1783 3893 corpus
1826 3823 2049 3892 Augusti

597 3933 961 3990 Valentiniani
1005 3930 1057 3984 in
1097 3927 1430 3995 sarcophago
1462 3919 1710 3991 deposuit
1747 3917 1833 3972 die
1860 3932 1911 3971 ιχ
1940 3915 2047 3970 kal.

2052 1782 2102 1845 B

2328 506 2428 559 His
2457 518 2639 560 conss.
2672 502 3102 572 Quinquennalia
3124 501 3389 557 Arcadius
3409 505 3549 575 Aug.
3572 519 3713 576 pro-

2250 597 2369 666 pria
2398 611 2523 651 cum
2554 594 2862 651 Theodosio
2890 592 3028 663 Aug.
3062 602 3217 663 patre
3245 609 3343 650 suo
3373 596 3711 653 editionibus

2252 686 2501 759 ludisque
2526 687 2825 744 celebravit
2862 686 2951 743 die
2979 687 3196 744 decimo
3221 690 3453 760 septimo
3485 687 3709 747 kalend.

2254 784 2516 840 Februar.

2108 874 2216 933 588
2255 873 2565 930 Theodosio
2590 871 2728 939 Aug.
2757 886 2796 926 ιι
2821 879 2877 927 et
2904 871 3164 943 Cynegio.

2326 966 2420 1021 His
2452 979 2634 1020 conss.
2682 963 2964 1019 defunctus
2998 974 3083 1019 est
3107 964 3377 1035 Cynegius
3414 964 3712 1034 praefeci

2257 1057 2493 1114 Orientis
2532 1057 2584 1111 in
2625 1055 2908 1111 consulatu
2939 1070 3039 1110 suo
3068 1054 3565 1125 Constantinopoli.
3613 1057 3713 1113 Hie

2260 1152 2543 1207 universas
2576 1148 2878 1218 provincias
2917 1147 3061 1218 longi
3093 1148 3351 1218 temporis
3393 1148 3521 1204 tabe
3549 1149 3715 1204 decc-

2258 1252 2384 1313 ptas
2412 1242 2465 1296 in
2488 1250 2688 1295 statum
2715 1239 3001 1310 pristinum
3034 1239 3327 1307 revocavit,
3358 1250 3412 1294 et
3440 1256 3614 1309 usque
3644 1241 3715 1295 ad

2262 1333 2555 1405 Egyptum
2619 1330 2966 1401 penetravit,
3023 1338 3078 1385 et
3122 1332 3413 1386 simulacra
3466 1332 3712 1402 gentium

2259 1427 2475 1482 evertit.
2505 1423 2661 1481 Unde
2690 1439 2817 1479 cum
2846 1438 3039 1494 magno
3066 1422 3192 1478 ﬂetu
3226 1423 3395 1478 totius
3422 1426 3613 1493 papuli
3641 1426 3719 1480 ci-

2266 1516 2448 1572 vitatis
2486 1516 2776 1571 deductum
2805 1523 2890 1570 est
2927 1530 3121 1584 corpus
3161 1515 3279 1584 ejus
3322 1516 3392 1570 ad
3420 1516 3718 1585 Apostolus

2265 1608 2353 1664 die
2379 1624 2485 1663 xxv
2506 1607 2613 1662 kal.
2642 1606 2811 1675 April.
2845 1606 2913 1660 Et
2937 1616 3056 1677 post
3075 1621 3274 1661 annum
3296 1606 3575 1661 transtulit
3593 1622 3719 1662 eum

2270 1715 2518 1761 matrona
2565 1704 2683 1774 ejus
2727 1703 2988 1758 Achantia
3024 1702 3091 1756 ad
3122 1702 3408 1771 Hispanias
3439 1702 3714 1770 pedestre.

2271 1802 2338 1856 Et
2366 1801 2484 1870 ipso
2511 1814 2653 1853 anno
2681 1797 2945 1852 occiditur
2974 1796 3145 1851 hostis
3175 1796 3420 1861 publicus
3450 1796 3719 1851 Maximus

2271 1904 2531 1965 tyrannus
2559 1906 2585 1942 a
2614 1889 2922 1943 Theodosio
2974 1890 3105 1956 Aug.
3154 1886 3207 1940 in
3255 1886 3513 1941 milliario
3552 1901 3614 1943 tu
3651 1887 3719 1942 de

2271 1984 2513 2055 Aquileia
2542 1983 2630 2038 die
2655 1999 2685 2036 v
2715 1980 2825 2036 kal.
2857 1983 2996 2050 Aug.
3027 1978 3135 2035 Sed
3155 1990 3210 2035 et
3235 1980 3375 2033 ﬁlius
3395 1979 3516 2049 ejus
3540 1982 3720 2037 Victor

2270 2076 2533 2131 occiditur
2582 2085 2703 2143 post
2754 2086 2952 2141 paucos
2998 2072 3113 2127 dies
3153 2072 3207 2126 in
3244 2070 3487 2127 Galliisa
3516 2071 3717 2128 comite

2276 2166 2567 2223 Theodosii
2590 2166 2837 2235 Augusti.

2130 2264 2235 2321 589
2274 2260 2515 2317 Timasio
2542 2268 2594 2315 et
2622 2260 2896 2312 Promoto.

2343 2356 2438 2410 His
2460 2368 2637 2407 conss.
2666 2351 2907 2405 introivit
2934 2348 3268 2405 Theodosius
3287 2348 3427 2418 Aug.
3456 2348 3514 2402 in
3535 2347 3714 2402 urbem

2272 2446 2499 2502 Romam
2531 2459 2650 2500 cum
2684 2443 2921 2498 Honorio
2952 2441 3063 2495 ﬁlio
3084 2456 3182 2495 suo
3210 2440 3299 2495 die
3324 2440 3511 2496 iduum
3537 2438 3714 2495 Juniu-

2275 2556 2426 2606 rum,
2459 2549 2514 2594 et
2544 2536 2693 2592 dedit
2718 2535 3050 2605 congiarium
3081 2531 3360 2587 Romanis.

2135 2636 2242 2693 590
2280 2630 2656 2688 Valentiniano
2692 2643 2745 2683 tv
2784 2637 2839 2682 et
2865 2623 3121 2681 Neuterio
3150 2622 3263 2696 [Αι.
3291 2619 3591 2693 Neoterio].

2137 2728 2237 2784 591
2278 2726 2506 2781 Tatiano
2544 2729 2600 2777 et
2626 2718 2978 2792 Symmacho.

2139 2820 2246 2878 59ὶ
2284 2817 2433 2892 [En
2465 2815 2622 2884 Hisp.
2653 2812 2808 2883 450.]
2846 2808 3076 2865 Arcadio
3110 2808 3245 2874 Aug.
3280 2820 3319 2862 ιι
3346 2814 3401 2860 et
3424 2805 3644 2859 Ruﬁno.

2355 2909 2449 2963 His
2465 2920 2647 2961 conss.
2672 2904 3078 2958 Valentinianus
3097 2900 3281 2968 junior
3300 2897 3434 2966 apud
3457 2895 3724 2950 Viennam

2285 3009 2369 3056 est
2388 2998 2727 3063 interfectus,
2753 3004 2807 3049 et
2828 2993 3030 3047 levavit
3054 3005 3113 3045 se
3140 2989 3408 3058 Eugenius
3435 2996 3725 3057 tyrannus.

2285 3090 2639 3150 Postmodum
2660 3086 2997 3143 Theodosius
3022 3082 3160 3153 Aug.
3185 3080 3381 3136 occidit
3405 3078 3723 3149 Eugenium.

2069 3150 2115 3215 Ο
2145 3189 2252 3244 595
2287 3183 2595 3242 Theodosio
2617 3185 2754 3251 Aug.
2778 3194 2839 3233 ιιι
2860 3186 2913 3233 et
2935 3150 3296 3231 Abundantio.

2145 3278 2251 3334 594
2289 3275 2525 3331 Arcadio
2555 3275 2695 3341 Aug.
2724 3286 2781 3324 ιιι
2807 3278 2860 3324 et
2887 3266 3126 3322 Honorio
3148 3265 3281 3335 Aug.
3314 3279 3375 3319 ιι.

2146 3378 2251 3437 595
2288 3375 2510 3448 Olybrio
2540 3381 2597 3428 et
2627 3370 2885 3427 Probino.

2361 3469 2455 3524 His
2480 3479 2661 3522 conss.
2686 3460 2914 3520 recessit
2929 3460 3067 3530 apud
3094 3455 3457 3513 Mediolanum
3478 3449 3727 3507 Theodo-

2288 3563 2401 3617 sius
2430 3560 2567 3628 Aug.

2146 3654 2254 3711 596
2291 3650 2523 3707 Arcadio
2546 3650 2683 3717 Aug.
2716 3661 2768 3702 tv
2789 3653 2845 3701 et
2871 3642 3106 3699 Honorio
3126 3640 3262 3709 Aug.
3295 3652 3377 3703 ut.

2149 3748 2254 3803 597
2294 3744 2470 3801 Attico
2498 3750 2555 3796 et
2582 3739 2839 3796 Caesario.

2152 3839 2256 3896 598
2296 3835 2535 3893 Honorio
2568 3835 2705 3902 Aug.
2740 3846 2792 3885 tv
2822 3837 2877 3883 et
2905 3823 3260 3897 Eutychiano.

2367 3927 2460 3981 His
2484 3938 2663 3980 conss.
2696 3920 2853 3978 Gildo
2883 3919 3118 3972 occisus.

602 4028 759 4085 Mart.
778 4024 899 4093 Ipso
912 4036 1054 4076 anno
1071 4019 1320 4074 universa
1334 4030 1464 4085 gens
1477 4010 1772 4069 Gothorum
1792 4024 1911 4064 cum
1929 4022 2055 4077 rege
2155 4022 2194 4077 δε

2155 4021 2256 4079 599
2297 4018 2513 4074 Manilio
2533 4026 2588 4071 et
2610 4012 2898 4071 Theodoro
2926 4008 3033 4081 [AL
3058 4006 3253 4063 Manlio
3274 3998 3585 4073 Theodoro]
3611 4015 3661 4054 v.
3682 4012 3731 4052 c.

605 4135 703 4173 suo
722 4119 771 4172 in
792 4117 1105 4171 Romaniam
1131 4128 1191 4167 se
1216 4105 1698 4166 tradideruntdiev
1715 4120 1843 4159 non.
1861 4101 2053 4159 Octob.

461 4214 567 4268 585
605 4208 929 4264 Merobaude
960 4221 997 4259 ιι
1030 4214 1086 4259 et
1113 4202 1425 4257 Saturnino.

680 4302 773 4355 His
800 4295 1116 4353 consulibus
1139 4294 1345 4346 levatus
1366 4299 1450 4346 est
1472 4288 1732 4345 Arcadius
1760 4287 1891 4356 Aug.
1918 4283 2060 4338 Con-

2374 4112 2468 4167 His
2498 4120 2687 4179 conss.
2726 4103 2922 4173 templa
2965 4099 3244 4172 gentilium
3292 4096 3549 4152 demolita
3594 4099 3734 4155 sunt,

2301 4202 2584 4260 Joviniano
2608 4206 2665 4255 et
2692 4194 2992 4253 Gaudentio
3018 4188 3331 4246 comitibus.

2159 4299 2266 4356 400
2306 4297 2569 4353 Stilicone
2597 4306 2654 4347 v.
2687 4304 2738 4344 c.
2767 4285 3008 4343 consule.

605 4392 975 4463 stantinOpoli,
1002 4391 1053 4443 in
1081 4386 1336 4442 milliario
1360 4398 1453 4449 vu,
1479 4384 1531 4437 in
1556 4379 1805 4436 tribunali
1829 4394 1857 4432 a
1884 4376 2061 4431 Theo-
2161 4393 2193 4447 ι

1360 4398 1453 4449 vn.
1479 4384 1531 4437 in
1556 4379 1857 4436 tribunalia
1884 4376 2061 4431 Τιιεο·
2161 4391 2262 4447 tut
2308 4386 2591 4443 Vincentio
2613 4379 2929 4439 etFravito.

604 4490 760 4545 dosio
788 4486 924 4556 Aug.
957 4490 1107 4554 patre
1137 4494 1235 4533 suo
1265 4477 1352 4532 die
1380 4490 1486 4531 xvu
1517 4474 1624 4529 kal.
1655 4472 1816 4527 Febr.
1849 4469 1911 4524 Et
1942 4469 2058 4537 ipso
2087 4518 2139 4579 Β
2163 4483 2270 4540 mg

613 4596 757 4637 anno
821 4580 1120 4648 ingressum
1170 4583 1253 4628 est
1295 4564 1816 4635 Constantinopolim
1863 4577 2060 4629 corpus

2310 4481 2458 4554 (/Er.
2496 4476 2651 4546 Hisp.
2684 4470 2838 4542 NO.)
2878 4467 3109 4525 Arcadio
3135 4480 3169 4519 v
3198 4472 3255 4519 et
3283 4461 3521 4517 Honorio
3550 4474 3602 4511 v.

2376 4571 2473 4626 His
2501 4581 2683 4624 conss.
2717 4563 2848 4618 solis
2878 4560 3016 4615 facta
3044 4555 3277 4613 defectio
3301 4568 3361 4607 ιιι
3388 4550 3463 4607 id.
3489 4546 3737 4604 Novemb.

609 4671 940 4728 Constantine
973 4668 1094 4723 ﬁliae
1127 4663 1352 4735 Augusti
1380 4657 1720 4717 Constantini
1758 4655 1846 4711 die
1877 4670 1911 4709 tt
1942 4653 2061 4708 idus
2166 4671 2273 4725 ωδ
2311 4662 2621 4723 Theodosio
2651 4668 2705 4715 ει
2736 4652 3049 4711 [tumor-idm

614 4761 897 4832 Septemb.

2166 4762 2277 4819 404
2315 4756 2556 4814 Honorio
2585 4768 2638 4807 vt
2665 4760 2718 4807 et
2745 4750 2997 4804 Aristone
3031 4742 3137 4815 [AL
3168 4731 3539 4804 Aristaeneto].

2384 4848 2476 4902 His
2503 4859 2683 4901 conss.
2731 4839 2930 4895 belluru
2982 4833 3138 4890 civile
3184 4829 3283 4885 fuit
3319 4840 3385 4881 ex
3432 4840 3490 4880 ut
3532 4818 3740 4877 kalend.

2311 4937 2677 5009 Septembres.

2170 5035 2276 5092 405
2313 5032 2573 5087 Stilicone
2602 5042 2639 5080 ιι
2670 5033 2724 5078 et
2750 5018 3061 5077 Anthemio.

2385 5123 2477 5177 His
2506 5132 2686 5174 conss.
2720 5115 2860 5168 inter
2886 5107 3185 5165 catholicos
3213 5112 3270 5159 et
3298 5098 3604 5157 Donatistas
3634 5090 3743 5148 uni-

2314 5227 2393 5272 t-s
2425 5215 2581 5267 facta.

2172 5311 2276 5368 406
2318 5306 2544 5364 Arcadio
2573 5319 2623 5356 vt
2652 5314 2704 5356 et
2736 5298 2934 5355 Probo.

2171 5405 2277 5459 407
2321 5400 2554 5456 Honorio
2583 5411 2655 5449 vtt
2682 5402 2738 5449 et
2766 5388 3074 5445 Theodosio
3107 5387 3242 5454 Aug.
3272 5396 3333 5438 tt.

2173 5497 2280 5553 408
2320 5494 2485 5548 ths~o
2517 5499 2569 5541 et
2602 5485 2871 5553 Philippo.

2175 5586 2280 5644 409
2322 5580 2557 5636 Honorio
2585 5592 2675 5630 vtu
2703 5585 2757 5630 et
2778 5569 3087 5627 Theodosio
3112 5581 3194 5620 ιιι.

2396 5672 2490 5727 His
2520 5683 2697 5726 conss.
2732 5664 2944 5720 barbari
2974 5657 3261 5730 HiSpanias
3289 5648 3530 5722 ingressi.

2177 5770 2281 5827 410
2323 5763 2559 5823 Honorio
2591 5777 2642 5815 ιχ
2673 5769 2726 5816 et
2755 5755 2966 5824 Varari,
2992 5749 3135 5824 quod
3162 5747 3261 5807 fuit
3282 5743 3534 5802 Tertullo.

469 4859 575 4915 384
618 4855 906 4913 Ricomere
938 4860 991 4904 et
1017 4848 1303 4903 Clearcho.

685 4950 780 5007 His
802 4961 982 5003 conss.
1009 4946 1340 5000 introierunt
1357 4939 1883 5009 Constantinopolim
1908 4937 2067 5009 legati

616 5043 931 5099 Persarum.
957 5036 1078 5105 Ipso
1106 5048 1251 5087 anno
1279 5042 1436 5087 natus
1462 5041 1546 5087 est
1568 5031 1838 5087 Honorius
1859 5028 1986 5085 nob.
2014 5028 2065 5083 in

617 5132 872 5207 purpuris
895 5131 985 5186 die
1015 5144 1046 5183 v
1078 5127 1201 5181 idus
1222 5125 1501 5194 Septemb.

474 5230 583 5289 585
621 5228 859 5286 Arcadio
888 5230 1026 5295 Aug.
1063 5229 1117 5277 et
1148 5220 1413 5274 Bautone.

477 5324 585 5381 586
623 5322 860 5379 Honorio
885 5321 1011 5373 nob.
1038 5325 1093 5373 et
1121 5313 1354 5370 Evodio.

690 5413 785 5469 His
828 5424 1013 5466 conss.
1053 5409 1179 5462 victi
1217 5414 1381 5475 atque
1412 5402 1753 5474 expugnati,
1791 5411 1847 5457 et
1879 5404 1933 5459 in
1966 5403 2071 5457 Ro-

622 5508 802 5563 mania
832 5502 1028 5573 captivi
1075 5500 1293 5554 adducti
1349 5511 1483 5567 gens
1523 5495 2000 5567 Greothyngorum
2043 5511 2071 5549 a

627 5599 825 5654 nostris
850 5592 1162 5649 Theodosio
1192 5602 1246 5647 et
1295 5589 1531 5645 Arcadio
1566 5606 1581 5645 :
1609 5587 1807 5644 deinde
1841 5603 1965 5645 cum
1994 5590 2074 5643 vi-

622 5692 793 5747 ctoria
823 5698 879 5746 et
919 5686 1189 5755 triumpho
1237 5684 1469 5754 ingressi
1512 5690 1641 5742 sunt
1684 5680 2069 5741 Constantino-
2121 5686 2144 5716 λ

631 5784 794 5855 polim
821 5781 908 5837 die
934 5792 987 5836 tv
1021 5778 1142 5835 idus
1170 5776 1359 5835 Octob.

3672 5753 3711 5762 ..η
3742 5755 3746 5759 .
