4064 6190
359 295 464 354 815

359 408 458 462 411
502 403 806 459 Theodosio
835 402 972 472 Aug.
1003 417 1080 460 tv.

569 497 660 552 His
690 511 870 552 conss.
899 494 1238 551 Constantini
1270 494 1482 566 tyranni
1509 493 1564 548 in
1589 501 1751 548 conto
1774 500 1937 561 caput

498 590 719 645 allatum
741 598 823 643 est
852 604 939 643 stv
967 587 1074 642 kal.
1105 587 1297 644 Oetob.

358 681 462 737 412
504 681 737 735 Honorio
766 695 817 733 ιι
847 692 902 733 et
931 678 1239 735 Theodosio
1266 696 1318 732 v.

361 774 463 828 415
501 773 629 826 Post
677 772 1014 825 consulatum
1063 769 1288 825 Honorii
1342 785 1397 824 ιι
1443 779 1497 826 et
1547 767 1836 824 Theodosii
1883 783 1938 833 v,

498 866 664 922 Lucio
700 879 849 919 cons.

573 957 667 1012 His
693 970 874 1010 conss.
901 955 1068 1009 occisi
1095 962 1221 1008 sunt
1246 953 1501 1010 Jovianus
1522 994 1535 1018 ,
1569 952 1939 1019 Sebastianus,

499 1047 818 1113 Sallustius;
851 1058 905 1102 et
929 1047 1274 1102 Heraclianus
1299 1047 1529 1102 abolitus
1554 1056 1657 1102 est.

363 1141 464 1195 414
500 1142 813 1196 Constantio
843 1155 893 1192 v.
925 1153 976 1194 c.

363 1235 464 1289 415
503 1233 738 1287 Honorio
769 1246 803 1285 ι
832 1243 887 1286 et
914 1231 1218 1286 Theodosio
1249 1245 1322 1284 Vl.

577 1325 670 1378 His
695 1339 877 1379 conss.
908 1325 965 1379 S.
997 1323 1303 1392 Stephanus
1325 1324 1530 1392 primus
1561 1333 1766 1394 martyr
1791 1337 1944 1378 reve-

507 1415 646 1469 latur
681 1424 868 1469 sancto
919 1417 1233 1486 presbytero
1274 1415 1509 1470 aniano
1550 1416 1635 1470 die
1680 1431 1764 1483 vt,
1812 1413 1946 1469 feria

503 1523 622 1577 qua:
677 1506 774 1560 fuit
822 1515 947 1561 tunc
990 1523 1047 1561 ιιι
1094 1522 1220 1562 ιιοιι.
1275 1507 1439 1573 Dec.,
1473 1508 1524 1561 in
1557 1505 1946 1576 Hierosolymis

503 1607 688 1654 sancto
717 1599 923 1655 Joanne
959 1600 1212 1669 episcopo
1253 1599 1576 1669 praesidente
1607 1617 1618 1651 :
1654 1608 1707 1654 et
1735 1607 1947 1653 exstant

505 1705 572 1745 ex
607 1689 690 1743 bis
719 1691 885 1760 gestis
925 1691 1167 1758 cpistola:
1215 1705 1372 1758 supra
1403 1689 1531 1743 dicti
1565 1687 1861 1758 presbyteri
1892 1696 1946 1742 et

1363 285 1847 347 MARCELLINUS
1882 284 2128 342 COMES.
2154 316 2222 327 —
2262 284 2796 343 PBOLEGOMENA.

1963 401 2016 459 Α
2041 401 2146 454 454
2187 403 2390 468 Aspare
2418 410 2472 455 et
2505 400 2819 454 Ariovindo.

3530 277 3631 330 9H

2043 492 2150 546 455
2187 491 2491 546 Theodosio
2521 507 2587 546 ιν
2617 504 2670 546 et
2699 492 3072 548 Valentiniano
3107 509 3179 549 tv.

2044 585 2152 639 456
2188 583 2393 638 Isidoro
2421 592 2475 638 et
2504 584 2788 639 Senatore.

2044 677 2149 731 457
2189 678 2344 731 Aetio
2373 691 2410 731 ιι
2439 687 2492 732 et
2521 675 2855 747 Segisvuldo.

2045 771 2152 824 458
2189 769 2494 824 TheodOsio
2523 786 2610 824 xvt
2640 779 2695 824 et
2725 770 2937 825 Fausto.

2047 859 2152 914 459
2190 859 2499 914 Theodosio
2527 876 2632 914 xvtt
2654 869 2707 915 et
2736 861 2917 917 FeSto.

2047 953 2152 1006 440
2182 951 2560 1007 Valentiniano
2582 968 2610 1005 v
2636 962 2690 1008 et
2720 953 2985 1008 Anatolio.

2046 1042 2148 1098 441
2191 1042 2333 1114 Cyro
2363 1059 2413 1096 v.
2444 1059 2495 1098 c.

2047 1132 2154 1188 442
2193 1133 2341 1199 (Er.
2374 1134 2528 1206 Hisp.
2559 1135 2710 1207 480.)
2744 1137 3013 1193 Dioscoro.
3047 1139 3253 1210 (Omisit
3285 1141 3620 1214 Eudoxium.)

2050 1225 2156 1279 445
2192 1226 2425 1281 Maximo
2456 1243 2495 1282 ιι
2525 1237 2577 1282 et
2605 1228 2818 1284 Paterio
2861 1230 2964 1301 [AL
2999 1230 3269 1304 Paterno].

2049 1318 2157 1374 444
2194 1320 2496 1376 Theodosio
2527 1338 2653 1376 xvtu
2689 1334 2743 1378 et
2777 1325 2989 1378 Albino.

2049 1411 2155 1467 445
2193 1410 2569 1467 Valentiniano
2607 1429 2658 1467 vt
2686 1423 2739 1468 et
2769 1417 2920 1469 Aetio
2960 1432 3035 1470 ιιι.
3074 1416 3210 1487 (llic
3243 1419 3631 1486 confunduntur

2190 1503 2314 1554 anni
2344 1501 2472 1567 duo,
2497 1519 2713 1570 quorum
2744 1505 2912 1574 priore
2931 1522 3095 1560 conss.
3131 1510 3270 1578 fuere
3311 1507 3622 1562 Valentinia-

2192 1611 2289 1648 nus
2317 1610 2371 1649 Vl
2399 1605 2445 1648 et
2475 1594 2716 1662 Nonius;
2756 1599 2915 1651 altero
2945 1609 3138 1668 autem,

2051 1686 2154 1742 446
2192 1687 2368 1742 Aetius
2397 1701 2454 1742 tu
2485 1696 2529 1740 et
2557 1687 2952 1761 Symmachus.)

505 1783 675 1835 sancti
707 1782 844 1835 Aviti
884 1782 1184 1852 presbyteri
1215 1782 1587 1849 Bracarensis,
1619 1784 1709 1852 qui
1741 1791 1864 1836 tunc
1894 1782 1944 1834 in
1981 1780 2026 1838 B
2053 1777 2156 1830 447
2199 1778 2442 1848 Callepio
2472 1787 2527 1834 et
2557 1779 2857 1836 Ardabure.

507 1873 894 1944 Hierosolymis
921 1874 1209 1942 degebant.

363 1963 470 2018 416
506 1963 808 2018 Theodosio
832 1979 903 2018 vu
933 1975 987 2019 et
1014 1963 1275 2020 Palladio.

363 2058 467 2114 417
507 2058 741 2112 Honorio
771 2074 822 2112 ιι
852 2067 906 2112 et
930 2059 1283 2112 Constantino
1314 2073 1371 2112 ιι.

368 2150 474 2204 418
513 2149 751 2203 Honorio
783 2165 855 2204 ιιι
885 2158 939 2203 et
966 2148 1272 2204 Theodosio
1303 2164 1415 2204 vnt.

369 2241 475 2298 419
514 2242 761 2296 Monaxio
783 2250 837 2297 et
853 2242 1062 2297 Plenta.

573 2333 666 2387 His
695 2348 873 2388 conss.
915 2341 1131 2387 sanctus
1166 2331 1400 2387 Joannes
1447 2333 1942 2404 Hierosolymorum

507 2423 791 2492 episcopus
813 2424 901 2492 qui
926 2436 1108 2491 supra,
1131 2423 1413 2492 epistolam
1440 2423 1620 2492 dirigit
1645 2439 1736 2491 per
1761 2423 1947 2478 Eccle-

505 2517 612 2569 sias
642 2515 785 2570 orbis
815 2527 1075 2570 terrarum
1096 2561 1109 2583 ,
1141 2531 1262 2586 qua:
1293 2516 1518 2571 habetur
1548 2517 1616 2572 de
1647 2517 1814 2587 signis
1845 2525 1951 2571 ter-

504 2606 826 2674 roribusque
849 2606 1108 2660 divinitus
1139 2609 1478 2676 perpetratis.

367 2695 478 2754 420
514 2697 818 2751 Theodosio
860 2712 912 2752 ιι
943 2708 996 2752 et
1034 2697 1350 2752 Constantio
1374 2715 1451 2753 ιιι.

367 2790 467 2844 421
510 2788 757 2857 Agricola
786 2797 838 2844 et
874 2790 1173 2843 Eustathio.

368 2881 473 2936 422
512 2882 653 2954 [/Er.
675 2882 839 2953 ‘Hisp.
865 2881 1015 2952 460.]
1055 2884 1290 2939 Honorio
1315 2899 1411 2939 ιιιι
1437 2892 1491 2940 et
1519 2884 1824 2941 Theodosio
1855 2901 1910 2940 ι.

370 2973 477 3027 425
514 2975 806 3029 Mariniano
836 2983 892 3030 et
921 2976 1320 3044 Asclepiodoto.

581 3067 676 3121 His
698 3081 875 3121 conss.
905 3067 1176 3122 Honorius
1193 3071 1328 3139 Aug.
1357 3070 1577 3126 recessit
1599 3070 1874 3127 Ravenna.

580 3156 875 3226 (Hactenus
917 3158 1182 3214 Sirmondi
1226 3161 1422 3227 editio;
1463 3172 1646 3217 tartara
1683 3179 1747 3218 ea:
1779 3165 1952 3220 eodem
1975 3142 2022 3205 (ἶ

509 3268 605 3304 ms.
630 3252 848 3320 codice).

364 3342 472 3398 424
511 3343 727 3397 Castino
757 3353 811 3398 et
839 3343 1075 3400 Victore.

362 3432 473 3487 425
508 3433 813 3488 Theodosio
836 3451 889 3488 ιι
919 3445 972 3488 et
1003 3435 1378 3492 Valentiniano
1406 3435 1548 3494 Caes.

364 3524 476 3579 426
514 3525 720 3580 Theod.
753 3541 825 3579 ιιι
857 3533 912 3580 et
939 3525 1207 3581 Valentin.
1244 3530 1380 3597 Aug.
1416 3543 1474 3582 ιι.

365 3616 471 3670 427
510 3614 688 3670 Pierio
717 3626 771 3670 et
799 3616 1000 3670 Artabu
1033 3615 1139 3688 [AL
1167 3616 1347 3673 Hierio
1372 3627 1426 3673 et
1447 3616 1772 3690 Ardabure].

365 3709 473 3765 428
512 3709 694 3764 Felice
727 3718 780 3763 et
809 3709 1015 3764 Tauro.

366 3802 475 3858 429
513 3801 789 3856 Florentio
824 3809 880 3856 et
912 3802 1187 3871 Dionysio.

365 3893 474 3948 450
512 3893 818 3948 Theodosio
845 3909 942 3948 ιιιι
982 3904 1038 3948 et
1067 3892 1344 3949 Valentia.
1372 3906 1452 3948 ιιι.

365 3988 468 4040 451
514 3985 680 4040 Basso
707 3995 761 4040 et
791 3985 1075 4041 Antiocho.

368 4078 475 4132 452
513 4078 660 4148 (zEr.
702 4076 856 4148 Hisp.
882 4077 1034 4149 470.)
1075 4077 1230 4133 Aetio
1261 4089 1317 4134 et
1345 4079 1578 4136 Valerio.

369 4167 474 4223 435
512 4169 816 4223 Theodosio
849 4185 937 4222 ιιν
968 4179 1022 4223 et
1054 4170 1306 4224 Maximo.

2049 1873 2154 1928 4'8
2193 1872 2540 1928 Postumiano
2570 1883 2623 1927 et
2658 1873 2898 1928 Zenone.

2049 1965 2155 2022 449
2201 1966 2416 2020 Asturio
2445 1976 2500 2021 et
2532 1965 2853 2035 Protogene.

2049 2058 2155 2113 450
2197 2056 2578 2112 Valentiniano
2606 2073 2682 2111 vtt
2726 2066 2781 2113 et
2810 2059 3029 2113 Avieno.

2049 2147 2148 2203 451
2196 2149 2468 2219 Adelphio
2497 2158 2551 2204 et
2579 2149 2872 2204 Marciano.
3377 2162 3382 2167 '

2049 2239 2155 2295 452
2193 2239 2354 2311 (Ᾰῖν.
2393 2240 2544 2310 Hisp.
2581 2239 2744 2311 490.)
2793 2239 3094 2296 Herculano
3139 2249 3191 2296 et
3229 2241 3475 2296 Pati-acie
3523 2241 3630 2315 [AL

2195 2331 2490 2404 Sporatio].

2051 2421 2158 2479 455
2196 2424 2462 2492 Opilione.
2492 2421 2701 2494 [Omisit
2739 2422 3138 2496 Vincomalum.]

2049 2513 2156 2567 454
2196 2515 2351 2569 Aelio
2380 2531 2428 2569 tv
2461 2527 2516 2570 et
2547 2515 2756 2570 Studio.

2051 2609 2156 2663 455
2201 2609 2570 2663 Valentiniano
2593 2624 2665 2663 vtt
2688 2619 2740 2663 et
2762 2611 3069 2666 Anthemio.

2051 2701 2158 2758 456
2199 2702 2358 2756 Avito
2390 2705 2626 2773 Angusto
2655 2716 2807 2758 cons.
2837 2700 2944 2775 [AL
2969 2703 3178 2758 Joanne
3205 2711 3258 2758 et
3289 2702 3537 2775 Varane].

2050 2795 2158 2849 457
2203 2793 2394 2848 Omissi
2423 2791 2789 2848 Constantinus
2820 2803 2864 2848 et
2899 2793 3092 2864 Rufus.

2051 2889 2160 2946 458
2198 2888 2482 2944 Recimere
2511 2897 2567 2942 et
2595 2887 2868 2960 [Patricio]
2902 2889 2992 2960 qui
3025 2888 3091 2945 de
3118 2887 3357 2945 Oriente.
3391 2886 3490 2959 (Ili
3519 2905 3632 2958 per-

2195 2984 2356 3035 tinent
2382 2983 2450 3034 ad
2475 2997 2663 3034 annum
2692 2981 2845 3052 459.)

2052 3072 2158 3129 459
2197 3073 2489 3139 Majoriano
2519 3075 2655 3142 Aug.
2694 3081 2748 3126 et
2789 3072 3082 3128 Ariovindo
3112 3069 3216 3145 [Αι.
3247 3071 3426 3128 Leone
3454 3069 3615 3144 Aug.]

2197 3160 2298 3230 (Hi
2339 3163 2406 3215 ad
2435 3179 2627 3215 annum
2656 3161 2812 3232 458.)

2057 3251 2164 3308 460
2201 3253 2390 3322 Magno
2424 3263 2478 3309 et
2508 3254 2814 3323 Apollonio.

2056 3342 2157 3399 461
2202 3343 2497 3399 Severiano
2526 3353 2580 3398 et
2610 3342 2982 3416 [Dagalaipho]
3011 3343 3103 3415 qui
3134 3344 3201 3401 de
3231 3343 3468 3402 Oriente.

2270 3435 2364 3490 His
2410 3450 2594 3491 conss.
2625 3435 2948 3505 Majorianus
2978 3437 3238 3492 occiditur
3265 3479 3279 3504 ,
3323 3449 3376 3494 et
3413 3441 3638 3496 Severus

2201 3526 2432 3582 efﬁcitur
2465 3529 2778 3597 imperator.

2057 3619 2165 3675 462
2203 3617 2349 3689 (Er.
2381 3617 2538 3688 Hisp.
2565 3619 2716 3687 500.)
2744 3620 2946 3674 Severo
2976 3631 3028 3674 et
3057 3620 3238 3675 Leone
3264 3622 3534 3690 Augustis.

2059 3711 2165 3766 465
2203 3711 2400 3764 Basilio
2426 3720 2480 3764 et
2511 3709 2791 3779 Gadaipho
2846 3712 2951 3783 [AL
2989 3709 3258 3781 Viviano].

2058 3803 2163 3860 464
2201 3804 2302 3858 Dn.
2338 3804 2558 3874 Ulybrio
2589 3803 2696 3875 [AL
2731 3814 2784 3858 et
2813 3801 3074 3873 Rustico].

2273 3896 2507 3950 Severus
2547 3898 2820 3964 Angustus
2864 3894 3017 3948 obiit.
3082 3893 3399 3949 Anthemius
3456 3893 3640 3947 Rome

2202 3985 2496 4056 imperator
2520 3985 2690 4040 factus
2713 3997 2815 4041 est.
2846 3985 3142 4040 Adversum
3196 3986 3455 4040 Vandalus
3480 4001 3640 4056 gran-

2204 4080 2288 4134 dis
2311 4081 2585 4134 exercitus
2612 4096 2730 4133 eum
2753 4079 3061 4134 Marcellino
3087 4080 3220 4134 duce
3242 4079 3510 4149 dirigitur.

2062 4173 2167 4228 468
2208 4176 2448 4242 Augusto
2481 4171 2768 4225 Anthemio
2796 4187 2830 4224 ιι
2867 4172 3109 4225 consule.

1159 4291 2868 4506 mos

1638 4582 2034 4672 COMES
2107 4586 2214 4668 V.
2298 4583 2405 4664 C.

1392 4721 1484 4771 (Ex
1511 4721 1746 4774 Gallandii
1771 4725 1892 4776 Bibl.
1916 4727 2044 4776 Max.
2069 4725 2362 4777 Vett.'Patr.
2389 4729 2506 4772 tom.
2532 4717 2617 4784 Χ.)

1804 4847 2224 4876 ι--ς

1588 4989 2439 5063 PROLEGOMENA.

449 5152 493 5207 1.
520 5151 693 5206 Pauca
723 5157 848 5205 sunt
872 5144 1158 5202 admodum
1186 5159 1304 5216 quae
1326 5143 1394 5198 de
1419 5142 1707 5198 Marcellini
1730 5141 1954 5197 Comitis
1985 5153 2035 5213 υ
2059 5143 2179 5198 culo
2209 5160 2258 5196 vt
2289 5144 2506 5200 ineunte
2541 5144 2701 5200 variis
2747 5145 3042 5199 litterarum
3088 5139 3430 5197 monimentis
3479 5141 3644 5197 incla-

378 5260 431 5302 ν.
460 5261 511 5301 c.
542 5247 707 5314 gestis
732 5244 784 5298 in
826 5250 1073 5312 promptu
1107 5246 1338 5294 exstant.
1385 5236 1518 5290 Eum
1551 5237 1712 5291 fuisse
1756 5237 1960 5289 natione
2063 5238 2190 5301 ruit,
2222 5252 2447 5305 quorum
2474 5253 2613 5294 unus
2641 5239 2779 5292 inter
2807 5248 3020 5291 veteres
3049 5236 3296 5291 meminit
3337 5235 3478 5290 idem
3521 5237 3644 5290 Cas-

376 5339 670 5396 Bomammt
699 5335 855 5390 tradit
882 5335 1192 5403 Anonymns
1220 5328 1539 5384 Mellicensis
1564 5327 1664 5398 (α).
1697 5327 1958 5381 Comitem
2063 5328 2328 5383 siodorius
2359 5328 2441 5382 bis
2470 5329 2648 5383 verbis
2677 5327 2746 5397 (c)
2772 5343 2785 5380 :
2819 5325 3174 5387 Marcellinus,
3209 5325 3403 5394 inquit,
3427 5336 3651 5394 quatuor

375 5439 558 5484 autem
587 5428 945 5496 lllyricianum
976 5425 1171 5493 egisse,
1197 5437 1258 5476 ac
1283 5420 1568 5476 Justiniani
1592 5418 1768 5472 adhuc
1795 5418 1962 5486 patri-
2063 5420 2218 5472 libros
2250 5421 2312 5473 de
2337 5430 2616 5490 temporum
2641 5417 2972 5488 qualitatibus
2997 5426 3042 5470 et
3062 5418 3399 5487 positionibus
3421 5417 3645 5471 locorum

375 5519 454 5578 cii
477 5520 876 5586 cancellarium,
907 5533 974 5573 ex
1012 5514 1350 5570 Cassiodorio
1387 5510 1660 5567 erudimur
1709 5508 1804 5580 (ι).
1845 5511 1958 5566 Ξω·
2063 5512 2404 5580 pulcherrima
2431 5511 2734 5580 proprietate
2760 5507 3050 5576 conﬁciens,
3075 5509 3270 5564 itineris
3294 5509 3374 5564 sui
3397 5509 3644 5563 tramitem

477 5659 531 5730 a)
559 5660 824 5732 Anonym.
852 5659 1045 5715 Mellic.
1077 5657 1144 5712 de
1169 5657 1364 5724 Script.
1392 5656 1540 5711 Eccl.
1572 5669 1689 5723 cap.
1725 5652 1814 5705 56.
2141 5651 2210 5721 (c)
2239 5649 2316 5708 ld.
2351 5649 2475 5704 ibid.

450 5660 534 5800 Eb)
568 5731 798 5787 Cassiod.
830 5731 894 5786 de
923 5730 1090 5786 lnstit.
1129 5728 1299 5784 Divin.
1332 5727 1520 5783 Litter.
1557 5741 1672 5797 cap.
1707 5725 1791 5779 17.

479 5725 534 5802 ῤ)
568 5725 798 5787 Cassiod.
830 5731 894 5786 de
923 5730 1090 5786 lnstit.
1129 5728 1299 5784 Divin.
1332 5727 1520 5783 Litter.
1557 5741 1672 5797 cap.
1707 5725 1791 5779 17.
