4064 6190
437 334 548 390 9Ξ5

1707 319 2120 378 MARCELLINI
2158 317 2428 374 COMITlS

3617 311 3724 372 916

441 444 767 500 laudabiliter
791 441 1058 514 percurrit.
1087 438 1153 493 Et
1178 437 1302 492 alibi
1317 435 1392 506 (a)
1411 455 1422 487 :
1440 433 1901 499 Marcellinus,ait,
1926 433 2037 500 pari
2065 432 2119 494 Α
2142 431 2342 501 aliquot
2381 430 2652 485 variantes
2677 427 3073 493 annotavimus,
3101 441 3162 482 ac
3192 426 3476 482 nonnullas
3503 427 3631 483 item
3656 440 3734 484 ex

442 555 568 592 cura
596 535 868 606 legendum
893 542 986 599 est,
1018 533 1104 602 qui
1130 529 1751 596 Constantinopolitanam
1776 527 2030 580 civitatem

443 640 488 684 et
516 629 688 682 urbem
719 624 1198 694 Hierosolymorum
1226 622 1566 675 minutissima
1603 619 1895 672 narratione
1939 617 2031 670 de-

443 721 664 790 scripsit.
695 719 886 772 Verum
911 727 1193 784 utrumque
1224 714 1447 768 Comitis
1477 713 1647 767 nostri
1679 719 2033 765 memoratum

445 825 582 878 opus
625 808 710 862 vel
752 822 975 874 prorsus
1026 803 1329 865 intercidit,
1378 803 1462 856 vel
1504 802 1796 856 etiamnum
1841 799 2036 853 alicubi

447 901 734 954 delitescit.
762 898 938 966 Pergit
957 911 1117 964 porro
1133 896 1361 949 Senator
1382 893 1481 961 (b):
1508 892 1761 946 Chronica
1788 906 1901 959 qua
1916 897 2038 942 sunt

448 993 696 1064 imagines
719 990 1048 1043 historiarum
1087 987 1484 1053 brevissimazque
1515 982 2037 1045 commemorationes,

447 1083 649 1148 scripsit
670 1078 846 1135 Gratce
871 1079 1140 1142 Eusebius,
1165 1092 1310 1146 quem
1333 1073 1591 1128 transtulit
1621 1072 1966 1140 Hieronymus
1988 1070 2042 1122 in

448 1174 711 1232 Latinum,
735 1183 779 1224 et
801 1187 956 1238 usque
976 1170 1042 1221 ad
1066 1179 1292 1237 tempora
1313 1182 1406 1218 sua
1427 1164 1638 1218 deduxit
1660 1163 1861 1215 eximie.
1887 1159 2042 1212 Hunc

456 1265 753 1318 subsecutus
778 1275 849 1316 est
875 1279 1029 1332 supra
1067 1263 1282 1330 scriptus
1317 1257 1652 1312 Marcellinus
1683 1255 2042 1325 Illyricianus,

453 1358 538 1425 qui
567 1356 734 1408 adhuc
753 1355 953 1423 patricii
974 1351 1257 1405 Iustiniani
1288 1353 1448 1420 fertur
1476 1349 1634 1418 egisse
1657 1344 1934 1405 cancellos;
1957 1348 2045 1397 sed

457 1448 671 1500 meliore
700 1445 990 1498 conditione
1020 1444 1246 1505 devotus,
1278 1458 1310 1492 a
1342 1451 1563 1506 tempore
1593 1436 1865 1490 Theodosii
1901 1435 2045 1502 prin-

457 1539 584 1603 cipis
614 1553 769 1604 usque
797 1536 861 1589 ad
893 1538 1024 1603 fores
1054 1534 1250 1600 imperii
1282 1530 1601 1598 triumphalis
1631 1527 1837 1599 augusti
1878 1525 2047 1578 Justi-

456 1629 598 1681 niani
621 1644 746 1696 opus
775 1642 921 1679 suum
951 1624 1166 1677 Domino
1185 1627 1396 1694 juvante
1422 1619 1692 1686 perduxit:
1723 1617 1776 1670 id
1823 1625 1906 1670 est
1927 1656 1942 1680 ,
1982 1616 2050 1668 ab

459 1734 602 1774 anno
618 1719 901 1773 Theodosii
921 1716 1148 1772 senioris
1169 1717 1338 1784 primo
1354 1729 1521 1781 usque
1537 1712 1601 1765 ad
1626 1720 1873 1780 quartum
1897 1709 2051 1762 Justi-

2134 524 2346 578 schedis
2375 522 2476 577 viri
2501 523 2647 577 docti
2678 530 2836 592 atque
2866 522 2918 576 in
2949 521 3294 576 recensendis
3321 529 3562 575 veterum
3585 520 3729 576 seri-

2135 616 2242 684 ptis
2263 613 2721 678 exercitatissimi,
2773 613 2918 668 Petri
2969 611 3243 666 Francisci
3289 611 3587 678 Chilﬂetii,
3635 619 3731 681 qui

2137 706 2568 762 Sirmondianam
2614 705 2871 760 Chronici
2920 705 3212 760 Marcellini
3260 704 3553 759 editionem
3605 719 3731 760 cum

2137 803 2305 853 veteri
2344 799 2531 854 codice
2573 799 2830 867 Brugensi
2871 806 3300 866 comparaverat.
3350 796 3555 850 Praeter
3595 796 3731 851 istas

2141 907 2305 961 porro
2328 894 2567 962 aliasque
2588 907 2720 956 quas
2765 891 2874 946 suis
2900 890 3033 944 locis
3061 890 3437 955 indicavimus,
3467 889 3729 943 lectiones

2143 997 2330 1046 novas,
2364 985 2701 1051 postmodum
2739 990 2792 1036 et
2828 981 2948 1034 alim
2987 979 3141 1034 nobis
3186 978 3440 1032 Chronici
3490 978 3731 1047 ejusdem

2144 1075 2196 1127 in
2227 1073 2477 1128 Chilﬂetii
2506 1073 2721 1128 schedis
2749 1079 3132 1136 occurrerunt,
3161 1083 3385 1138 quarum
3433 1068 3732 1123 indiculum

2145 1166 2320 1220 statim
2363 1165 2632 1219 dabimus.
2663 1181 2682 1214 s
2729 1162 2835 1216 Has
2877 1176 3008 1215 vero
3062 1159 3387 1228 posteriores
3431 1159 3734 1222 lectiones,

2143 1271 2276 1327 quas
2305 1271 2427 1310 sero
2455 1255 2694 1310 detectas
2733 1253 2954 1308 editioni
2991 1267 3103 1305 sua:
3148 1249 3542 1305 Sirmondianae
3589 1249 3735 1303 Bau-

2148 1353 2266 1405 nius
2309 1350 2574 1418 subjicere
2625 1345 2767 1400 haud
2809 1345 3014 1405 valuit,
3063 1358 3161 1397 nos
3199 1343 3306 1395 suis
3336 1357 3578 1412 quasque
3609 1342 3742 1396 locis

2147 1443 2515 1511 apposuimus.
2548 1438 2748 1493 Verum
2784 1451 2905 1490 cum
2957 1435 3088 1487 alias
3138 1434 3190 1486 in
3236 1431 3381 1485 idem
3428 1431 3740 1485 Chronicon

2150 1531 2549 1589 observationes
2600 1529 2868 1598 longiores
2913 1524 3144 1579 ediderit
3188 1525 3239 1576 in
3289 1536 3383 1575 sua
3429 1520 3747 1590 praefatione

2149 1624 2396 1680 laudatus
2446 1622 2699 1688 Baunius,
2745 1633 2838 1672 eas
2886 1616 2972 1669 hic
3019 1612 3396 1682 opportunius,
3444 1620 3502 1664 et
3545 1611 3749 1680 aptiori

2151 1716 2367 1785 quidem
2399 1713 2586 1769 ordine
2615 1712 2881 1779 digestas,
2925 1703 3277 1777 prolerendas
3327 1701 3600 1756 duximus.
3659 1701 3750 1758 Sic

461 1814 606 1867 niani
636 1812 992 1874 constilatum,
1020 1811 1108 1879 qui
1138 1819 1220 1862 est
1247 1808 1451 1877 imperii
1479 1805 1596 1874 ejus
1615 1818 1788 1858 anuus
1809 1811 2048 1866 octavus,
2082 1794 2128 1852 B
2156 1817 2334 1862 autem
2363 1820 2420 1860 se
2451 1805 2648 1860 habent
2672 1820 2684 1854 ε

461 1905 663 1958 Christi
693 1903 816 1964 454.
848 1918 1108 1956 annorum
1135 1900 1386 1954 nimirum
1432 1898 1534 1953 156
1572 1895 1855 1967 periodum
1896 1895 2054 1965 perli-

467 1998 638 2061 ciens,
660 2006 715 2049 ut
743 1997 965 2063 ipsemet
981 2004 1169 2047 auctor
1192 1995 1241 2045 in
1263 2007 1356 2046 sua
1374 1992 1688 2061 praefatione
1711 1997 1938 2044 testatur
1960 1989 2053 2059 (c).

438 2130 443 2140 .
537 2085 602 2140 ll.
631 2087 801 2141 Porro
831 2085 1123 2139 Marcellini
1154 2083 1453 2139 Chronicon
1485 2081 1625 2148 quod
1668 2089 1788 2149 post
1827 2079 2052 2148 primam

469 2178 688 2233 Antonii
745 2176 1071 2232 Schonhovii
1124 2175 1366 2229 canonici
1418 2173 1706 2243 Brugensis
1761 2171 2053 2226 editionem

472 2270 675 2338 pluries
692 2268 905 2337 prodiit,
925 2267 1140 2333 casti-gat
1152 2266 1334 2319 issime
1347 2266 1581 2319 omnium
1603 2263 1827 2318 Parisiis
1842 2263 2058 2329 evulga-

472 2365 553 2416 vit
589 2360 908 2417 Sirmondus
940 2374 1082 2412 anno
1113 2358 1270 2420 16l9,
1293 2358 1379 2427 qui
1426 2356 1494 2410 de
1520 2371 1585 2409 eo
1613 2355 1726 2409 [NEC
1754 2354 1913 2407 habet
1940 2352 2014 2425 (ά)
2042 2370 2054 2405 :

480 2471 499 2503 ι
532 2453 608 2506 De
652 2450 901 2507 Chronici
946 2449 1101 2518 hujus
1144 2461 1364 2501 auctore
1411 2445 1720 2500 necessario
1760 2445 2059 2498 monendus

475 2559 577 2608 es,
626 2543 825 2606 lector,
880 2555 984 2595 nou
1039 2541 1256 2593 omnino
1307 2537 1598 2592 Marcellini
1655 2549 1950 2604 esse,qu:e
2005 2535 2060 2587 in

473 2635 568 2690 illo
591 2637 950 2689 continentur.
985 2632 1232 2686 Tesmtur
1263 2633 1404 2684 enim
1438 2629 1750 2699 praefatione
1789 2642 1883 2681 sua
1922 2627 2060 2681 Mar-

474 2726 700 2782 cellinus
729 2741 788 2781 se
815 2741 952 2795 opus
980 2741 1136 2781 sumn
1175 2724 1242 2778 ab
1284 2723 1435 2777 initio
1475 2723 1731 2791 principis
1771 2719 2059 2774 Theodosii

475 2821 542 2874 ad
565 2821 733 2889 Magni
752 2834 920 2889 usque
940 2818 1271 2872 consulatum
1297 2832 1391 2884 per
1407 2831 1575 2870 annos
1596 2816 1698 2870 NO
1722 2813 2057 2882 perduxisse;

476 2921 589 2963 tum
613 2910 805 2965 deinde
828 2909 960 2963 alios
987 2918 1189 2962 tantum
1225 2909 1288 2962 lli
1315 2921 1482 2960 annos
1505 2906 1766 2972 adiecisse
1787 2949 1800 2969 ,
1830 2920 1858 2956 a
1889 2903 2060 2969 primo

477 3003 675 3057 Justini
706 3002 770 3054 ad
802 3012 1048 3070 quartum
1079 3014 1248 3068 usque
1273 2998 1554 3052 .lustiniaui
1600 2996 1822 3064 Augusti
1863 3009 2060 3049 consu-

482 3095 675 3156 latum,
712 3093 813 3146 hoc
842 3101 944 3157 est,
983 3091 1049 3145 ad
1102 3106 1299 3144 annum
1333 3090 1526 3144 Christi
1563 3089 1680 3144 554.
1727 3088 1874 3143 Ultra
1920 3086 2062 3140 hunc

2229 1897 2315 1952 ιν.
2353 1915 2371 1948 ι
2400 1895 2550 1961 Quod
2592 1909 2763 1947 annus
2802 1891 2899 1947 581
2953 1889 3259 1944 inscribitur
3299 1885 3554 1941 Eucherio
3594 1884 3744 1956 (sive

2161 1988 2446 2058 Euchario)
2479 1997 2524 2041 et
2543 1985 2766 2054 Evagrio
2795 1999 2950 2046 coss.,
2970 1980 3286 2035 mendosum
3314 1979 3365 2032 id
3396 1992 3540 2041 esse,
3563 1991 3628 2031 ac
3652 1989 3749 2046 pro

2159 2082 2382 2152 Evagrio
2432 2079 2774 2134 scribendum
2803 2091 2924 2132 esse
2953 2074 3176 2145 Syagrio
3207 2074 3337 2127 satis
3381 2079 3591 2125 constat
3638 2081 3748 2124 tum

2158 2190 2223 2229 ex
2251 2172 2402 2228 ldatii
2435 2171 2628 2237 Fastis,
2659 2180 2768 2224 tum
2809 2184 2876 2222 ex
2923 2168 3044 2221 aliis
3087 2165 3317 2232 antiquis
3366 2162 3742 2230 scriptoribus.

2158 2264 2264 2320 Sed
2294 2262 2543 2317 nimirum
2574 2259 2919 2315 similitudine
2963 2257 3241 2322 scripturae
3284 2253 3480 2306 factum
3525 2260 3647 2318 est,
3694 2261 3750 2304 ut

2161 2360 2335 2429 primo
2380 2357 2519 2427 apud
2564 2357 2838 2412 Socratem
2892 2352 2967 2422 (fl
3005 2352 3244 2424 Εὐάγριος
3271 2361 3368 2415 pro
3397 2346 3664 2419 Συάγριος.
3688 2359 3750 2398 ac

2160 2450 2352 2506 deinde
2378 2448 2514 2518 apud
2551 2445 2914 2501 Marcellinum
2951 2441 3168 2509 Evagrio
3207 2452 3304 2507 pro
3341 2435 3569 2506 Syagrio
3616 2435 3748 2490 scri-

2162 2547 2396 2607 beretur,
2431 2544 2568 2597 sicut
2597 2539 2801 2595 notavit
2832 2537 2910 2592 vir
2937 2535 3325 2591 eruditissimus
3348 2532 3586 2588 Joannes
3621 2528 3751 2582 Har-

2161 2638 2358 2692 duinus
2390 2636 2492 2708 (g).

2241 2746 2258 2778 ε
2289 2727 2444 2782 Anno
2474 2726 2598 2790 597,
2631 2722 2854 2778 Cwsario
2881 2729 2927 2774 et
2961 2720 3125 2773 Attico
3164 2733 3296 2772 coss.
3318 2759 3333 2782 ,
3372 2714 3462 2768 ubi
3499 2710 3754 2766 Flaccilla

2163 2819 2422 2872 Arcliadio
2463 2825 2582 2869 nata
2632 2816 2859 2884 legitur;
2900 2811 3134 2878 itemque
3169 2823 3312 2862 anno
3343 2806 3472 2868 451,
3501 2800 3752 2856 Antiocho

2162 2920 2210 2964 et
2238 2908 2397 2962 Basso
2427 2923 2581 2970 coss.,
2622 2904 2712 2959 ubi
2754 2902 3005 2956 Flaccilla
3045 2899 3334 2955 Theodosii
3378 2895 3598 2964 Augusti
3646 2893 3757 2946 tilia

2164 3010 2418 3064 vocatur;
2454 2998 2727 3054 Placillam
2757 3008 2985 3066 utroque
3008 2996 3060 3048 in
3086 2993 3204 3047 loco
3225 2990 3382 3045 scribi
3408 2987 3607 3042 debere
3629 3001 3760 3039 con-

2166 3095 2337 3147 tendit
2366 3091 2556 3144 Petrus
2586 3088 2905 3143 Lambecius
2950 3085 3032 3156 (h)
3062 3101 3075 3138 :
3128 3083 3436 3152 pariterque
3483 3075 3759 3130 emendari

478 3203 678 3242 annum
711 3187 869 3254 igitur
893 3200 996 3239 non
1027 3193 1366 3254 processerat
1392 3182 1752 3245 Mareellinus,
1784 3195 1882 3235 nec
1913 3180 2062 3247 plura
2089 3152 2136 3214 θ
2171 3187 2358 3242 mus,
2387 3183 2678 3249 Ambrosii,
2698 3152 3170 3247 Claudianijpauli
3195 3173 3410 3229 Diaconi
3433 3179 3489 3225 et
3510 3168 3758 3237 Prosperi

483 3295 616 3333 sane
650 3279 729 3330 his
759 3277 964 3331 fuerant
997 3278 1048 3330 in
1080 3277 1316 3330 editione
1345 3274 1560 3328 Antonii
1589 3271 1936 3335 Schonhovii,
1977 3271 2066 3339 qui

482 3368 789 3424 Chronicon
816 3369 917 3421 hoc
943 3370 992 3420 in
1023 3367 1194 3421 lucem
1225 3366 1427 3435 primus
1453 3364 1618 3418 dedit.
1653 3363 1781 3429 Quae
1815 3362 2070 3429 deinceps

483 3467 780 3529 sequuntur
827 3457 892 3510 ad
943 3458 1099 3510 linem
1148 3471 1315 3522 usque
1361 3453 1620 3524 principis
1657 3452 1973 3516 Justiniani,
2002 3453 2070 3505 ab

487 3553 595 3606 alio
623 3565 804 3616 posuea
835 3548 1086 3618 quopiam
1114 3548 1318 3615 adjecta
1365 3554 1508 3610 sunt,
1536 3556 1589 3598 et
1618 3561 1644 3596 a
1676 3544 1933 3599 Panvinio
1961 3545 2072 3611 pri-

487 3659 656 3706 mum,
690 3640 883 3694 deinde
912 3640 978 3694 ab
1008 3639 1123 3692 aliis
1154 3638 1302 3692 nullo
1327 3637 1640 3691 discrimine
1678 3650 1772 3704 pro
1815 3633 2075 3688 Marcelli-

489 3735 668 3789 nianis
689 3732 852 3787 edita.
875 3732 980 3784 Nos
1003 3747 1067 3784 ex
1091 3728 1454 3784 vetustissimo
1486 3728 1706 3780 ’l‘ilianm
1737 3725 2074 3781 bibliothecae.

487 3826 694 3891 codice,
723 3833 833 3878 tum
864 3821 1149 3876 Marcellini
1181 3821 1360 3874 omnia
1408 3819 1574 3872 multo
1617 3832 1777 3887 quam
1821 3816 2077 3870 hactenus

493 3916 882 3976 emendatiora.
907 3924 1016 3968 tum
1045 3912 1393 3981 appendicem
1418 3926 1535 3978 qua:
1556 3920 1607 3963 et
1638 3911 1748 3977 ipsa
1777 3908 2075 3977 perantiqui

490 4007 772 4077 scriptoris
801 4016 904 4074 est,
936 4005 1123 4060 multis
1152 4004 1393 4073 partibus
1421 4005 1712 4056 auctiorem
1741 4001 1929 4056 damus
1955 4018 1966 4052 :
2000 4001 2083 4054 in-

495 4113 703 4172 tegram
733 4100 928 4165 daturi,
954 4098 1054 4152 nisi
1083 4111 1180 4151 nos
1210 4099 1441 4152 lacerum
1473 4094 1747 4161 exemplar
1775 4095 1826 4147 in
1855 4093 2083 4162 septimo

497 4202 620 4261 post
642 4191 825 4244 Basilii
856 4190 1194 4244 consulatum
1220 4203 1363 4243 anno
1397 4187 1749 4241 destituisset.
1788 4187 1905 4251 Quo
1943 4187 2084 4238 facto

497 4286 550 4338 in
581 4281 801 4351 reliquis
834 4280 901 4334 ad
951 4281 1110 4333 tinem
1156 4293 1322 4348 usque
1366 4279 1750 4332 Panviniaoam
1795 4276 2082 4331 editionem

497 4377 652 4447 sequi
677 4388 898 4431 necesse
929 4373 1109 4438 fuerit,
1141 4373 1372 4440 demptis
1400 4385 1660 4425 annorum
1690 4370 1757 4425 ad
1772 4370 2090 4438 calcemepi-

497 4468 768 4537 logismis;
802 4481 936 4536 quos
969 4465 1170 4520 idcirco
1221 4462 1705 4532 praetermittendos
1747 4461 2084 4525 censuimus,

500 4559 622 4629 quia
651 4558 782 4610 nihil
809 4558 928 4611 illos
956 4572 1124 4626 neque
1148 4556 1212 4609 ad
1237 4554 1529 4610 Marcellini
1557 4553 1889 4618 Chronicon,
1913 4569 2088 4622 neque

501 4648 568 4702 ad
604 4648 722 4715 ejus
743 4646 1106 4715 Appendicem
1147 4648 1412 4715 pertinere
1440 4645 1775 4700 constabat.»
1809 4644 2092 4714 Hucusque

503 4738 841 4795 Sirmondus.

576 4827 662 4882 lll.
693 4826 958 4882 Interesse
985 4837 1160 4880 autem
1196 4835 1440 4896 putamus
1479 4826 1562 4881 his
1602 4827 1760 4880 modo
1804 4827 1987 4881 relatis
2028 4842 2090 4881 ea

505 4919 737 4974 subdere
793 4934 911 4989 quae
972 4920 1040 4974 de
1093 4920 1283 4973 eodem
1341 4934 1506 4988 opere
1555 4920 1606 4972 in
1657 4919 1865 4973 litteras
1913 4919 2094 4974 retulit

506 5011 1007 5066 Sirmondianorum
1052 5011 1224 5066 editor
1251 5011 1503 5065 Baunius.
1539 5013 1626 5065 Sic
1657 5012 1814 5080 igitur
1844 5012 1934 5067 ille
1956 5012 2027 5084 (e)
2053 5030 2067 5066 :

513 5120 533 5151 ι
570 5101 878 5157 Chronicon
908 5103 1204 5158 Marcellini
1252 5101 1475 5156 Comitis
1519 5119 1728 5157 rursum
1767 5105 2089 5158 contulimus

506 5209 630 5248 cum
676 5209 807 5249 mss.
837 5196 1081 5258 duobus,
1132 5210 1236 5249 uno
1285 5196 1492 5264 collegii
1543 5197 1716 5250 nostri
1750 5197 2089 5262 Parisiensis,

508 5286 680 5342 altero
707 5289 1044 5345 bibliotheca:
1067 5289 1388 5347 Victorius);
1429 5298 1587 5359 atque
1626 5305 1692 5345 ex
1731 5291 1796 5344 iis
1835 5291 2092 5346 lcetiones

583 5474 662 5542 (η)
693 5472 939 5526 Cassiod.
971 5473 1038 5527 de
1065 5472 1242 5527 lnstit.
1271 5474 1448 5529 Divin.
1484 5473 1611 5527 Litt.
1637 5486 1756 5541 cap.
1786 5471 1879 5527 25.

585 5546 666 5613 (b)
694 5543 770 5596 Id.
799 5544 930 5597 ibid.
961 5558 1079 5610 cap.
1116 5544 1199 5598 Π.

589 5611 662 5681 (ε)
694 5613 924 5683 Marcell.
959 5615 1162 5683 praefat.
1191 5614 1255 5666 ad
1283 5613 1485 5668 Chron.
1516 5611 1672 5666 infra.

588 5685 666 5752 (ά)
699 5681 974 5752 δίτηῖοηόζ
1007 5687 1211 5748 praefat.
1241 5684 1304 5736 ad
1335 5685 1532 5737 Chron.
1564 5681 1799 5736 Marcell.

589 5748 664 5823 (e)
695 5751 862 5806 Baun.
892 5752 1098 5822 praefat.
1143 5754 1210 5807 ad
1244 5762 1373 5810 tom.
1405 5754 1444 5808 ll
1480 5754 1616 5824 Opp.
1655 5750 1930 5808 Sirmond.
1973 5748 2003 5822 §
2039 5750 2094 5807 5.

2174 3280 2344 3340 locos,
2376 3278 2466 3332 ubi
2497 3276 2748 3330 videlicet
2779 3288 2875 3343 pro
2905 3270 3129 3325 Placilla
3160 3267 3418 3323 nominari
3450 3261 3761 3318 Flaccillarn

2174 3379 2359 3440 putat:
2393 3369 2588 3436 quippe
2619 3364 2906 3420 Theodosii
2945 3362 3156 3432 quidem
3203 3357 3363 3412 ﬁliam
3412 3354 3558 3411 haud
3600 3351 3765 3408 dubie

2174 3459 2454 3514 Placitlam
2497 3458 2694 3513 dictam
2744 3455 2907 3510 fuisse
2947 3455 3013 3508 de
3058 3451 3274 3506 nomine
3319 3445 3605 3509 Placidia),
3649 3445 3765 3498 sive

2179 3551 2416 3606 Placillte
2436 3593 2451 3615 ,
2492 3549 2709 3604 Antonii
2742 3547 2887 3613 ﬁli-.e,
2919 3547 3105 3615 prima:
3135 3542 3314 3596 uxoris
3343 3535 3672 3599 Theodosii;
3702 3549 3765 3588 ac

2177 3641 2372 3697 deinde
2397 3640 2462 3695 ad
2492 3640 2654 3695 ﬁliam
2684 3652 2896 3708 quoque
2922 3633 3158 3698 Arcadii,
3189 3628 3476 3687 Theodosii
3520 3635 3760 3694 neptem,

2178 3733 2310 3789 illud
2367 3747 2561 3787 nomen
2615 3730 2910 3786 transiisse.
2970 3727 3220 3784 Socrates
3272 3721 3484 3793 quidem
3535 3719 3765 3788 primam

2180 3825 2470 3882 Theodosii
2500 3838 2720 3879 uxorem
2762 3821 3004 3876 nominat
3047 3816 3323 3881 Πλακίδην,
3372 3813 3538 3868 tiliam
3585 3818 3766 3864 autem

2181 3917 2472 3974 Theodosii
2499 3925 2554 3970 et
2580 3914 2745 3970 Gallae
2770 3911 3035 3968 Πλακιδίαν
3064 3908 3160 3979 (ἱ);
3206 3922 3270 3961 ac
3323 3905 3555 3976 priorem
3601 3901 3768 3956 8οεο-

2183 4024 2373 4065 menus
2403 4007 2695 4063 Πλακίλλαν.
2727 4005 2796 4058 At
2831 4003 3092 4057 Henricus
3143 3998 3387 4054 Valesius
3430 4003 3580 4050 notat
3629 3993 3767 4048 hanc

2185 4101 2253 4157 ab
2285 4099 2589 4170 Epiphanio
2611 4096 2941 4153 Scholastico
2971 4093 3274 4148 Flaccillam
3304 4090 3431 4156 dici,
3465 4097 3519 4144 et
3546 4086 3764 4156 quidem

2185 4193 2423 4246 rectius:
2466 4189 2545 4249 sic
2589 4188 2731 4245 enim
2781 4188 2833 4242 in
2883 4185 3154 4241 veteribus
3201 4179 3432 4237 nummis
3480 4178 3768 4248 appellari.

2186 4286 2321 4342 Tum
2350 4283 2465 4339 haec
2493 4281 2674 4352 adjicit
2703 4281 2808 4353 (j):
2843 4279 2948 4336 Sed
2989 4279 3174 4332 mirum
3211 4285 3282 4329 est
3324 4273 3527 4328 (ἕπεσθε
3570 4272 3627 4323 in
3673 4269 3770 4322 hoc

2188 4377 2392 4430 nomine
2441 4377 2544 4444 fere
2600 4371 2911 4427 hallucinari
2933 4386 2952 4424 :
2997 4385 3157 4436 supra
3213 4367 3348 4420 enim
3405 4362 3771 4418 observavimus

2190 4469 2429 4524 Πλάκιτον
2456 4465 2557 4517 dici
2585 4480 2618 4516 a
2644 4463 2855 4518 Socrate
2882 4477 2973 4530 pro
3002 4457 3283 4521 Flaccilla,
3321 4456 3408 4525 qui
3447 4454 3543 4523 fuit
3586 4453 3772 4506 Antio-

2195 4558 2392 4612 chensis
2417 4558 2702 4627 episcopus.
2740 4554 2961 4608 Demum
3007 4551 3242 4606 Joannes
3287 4545 3592 4602 Harduinus
3639 4545 3776 4597 scite

2195 4649 2482 4704 admodum
2528 4655 2752 4712 monet,
2804 4656 3089 4712 utcumque
3127 4640 3301 4696 Graeci
3343 4635 3676 4705 scripserint,
3706 4635 3775 4689 de

2196 4740 2399 4796 Latinae
2421 4737 2620 4807 reginas
2643 4735 2856 4790 nomine
2887 4732 3047 4788 ﬁdem
3075 4730 3259 4785 haberi
3291 4727 3462 4796 potius
3490 4725 3777 4778 Ambrosio

2197 4831 2423 4897 aliisque
2448 4828 2652 4883 Latinis
2683 4825 2899 4889 debere,
2927 4823 3016 4894 qui
3043 4835 3262 4875 uxorem
3285 4815 3573 4874 Theodosii
3599 4816 3778 4871 senio-

2195 4923 2270 4977 ris
2302 4919 2610 4972 Flaccillam
2640 4926 2852 4972 vocant.

2274 5036 2293 5068 ι
2324 5015 2402 5069 Ad
2436 5027 2631 5067 annum
2664 5009 2789 5074 525,
2822 5007 3106 5062 Philoxeno
3131 5015 3174 5060 et
3204 5005 3374 5058 Probo
3401 5020 3560 5067 coss.,
3583 5001 3672 5056 ubi
3700 5001 3776 5053 sic

2195 5108 2390 5176 legitur
2415 5123 2427 5157 :
2461 5104 2687 5158 Joannes
2720 5100 2785 5153 Il.
2819 5097 2886 5152 E.
2915 5115 3050 5169 papa
3077 5113 3149 5161 LI,
3179 5113 3313 5151 anno
3339 5113 3370 5148 a
3397 5095 3619 5149 Petro...
3647 5091 3772 5160 475,

2194 5199 2496 5255 Chil‘lletius
2520 5195 2671 5265 ponit
2693 5193 2819 5258 485,
2849 5192 3086 5246 codicem
3118 5200 3297 5244 tamen
3345 5188 3549 5242 nullum
3583 5184 3775 5241 citans.

2198 5293 2275 5346 Ac
2308 5295 2492 5359 postea
2536 5283 2947 5342 Schelestratius
2989 5280 3043 5334 in
3089 5279 3544 5333 Dissertationibus
3582 5275 3777 5346 quibus

2275 5471 2343 5538 (Γ)
2375 5468 2581 5523 Socrat.
2616 5466 2751 5538 Hist.
2786 5465 2932 5538 Eccl.
2960 5464 3053 5538 lib.
3085 5478 3137 5527 v,
3167 5460 3373 5538 cap.__8.

2386 5537 2723 5611 “ardui'l',-i."
2754 5536 2893 5611 “Pus
2923 5535 2986 5611 ad
3013 5543 3150 5586 orat.
3181 5532 3241 5586 l6
3267 5526 3569 5611 Tlieumistii.

2277 5560 2353 5662 (Ζ)
2386 5560 2645 5618 "aruum.
2671 5560 2723 5590 Ill
2755 5560 2893 5589 noua
2923 5560 2986 5618 au
3013 5560 3150 5586 Ul'al.
3182 5560 3241 5586 ιυ
3278 5560 3413 5584 ...συ

2272 5614 2290 5680 (
2337 5616 2352 5678 )
2381 5610 2565 5664 Lamb.
2592 5607 2728 5680 Bibl.
2759 5607 2894 5662 C335.
2931 5607 3108 5680 lth._tl,
3137 5618 3256 5673 pag.
3290 5599 3416 5656 535.

2275 5676 2572 5747 (ilSocrat.
2601 5679 2692 5731 lib.
2726 5693 2798 5744 Iv,
2828 5690 2946 5743 cap.
2973 5676 3060 5731 51.

2272 5743 2345 5822 (λ’)
2379 5750 2552 5806 Vales.
2586 5743 2789 5805 Adnot.
2813 5747 2879 5804 ad
2908 5747 3118 5802 Socrat.
3146 5743 3238 5800 lib.
3270 5757 3342 5808 iv,
3373 5753 3491 5810 cap.
3517 5748 3618 5802 .51.
