4064 6190
341 363 374 419 9
387 366 401 419 Ι
415 365 447 419 7
1506 385 1513 395 ·
1754 361 2162 420 CHHONICON.
3525 362 3624 415 918

338 471 581 529 Ecclesia
606 473 958 541 antiquitatem
986 474 1297 540 illustravit,
1328 476 1406 531 sic
1437 475 1503 531 ad
1539 490 1737 532 annum
1774 478 1920 532 illum
1949 482 1998 540 Α
2028 477 2340 533 Ρνιεεεηεαιε
2369 480 2565 549 accepit
2595 478 2962 549 magisterium.
2996 477 3173 548 Atque
3202 476 3252 531 id
3281 474 3471 532 Petrus
3498 489 3631 545 quo-

335 564 588 634 scripsit:
623 563 808 620 Petrus
840 568 1196 637 pontiﬁcatum
1240 568 1530 623 Romanum
1577 571 1729 635 iniit,
1776 573 1923 639 iuxta
2026 585 2132 641 que
2151 570 2468 626 Lambecius
2492 580 2717 626 testatur
2740 570 2816 644 (a)
2848 571 2915 627 de
2944 571 3111 626 veteri
3136 571 3322 626 codice
3348 569 3620 635 Caesareo,

333 666 559 711 nostram
585 656 997 727 chronologiam,
1027 674 1161 712 anno
1185 668 1297 730 post
1330 670 1541 714 mortem
1568 658 1758 714 Christi
1797 663 1926 715 duo-
2026 662 2115 733 qui
2142 662 2268 716 olim
2294 662 2532 718 Matthiae
2557 663 2774 717 Corvini
2802 661 3086 731 Hungaria:
3114 662 3256 732 regis
3285 660 3415 726 fuit;
3445 661 3500 715 iu
3532 675 3629 715 eo-

332 744 527 797 decimo
549 760 568 799 :
597 762 629 799 a
664 762 763 814 quo
801 762 958 815 usque
990 748 1057 801 ad
1098 749 1403 817 prazdt'ctum
1440 750 1766 803 consulatum
1804 760 1925 804 sunt
2029 769 2133 824 que
2156 763 2277 825 post
2297 755 2460 811 verba
2484 755 2644 809 modo
2668 763 2982 817 memorata,
3008 754 3061 808 in
3089 769 3292 808 morem
3318 752 3625 821 inscriptio.

329 836 453 889 αηηὲ
476 834 606 903 485,
640 836 775 890 unde
797 838 969 891 dt’cem
998 840 1121 892 αηηί
1151 840 1509 893 άεεὶάεναηηιΐ
1536 842 1676 909 αρυά
1704 839 1925 895 Μανεει-
2029 820 2114 903 riis
2142 820 2349 918 subjici,
2401 847 2641 904 Collectio
2680 849 2906 902 omnium
2949 861 3239 912 annorum;
3279 854 3390 899 tum
3438 820 3571 899 inl'ra
3602 863 3615 899 :
3641 820 3661 911 ί

332 926 526 995 linum;
554 932 730 997 forran
756 929 1138 986 tabellariorum
1173 934 1395 1001 incuria,
1426 934 1515 1002 qui
1545 935 1648 989 475
1687 950 1779 1002 pro
1814 932 1922 990 485
2028 941 2187 993 Istius
2218 939 2484 995 Chronica:
2509 938 2822 1011 colliguntur
2850 954 3022 993 omnes
3050 939 3178 991 anni
3204 953 3363 1008 usque
3390 937 3458 989 ad
3496 953 3617 990 con-

329 1019 663 1088 “ripserunt.
2022 1030 2248 1082 sulatum
2272 1029 2501 1084 Valentis
2523 1041 2739 1094 sextum,
2761 1040 2865 1085 etc.
2899 1047 2920 1084 ι
2947 1027 3215 1083 Hactenus
3244 1028 3315 1082 cl.
3350 1027 3604 1091 Bauuius,

403 1127 425 1161 ι
452 1110 733 1165 Postremo
762 1111 828 1166 ad
856 1127 1055 1167 annum
1086 1113 1210 1179 547,
1240 1122 1349 1181 post
1380 1118 1706 1169 consulatum
1738 1113 1923 1168 Basilii
2022 1120 2175 1189 cujus
2202 1119 2629 1176 Sirmondianam
2657 1121 2946 1176 editionem
2976 1122 3299 1176 recensitam
3331 1119 3469 1191 typis
3514 1132 3611 1172 cx-

326 1215 410 1267 vr,
442 1210 626 1257 monet
660 1201 981 1273 Chilﬂetius,
1016 1206 1068 1259 in
1099 1204 1285 1261 codice
1315 1206 1465 1275 regio
1499 1206 1658 1272 1690,
1694 1207 1921 1260 Marcel-

331 1290 425 1345 lini
453 1292 754 1349 Chronicon
781 1294 854 1349 ibi
882 1294 1150 1361 desinere,
1195 1305 1316 1365 post
1348 1297 1437 1351 illa
1473 1296 1680 1351 scilicet
1723 1298 1881 1351 verba
1903 1337 1919 1362 ,

401 1424 479 1495 (a)
504 1425 689 1481 Lamb.
718 1427 858 1484 Bibl.
884 1428 1021 1483 Caes.
1056 1428 1148 1484 lib.
1177 1444 1237 1494 tt,
1268 1445 1388 1500 pug.
1420 1428 1547 1485 874.

1400 1612 2554 1825 nuncnum:

2024 1212 2335 1279 pressimus.
2374 1212 2439 1266 At
2467 1213 2533 1267 de
2565 1212 2645 1266 his
2676 1213 2825 1266 satis.

3250 1547 3387 1557 ..αα-’κ
3408 1544 3587 1561 .oM-

1751 1839 2004 1892 (‘OMITIS
2040 1840 2098 1890 V.
2134 1838 2183 1890 C.

1173 1924 2769 2206 CHRMON.

1720 2292 2213 2402 praelatio.

408 2466 541 2522 Post
561 2464 862 2520 mirandum
892 2478 1030 2535 opus
1083 2462 1227 2534 quod
1256 2461 1487 2517 amundi
1517 2460 1716 2517 fabrica
1752 2477 1921 2532 usque
1951 2467 1997 2526 B
2024 2470 2241 2519 secutus
2267 2462 2572 2531 imperium,
2604 2474 2702 2530 per
2738 2457 3059 2514 indictiones
3108 2470 3313 2528 perque
3356 2457 3607 2514 consules

334 2557 391 2614 in
432 2560 840 2615 Constantinum
883 2557 1181 2628 principem
1232 2556 1498 2612 Eusebius
1538 2556 1915 2621 Caesariensis,

336 2649 497 2720 hujus
516 2652 696 2706 saculi
720 2650 1004 2719 originem,
1033 2658 1295 2716 tempora,
1321 2662 1514 2712 annos,
1538 2662 1726 2716 regna,
1750 2648 1921 2701 virtu-

343 2751 535 2811 tesque
566 2744 898 2809 mortalium,
943 2751 999 2796 et
1040 2742 1313 2796 variarum
1352 2741 1549 2795 artium
1586 2750 1915 2807 repertores,

336 2833 692 2903 omniumque
718 2848 857 2902 pene
884 2832 1293 2902 provinciarum
1314 2839 1662 2886 monumenta
1687 2845 1920 2886 comme-

332 2938 569 2989 moratis,
624 2923 812 2980 Graeco
853 2924 1024 2979 edidit
1074 2924 1259 2991 stylo,
1314 2934 1506 3002 noster
1558 2922 1916 2994 Hieronymus

332 3024 523 3069 cuncta
549 3016 819 3069 transtulit
843 3016 894 3069 in
923 3015 1194 3081 Latinum,
1237 3022 1293 3070 et
1336 3028 1505 3083 usque
1538 3014 1593 3067 in
1632 3013 1913 3068 Valentem

332 3106 601 3161 Caesarem
622 3106 863 3161 Romano
876 3106 1312 3175 adjeciteloquio.
1331 3104 1497 3175 Igitur
1515 3112 1742 3174 uterque
1758 3104 1915 3173 hujus

334 3196 516 3264 operis
548 3206 734 3251 auctor
758 3213 951 3252 uuuuu
982 3205 1037 3251 et
1063 3212 1259 3251 nuxrx
1291 3210 1551 3251 annorum
1586 3196 1728 3250 hunc
1756 3211 1913 3249 mun-

332 3284 460 3340 dum
495 3295 621 3342 tunc
650 3286 766 3343 l‘ore
786 3288 921 3342 miro
945 3288 1272 3357 computavit
1318 3287 1550 3356 ingenio.
1596 3287 1708 3353 Ego
1754 3302 1916 3352 vero,

327 3376 567 3446 simplici
613 3378 888 3433 dumtaxat
930 3381 1329 3447 computatione
1374 3379 1647 3434 Orientale
1700 3388 1911 3435 tantum

2027 2556 2163 2610 infra
2192 2553 2444 2624 scriptos,
2472 2560 2688 2609 centum
2730 2561 2786 2607 et
2814 2567 2886 2606 ιι.
2909 2565 3102 2614 annos,
3136 2566 3163 2602 a
3198 2550 3423 2617 septima
3452 2550 3610 2605 vide-

2026 2646 2152 2702 licet
2184 2646 2478 2700 indictione
2525 2653 2581 2700 et
2620 2659 2649 2697 a
2706 2643 2987 2699 consulatu
3034 2641 3258 2695 Ausonii
3306 2649 3361 2696 et
3405 2641 3608 2711 Olybrii

2026 2738 2244 2809 (quibus
2268 2740 2429 2794 etiam
2452 2736 2763 2792 consulibus
2785 2735 3123 2791 Theodosius
3152 2735 3377 2805 Magnus
3396 2746 3608 2793 creatus

2025 2827 2447 2899 estimperator)
2484 2841 2827 2891 enumerans,
2873 2838 2929 2882 et
2964 2841 3134 2895 usque
3176 2826 3229 2880 in
3271 2828 3606 2884 consulatum

2029 2919 2201 2989 Magni
2253 2918 2559 2975 indictionis
2616 2917 2913 2973 undecima:
2965 2916 3245 2987 colligens,
3292 2918 3605 2974 eorumdem

2027 3021 2305 3067 auctorum
2337 3014 2486 3081 operi
2516 3009 2832 3081 subrogavi:
2861 3010 3098 3079 itemque
3127 3010 3261 3064 alios
3288 3023 3375 3063 xvr
3404 3025 3601 3077 annos,

2023 3118 2053 3156 a
2089 3103 2367 3160 consulatu
2395 3103 2587 3159 Justini
2636 3102 2863 3173 Augusti
2903 3102 3076 3172 primo
3105 3116 3272 3171 usque
3312 3101 3365 3156 in
3397 3116 3598 3156 consu-

2022 3195 2187 3249 latum
2227 3195 2513 3251 Justiuiani
2559 3194 2786 3266 Augusti
2828 3211 2879 3249 1v
2910 3193 3138 3249 suﬂ'eci:
3174 3194 3223 3247 id
3268 3203 3392 3248 sunt
3438 3194 3600 3249 simul

2022 3289 2147 3343 anni
2177 3303 2317 3352 CLVI,
2349 3298 2404 3343 et
2434 3303 2611 3344 meum
2648 3287 2910 3343 rusticum
2940 3300 3072 3356 cpus
3100 3286 3373 3355 supposui.

3157 3490 3592 3502 -——————.————-—a——-

1362 3588 1792 3672 INCIPIT
1866 3588 2592 3674 CHRONICON.

331 3724 425 3799 (Α.
447 3725 507 3783 C.
538 3722 689 3795 579.)
718 3722 1007 3778 Indictionc
1040 3738 1137 3791 vn,
1163 3721 1391 3778 Ausonio
1426 3733 1472 3776 et
1522 3722 1733 3794 Olybrio
1779 3739 1911 3778 coss.

402 3839 739 3893 Theodosius
770 3836 1035 3906 Hispanus
1066 3836 1257 3892 Italicae
1282 3837 1388 3891 divi
1412 3836 1632 3906 Trajani
1658 3836 1911 3905 civitatis,

328 3947 361 3985 a
392 3930 650 3987 Gratiano
675 3928 914 3999 Augusto
939 3929 1079 3997 apud
1112 3929 1366 3983 Sirmium
1398 3928 1620 3983 XXXIX
1650 3939 1771 3999 post
1802 3929 1912 3985 Va-

331 4022 492 4077 lentis
519 4021 793 4075 interitum
836 4020 1128 4088 imperator
1156 4028 1368 4076 creatus
1396 4029 1498 4089 est,
1524 4036 1611 4076 xtv
1650 4020 1909 4079 kalendas

2019 3724 2119 3779 sub
2140 3722 2356 3779 Arianis
2398 3723 2815 3792 imperatoribus
2856 3733 3159 3787 tenuerant,
3189 3724 3386 3778 nostris
3416 3726 3603 3779 catho-

2019 3815 2136 3870 licis
2165 3814 2497 3870 orthodoxus
2522 3814 2754 3870 restituit
2775 3814 3066 3884 imperator
3088 3830 3269 3869 mense
3291 3814 3484 3869 Decem
3496 3817 3599 3870 bri.

2019 3948 2109 4021 (A.
2140 3948 2203 4005 ϐ.
2243 3945 2400 4019 581.)
2445 3944 2571 4003 Ind.
2604 3963 2686 4021 rx,
2746 3947 2997 4021 Eucherio
3050 3957 3096 4003 et
3148 3946 3371 4019 Evagrio
3417 3948 3601 4021 [Forte

2606 4017 2851 4092 Syagrio]
2878 4035 3011 4075 coss.

328 4110 1011 4204 Februarias,0rientalern
1030 4112 1307 4204 dumtaxat
1327 4113 1709 4183 rempublicam
1734 4123 1911 4169 rectu-
1943 4129 1988 4191 ρ
2090 4133 2304 4190 Sanctis
2332 4149 2398 4192 σι
2424 4132 2672 4189 patribus
2701 4132 2835 4187 urbe
2862 4134 3096 4202 Ausus”
3127 4133 3468 4204 congregatis
3500 4132 3597 4187 ad.

329 4218 447 4267 rus,
473 4207 558 4257 vir
596 4202 881 4257 admodum
931 4203 1213 4273 religiosus
1254 4212 1309 4257 et
1344 4205 1627 4261 catholicae
1654 4205 1911 4261 Ecclesiae

331 4304 691 4363 propagator,
742 4293 1097 4362 omnibusque
1161 4293 1521 4351 Orientalibus
1584 4298 1911 4366 principibus

326 4385 750 4456 praeponendae,
789 4386 891 4440 nisi
915 4386 1055 4457 quod
1089 4386 1438 4453 Marcianum,
1474 4389 1687 4442 tertium
1714 4398 1832 4456 post
1853 4404 1912 4443 se

327 4479 649 4549 principem,
678 4479 998 4533 imitatorem
1030 4479 1295 4534 habuerit.
1322 4479 1544 4546 Alanos,
1577 4479 1780 4545 Hunos,
1804 4480 1911 4535 Go-

325 4568 471 4638 thos,
495 4579 680 4639 gentes
706 4568 984 4640 Scythicas
1007 4570 1214 4640 magnis
1235 4571 1526 4639 multisque
1547 4569 1745 4638 praeliis
1757 4570 1905 4625 vicit.

321 4698 416 4773 (A.
446 4700 507 4756 C.
534 4700 687 4774 580.)
717 4699 840 4758 Ind.
874 4718 1001 4825 vni;1
1007 4702 1269 4844 grai???
1307 4705 1442 4775 Aug.
1476 4720 1510 4759 v
1545 4714 1591 4759 et
1619 4704 1909 4761 Theodosio

391 4863 685 4935 Gregorius
725 4865 1095 4921 Nazianzenus
1138 4867 1549 4922 facundissimus
1579 4869 1781 4924 Christi
1818 4885 1906 4924 sa.

310 4954 551 5021 cerdos,
612 4966 665 5010 et
716 4956 1026 5028 Hieronymi
1084 4960 1250 5012 nostri
1304 4968 1625 5027 praeceptor,
1676 4961 1904 5017 ecclesia

315 5054 501 5099 nostra
533 5046 673 5117 apud
700 5048 1013 5117 Byzantium
1046 5057 1199 5118 capta
1231 5049 1297 5103 ab
1322 5048 1554 5118 Ariauis,
1585 5051 1792 5120 plebem
1816 5068 1901 5107 ca-

320 5137 573 5192 tholicam
601 5140 653 5193 in
678 5140 848 5194 beatae
875 5142 1170 5196 Anastasius
1198 5145 1435 5198 oratorio
1472 5145 1739 5199 Catholica
1768 5162 1900 5215 quo-

285 5226 291 5302 ρ
317 5228 450 5284 tidie
479 5230 800 5287 allocutione
822 5234 1112 5289 continuit.
1144 5234 1303 5304 Stepe
1352 5252 1585 5306 namque
1614 5252 1901 5308 pravorum

286 5310 291 5313 ’
320 5323 578 5377 conviciis
609 5325 897 5380 insectatus
929 5337 1010 5381 est
1037 5344 1050 5380 :
1080 5327 1177 5383 sed
1204 5330 1371 5398 gratia
1394 5329 1593 5384 Christi
1622 5331 1900 5400 praeditus,

317 5425 489 5480 usque
512 5413 577 5468 ad
602 5414 653 5469 id
683 5424 893 5484 tempus
922 5433 1028 5488 quo
1052 5419 1241 5475 eadem
1264 5421 1486 5476 ecclesia
1514 5423 1595 5476 sui
1618 5425 1900 5493 praesentia

2019 4238 2203 4280 versus
2230 4224 2594 4280 Macedoniam
2621 4225 2675 4278 in
2714 4222 2972 4294 Spiritum
3003 4210 3246 4279 'sanctum
3276 4224 3595 4294 naufragan-

2018 4324 2146 4382 tem,
2178 4314 2245 4369 ab
2274 4314 2465 4370 iisdem
2496 4313 2765 4384 episcopis
2791 4322 2978 4368 sancta
3009 4313 3246 4385 synodus
3276 4314 3591 4368 conﬁrmata

2015 4415 2140 4459 est:
2189 4404 2416 4459 Damaso
2467 4405 2718 4460 videlicet
2762 4404 2945 4459 sedem
2988 4404 3129 4459 beati
3166 4403 3312 4457 Petri
3353 4411 3592 4466 tenente,

2014 4498 2473 4566 Constantinopoli
2507 4512 2634 4552 vero
2664 4512 2756 4564 per
2775 4495 3111 4550 Timotheum
3141 4493 3590 4559 Alexandrinum,

2015 4604 2215 4658 perque
2245 4588 2513 4644 Meletium
2540 4589 2933 4644 Antiochenam
2967 4596 3020 4641 et
3042 4586 3306 4658 Cyrillum
3337 4586 3591 4642 Hieroso-

2015 4680 2326 4752 lymitanum
2367 4680 2670 4751 episcopos,
2718 4677 2969 4733 Nectario
3014 4694 3079 4734 ex
3113 4694 3319 4748 pagano
3348 4680 3593 4749 protinus

2014 4773 2306 4842 baptizata,
2339 4782 2394 4827 et
2434 4774 2486 4826 in
2528 4773 2749 4841 prmlata
2790 4771 2998 4842 synodo
3040 4771 3291 4841 pontiﬁce
3320 4772 3591 4827 ordinato.

2011 4862 2364 4918 Athanaricus
2422 4878 2514 4918 rex
2561 4862 2859 4918 Gothorum
2911 4879 3032 4917 cum
3091 4879 3199 4933 quo
3259 4863 3595 4918 Theodosius

2010 4955 2141 5025 imp.
2177 4954 2351 5010 lmdus
2394 4955 2690 5024 pepigerat,
2726 4953 3251 5024 Constantinopolim
3285 4969 3473 5009 mense
3502 4953 3594 5009 ,ιδ’

2004 5047 2198 5101 *nuario
2226 5046 2389 5112 venit,
2425 5045 2722 5117 eodemque
2753 5062 2942 5103 mense
2972 5047 3167 5102 morbo
3191 5045 3369 5115 periit.

2131 5206 2221 5275 (A.
2252 5202 2311 5261 C.
2336 5203 2486 5273 582.)
2515 5203 2635 5259 Ind.
2670 5220 2725 5271 x,
2751 5205 2970 5258 Antonio
3001 5212 3045 5257 et
3075 5200 3301 5272 Syagrio
3322 5216 3458 5254 coss.

2077 5335 2200 5391 Divi
2254 5336 2611 5391 Valentiniani
2654 5337 2829 5405 magni
2866 5334 3100 5389 cadaver
3136 5332 3246 5404 [ΑΙ.
3304 5328 3591 5401 cadavere]

2006 5428 2345 5485 Theodosius
2376 5431 2621 5499 princeps
2643 5430 2709 5483 ab
2733 5429 2877 5482 italia
2905 5436 3236 5497 reportatum
3262 5425 3372 5499 [ΑΙ.
3396 5439 3589 5492 repor-

322 5504 521 5558 nostris
543 5515 626 5561 est
654 5508 880 5573 reddita,
910 5511 1128 5579 perﬁdis
1152 5512 1359 5568 obstitit
1384 5514 1620 5570 Arianis.
1653 5515 1785 5571 Nam
1818 5516 1901 5573 his
1932 5508 1982 5567 D
2010 5519 2161 5591 tato],
2185 5520 2327 5590 apud
2356 5521 2679 5576 Comitatum
2702 5521 2853 5589 regio
2884 5519 2936 5573 in
2980 5519 3230 5588 sepulcro
3265 5515 3587 5572 recondidit.

316 5606 462 5648 coss.
490 5594 827 5654 Theodosius
843 5601 1067 5673 Magnus
1090 5615 1371 5673 postquam
1389 5607 1458 5662 de
1483 5607 1750 5677 Scythicis
1769 5625 1900 5679 gen-

322 5688 462 5741 tihus
487 5689 853 5761 triumphavit,
882 5696 1124 5763 expulsis
1163 5698 1416 5753 continuo
1453 5700 1523 5755 ab
1566 5701 1897 5757 orthodoxa-

317 5790 439 5834 rum
467 5781 696 5842 ecclesia
734 5783 975 5855 Arianis,
1006 5788 1096 5858 qui
1138 5804 1257 5846 eam
1298 5806 1395 5860 per
1428 5800 1496 5846 si.
1523 5792 1689 5849 ferme
1727 5809 1896 5852 annos

2011 5611 2212 5666 Eodem
2251 5628 2393 5667 anno
2430 5612 2681 5667 universa
2712 5627 2845 5680 gens
2889 5612 3210 5679 Gothorum,
3260 5608 3587 5665 Athanarico

2005 5718 2133 5773 rege
2153 5720 2251 5759 suo
2271 5705 2548 5769 defuncto,
2570 5703 2811 5758 Romano
2840 5719 2962 5760 sese
2983 5703 3206 5773 imperio
3223 5702 3371 5758 dedit
3396 5714 3587 5756 menso

2003 5795 2275 5852 Uctobrio.
2329 5795 2585 5852 Damasus
2617 5794 2871 5853 Romanae
2903 5795 3185 5863 Ecclesia,
3229 5793 3467 5866 exceptis
3499 5797 3584 5853 Li-
