4064 6190
444 363 546 420 029

1712 351 2128 412 MARCELLIN!
2166 349 2436 408 COMlTlS

3599 352 3712 410 920

445 483 596 536 herio
623 487 677 536 et
707 478 908 545 Felice,
941 477 1138 534 XXXV
1165 476 1470 547 episcopus,
1504 490 1645 530 anno
1677 476 2018 545 pontificatus
2047 473 2101 532 A
2197 470 2285 544 (Α.
2316 471 2378 528 C.
2411 470 2560 542 392.)
2594 469 2718 526 Ind.
2743 485 2796 538 v,
2820 469 3077 524 Archadto
3120 483 3158 522 ιι
3186 478 3232 522 et
3261 467 3455 538 Ruﬁno
3492 483 3628 522 coss.

444 574 527 630 sui
556 587 711 637 xvnt,
741 573 792 625 in
823 571 1046 625 Domino
1075 570 1360 640 requievit.

446 689 536 758 (Α.
567 683 628 740 C.
657 687 812 754 585.)
833 683 954 739 Ind.
985 699 1062 750 xt,
1109 682 1422 738 Merobaude
1447 697 1484 736 ιι
1505 691 1552 736 et
1580 681 1864 738 Saturnino
1885 698 2023 737 coss.

519 799 781 854 Romanze
812 796 1067 852 Ecclesiae
1095 795 1318 850 Siricius
1344 793 1805 849 XXXVlantistes
1835 795 2024 862 factus,

447 891 581 947 vixit
610 904 779 944 annos
800 905 890 943 xv.
922 888 1222 942 Archadius
1255 887 1392 956 patri
1421 902 1520 941 suo
1556 885 1860 940 Theodosio
1887 887 2022 955 Aug.

445 997 670 1036 consors
693 981 903 1049 imperii
933 979 1160 1048 septimo
1187 979 1253 1032 ab
1294 978 1441 1033 Urbe
1467 977 1712 1032 milliario
1743 990 2029 1031 coronatus

447 1085 550 1129 est.
574 1073 860 1130 Gratianus
887 1075 1015 1142 imp.
1044 1073 1254 1126 Maximi
1276 1072 1485 1143 tyranni
1510 1072 1634 1124 dolo
1656 1072 1794 1140 apud
1818 1070 2030 1140 Lugdu-

447 1183 576 1221 num
603 1168 812 1221 occisus
842 1174 925 1220 est
951 1181 1044 1218 Vlll
1068 1163 1174 1218 kal.
1207 1163 1564 1233 Septembris.

449 1278 801 1351 (Α.(3.584.)
854 1278 978 1332 Ind.
1035 1294 1125 1340 xtl,
1187 1276 1488 1330 Richomere
1531 1286 1581 1331 et
1608 1275 1850 1330 Clearcho
1895 1291 2026 1328 coss.

521 1389 703 1458 Legati
722 1389 1005 1442 Persarum
1029 1387 1545 1454 ConstantinOpolim
1569 1388 1921 1452 advenerunt,
1939 1401 2030 1455 pa-

450 1495 568 1535 cem
607 1496 636 1532 a
665 1479 971 1535 Theodosio
1003 1479 1238 1547 principe
1266 1478 1386 1551 [Αι.
1415 1478 1699 1532 Theodosii
1733 1476 2031 1549 principis]

451 1571 801 1640 postulantes.
832 1569 1033 1623 Eodem
1067 1579 1305 1638 tempore
1336 1571 1600 1624 Honorius
1630 1572 1765 1624 alter
1787 1570 2033 1625 Theodo-

451 1663 534 1717 sio
566 1675 720 1716 natus
750 1671 832 1716 est
863 1662 1005 1714 filius
1036 1676 1221 1715 mense
1245 1661 1570 1730 Septembri.

523 1776 612 1846 (Α.
640 1775 699 1829 C.
735 1773 886 1844 585.)
911 1773 1033 1828 Ind.
1066 1790 1182 1839 xm,
1215 1773 1476 1827 Archadio
1493 1784 1540 1828 et
1564 1773 1800 1827 Bautone
1829 1789 1959 1827 coss.

525 1885 860 1940 Theodosius
899 1886 1027 1954 imp.
1077 1885 1375 1953 aliquantas
1407 1886 1545 1940 ans
1576 1884 1682 1956 [ΑΙ.
1711 1883 1902 1953 saevas]
1933 1899 2029 1938 na-

452 1978 630 2034 tiones
659 1994 755 2046 per
801 1979 1003 2046 legatos
1035 1992 1159 2030 suos
1188 1992 1284 2029 suo
1316 1985 1498 2045 utp0te
1529 1977 1754 2045 imperio
1774 1975 2032 2030 subdidit.

453 2070 545 2143 (A.
571 2071 633 2125 C.
668 2069 819 2140 586.)
846 2068 968 2122 Ind.
994 2083 1104 2134 xiv,
1130 2067 1364 2120 Honorio
1395 2066 1594 2122 Ctesare
1621 2077 1668 2120 et
1691 2067 1888 2120 Evodio
1902 2083 2030 2120 coss.

525 2161 768 2215 invasam
808 2159 1060 2229 princeps
1100 2157 1437 2212 Theodosius
1486 2158 1553 2211 ab
1598 2158 1842 2212 hostibus
1864 2158 2035 2212 Thra-

454 2254 592 2307 ciam
637 2252 946 2315 vindicavit,
989 2253 1268 2318 victorque
1298 2265 1418 2303 cum
1465 2250 1730 2304 Archadio
1780 2250 1889 2304 filio
1937 2264 2035 2304 suo

452 2343 658 2400 Urbem
706 2345 980 2413 ingressus
1026 2352 1129 2397 est.
1165 2341 1316 2395 Galla
1356 2342 1643 2396 Theodosui
1687 2343 1826 2412 regis
1866 2343 2034 2396 altera

454 2452 593 2492 uxor
619 2437 702 2492 his
731 2435 1040 2492 consulibus
1069 2434 1593 2503 Constantinopolim
1618 2437 1781 2488 venit.

455 2550 543 2620 (A.
573 2550 636 2604 C.
664 2548 815 2619 587.)
836 2547 957 2601 Ind.
986 2564 1075 2612 xv,
1103 2548 1466 2602 Valentiniano
1491 2563 1545 2602 ιιι
1565 2557 1608 2600 et
1630 2546 1886 2616 Eutropio
1901 2563 2029 2601 coss.

526 2662 829 2717 Archadius
861 2663 1043 2716 Caesar
1097 2676 1218 2715 cum
1270 2670 1418 2728 patre
1458 2675 1555 2713 suo
1587 2658 1894 2713 Theodosio
1939 2673 2035 2712 sua

454 2753 871 2822 quinquennalia
900 2752 1211 2806 celebravit.
1235 2750 1572 2804 Theodosius
1595 2749 1812 2818 Magnus
1833 2747 2037 2802 italiam

456 2854 642 2898 Contra
671 2843 956 2898 Maximum
987 2853 1271 2913 tyrannum
1306 2853 1634 2912 pugnaturus
1659 2842 1905 2895 accessit.

458 2959 547 3030 (Δ.
573 2957 633 3013 C.
663 2957 814 3029 588.)
841 2956 960 3011 Ind.
993 2973 1031 3024 ι,
1054 2956 1341 3010 Theodosio
1371 2957 1501 3026 Aug.
1532 2971 1569 3009 ιι
1596 2965 1642 3007 et
1666 2955 1885 3025 Cynegio
1904 2969 2035 3006 coss.

529 3071 938 3126 Valentinianus
968 3069 1207 3126 Gratiani
1252 3069 1416 3125 frater
1443 3078 1497 3124 et
1537 3067 1874 3121 Theodosius
1905 3065 2034 3134 imp.

458 3162 748 3218 Maximum
792 3172 1074 3232 tyrannum
1123 3170 1177 3216 et
1215 3161 1481 3215 Victorem
1525 3161 1690 3213 filium
1728 3159 1844 3228 ejus
1897 3159 2036 3227 apud

461 3256 761 3324 Aquileiam
807 3255 1156 3309 rebellantem
1190 3253 1452 3307 vicerunt.
1500 3250 1905 3320 Andragathius
1949 3265 2041 3302 co-

464 3361 581 3399 mes
611 3354 782 3398 morte
803 3345 1014 3398 Maximi
1042 3345 1251 3414 cognita
1284 3343 1609 3414 praacipitem
1643 3357 1760 3397 sese
1787 3357 1817 3395 e
1845 3340 1964 3395 navi
1990 3341 2043 3394 in

463 3435 637 3491 undas
665 3435 806 3489 dedit
837 3450 900 3489 ac
929 3434 1218 3489 suffocatus
1246 3443 1348 3488 est.

571 3549 664 3623 (A.
685 3548 749 3603 C.
780 3548 932 3618 589.)
958 3546 1083 3600 Ind.
1106 3563 1161 3612 ιι,
1195 3547 1422 3600 Timasio
1452 3557 1496 3600 et
1529 3545 1773 3600 Promoto
1803 3561 1934 3598 coss.

537 3660 875 3716 Theodosius
931 3661 1057 3727 imp.
1089 3674 1210 3713 cum
1254 3660 1490 3712 Honorio
1522 3658 1633 3710 filio
1681 3672 1777 3711 suo
1820 3657 2042 3711 Romam

465 3770 653 3810 mense
684 3753 842 3808 Junio
890 3753 1149 3816 introivit,
1185 3752 1512 3822 congiarium
1561 3751 1801 3804 Romano
1852 3751 2045 3818 populo

465 3848 672 3912 tribuit,
715 3845 966 3914 Urbeque
1008 3859 1256 3914 egressus
1296 3854 1379 3896 est
1423 3842 1528 3896 kal.
1562 3842 1913 3911 Septembris.
1944 3841 2046 3896 Per

467 3939 610 3993 idem
635 3948 842 4006 tempus
867 3938 1070 4007 grando
1085 3936 1356 4002 crepitans
1381 3950 1474 4002 per
1498 3933 1714 3988 biduum
1733 3933 2044 3986 continuum

473 4046 567 4098 pro
597 4031 771 4097 pluvia
804 4029 1018 4091 cecidit,
1052 4041 1302 4096 pecorum
1351 4025 1709 4093 arborumque
1757 4022 2044 4090 pernicies.

471 4121 637 4174 Stella
678 4135 708 4173 a
758 4121 1128 4182 septentrione
1177 4118 1451 4186 gallicinio
1492 4130 1739 4185 surgens,
1769 4125 1824 4170 et
1852 4117 1904 4169 in
1934 4130 2041 4168 mo-

469 4216 595 4266 dum
619 4210 852 4265 Luciferi
871 4211 1064 4264 ardens
1089 4209 1266 4277 potius
1281 4224 1439 4278 quam
1462 4208 1752 4275 splendens
1776 4209 2046 4276 apparuit,

473 4306 728 4359 vicesimo
771 4306 928 4356 tertio
967 4302 1055 4355 die
1094 4301 1200 4372 [AL
1255 4301 1514 4354 vicesimo
1561 4298 1665 4369 die]
1698 4314 1818 4352 esse
1867 4299 2045 4352 desiit.

473 4400 757 4468 Templum
807 4394 1082 4464 Serapidis
1133 4393 1270 4461 apud
1328 4391 1710 4447 Alexandriam
1757 4389 2049 4444 Theodosii

472 4493 607 4562 ltnp.
631 4493 808 4548 edicto
840 4489 1073 4543 solutum
1105 4495 1206 4542 est.

2200 588 2522 657 Arbogastes
2549 585 2929 642 Valentiniano
2965 585 3096 654 imp.
3131 583 3416 648 exstincto,
3454 593 3508 637 et
3537 583 3711 652 Euge-

2128 678 2218 733 nio
2242 680 2456 734 Caesare
2488 680 2652 748 facto,
2681 679 2996 733 innumeras
3034 676 3366 745 invictasque
3394 674 3579 744 copias
3607 691 3710 728 un-

2129 773 2289 842 dique
2310 773 2360 826 in
2390 773 2591 828 Gallias
2610 771 2903 837 contraxit,
2926 769 3268 825 Occidentale
3294 768 3394 824 sibi
3423 768 3708 838 imperium

2133 874 2315 934 utpote
2368 865 2762 930 vindicaturus,
2803 865 2884 917 vir
2916 863 3195 927 barbarus,
3227 862 3428 924 animo,
3459 860 3708 925 consilio,

2133 973 2313 1018 manu.
2339 957 2584 1020 audacia,
2619 955 2961 1026 potentiaque
2984 955 3202 1008 nimius.
3227 952 3512 1007 Contraxit
3533 961 3710 1006 autem

2131 1048 2682 1117 undiqueinnumeras
2699 1048 2903 1116 copias,
2925 1046 3007 1099 vel
3041 1046 3401 1098 Romanorum
3423 1042 3708 1111 prtesidiis,

2131 1142 2217 1195 vel
2243 1141 2598 1194 Barbarorum
2624 1137 2860 1204 auxiliis,
2885 1137 3011 1192 alibi
3037 1146 3326 1207 potestate,
3359 1135 3485 1188 alibi
3509 1147 3711 1202 cogna-

2133 1231 2276 1286 tione
2318 1231 2598 1286 subnixus.
2628 1229 2812 1299 Usque
2859 1229 3001 1283 hunc
3031 1243 3120 1281 six
3164 1225 3456 1281 Theodosii
3502 1223 3716 1293 imperii

2133 1337 2353 1385 annum,
2384 1322 2573 1376 beatus
2603 1321 2959 1390 Hieronymus
3000 1328 3118 1388 post
3148 1318 3519 1373 ascensionem
3552 1316 3618 1369 D.
3646 1313 3711 1369 N.

2134 1418 2260 1472 Jesu
2283 1416 2503 1482 Christi,
2530 1430 2560 1470 a
2584 1414 2744 1470 Petro
2765 1414 3009 1485 apostolo
3038 1413 3322 1481 incipiens,
3345 1420 3399 1466 et
3424 1410 3482 1464 in
3515 1416 3716 1465 semet-

2136 1510 2308 1578 ipsum
2341 1507 2618 1572 desinens,
2649 1523 2822 1562 cxxxv
2858 1507 3096 1562 virorum
3135 1506 3417 1559 illustrium
3450 1502 3718 1558 ecclesia-

2137 1599 2268 1654 stica
2303 1598 2579 1653 volumina
2611 1595 2919 1666 descripsit,
2968 1595 3108 1664 apud
3144 1593 3426 1649 Bethleem
3459 1592 3717 1661 oppidum

2137 1690 2366 1759 degens;
2411 1689 2499 1744 ubi
2549 1698 2605 1743 et
2658 1687 3042 1742 tuonasterium
3080 1685 3184 1740 sibi
3230 1684 3489 1746 condidit,
3519 1694 3575 1736 et
3617 1683 3715 1736 alia

2139 1784 2304 1838 multa
2334 1782 2700 1839 ecclesiastica
2728 1783 2920 1836 litteris
2946 1794 3162 1849 quoque
3185 1776 3462 1834 Hebraicis
3492 1777 3717 1832 edoctus

2138 1873 2376 1944 scripsit,
2430 1873 2696 1943 finemque
2732 1873 2857 1927 vita:
2889 1885 3001 1926 suae
3039 1870 3325 1924 admodum
3370 1881 3536 1922 senex
3571 1865 3715 1929 fecit,

2137 1967 2316 2037 ibique
2362 1966 2602 2035 sepultus
2650 1974 2765 2029 est;
2803 1962 3082 2017 catholicis
3132 1960 3342 2030 quidem
3389 1961 3716 2027 inexpugna-

2138 2059 2260 2112 bilis
2290 2057 2539 2113 ecclesia:
2568 2056 2750 2120 turris,
2779 2054 3048 2108 haereticis
3082 2062 3260 2105 autem
3298 2050 3546 2104 omnibus
3586 2049 3718 2102 infa~

2137 2148 2370 2218 tigabilis
2399 2147 2591 2214 hostis,
2618 2154 2726 2200 tam
2760 2143 3038 2214 proposito
3064 2143 3186 2196 vitae
3213 2157 3345 2207 sum,
3373 2154 3531 2210 quam
3555 2138 3718 2193 libro-

2136 2257 2252 2295 rum
2287 2255 2317 2294 a
2347 2255 2405 2293 se
2434 2240 2700 2293 editorum
2733 2236 3121 2292 assertionibus
3150 2235 3486 2303 depugnans.

2136 2332 2224 2401 (A.
2255 2332 2313 2385 C.
2340 2329 2492 2401 595.)
2523 2328 2647 2382 Ind.
2674 2345 2744 2394 vt,
2773 2327 3062 2382 Theodosio
3084 2343 3142 2382 ιιι
3167 2336 3211 2379 et
3234 2325 3560 2379 Abundantio
3587 2339 3717 2378 coss.

2210 2441 2504 2496 Honorium
2550 2448 2703 2510 pater
2741 2453 2871 2494 suus
2900 2437 3235 2492 Theodosius
3285 2436 3339 2490 in
3380 2434 3569 2490 eodem
3603 2435 3718 2488 loco

2137 2547 2243 2601 quo
2273 2531 2490 2585 fratrem
2521 2535 2638 2598 ejus
2684 2527 3031 2592 Archadium,
3063 2527 3332 2580 Caesarem
3381 2525 3524 2588 fecit,
3555 2524 3604 2578 id
3636 2534 3718 2578 est

2138 2624 2370 2692 septimo
2395 2622 2462 2677 ab
2491 2621 2624 2676 urbe
2658 2621 2802 2689 regia
2833 2619 3111 2673 milliario.
3158 2617 3307 2672 Tunc
3346 2616 3544 2687 quippe
3589 2615 3721 2669 hora

2142 2715 2248 2769 diei
2274 2714 2427 2769 tertia
2455 2713 2690 2768 tenebrae
2721 2712 2875 2767 facta:
2904 2721 3049 2765 sunt.

2143 2828 2232 2898 (Α.
2261 2827 2323 2881 C.
2355 2825 2505 2897 594.)
2537 2824 2662 2881 Ind.
2695 2842 2785 2892 vn,
2815 2826 3072 2880 Archadio
3094 2841 3150 2879 ιιι
3181 2835 3227 2879 et
3263 2823 3494 2878 Honorio
3522 2840 3562 2878 ιι
3586 2839 3717 2877 coss.

2210 2937 2546 2993 Theodosius
2584 2940 2854 3007 Augustus
2883 2948 3158 3006 assumpto
3199 2936 3435 2991 Honorio
3473 2933 3718 3001 Caesare,

2142 3031 2438 3099 eodemque
2483 3029 2614 3096 filio,
2665 3039 2855 3084 contra
2897 3028 3248 3096 Arbogastem
3288 3027 3379 3094 qui
3421 3025 3722 3094 Eugenium

2145 3131 2427 3190 tyrannum
2451 3119 2830 3188 imperatorem
2858 3118 3035 3172 facere
3057 3132 3220 3172 ausus
3237 3129 3342 3183 est,
3375 3117 3572 3171 iterum
3598 3129 3723 3186 pro-

2067 3201 2111 3262 C
2147 3214 2392 3282 peravit:
2424 3211 2568 3265 bello
2607 3211 2898 3265 commisso
2927 3210 3197 3280 Eugenius
3229 3210 3401 3262 victus
3445 3218 3608 3277 atque
3633 3223 3724 3262 ca-

2149 3314 2269 3372 ptus
2295 3301 2607 3356 interfectus
2636 3310 2748 3366 est;
2784 3301 3110 3369 Arbogastes
3132 3314 3226 3353 sua
3253 3313 3313 3354 se
3343 3313 3502 3352 manu
3532 3312 3726 3366 percn-

2144 3395 2225 3449 lit.
2259 3394 2590 3448 Terraamotu
2630 3408 2659 3447 a
2693 3408 2876 3447 mense
2898 3392 3240 3462 Septembrio
3267 3391 3318 3445 in
3343 3391 3724 3445 Novembrium

2144 3486 2400 3540 continuo
2453 3484 2795 3548 imminente.
2847 3486 3134 3554 aliquanta:
3191 3485 3418 3551 Europae
3475 3485 3727 3551 regiones

2145 3588 2411 3649 quassatre
2440 3589 2585 3634 sunt.
2630 3579 2882 3634 Thermas
2923 3577 3280 3633 Archadianaa
3329 3591 3396 3632 ex
3426 3574 3727 3630 conditoris

2147 3673 2229 3727 sui
2254 3673 2470 3725 nomine
2492 3685 2684 3725 nomen
2717 3677 3058 3737 acceperunt.

2238 3783 2326 3854 (Α.
2352 3781 2414 3838 C.
2439 3783 2592 3852 595.)
2623 3781 2743 3836 Ind.
2780 3797 2892 3843 vm,
2929 3780 3140 3850 Olybrio
3168 3790 3213 3833 et
3236 3777 3464 3833 Probino
3494 3795 3627 3832 coss.

2216 3873 2549 3928 Theodosius
2594 3872 2817 3942 Magnus
2846 3871 2984 3940 apud
3021 3870 3375 3924 Mediolanum
3410 3867 3516 3922 vita
3543 3868 3726 3921 deces-

2148 3964 2234 4018 sit.
2270 3965 2552 4032 Imperavit
2592 3979 2760 4017 annos
2793 3979 2921 4016 xvn.
2968 3961 3174 4030 Corpus
3219 3962 3335 4030 ejus
3366 3961 3558 4016 eodem
3586 3972 3728 4013 anno

2149 4054 2668 4123 Constantinopolim
2702 4055 2941 4119 allatum,
2983 4063 3142 4124 atque
3185 4053 3474 4126 sepultum.
3522 4052 3724 4106 Archa-

2150 4145 2268 4200 dius
2303 4155 2356 4200 et
2397 4145 2661 4200 Honorius
2698 4146 2963 4214 germani,
3007 4157 3292 4214 utrumque
3333 4143 3616 4212 imperium
3645 4141 3729 4195 di-

2149 4238 2280 4292 visis
2307 4247 2510 4292 tantum
2537 4238 2754 4293 sedibus
2783 4248 2967 4292 tenere
2988 4248 3285 4306 casperunt.
3308 4236 3534 4290 Rufinus
3562 4234 3733 4304 patri-

2151 4331 2267 4384 cius
2315 4331 2583 4385 Archadio
2626 4330 2852 4399 principi
2902 4329 3121 4383 insidias
3169 4327 3418 4391 tendens,
3459 4327 3732 4380 Alaricum

2153 4419 2449 4476 GOIhorum
2481 4435 2684 4491 regem,
2715 4420 2892 4474 missis
2915 4421 2962 4474 ei
3005 4420 3143 4474 clam
3177 4420 3438 4486 pecuniis,
3478 4417 3733 4470 infestum

2156 4513 2464 4582 reipublicae
2492 4514 2634 4576 fecit,
2665 4521 2720 4567 et
2758 4514 2808 4566 in
2840 4512 3100 4567 Graeciam
3134 4511 3298 4564 misit.
3327 4511 3495 4564 Porro
3515 4509 3731 4562 detecto

543 4609 635 4677 (Δ.
667 4603 729 4658 C.
758 4602 909 4674 590.)
959 4601 1194 4677 Ind._in,
1261 4596 1618 4677 Valentiniano
1667 4595 1800 4667 Aug.
1844 4612 1894 4650 ιν
1934 4605 1981 4649 et
2077 4566 2131 4626 Β
2684 4566 2750 4658 ab
2777 4566 2974 4656 Italicis
3003 4602 3287 4665 militibus,
3314 4601 3441 4654 olim
3466 4598 3575 4672 [ΑΙ.
3600 4600 3736 4651 deest

1076 4670 1316 4724 Neoterio
1338 4685 1472 4722 coss.

548 4768 770 4836 Signum
799 4763 853 4817 in
884 4763 1021 4818 coelo
1043 4763 1197 4831 quasi
1219 4763 1465 4816 columna
1489 4761 1728 4829 pendens
1750 4760 2054 4830 ardensque

475 4877 572 4930 per
600 4859 717 4914 dies
746 4872 846 4910 xxx
872 4854 1141 4924 apparuit.
1178 4854 1328 4908 Galla
1356 4853 1649 4907 Theodosii
1695 4867 1831 4906 uxor
1861 4853 1928 4905 ab
1955 4852 2054 4905 Ar-

476 4953 670 5008 chadio
714 4950 960 5020 privigno
1002 4960 1100 4999 suo
1128 4944 1298 5012 ejecta
1342 4952 1443 4998 est.
1489 4942 1771 4998 Obeliscus
1815 4943 1866 4996 in
1910 4942 2054 4996 circo

476 5046 684 5114 positus
704 5048 789 5095 est
813 5057 824 5092 :
857 5039 1104 5092 columna
1131 5035 1269 5088 haud
1318 5035 1472 5102 longe
1503 5035 1570 5088 ab
1599 5034 1825 5089 ecclesia
1851 5036 2053 5088 consti-

477 5145 587 5189 tuta
618 5145 719 5201 est,
761 5148 878 5200 qua:
925 5139 1232 5199 argenteam
1273 5126 1561 5181 Theodosii
1603 5127 1773 5197 Magni
1820 5135 2051 5180 statuam

476 5226 657 5284 ferens
681 5224 937 5278 hactenus
966 5220 1380 5288 contemplatur.

546 5336 638 5410 (Α.
673 5337 734 5391 C.
761 5335 914 5404 591.)
946 5333 1066 5387 Ind.
1103 5349 1176 5400 tv,
1209 5330 1426 5385 Tatiano
1447 5340 1494 5384 et
1521 5330 1829 5400 Symmacho
1851 5346 1980 5384 coss.

549 5429 886 5484 Theodosius
909 5428 1040 5496 imp.
1066 5427 1213 5480 Italia
1242 5424 1508 5479 decedens
1535 5424 2054 5490 (Συιικιθιιιὶιιοροιὶιη

477 5524 758 5582 remeavit.
803 5520 1205 5574 Valentinianus
1251 5519 1377 5586 imp.
1435 5516 1576 5585 apud
1624 5515 1885 5568 Viennam
1934 5513 2058 5568 dolo

479 5615 799 5684 Arbogastis
829 5612 1195 5682 strangulatus
1224 5611 1427 5665 interiit
1464 5609 1592 5664 idib.
1627 5606 1850 5661 Martiis.
1887 5606 2062 5675 Euge-

483 5707 603 5760 nius
643 5705 952 5775 Arbogastis
1005 5703 1186 5759 favore
1233 5700 1469 5758 confisus
1513 5699 1798 5770 imperium
1845 5697 2062 5754 sibimet

483 5807 787 5866 usurpant.

2153 4695 2304 4766 olim]
2331 4710 2450 4750 cum
2475 4694 2643 4749 Gaina
2670 4696 2865 4749 comite
2888 4693 3155 4748 Arcbadio
3180 4691 3380 4756 missis,
3403 4701 3528 4745 ante
3554 4702 3736 4759 portas

2156 4785 2301 4840 urbis
2337 4785 2528 4838 merito
2579 4785 2875 4838 trucidatus
2919 4792 3024 4838 est.
3063 4781 3234 4852 Caput
3279 4784 3394 4849 ejus
3437 4795 3737 4852 manusque

2156 4879 2340 4934 dextra
2370 4893 2466 4948 per
2489 4887 2651 4932 totam
2682 4876 3201 4946 Constantinopollm
3235 4874 3628 4929 demonstrata.

2159 4991 2249 5064 (Α.
2276 4991 2334 5047 C.
2361 4989 2512 5058 596.)
2541 4988 2666 5044 Ind.
2692 5005 2768 5056 ix,
2816 4988 3038 5043 Arcadio
3067 5003 3119 5041 tv
3155 4997 3203 5040 et
3240 4985 3475 5040 Honorio
3519 5000 3578 5038 tn
3607 5001 3735 5037 coss.

2229 5103 2406 5157 Rufini
2437 5117 2568 5156 uxor
2597 5111 2651 5156 et
2681 5100 2782 5154 filia
2825 5100 3093 5156 exsulant.
3133 5097 3426 5167 Eutropius
3474 5097 3612 5151 sacri
3649 5111 3739 5166 pa-

2161 5195 2272 5249 latii
2303 5193 2667 5248 cubicularius
2697 5207 2887 5246 omnes
2911 5205 3042 5258 epes
3067 5191 3322 5259 abripuit,
3351 5191 3739 5257 avaritiamque

2163 5296 2528 5354 transgre~sus
2592 5292 2700 5340 est.
2767 5283 3127 5338 Terrtemotus
3173 5298 3272 5353 per
3319 5281 3438 5336 dies
3483 5282 3740 5352 plurimos

2165 5376 2284 5442 fuit,
2316 5376 2612 5444 cmlumque
2641 5373 2835 5430 ardere
2862 5373 3033 5428 visum
3064 5384 3165 5428 est.

2301 5490 2389 5558 (Α.
2419 5488 2479 5542 C.
2512 5487 2662 5556 597.)
2693 5487 2811 5541 Ind.
2843 5503 2898 5550 x,
2931 5486 3154 5542 Cwsario
3184 5495 3230 5538 et
3270 5485 3433 5537 Attico
3461 5499 3593 5536 coss.

2233 5581 2325 5635 His
2352 5580 2660 5634 consulibus
2704 5580 2957 5633 Flaccnlla
2999 5577 3269 5632 Archadio
3324 5589 3445 5629 nata
3495 5585 3574 5627 est
3610 5574 3739 5626 lilia.

2163 5694 2252 5764 (Α.
2277 5691 2340 5747 C.
2373 5691 2523 5761 598.)
2558 5691 2679 5744 Ind.
2717 5708 2787 5757 xt,
2816 5690 3048 5745 Honorio
3080 5707 3133 5745 tv
3173 5701 3220 5743 et
3248 5688 3575 5759 Eutychiano
3606 5700 3738 5738 coss.

2240 5785 2492 5839 Romana:
2521 5784 2773 5839 Ecclesiae
2810 5784 3122 5838 Anastasius
3164 5779 3409 5836 XXXVII
3457 5778 3742 5849 episcopus
