4064 6190
297 398 397 456 921

1716 380 2130 441 CHBONICON.

3454 389 3563 446 9‘3!

297 511 577 569 ordinatus
599 509 735 565 vixit
774 522 945 563 annos
978 516 1228 574 quatuor.
1265 502 1580 561 Ambrosius
1620 502 1874 558 Mediola-
1896 508 1949 566 Α
1979 500 2067 569 (A.
2097 497 2163 555 C.
2203 498 2375 569 402.)
2408 496 2533 554 Ind.
2563 515 2651 569 xv,
2678 500 2934 556 Archodio
2962 518 2995 558 v
3022 512 3071 557 et
3112 500 3347 560 Honorio
3375 520 3404 558 v
3426 521 3561 561 coss.

297 603 502 669 nensis,
526 601 783 656 virtutum
813 602 1117 670 episcopus,
1149 612 1244 653 arx
1268 596 1411 662 ﬁdei,
1443 604 1627 651 orator
1650 593 1877 650 catholi-

296 709 415 762 eus,
448 692 516 748 ad
558 691 827 748 Christum
870 690 1159 744 Dominum
1202 687 1594 757 commigravit.
1638 685 1875 741 Joannes

298 783 603 841 Antiochia
633 790 814 847 natus,
843 780 1023 850 ibique
1052 795 1082 833 a
1119 780 1337 835 Meletio
1363 777 1604 847 ejusdem
1642 776 1877 831 civitatis

298 877 576 945 episcopo,
609 873 905 942 eodemque
934 872 1263 937 confessore,
1305 872 1475 926 lector
1501 869 1747 924 ecclesia
1786 883 1877 922 or-

296 968 532 1031 dinatus,
564 980 659 1034 per
684 965 924 1032 singulos
944 964 1105 1018 ofﬁcii
1134 964 1331 1032 gradus
1357 962 1617 1016 ascendit.
1644 960 1745 1016 Ubi
1778 975 1877 1028 per

295 1058 716 1127 quinquennium
736 1057 1046 1110 continuum
1065 1055 1325 1110 diaconus
1340 1055 1534 1109 multos
1555 1052 1875 1122 divitiusque

297 1150 466 1204 edidit
498 1149 694 1213 libros;
732 1148 1010 1218 presbyter
1037 1161 1251 1216 quoque
1283 1146 1455 1201 factus
1481 1161 1575 1215 per
1600 1160 1676 1199 xtt
1703 1158 1874 1199 annos

297 1242 480 1311 plures
509 1240 763 1295 confecit.
809 1239 977 1293 Tanta
1022 1238 1215 1293 dehinc
1245 1237 1499 1307 Opinione
1528 1237 1725 1304 ubique
1755 1252 1871 1291 me-

296 1331 401 1387 rito
424 1340 772 1400 propagatus,
814 1328 1281 1397 Constantinopoli
1318 1328 1372 1382 in
1414 1328 1591 1382 locum
1641 1326 1871 1380 Nectarii

298 1420 537 1491 pontifex
569 1422 828 1476 suffectus
852 1432 964 1476 est:
990 1419 1082 1475 ubi
1112 1420 1337 1490 plurima
1359 1420 1637 1489 dulciaque
1667 1419 1871 1472 divina-

298 1528 415 1568 rum
446 1512 844 1581 Scripturarum
876 1512 1149 1565 volumina
1176 1527 1272 1565 suo
1295 1510 1446 1580 operi
1466 1511 1732 1565 catholico
1756 1508 1868 1580 [ΑΙ.

301 1599 597 1672 catholicis]
625 1601 848 1668 addidit,
892 1600 1097 1671 hosque
1126 1601 1405 1671 episcopos
1455 1599 1643 1655 habuit
1692 1598 1871 1654 inimi-

292 1708 409 1763 eos,
450 1693 807 1763 Theophilum
857 1688 1310 1761 Alexandrinum,
1358 1691 1713 1761 Epiphanium
1762 1692 1869 1761 Cy-

294 1786 493 1857 prium,
522 1788 774 1843 Acacium
816 1786 1163 1852 Beroensem,
1206 1785 1523 1840 Antiochum
1556 1785 1866 1839 Ptolomen-

292 1893 433 1946 sem,
461 1878 803 1933 Severianum
835 1876 1186 1933 Gabalensem
1217 1886 1272 1932 et
1292 1876 1551 1931 Severum
1573 1875 1873 1931 Chalcedo-
1900 1875 1945 1934 B

296 1984 543 2024 nensem.
574 1968 728 2025 Gildo
754 1984 962 2034 comes,
995 1968 1243 2039 idemque
1264 1983 1522 2038 paganus,
1547 1968 1636 2037 qui
1659 1976 1870 2022 mortuo

293 2059 598 2115 Theodosio
643 2060 885 2130 principe
928 2061 1122 2115 Africa
1163 2069 1413 2131 praerat,
1446 2060 1574 2113 dum
1603 2060 1872 2116 Archadio

295 2162 350 2206 et
378 2151 617 2205 Ilouorio
656 2151 832 2206 adhuc
864 2152 1043 2221 pueris
1082 2152 1426 2222 regnantibus
1459 2149 1680 2217 invidet,
1725 2154 1871 2206 Afri-

293 2258 517 2311 camque
549 2244 733 2297 nititur
754 2243 1019 2310 obtinere,
1038 2242 1204 2297 frater
1224 2246 1342 2313 ejus
1359 2246 1645 2311 Mascezel,
1660 2246 1871 2316 cognita

296 2336 413 2404 ejus
444 2338 683 2403 vesania,
716 2338 1021 2405 relictisque
1051 2337 1263 2391 duobus
1292 2338 1432 2407 apud
1464 2339 1697 2393 Africam
1727 2340 1869 2406 ﬁliis,

296 2427 349 2481 in
401 2426 604 2482 Italiam
654 2438 894 2482 remeat:
928 2426 1085 2482 Gildo
1139 2435 1423 2495 utrumque
1471 2429 1647 2483 fratris
1705 2428 1875 2483 ﬁlium

296 2519 421 2572 dolo
444 2519 693 2573 trucidat.
730 2519 1011 2584 Mascezel,
1040 2517 1224 2574 fratris
1256 2520 1462 2575 scelere
1490 2522 1727 2591 cognito,
1754 2535 1874 2575 cum

295 2610 529 2679 quinque
572 2610 804 2665 millibus
834 2626 1050 2664 suorum
1092 2622 1279 2665 contra
1317 2610 1592 2666 Gildonem
1621 2626 1741 2666 cum
1775 2628 1878 2667 ιιι

298 2700 533 2755 millibus
555 2713 880 2755 armatorum
908 2702 1123 2756 sibimet
1150 2702 1453 2757 obviantem
1480 2702 1703 2757 infestus
1723 2718 1879 2760 acce-

296 2792 396 2855 dit,
428 2790 817 2861 Gildonemque
848 2792 1166 2859 parricidam
1198 2793 1420 2862 jejuniis
1445 2802 1501 2849 et
1543 2794 1877 2849 orationibus

296 2883 410 2935 suis
434 2880 538 2954 [Αι.
564 2883 700 2935 deest
724 2880 878 2952 suis],
910 2882 1075 2937 immo
1108 2882 1251 2938 beati
1282 2884 1550 2939 Ambrosii
1588 2885 1639 2938 in
1671 2886 1877 2940 somnis

296 2974 575 3028 admonitu
607 2974 1005 3038 auxiliantibus,
1045 2973 1262 3044 fugavit.
1295 2974 1453 3029 Gildo
1497 2973 1705 3044 fugiens
1749 2991 1876 3045 pro-

298 3066 415 3133 pria
464 3080 524 3120 se
576 3080 735 3119 manu
776 3065 1161 3133 strangulavit;
1219 3065 1405 3134 sicque
1450 3064 1707 3122 Mascezel
1760 3066 1878 3122 sine

297 3155 442 3212 bello
470 3157 745 3211 victoriam
771 3156 988 3221 meruit,
1019 3170 1082 3210 ac
1109 3155 1225 3209 sine
1254 3154 1401 3209 cade
1431 3155 1748 3210 vindictam.

392 3248 500 3318 (Δ.
531 3248 591 3303 C.
623 3246 795 3320 599.)
838 3246 962 3300 Ind.
1013 3261 1108 3313 xtl,
1150 3243 1417 3301 Theodoro
1450 3256 1498 3301 et
1534 3245 1778 3316 Eutropio

886 3322 1123 3371 eunucho
1147 3332 1277 3369 coss.

370 3410 471 3465 Hic
511 3410 797 3479 Eutropius
849 3410 1088 3464 omnium
1130 3408 1429 3477 spadonum
1469 3409 1671 3479 primus
1717 3420 1877 3481 atque

298 3503 523 3556 ultimus
549 3502 735 3556 consul
765 3500 885 3567 fuit,
916 3500 983 3556 de
1007 3514 1114 3570 quo
1143 3498 1471 3553 Claudianus
1502 3509 1655 3568 poeta
1681 3517 1697 3555 :

481 3637 656 3688 Omnia
679 3643 935 3688 cesserunt
953 3637 1186 3687 Eunucho
1209 3633 1410 3687 consule
1434 3642 1669 3686 monstra.

297 3764 575 3820 Pulcheria
616 3766 848 3821 Arcadio
902 3768 1068 3821 altera
1104 3766 1211 3821 ﬁlia
1265 3776 1387 3821 nata
1427 3776 1533 3821 est.
1564 3765 1735 3821 Gaina
1786 3780 1879 3822 co-

297 3872 418 3913 mes
444 3858 582 3927 apud
625 3858 1141 3929 Constantinopolim
1170 3859 1235 3913 ad
1283 3860 1688 3927 praparaudum
1721 3859 1878 3915 civile

294 3949 498 4005 bellum
519 3949 780 4005 barbaros
808 3964 934 4005 suos
961 3951 1171 4005 occulte
1200 3950 1491 4017 admonet;
1530 3952 1643 4020 ipse
1675 3953 1879 4007 valetu-

296 4041 481 4095 dinem
533 4042 791 4097 simulans
836 4043 967 4098 urbe
1010 4044 1306 4113 digreditur
1340 4062 1352 4096 :
1386 4053 1569 4115 capto
1616 4044 1877 4102 adversus

299 4132 584 4203 Byzantios
618 4134 802 4202 pralio
833 4135 1047 4204 plurimi
1085 4135 1315 4190 hostium
1346 4138 1563 4202 cadunt,
1592 4140 1771 4193 caeteri
1795 4138 1881 4193 fu-

294 4225 507 4293 gientes
542 4225 787 4281 ecclesia
836 4236 1035 4281 nostra
1074 4228 1392 4291 succedunt,
1438 4228 1616 4299 ibique
1670 4239 1877 4285 retecto

293 4316 406 4389 [ΑΙ.
434 4316 668 4388 detecto]
708 4319 952 4374 ecclesia
981 4320 1221 4375 culmine
1240 4321 1504 4392 jactisque
1531 4322 1763 4394 desuper
1794 4323 1877 4379 la-

295 4408 514 4476 pidibus
540 4409 855 4464 obruuntur.

353 4539 444 4610 (A.
465 4540 525 4594 (i.
556 4538 711 4612 400.)
730 4540 851 4596 Ind.
880 4557 995 4606 xm.
1028 4543 1277 4599 Stilicone
1294 4554 1341 4599 et
1367 4545 1651 4601 Aureliam
1674 4562 1809 4601 coss.

369 4671 574 4727 Bellum
592 4674 779 4729 navale
801 4683 984 4729 contra
1002 4674 1224 4731 Gainam
1249 4684 1531 4745 tyrannum
1558 4677 1698 4734 inter
1710 4677 1880 4733 Cher-

293 4778 550 4819 sonesum
581 4774 635 4819 et
663 4766 1068 4836 Hellespontum
1096 4778 1305 4837 gestum
1336 4779 1420 4823 est
1457 4784 1471 4823 :
1506 4769 1669 4823 multa
1713 4769 1880 4824 millia

294 4858 599 4915 Gothorum
638 4873 797 4927 casa,
826 4860 914 4916 vel
943 4860 1187 4915 demersa
1215 4868 1360 4915 sunt.
1397 4860 1566 4917 Gaina
1594 4875 1776 4916 comes
1813 4862 1881 4916 de

295 4952 403 5007 hoc
424 4951 567 5007 bello
597 4951 803 5019 fugiens
820 4953 989 5007 evasit
1011 4969 1026 5010 :
1053 4954 1169 5021 ipso
1196 4963 1372 5007 tamen
1401 4969 1545 5009 anno
1570 4954 1779 5010 occisus
1801 4962 1884 5009 est

294 5058 485 5100 mense
513 5042 808 5099 Februario
836 5043 1030 5117 [Forte
1061 5043 1421 5117 Decembrio].

295 5181 315 5249 (
340 5181 405 5234 A.
434 5178 497 5235 C.
536 5179 659 5236 401.
686 5180 706 5251 )
739 5177 863 5235 Ind.
894 5194 1002 5251 xt_v,
1038 5177 1303 5251 Vincentio
1345 5188 1393 5232 et
1436 5176 1650 5232 Fravita
1678 5178 1877 5250 [ChilIL

914 5247 1153 5320 Fravito]
1179 5265 1310 5301 coss.

366 5363 543 5434 Caput
579 5363 762 5420 Gaina:
810 5363 987 5416 hastili
1029 5363 1308 5430 praﬁxum
1353 5360 1878 5433 Constantinopolim

296 5452 517 5505 allatum
544 5461 647 5503 est.
674 5450 830 5503 Maris
854 5448 1059 5503 Pontici
1089 5449 1405 5516 superﬁcies
1426 5449 1497 5503 ita
1526 5449 1646 5517 gelu
1676 5450 1877 5503 frenata

299 5554 404 5608 est,
437 5553 492 5595 ut
525 5556 620 5610 per
646 5540 865 5609 triginta
894 5540 1008 5594 dies
1036 5539 1212 5594 soluta
1243 5539 1455 5594 tandem
1488 5540 1687 5609 glacies
1714 5541 1880 5594 instar

298 5634 562 5689 montium
589 5648 685 5699 per
713 5632 1091 5701 Propontidem
1122 5648 1356 5702 superne
1386 5642 1591 5701 portata
1619 5633 1879 5689 decurre-

300 5733 406 5781 ret.
435 5723 769 5779 Theodosius
792 5723 976 5792 junior
1010 5733 1163 5797 patre
1204 5724 1475 5782 Archadio
1520 5734 1675 5782 natus
1714 5734 1796 5783 est
1822 5742 1878 5783 ιιι

310 5806 417 5878 ῐΑι.
454 5809 537 5881 tv]
561 5816 678 5870 idus
706 5815 939 5885 Apriles.

1904 3236 1951 3299 C

2050 613 2309 668 Romana
2355 611 2613 668 Ecclesia
2656 612 3000 670 Innocentius
3038 614 3306 670 XXXVIII
3349 627 3566 673 creatus

1978 705 2224 771 antistes,
2253 703 2387 758 vixit
2433 718 2607 759 annos
2636 721 2727 761 xv.
2758 706 3095 762 Theodosius
3117 707 3300 777 junior
3342 709 3395 762 in
3444 710 3565 766 loco

1977 811 2085 866 quo
2116 804 2270 867 pater
2298 806 2624 865 patruusque
2650 812 2801 865 suus,
2840 799 3025 853 Casar
3053 808 3267 854 cieatus
3293 810 3395 856 est.
3416 800 3563 857 Con-

1975 887 2321 956 stantinopoli
2361 886 2547 955 ingens
2575 896 2917 943 terramotus
2943 888 3065 943 fuit.

1978 1000 2080 1069 (A.
2111 998 2174 1055 C.
2204 999 2330 1057 40⁸5.
2358 1000 2377 1069 )
2405 999 2532 1054 Ind.
2571 1016 2610 1065 ι,
2642 999 2931 1056 Theodosio
2964 1004 3176 1073 juniore
3202 1012 3248 1056 et
3280 1003 3562 1057 Rumor-ida

2700 1088 2831 1125 €088.

2045 1161 2248 1218 Marine
2280 1172 2431 1232 patre
2460 1162 2732 1218 Archadio
2759 1173 2882 1218 nata
2907 1179 2963 1218 ιιι
2988 1164 3105 1218 idus
3128 1163 3284 1219 Febr.
3307 1164 3562 1221 Eudoxia

1973 1254 2229 1313 Archadii
2258 1258 2450 1314 uxoris
2476 1274 2638 1329 super
2668 1260 3100 1331 porphyreticam
3144 1262 3445 1316 columnam
3469 1277 3559 1317 ar-

1972 1360 2163 1420 gentea
2194 1360 2370 1405 statua
2405 1352 2555 1420 juxta
2587 1352 2877 1408 ecclesiam
2911 1354 3081 1421 posita
3111 1354 3374 1409 hactenus
3398 1356 3559 1408 sistit.

1973 1442 2235 1505 Joannem
2279 1440 2886 1512 Constantinopolitana
2946 1445 3179 1499 civitatis
3226 1446 3559 1514 episcOpum,

1971 1531 2058 1585 cui
2090 1546 2248 1600 supra
2275 1531 2403 1586 dicti
2431 1547 2524 1587 sex
2563 1534 2836 1588 antistites
2866 1534 3139 1589 incassum
3179 1534 3357 1588 amuli
3387 1534 3559 1601 fuere,

1971 1622 2213 1694 aliosque
2244 1624 2463 1694 triginta
2504 1624 2719 1679 sibimet
2748 1626 3032 1695 episcopos
3081 1627 3421 1696 conscivere,
3465 1642 3563 1682 no-

1973 1714 2119 1771 lente
2146 1716 2412 1772 Archadio
2450 1718 2713 1787 principe,
2748 1719 2799 1773 in
2845 1719 3119 1774 Cucusum
3160 1719 3432 1775 Armenia
3461 1736 3564 1789 op-

1974 1807 2153 1874 pidum
2178 1806 2420 1862 exsulem
2451 1811 2737 1872 miserunt.
2768 1824 2998 1879 eumque
3028 1822 3144 1878 post
3168 1826 3363 1864 annum
3399 1826 3562 1866 unum

1974 1898 2027 1953 in
2061 1899 2243 1953 villam
2273 1915 2395 1969 qua
2422 1900 2659 1955 Cumana
2708 1902 2761 1956 in
2808 1902 3027 1973 regione
3074 1903 3292 1959 Pontica
3340 1904 3559 1971 dicitur,

1972 1990 2041 2044 de
2064 1991 2255 2045 exsilio
2284 1992 2335 2045 in
2367 1992 2621 2046 exsilium
2649 1993 2975 2062 relegarunt.
3004 1995 3154 2050 Hunc
3180 1996 3376 2051 ibidem
3405 2011 3555 2051 mor-

1974 2088 2120 2137 tuum
2144 2083 2393 2153 religiosa
2418 2083 2843 2139 orthodoxorum
2876 2087 3028 2155 plebs
3061 2088 3112 2141 in
3143 2089 3281 2141 atrio
3311 2089 3557 2144 Basilisci

1974 2173 2213 2244 episcopi
2259 2176 2455 2241 sancti,
2486 2176 2734 2247 idemque
2781 2178 3056 2250 martyris,
3084 2179 3153 2233 ab
3188 2180 3377 2234 eodem
3420 2171 3565 2238 mar;

1973 2276 2095 2336 tyre
2118 2266 2171 2320 in
2196 2266 2400 2320 somnis
2417 2267 2712 2334 admonita,
2730 2269 2784 2324 in
2813 2285 3012 2325 novum
3038 2287 3270 2341 moxque
3286 2284 3559 2343 repertum

1974 2357 2282 2426 sepulcrum
2313 2358 2638 2413 recondidit.

2011 2489 2103 2560 (A.
2130 2489 2195 2545 C.
2218 2490 2371 2561 404.)
2396 2488 2519 2545 Ind.
2552 2507 2611 2557 ιι,
2648 2491 2878 2548 Honorio
2907 2509 2961 2550 v1
2990 2503 3034 2550 et
3069 2495 3371 2552 Aristaeneto
3396 2514 3528 2554 coss.

2049 2603 2344 2659 Ecclesiam
2366 2604 3021 2676 Constantinopolitanam
3051 2609 3261 2664 ﬂamma
3285 2611 3422 2679 ignis
3444 2628 3563 2679 qua

1977 2698 2045 2754 de
2074 2699 2214 2753 beati
2243 2698 2466 2754 Joannis
2498 2700 2694 2754 throno
2723 2703 2989 2770 quondam
3022 2705 3259 2773 episcopi
3287 2714 3406 2760 nata
3441 2707 3561 2775 fuit,

1978 2790 2156 2845 subito
2175 2790 2544 2861 conﬂagravit,
2570 2792 2909 2863 vicinamque
2929 2796 3171 2851 ecclesia
3203 2798 3349 2853 urbis
3372 2798 3563 2854 faciem

1978 2895 2203 2950 serpens
2228 2880 2585 2937 nihilominus
2614 2885 2843 2941 exussit.
2876 2886 3115 2943 Eudoxia
3149 2904 3284 2944 uxor
3305 2890 3565 2947 Archadii

1978 2970 2119 3026 diem
2143 2971 2299 3026 obiit.

2033 3080 2122 3152 (A.
2152 3081 2217 3137 C.
2238 3080 2391 3153 605.)
2418 3081 2542 3136 Ind.
2570 3099 2652 3150 ιιι,
2682 3083 2931 3141 Stilicone
2957 3103 2995 3141 ιι
3018 3098 3062 3143 et
3083 3088 3354 3145 Anthemio
3374 3108 3504 3146 coss.

2052 3195 2218 3251 Isauri
2244 3211 2338 3266 per
2367 3208 2603 3253 montem
2642 3198 2803 3254 Tauri
2845 3200 3213 3257 discursantes
3240 3205 3426 3272 ingens
3453 3204 3564 3258 dis-

1984 3285 2236 3355 pendium
2265 3289 2572 3355 reipublica
2602 3290 2965 3358 importarunt
2984 3331 3001 3357 ,
3032 3294 3224 3362 quibus
3280 3295 3565 3349 Naibazai-

1978 3392 2077 3433 cus
2105 3377 2310 3447 legatus
2350 3379 2522 3449 majus
2568 3381 2824 3437 continuo
2864 3382 3109 3452 rependit
3138 3383 3561 3442 incommodum.

2050 3508 2144 3579 (A.
2173 3508 2237 3564 C.
2259 3510 2413 3581 406.)
2449 3510 2571 3567 Ind.
2606 3528 2679 3581 tv,
2710 3514 2968 3570 Archadio
2992 3531 3045 3572 vt
3070 3524 3119 3570 et
3159 3516 3326 3571 Probo
3358 3535 3492 3575 coss.

2048 3621 2386 3678 Theodosius
2402 3624 2585 3693 junior
2603 3627 3019 3697 quinquennalia
3034 3627 3201 3684 dedit.
3233 3629 3562 3701 Radagaisus

1977 3726 2218 3785 paganus
2267 3726 2323 3771 et
2362 3717 2565 3790 Scytha
2607 3736 2727 3775 cum
2774 3723 3015 3776 ducentis
3056 3724 3292 3778 millibus
3337 3741 3559 3781 suorum

1980 3814 2145 3859 totam
2199 3805 2410 3862 Italiam
2458 3810 2753 3864 inundavit.
2804 3810 3001 3866 Huldin
3052 3823 3106 3868 et
3156 3815 3319 3869 Sarus
3357 3815 3559 3888 [Cliiﬂl

1980 3896 2207 3969 Saurus]
2237 3900 2549 3955 Hunnorum
2582 3900 2986 3972 Gothorumque
3016 3919 3171 3975 reges
3203 3905 3560 3977 Radagaisum

1978 3991 2235 4045 continuo
2263 3990 2599 4057 devicerunt,
2630 3992 2795 4061 ipsius
2841 3994 3018 4064 capite
3047 4004 3342 4066 amputato,
3392 4000 3562 4070 capti-

1978 4096 2075 4137 vos
2102 4081 2220 4151 ejus
2248 4083 2470 4153 singulis
2499 4085 2676 4139 aureis
2707 4085 3097 4142 distrahentes.

1979 4217 2078 4290 (Α.
2108 4214 2169 4272 C.
2201 4216 2349 4289 407.)
2374 4215 2496 4272 Ind.
2534 4233 2587 4285 v,
2612 4217 2853 4272 Honorio
2873 4234 2944 4274 vn
2972 4228 3019 4276 et
3049 4218 3333 4276 Theodosio
3352 4225 3564 4295 junior:

2672 4305 2711 4344 II
2743 4306 2873 4344 €088.

2048 4396 2292 4453 Cisterna
2338 4399 2568 4452 maxima
2621 4398 2773 4468 juxta
2819 4402 3252 4472 porphyreticam
3301 4403 3564 4459 Constan-

1979 4486 2075 4539 tini
2106 4488 2445 4555 imperatoris
2475 4489 2781 4543 columnam
2814 4491 2869 4543 in
2917 4489 3036 4544 foro
3066 4491 3181 4560 ejus
3227 4493 3327 4546 sub
3372 4494 3564 4563 platea

1903 4602 1954 4662 ο
1981 4579 2265 4632 transitum
2296 4586 2604 4633 constructa
2635 4586 2738 4634 est.

2106 4708 2195 4779 (Α.
2223 4708 2287 4766 C.
2318 4708 2471 4780 408.)
2505 4707 2632 4769 Ind.
2666 4725 2738 4775 vt,
2771 4709 2935 4765 Basso
2964 4721 3011 4766 et
3037 4710 3282 4784 Philippo
3305 4730 3438 4769 coss.

2054 4820 2280 4877 Stilicho
2310 4835 2526 4889 comes,
2558 4822 2711 4892 cujus
2759 4822 2881 4879 dua
2927 4825 3049 4879 ﬁlia
3092 4825 3255 4880 Maria
3304 4838 3358 4881 et
3387 4827 3563 4883 Ther-

1983 4913 2182 4966 nantia
2213 4911 2435 4981 singula
2457 4927 2653 4968 uxores
2683 4913 2903 4969 Honorii
2927 4916 3180 4984 principis
3211 4915 3382 4986 fuere,
3417 4927 3565 4973 utra-

1983 5016 2091 5073 que
2120 5012 2297 5057 tamen
2331 5002 2484 5073 virgo
2505 5003 2778 5070 defuncta,
2810 5015 2992 5075 spreto
3024 5006 3280 5070 Honorio,
3312 5023 3565 5076 regnum-

1983 5106 2090 5162 que
2118 5093 2235 5162 ejus
2283 5092 2516 5159 inhiaus,
2548 5095 2872 5160 Alanorum,
2906 5096 3230 5162 Suevorum,
3274 5095 3564 5153 Wandalo-

1983 5197 2211 5252 rumque
2262 5191 2452 5252 gentes
2506 5182 2664 5239 donis
2720 5187 3063 5253 pecuniisque
3111 5187 3315 5241 illectas
3375 5198 3560 5245 contra

1982 5290 2207 5345 regnum
2237 5274 2456 5329 Ilonorii
2489 5278 2783 5343 excitavit,
2833 5276 3153 5332 Eucherium
3209 5280 3371 5334 ﬁlium
3404 5296 3559 5338 suum

1984 5379 2242 5434 paganum
2264 5374 2320 5419 et
2339 5365 2621 5421 adversum
2645 5365 2978 5419 Christianos
2996 5368 3216 5423 insidias
3247 5372 3557 5427 molientem

1981 5457 2201 5525 cupiens
2243 5455 2511 5512 Casarem
2542 5458 2811 5512 ordinare.
2843 5458 2943 5526 Qui
2975 5476 3096 5514 cum
3129 5465 3317 5519 eodem
3350 5463 3561 5520 Euche-

1981 5549 2063 5604 rio
2087 5549 2213 5604 dolo
2241 5563 2340 5604 suo
2369 5550 2585 5606 detecto
2606 5549 2815 5605 occisus
2846 5560 2947 5606 est.
2980 5552 3165 5609 Romae
3188 5555 3237 5609 in
3269 5555 3387 5612 foro
3418 5558 3560 5627 pacis

1982 5654 2079 5710 per
2132 5640 2247 5695 dies
2285 5649 2495 5709 septem
2542 5650 2683 5695 terra
2721 5642 2981 5712 mugitum
3038 5644 3204 5701 dedit.
3263 5647 3559 5704 Archadius

1984 5730 2115 5801 imp.
2162 5729 2288 5784 vita
2335 5730 2495 5785 ﬁnem
2544 5730 2709 5787 fecit:
2742 5735 2984 5807 regnavit
3012 5748 3133 5808 post
3161 5736 3363 5797 obitum
3392 5741 3559 5812 patris

1982 5824 2063 5879 sui
2094 5821 2382 5879 Theodosii
2412 5837 2579 5881 annos
2610 5840 2726 5882 xnt.
