4064 6190
464 378 570 434 925

1735 373 2151 430 MARCELLINI
2188 373 2460 430 COMITIS

3606 375 3710 428 934

470 496 554 568 [Α.
585 494 646 550 C.
665 492 963 564 409.)1ηι1.
995 511 1084 561 vn,
1105 493 1341 549 Honorio
1372 493 2044 565 vinetTheodosiojuniore
2071 495 2121 552 Α
2150 491 2405 546 Ecclesiae
2430 490 2675 546 Zosimus
2698 490 2920 548 XXXIX
2951 492 3238 563 episcoous
3276 494 3555 549 ordinatus
3588 495 3722 550 ﬁxit

1142 581 1201 619 Ill
1232 581 1363 618 COSS.

536 678 692 747 Apud
721 678 1240 748 ConstantinOpolim
1274 693 1460 748 magna
1490 678 1690 734 exarsit
1736 677 1914 746 populi
1953 690 2042 731 se-

467 768 617 834 ditio,
654 770 803 838 panis
833 771 1038 825 scilicet
1066 771 1281 838 penuria
1311 769 1525 824 sibimet
1567 771 1863 839 ingruente.

637 881 729 952 (A.
759 882 821 936 C.
851 883 1010 951 410.)
1041 881 1162 935 Ind.
1203 898 1316 948 VIII,
1359 882 1562 936 Varane
1591 886 1699 936 solo
1731 899 1836 937 cos.

539 992 786 1047 Alaricus
821 993 1077 1061 trepidam
1112 994 1296 1047 urbem
1328 992 1550 1046 Romam
1583 992 2049 1059 invasit,partem-

469 1099 575 1154 que
601 1086 718 1153 ejus
757 1087 1011 1140 cremavit
1041 1086 1314 1150 incendio,
1355 1094 1614 1154 sextoque
1660 1085 1748 1138 die
1778 1101 1933 1152 quam
1969 1087 2050 1138 in-

471 1190 688 1244 gressus
716 1175 906 1238 fuerat,
932 1175 1236 1244 depraedata
1262 1178 1389 1230 urbe
1413 1192 1661 1246 egressus
1681 1187 1782 1241 est,
1816 1177 2049 1230 Placidia

473 1267 694 1321 Honorii
719 1271 972 1338 principis
994 1285 1176 1323 sorore
1196 1272 1441 1335 abducta,
1457 1286 1616 1340 quam
1643 1282 1821 1339 pOStea
1837 1270 2051 1325 Ataulfo

476 1359 773 1426 propinquo
799 1374 896 1413 suo
927 1361 1143 1413 tradidit
1171 1376 1414 1414 uxorem.

477 1468 566 1537 (A.
596 1469 655 1524 C.
687 1471 836 1541 411.)
867 1470 987 1524 Ind.
1014 1489 1086 1528 ιι.
1125 1472 1354 1526 Honorio
1383 1490 1432 1526 Ix
1465 1485 1508 1526 et
1534 1474 1818 1528 Theodosio
1847 1491 1896 1529 Iv
1918 1492 2047 1529 coss.

923 1542 1030 1613 [AL
1063 1541 1320 1596 Theodos.
1355 1561 1403 1597 IV
1433 1543 1598 1614 solo].

544 1650 881 1707 Theodosius
916 1655 1098 1723 junior
1153 1655 1494 1720 decennalia,
1550 1657 1816 1711 Honorius
1868 1657 2053 1711 Romze

475 1740 774 1795 vicennalia
818 1744 984 1798 dedit.
1037 1746 1414 1800 Constantinus
1465 1747 1602 1814 apud
1631 1746 1832 1801 Gallias
1863 1749 2054 1803 invasit

2145 582 2299 636 armis
2329 597 2408 636 ιιι.

2195 694 2283 764 (A.
2317 693 2378 749 C.
2407 695 2558 765 418.)
2584 694 2706 750 Ind.
2737 712 2775 762 ι,
2803 696 3036 752 Honorio
3069 714 3145 753 xu
3173 707 3219 753 et
3253 697 3537 754 Theodosio
3569 717 3657 755 vm

2869 785 2997 822 €088.

2216 872 2388 928 Plinta
2411 890 2614 942 comes,
2644 877 2893 946 idemque
2919 878 3192 932 rebellium
3216 880 3356 948 apud
3379 879 3721 934 Palaestinam

2149 966 2480 1032 provinciam
2525 977 2712 1021 auctor
2759 969 2967 1022 deletus
3012 978 3113 1022 est.
3145 969 3288 1024 Solis
3326 970 3558 1024 defeetio
3586 975 3721 1023 facta

2149 1065 2250 1108 εει.
2285 1055 2448 1110 Stella
2496 1058 2564 1111 ab
2607 1059 2829 1114 Oriente
2864 1075 2958 1129 per
3007 1071 3210 1130 septem
3245 1077 3460 1117 menses
3492 1078 3724 1133 surgens

2150 1146 2454 1215 ardensque
2484 1150 2751 1217 apparuit.

2280 1264 2370 1330 (A.
2401 1263 2463 1316 C.
2492 1262 2643 1333 419.)
2668 1265 2788 1318 Ind.
2823 1281 2881 1333 ιι,
2918 1266 3159 1321 Monaxio
3185 1277 3230 1320 et
3257 1267 3435 1322 Plinta
3462 1285 3591 1323 coss.

2227 1373 2630 1428 Valentinianus
2665 1377 2849 1444 junior
2885 1379 3023 1445 apud
3066 1378 3375 1434 Ravennam
3405 1390 3554 1449 patre
3584 1382 3721 1437 C0n<

2163 1467 2366 1520 stantio
2396 1475 2449 1520 et
2491 1463 2723 1521 Placidia
2765 1477 2964 1537 matre,
2994 1486 3025 1522 v
3052 1485 3217 1524 nonas
3243 1471 3408 1526 Julias
3441 1484 3596 1526 natus
3621 1483 3726 1528 est.

2157 1556 2332 1610 Multae
2362 1557 2663 1612 Palmstinas
2682 1560 2925 1615 civitates
2948 1561 3194 1631 villzeque
3233 1573 3536 1618 terrmmotu
3559 1567 3728 1620 colla-

2159 1660 2283 1713 psas.
2313 1646 2570 1702 Dominus
2613 1658 2797 1704 noster
2823 1650 2978 1704 Iesus
3005 1650 3249 1708 Christus
3289 1671 3503 1722 semper
3532 1656 3729 1724 ubique

2157 1751 2393 1804 praesens
2425 1736 2543 1808 [ΑΙ.
2579 1737 2794 1810 totus],
2830 1749 2882 1794 et
2910 1757 3072 1809 super
3114 1754 3349 1798 montem
3378 1745 3570 1799 Oliveti
3606 1747 3728 1799 Ilie-

477 1831 784 1900 imperium,
838 1835 1108 1904 liliumque
1157 1851 1310 1891 suum
1357 1853 1420 1890 ex
1463 1837 1724 1890 monacho
1781 1837 2046 1892 Czesarem

2158 1827 2439 1897 rosolymae
2469 1829 2698 1884 vicinum
2731 1846 2849 1885 sese
2879 1832 2945 1886 de
2975 1834 3116 1888 nube
3138 1836 3518 1889 manifestavit.
3553 1837 3724 1890 Μυιιεε

475 1923 601 1978 fecit
631 1926 776 1994 :ipse
808 1928 946 1996 apud
978 1929 1256 1982 Arelatum
1285 1931 1554 1984 civitatem
1587 1930 1884 1984 occiditur:
1919 1929 2055 1986 Con-

474 2029 622 2073 stans
655 2019 796 2075 filius
826 2022 965 2089 apud
1001 2022 1259 2077 Viennam
1303 2025 1475 2092 capite
1507 2023 1773 2092 plectitur.

571 2131 663 2202 (A.
691 2131 750 2187 C.
783 2134 1094 2207 412.)A_Ind.
1139 2152 1190 2203 x,
1228 2135 1508 2207 Theodosio
1540 2138 1661 2207 imp.
1695 2152 1727 2189 v
1750 2139 1854 2192 solo
1877 2154 1982 2191 cos.

793 2203 1166 2275 [ALIIonorio
1197 2222 1246 2260 ιι
1274 2217 1317 2260 et
1343 2203 1628 2261 Theodosio
1661 2207 1735 2279 v].

543 2313 768 2370 Jovinus
790 2331 852 2370 ac
884 2317 1232 2372 Sebastianus
1263 2319 1312 2372 in
1345 2317 1532 2373 Galliis
1572 2320 1909 2389 tyrannidem
1940 2335 2056 2374 mo-

474 2402 663 2459 lientes
694 2405 856 2459 occisi
888 2415 1029 2460 sunt.
1057 2408 1266 2461 Attalus
1293 2409 1346 2461 in
1371 2408 1504 2462 mari
1530 2418 1736 2478 captus,
1765 2420 1924 2476 atque
1948 2410 2048 2464 Ho-

473 2498 626 2552 norio
649 2498 937 2564 exhibitus,
971 2511 1212 2554 truncata
1238 2517 1397 2555 manu
1427 2503 1549 2557 vitae
1581 2503 1800 2558 relictus
1821 2512 1923 2558 est.

703 2609 793 2678 (A.
822 2610 883 2664 C.
916 2609 1068 2681 415.)
1099 2611 1221 2666 Ind.
1257 2628 1330 2676 ιι,
1360 2611 1522 2667 Lucio
1550 2616 1660 2668 solo
1689 2632 1821 2669 coss.

545 2721 895 2776 Heraclianus
927 2723 1131 2795 [Chi/ﬂ.
1159 2724 1457 2796 Heraclius]
1493 2727 1684 2781 Africa:
1716 2743 1900 2784 comes
1931 2745 2051 2784 cum

471 2813 823 2882 septingentis
867 2816 1097 2869 navibus
1142 2825 1195 2870 et
1248 2817 1416 2870 tribus
1465 2819 1691 2872 militum
1722 2820 1958 2874 millibus
1984 2821 2050 2874 ad

471 2902 658 2957 urbem
713 2905 960 2967 tendens,
1011 2921 1132 2959 mox
1181 2905 1245 2958 ad
1296 2907 1480 2960 urbem
1535 2907 1757 2961 Romam
1805 2923 2050 2977 egressus

471 3005 555 3047 est
579 3011 591 3045 :
624 3009 851 3049 occursu
873 2995 1063 3049 Marini
1087 2996 1296 3049 comitis
1322 3000 1536 3051 territus
1563 3006 1618 3052 et
1648 2999 1697 3051 in
1736 2997 1906 3066 fugam
1931 3014 2050 3054 ver-

470 3100 584 3154 sus,
615 3095 828 3156 arrepta
860 3103 993 3142 nave
1041 3089 1184 3144 solus
1225 3088 1601 3158 Carthaginem
1651 3090 1837 3157 rediit,
1871 3090 2050 3161 ibique

473 3177 617 3232 iilico
648 3178 960 3233 interfectus
986 3188 1088 3234 est.

537 3287 628 3358 (A.
661 3286 724 3342 C.
745 3288 895 3360 414.)
920 3288 1042 3343 Ind.
1070 3307 1166 3358 xu,
1193 3291 1531 3348 Constantino
1554 3303 1600 3348 et
1619 3293 1892 3348 Constante
1916 3311 2048 3350 coss.

541 3399 822 3456 Pulcheria
858 3403 1144 3460 Theodosii
1182 3422 1337 3462 soror
1374 3410 1612 3475 Augusta
1656 3410 1918 3477 appellata
1945 3419 2046 3464 est.

475 3491 618 3545 Valia
642 3507 738 3546 rex
759 3491 1080 3560 Gothorum,
1107 3499 1239 3550 facta
1263 3514 1382 3551 cum
1399 3499 1633 3553 Honorio
1645 3501 1883 3568 principe
1900 3515 2045 3569 pace,

475 3579 754 3642 Placidiam
785 3599 1023 3640 sororem
1059 3587 1174 3656 ejus
1204 3589 1378 3643 cidem
1409 3590 1619 3644 viduam
1651 3590 1902 3645 reddidit.

538 3716 639 3788 (A.
669 3716 729 3773 C.
763 3718 884 3774 415.
910 3720 931 3791 )
963 3719 1083 3775 Ind.
1113 3737 1224 3785 xm,
1262 3721 1494 3777 Honorio
1525 3740 1555 3777 x
1585 3734 1633 3778 et
1683 3724 1967 3780 Theodosio
1997 3742 2048 3780 vt

1204 3810 1339 3847 €088.

539 3902 774 3957 Ecclesia
807 3902 1392 3973 Constantinopolitana
1423 3907 1620 3961 dudum
1650 3908 1756 3977 igni
1785 3917 2043 3977 cremata,

470 3990 550 4044 his
580 4008 724 4047 coss.
756 4003 1054 4049 restaurata
1076 3996 1426 4064 dedicataque
1451 4007 1552 4064 est,
1586 3999 1765 4053 Attico
1793 4001 2046 4069 episcopo

477 4085 713 4137 ramdem
746 4097 966 4154 regente
997 4087 1300 4141 ecclesiam.
1349 4089 1613 4143 Lucianus
1661 4091 1938 4163 presbyter
1964 4094 2048 4146 vir

467 4182 704 4236 sanctus,
733 4176 816 4227 cui
845 4177 1118 4241 revelavit,
1138 4177 1278 4231 Deus
1301 4178 1383 4231 his
1398 4181 1724 4248 consulibus,
1753 4182 1926 4238 locum
1955 4198 2042 4236 se-

473 4262 638 4332 pulcri
670 4270 724 4316 et
754 4265 1099 4333 reliquiarum
1140 4270 1381 4337 corporis
1409 4273 1574 4323 sancti
1599 4271 1854 4340 Stephani
1889 4274 2045 4342 primi

469 4354 743 4422 martyris,
773 4354 989 4424 scripsit
1017 4356 1182 4424 ipsam
1216 4357 1594 4413 revelationem
1631 4360 1683 4414 iu
1711 4360 1901 4416 Graeco
1932 4376 2046 4416 ser—

470 4459 626 4500 mone
656 4447 723 4501 ad
751 4450 987 4502 omnium
1021 4448 1377 4504 Ecclesiarum
1411 4464 1688 4519 personas.

2162 1928 2287 1973 tunc
2335 1922 2610 1990 utriusque
2647 1939 2806 1978 sexus
2837 1925 3128 1980 vicinarum
3169 1929 3406 1996 gentium
3451 1931 3722 1994 nationes,

2159 2020 2264 2065 tam
2297 2013 2412 2066 visu
2437 2029 2594 2083 quam
2625 2017 2807 2070 auditu
2840 2020 3138 2085 perterrita:
3169 2030 3326 2088 atque
3355 2021 3612 2082 credulre,
3646 2037 3728 2073 sa-

2156 2117 2248 2157 cro
2274 2102 2472 2157 Christi
2503 2105 2651 2160 fonte
2681 2107 2876 2160 abluta:
2899 2117 3040 2176 sunt,
3071 2110 3411 2179 omniumque
3432 2110 3729 2178 baptizato-

2157 2212 2273 2249 rum
2323 2198 2374 2250 in
2425 2201 2622 2252 tunicis
2670 2214 2796 2252 crux
2830 2196 3032 2252 Christi
3077 2202 3387 2265 salvatoris,
3433 2202 3730 2255 divinitatis

2155 2297 2305 2353 nutu,
2339 2289 2606 2358 extemplo
2637 2289 2900 2358 impressa
2931 2291 3159 2349 refulsit.

2224 2402 2328 2470 (A.
2360 2399 2420 2454 C.
2454 2401 2606 2471 420.)
2633 2400 2754 2456 Ind.
2787 2417 2864 2466 ιιι,
2905 2400 3186 2456 Theodosio
3212 2419 3264 2457 ιι
3296 2413 3341 2456 et
3372 2402 3668 2458 Constantio

2831 2487 2888 2524 ιη
2918 2488 3048 2524 C088.

2225 2559 2479 2613 Romanae
2508 2559 2761 2615 Ecclesiae
2800 2561 3104 2614 Bonifacius
3133 2561 3224 2615 XL
3267 2563 3551 2630 episcopus
3583 2564 3726 2616 ordi-

2162 2663 2346 2716 natus,
2381 2651 2512 2704 vixit
2533 2652 2686 2706 annis
2717 2651 2907 2710 tribus.
2940 2653 2992 2704 In
3023 2653 3238 2707 Oriente
3269 2654 3552 2708 tumultum
3582 2654 3727 2709 mili-

2155 2754 2235 2797 tes
2261 2745 2582 2808 excitarunt,
2626 2744 3007 2812 ductoremque
3049 2759 3202 2798 suum
3247 2746 3588 2799 Maximinum
3633 2761 3729 2799 no-

2153 2837 2297 2890 mine
2347 2837 2736 2891 exstinxerunt.
2767 2836 2823 2891 ln
2852 2837 3072 2893 Perside
3104 2839 3157 2892 in
3191 2835 3519 2893 Christianos
3543 2853 3728 2908 perso-

2154 2928 2297 2981 cutio
2324 2927 2569 2983 desaevit.

2224 3038 2318 3114 (A.
2355 3039 2415 3096 C.
2443 3039 2598 3110 421.)
2627 3038 2751 3094 Ind.
2780 3055 2852 3107 IV,
2887 3038 3158 3094 Eustothio
3181 3047 3229 3095 et
3255 3040 3488 3113 Agricola
3517 3056 3650 3095 coss.

2223 3152 2558 3208 Theodosius
2579 3153 2705 3220 imp.
2729 3153 3019 3206 Eudoxiam
3031 3152 3282 3207 Achivam
3307 3153 3458 3206 duxit
3479 3169 3718 3207 uxorem.

2073 3211 2120 3274 Ο
2163 3243 2436 3298 Archadio
2482 3244 2618 3312 patri
2669 3257 2767 3295 suo
2820 3245 2870 3297 in
2903 3243 3018 3298 foro
3057 3244 3200 3313 ejus,
3234 3258 3393 3308 super
3437 3243 3721 3297 immanem

2157 3335 2485 3401 columnam,
2518 3333 2784 3402 ingentem
2833 3344 3062 3387 statuam
3097 3334 3234 3387 idem
3265 3333 3604 3387 TheodOsius
3632 3333 3721 3387 de-

2155 3429 2372 3483 dicavit.
2402 3425 2643 3482 Cisterna
2687 3426 2824 3480 Aetii
2868 3435 3168 3480 constructa
3211 3436 3308 3479 est.
3343 3424 3573 3478 Rornani
3599 3439 3718 3478 cum

2153 3521 2331 3575 Persis
2359 3519 2672 3573 conﬂixere.

2227 3631 2314 3702 (Α.
2343 3632 2404 3686 C.
2430 3628 2589 3698 422.)
2621 3625 2740 3681 Ind.
2767 3645 2819 3697 ν,
2855 3627 3085 3682 Honorio
3121 3643 3214 3682 xm
3241 3638 3286 3681 et
3310 3627 3597 3680 Theodosio
3622 3644 3654 3679 χ

2869 3715 3000 3752 €088.

2221 3813 2558 3869 Theodosius
2589 3814 2717 3881 imp.
2762 3811 3057 3864 Eudoxiam
3103 3811 3260 3862 ﬁliam
3302 3809 3504 3877 genuit.
3536 3808 3593 3861 In
3626 3811 3718 3860 tri-

2148 3905 2390 3961 cennalia
2423 3904 2662 3967 llonorii,
2689 3903 2944 3955 Maximus
2966 3911 3220 3970 tyrannus
3250 3908 3303 3953 et
3333 3899 3556 3953 Iovinus
3585 3900 3720 3952 ferro

2147 3998 2300 4064 victi,
2347 3995 2558 4049 adducti
2615 3994 2682 4047 de
2730 3993 2998 4059 Hispaniis
3041 4001 3199 4061 atque
3255 3990 3519 4044 interfecti
3573 4001 3714 4045 sunt.

2148 4087 2324 4142 Hunni
2352 4087 2633 4141 Thraciam
2680 4093 3041 4138 vastaverunt.
3075 4082 3253 4137 Persa:
3295 4097 3415 4135 cum
3466 4080 3717 4135 Romanis

2149 4195 2332 4251 pacem
2369 4180 2644 4249 pepigere.

2221 4292 2318 4363 (A.
2352 4289 2411 4346 C.
2443 4289 2591 4359 4'23.)
2624 4288 2742 4341 Ind.
2776 4303 2847 4355 vr,
2878 4285 3235 4356 Asclepiodoto
3261 4294 3308 4340 et
3350 4287 3652 4341 Mariniano

2870 4374 3000 4410 €088.

2217 4472 2537 4528 leestinus
2564 4471 2815 4524 Romana:
2836 4469 3089 4524 Ecclesia:
3118 4469 3233 4524 XLI
3261 4471 3484 4524 antistes
3502 4482 3718 4526 creatus

471 4581 559 4652 (A.
593 4581 656 4636 C.
686 4582 836 4653 416.)
865 4583 987 4638 Ind.
1022 4602 1128 4652 xiv,
1160 4585 1441 4642 Theodosio
1470 4602 1540 4640 vn
1566 4595 1611 4640 et
1638 4585 1882 4642 Palladio
1910 4606 2040 4643 coss.

2163 4579 2243 4624 est
2273 4585 2285 4620 :
2318 4566 2449 4618 vixit
2478 4578 2646 4616 annos
2675 4578 2747 4615 ix.
2779 4560 3032 4629 Evagrius
3061 4561 3275 4629 scripsit
3302 4561 3722 4617 Altercationem

538 4695 760 4750 Orosius
783 4699 1062 4765 presbyter
1096 4701 1362 4769 lliSpanici
1403 4700 1616 4770 generis
1641 4710 1844 4768 septem
1878 4702 2042 4758 libros

471 4785 827 4841 Historiarum
856 4789 1156 4860 descripsit.
1185 4793 1375 4846 Missus
1393 4793 1460 4846 ab
1477 4793 1771 4859 Augustino
1793 4793 2043 4862 episcopo

472 4877 611 4930 idem
644 4878 866 4933 Orosius
896 4896 989 4948 pro
1017 4881 1265 4936 discenda
1298 4881 1488 4935 anima:
1521 4883 1726 4934 ratione
1754 4881 1819 4934 ad
1851 4882 2041 4935 lliero-

472 4982 688 5038 nymum
723 4972 1122 5041 presbyterum,
1154 4972 1408 5041 reliquias
1447 4971 1588 5025 beati
1631 4971 1888 5038 Stephani
1921 4984 2043 5024 tunc

473 5076 642 5130 nuper
671 5063 912 5117 iuventas
935 5065 1145 5120 rediens
1188 5066 1387 5134 primus
1419 5065 1593 5118 intulit
1617 5063 1911 5118 Occidenti.
1942 5067 2040 5118 At-

474 5154 610 5206 ticus
631 5153 1252 5224 Constantinopolitanus
1291 5156 1577 5223 episc0pus
1603 5145 1820 5223 scripsit
1864 5155 1928 5207 ad
1962 5169 2046 5208 re-

472 5247 644 5315 ginas,
676 5247 927 5302 Archadii
959 5249 1272 5318 imp.iilias,
1301 5249 1369 5304 de
1398 5248 1528 5304 Fide
1566 5257 1621 5303 et
1647 5248 1960 5316 Virginitate
1985 5248 2048 5302 li-

477 5340 627 5390 brum
660 5338 812 5392 valde
839 5339 1131 5407 egregium,
1166 5339 1218 5392 in
1263 5353 1369 5408 quo
1410 5339 1741 5408 praeveniens
1770 5337 2044 5392 Nestoria-

477 5443 602 5481 num
633 5426 822 5496 dogma
855 5429 1144 5498 impugnat.

537 5539 625 5610 (A.
651 5538 713 5594 C.
745 5539 898 5609 417.)
934 5538 1056 5594 Ind.
1090 5555 1182 5607 xv,
1219 5539 1446 5593 IIonorio
1473 5555 1524 5594 ιι
1553 5547 1600 5592 et
1629 5537 1921 5593 Constantio
1953 5553 1990 5591 ιι

1199 5627 1331 5664 €088.

550 5695 808 5752 Tenebrtn
833 5700 886 5755 in
915 5700 1003 5754 die
1044 5701 1192 5754 factae
1239 5709 1382 5755 sunt.
1425 5699 1630 5770 Cybera
1661 5698 1803 5752 Asiae
1833 5697 2042 5761 civitas,

475 5785 863 5868 'sllquantaque
913 5791 1110 5859 praedia
1152 5799 1460 5846 terramotu
1491 5791 1757 5845 demersa.
1792 5786 2046 5842 Romanae

2145 4660 2316 4717 ,ιιιᾱωὶ
2356 4656 2591 4712 Simonis
2643 4663 2698 4708 et
2745 4653 3024 4722 The0phili
3061 4653 3385 4717 Christiani,
3430 4669 3554 4720 qua:
3585 4669 3720 4723 pene

2145 4751 2396 4808 omnibus
2425 4759 2546 4802 nota
2576 4756 2678 4801 est.
2712 4746 3078 4800 Terrtemotus
3135 4745 3315 4798 multis
3347 4745 3396 4797 in
3439 4746 3574 4798 locis
3605 4746 3722 4808 fuit,

2146 4851 2200 4896 et
2227 4843 2430 4910 frugum
2480 4838 2656 4892 inedia
2698 4837 3004 4891 subsecuta.
3038 4837 3313 4904 Philippus
3351 4846 3406 4889 et
3438 4837 3722 4892 Sallustius

2147 4931 2447 5001 philosophi
2481 4931 2667 4982 morbo
2693 4929 2985 4997 perierunt.
3021 4928 3182 4984 Stella
3211 4943 3353 4994 sape
3383 4927 3722 4982 ardentecrh

2151 5025 2260 5077 nita
2289 5023 2559 5077 Honorius
2591 5015 2718 5089 imp.
2752 5023 2914 5077 fatale
2951 5039 3145 5076 munus
3177 5022 3434 5089 implevit.

2255 5133 2358 5203 (A.
2391 5131 2449 5187 C.
2473 5129 2625 5203 424.)
2659 5130 2781 5186 Ind.
2807 5148 2898 5198 vn,
2939 5132 3143 5188 Victore
3173 5144 3218 5187 et
3257 5131 3461 5187 Castino
3484 5151 3613 5189 coss.

2223 5243 2452 5298 Placidia
2503 5254 2674 5298 mater
2725 5244 3083 5298 Valentiniani
3139 5245 3372 5314 Augusta
3419 5259 3718 5313 nuncupata
3771 5236 3774 5239 ’

2152 5344 2252 5390 est.
2304 5334 2711 5388 Valentinianus
2759 5333 2939 5388 Caesar
2990 5346 3201 5389 creatus
3251 5336 3537 5390 Theodosii
3594 5338 3718 5404 imp.

2155 5426 2443 5482 Eudoxiam
2495 5425 2654 5478 filiam
2696 5425 2911 5480 sibimet
2961 5426 3321 5496 desponsavit.
3361 5426 3597 5482 Joannes
3641 5442 3716 5478 res

2151 5532 2311 5585 gnum
2332 5515 2672 5570 Occidentale
2703 5517 2937 5570 llonorio
2963 5517 3211 5572 defuncto
3237 5519 3450 5572 invasit.

2153 5631 2250 5698 (A.
2285 5630 2342 5684 Ο.
2375 5629 2525 5699 425.)
2558 5631 2678 5684 Ind.
2704 5646 2822 5695 vln,
2857 5629 3144 5684 Theodosio
3177 5646 3234 5684 χι
3263 5641 3309 5683 et
3358 5630 3714 5684 Valentiniane

2760 5701 2958 5755 Βίτωνι
2985 5716 3113 5754 coss.

2225 5790 2393 5859 Supra
2418 5789 2558 5846 fatus
2580 5793 2807 5848 Joannes
2823 5792 2947 5849 dolo
2963 5791 3148 5859 potius
3168 5790 3463 5848 Ardahuris
3482 5805 3530 5848 et
3554 5794 3711 5852 Aspa-
