4064 6190
319 396 426 455 925

1745 398 2148 460 CHRONICON.

3468 421 3597 479 sas-

320 513 396 567 ris
490 523 648 578 quam
694 508 895 564 virtute
939 506 1217 564 occiditur.
1270 506 1678 566 Valentinianus
1721 510 1903 581 iunior
1926 514 1981 573 Α
2044 515 2133 586 (A.
2164 514 2227 573 C.
2260 516 2411 591 455.)
2441 519 2567 577 Ind.
2596 539 2636 593 ι,
2658 522 2945 581 Theodosio
2967 544 3055 582 xiv
3082 539 3128 583 et
3159 529 3385 585 Maximo
3406 550 3535 588 coss.

318 601 458 674 apud
481 600 791 656 Ravennam
824 600 995 656 factus
1016 610 1097 655 est
1123 603 1445 671 imperator.

320 711 419 784 (A.
449 710 511 767 C.
544 709 703 781 426.)
729 709 856 766 Ind.
903 727 978 776 ιι,
1028 712 1317 769 Theodosio
1343 729 1418 768 xu
1447 722 1495 769 et
1535 711 1895 772 Valentiniano

938 797 978 837 ιι
1005 799 1138 837 €088.
1426 810 1433 817 '

386 875 653 931 Sisinnius
672 875 756 930 vir
778 883 977 929 sanctae
1002 876 1357 944 simplicitatis
1386 884 1441 931 et
1468 876 1728 946 simplicis
1765 890 1890 932 san-

316 968 541 1034 ctitatis,
566 967 1192 1037 Constantinopolitanus
1220 970 1504 1039 episcopus
1530 969 1703 1024 factus
1718 977 1821 1025 est.

427 1080 517 1151 (A.
548 1079 611 1135 ϐ.
633 1079 785 1151 427.)
817 1079 940 1133 Ind.
965 1097 997 1137 x
1020 1120 1035 1146 ,
1061 1081 1244 1135 Hierio
1269 1063 1319 1136 et
1358 1082 1626 1136 Ardabure
1654 1099 1787 1136 coss.

387 1169 701 1234 Pannonias,
717 1187 834 1239 qua:
864 1187 959 1239 per
977 1173 1362 1243 quinquaginta
1386 1172 1576 1245 [ChiﬁL
1598 1173 1894 1246 sexaginta]

315 1274 487 1316 annos
516 1262 585 1315 ab
631 1262 835 1316 Hunnis
862 1264 1262 1330 retinebantur,
1294 1279 1324 1318 a
1367 1263 1626 1321 Romanis
1663 1276 1895 1336 recepta:

314 1363 463 1410 sunt.
492 1353 741 1409 Thermte
764 1353 1149 1409 Theodosianae
1178 1355 1465 1411 dedicatae.

477 1466 569 1539 (Α.
597 1465 658 1521 C.
684 1466 838 1538 428.)
870 1465 994 1520 Ind.
1020 1483 1093 1529 ιι,
1126 1465 1304 1523 Felice
1331 1478 1379 1522 et
1402 1468 1578 1524 Tauro
1605 1488 1736 1526 coss.

384 1557 663 1614 Nestorius
700 1558 981 1614 Antiochia
1010 1570 1195 1623 natus,
1240 1561 1324 1614 vir
1369 1564 1500 1617 satis
1527 1563 1740 1632 quidem
1782 1564 1897 1620 elo-

317 1655 577 1717 quentim,
611 1650 886 1719 sapientiae
914 1666 1045 1705 vero
1087 1667 1272 1719 parum
1314 1654 1549 1721 habens,
1590 1654 1896 1710 Constanti—

316 1739 642 1807 nopolitanis
682 1740 969 1794 admodum
1003 1740 1366 1798 adnitentibus
1391 1783 1406 1808 ,
1455 1758 1521 1799 ex
1578 1747 1894 1816 presbytero

314 1828 600 1897 episcopus
629 1831 907 1885 ordinatus
937 1843 1039 1886 est.
1064 1831 1362 1887 Beatissimi
1377 1834 1601 1889 Joannis
1628 1835 1887 1905 episcopi,

311 1919 516 1977 dudum
547 1923 806 1977 malorum
838 1924 1212 1994 episcoporum
1244 1925 1441 1980 invidia
1471 1926 1720 1992 exsulati,
1749 1928 1889 1997 apud

316 2016 635 2069 comitatum
664 2017 828 2084 cmpit
857 2019 1114 2072 memoria
1149 2017 1411 2074 celebrari
1434 2033 1619 2076 mense
1647 2020 1891 2091 Septem-

314 2105 435 2161 brio
461 2105 549 2161 die
579 2121 707 2161 xxvt
740 2105 929 2178 [Chi/71.
951 2107 1103 2180 xxv].

348 2217 450 2289 (A.
481 2215 543 2274 C;
575 2216 729 2285 429.)
752 2216 874 2271 Ind.
910 2235 1010 2281 xu,
1045 2218 1347 2275 Florentino
1372 2230 1422 2276 et
1449 2220 1697 2294 Dionysio
1718 2240 1850 2278 coss.

382 2308 679 2363 Ortbodoxi
702 2311 871 2364 nostri
900 2310 1405 2367 Macedonianorum
1432 2313 1714 2369 ecclesiam
1738 2325 1890 2372 extra

310 2414 499 2457 muros
552 2401 705 2456 urbis
756 2404 984 2471 positam
1039 2404 1395 2473 abstulerunt,
1427 2410 1677 2477 quoniam
1729 2410 1887 2465 iidem

278 2518 281 2521 -
309 2491 678 2548 Macedoniani
710 2496 1041 2549 Antoninum
1075 2494 1289 2552 Germis
1318 2499 1639 2553 catholicum
1680 2503 1889 2569 episco-

308 2595 437 2650 pum
485 2583 890 2637 interfecerunt.
939 2583 1286 2640 Beatissimus
1332 2585 1659 2657 Augustinus
1687 2589 1888 2659 Hippo-

308 2672 494 2727 nensis
524 2672 776 2729 Ecclesia:
802 2676 1230 2746 elegantissimus
1252 2676 1451 2733 Christi
1477 2681 1752 2748 sacerdos,
1783 2682 1885 2737 do-

304 2776 530 2834 ctorque
557 2766 880 2837 praecipuus,
924 2779 1097 2823 morte
1119 2769 1322 2834 placida
1352 2770 1573 2839 quievit.

307 2878 399 2949 (A.
428 2880 491 2933 C.
523 2880 679 2953 450.)
708 2879 832 2938 Ind.
865 2898 982 2946 xm,
1009 2883 1297 2939 Theodosio
1326 2900 1420 2940 xttt
1445 2895 1492 2940 et
1519 2885 1884 2943 Valentiniano

990 2969 1047 3007 Ill
1075 2970 1205 3007 €088.

377 3040 713 3097 Theodosius
760 3043 889 3110 imp.
941 3044 1255 3099 tricennalia
1305 3047 1488 3116 gessit.
1544 3049 1694 3104 Felix
1740 3050 1881 3119 apud

306 3129 616 3186 Ravennam
648 3134 928 3188 occiditur.
962 3134 1281 3191 lecstinus
1311 3139 1565 3193 Romana:
1584 3142 1723 3196 arcis
1750 3157 1883 3211 pon-

2069 628 2298 684 Maxima
2330 631 2477 688 urbis
2506 635 2666 704 regiae
2697 651 2822 706 pars
2860 640 3297 708 septentrionalis
3342 659 3438 711 per
3467 654 3576 701 tres

1996 719 2116 775 dies
2142 723 2425 778 continuos
2455 723 2705 796 incensa,
2744 729 3089 800 collapsaque
3125 742 3208 787 est
3242 749 3428 789 mense
3460 735 3575 790 Au-

1994 825 2172 884 gusto.

2104 906 2192 973 (A.
2222 904 2283 961 ϐ.
2311 906 2466 978 454.)
2488 909 2612 963 Ind.
2643 927 2702 976 ιι,
2735 912 3015 968 Ariobindo
3041 924 3089 969 et
3119 917 3312 987 Aspare
3334 935 3464 973 coss.

2068 1018 2302 1075 Honoria
2332 1022 2691 1078 Valentiniani
2724 1027 2851 1092 imp.
2888 1041 3042 1086 soror
3081 1029 3149 1083 ab
3185 1030 3423 1099 Eugenio
3451 1047 3573 1101 pro-

1995 1119 2244 1165 curatore
2270 1128 2367 1166 suo
2395 1124 2634 1179 stuprata
2665 1119 2945 1185 concepit,
2983 1121 3284 1189 palatioque
3319 1124 3570 1191 expulsa,

1995 1198 2300 1256 Theodosio
2343 1205 2675 1273 principi‘de
2719 1207 2863 1261 Italia
2900 1212 3237 1275 transmissa,
3280 1214 3567 1268 Attilanem

1995 1298 2185 1344 contra
2213 1293 2604 1347 occidentalem
2637 1297 3018 1365 rempublicam
3047 1303 3348 1357 concitabat
3378 1303 3572 1375 [Aliqui

1995 1381 2144 1433 codd.
2175 1386 2510 1453 transmissa,
2539 1386 2678 1441 male
2704 1389 2847 1442 enim
2870 1400 3057 1445 contra
3081 1407 3195 1447 occ.
3226 1410 3394 1464 remp.
3426 1398 3574 1468 cogi-

1996 1470 2184 1542 tabat].

1998 1555 2086 1629 (A.
2118 1558 2179 1615 C.
2202 1560 2355 1635 455.)
2387 1563 2514 1620 Ind.
2545 1582 2626 1637 tu,
2652 1566 2939 1624 Theodosio
2965 1587 3034 1627 xv
3063 1582 3109 1626 et
3136 1572 3494 1631 Valentiniano
3518 1592 3572 1635 tv

2723 1656 2855 1693 €088.

2066 1720 2264 1777 Forum
2294 1724 2583 1783 Theodosii
2614 1729 2746 1797 imp.
2776 1731 2828 1785 in
2858 1732 2976 1787 loco
2998 1734 3085 1801 qui
3110 1734 3345 1791 Helianm
3375 1738 3571 1794 dicitur

1997 1814 2319 1872 aedificatum
2360 1829 2461 1873 est.
2499 1821 2849 1878 Sebastianus
2888 1825 3146 1881 Bouilacii
3178 1830 3444 1898 quondam
3478 1846 3570 1900 pa-

1998 1907 2135 1962 tricii
2167 1925 2340 1979 gener
2373 1913 2503 1969 urbe
2533 1916 2774 1984 Augusta
2802 1916 2960 1986 fugit,
2992 1928 3149 1988 atque
3180 1908 3233 1974 i'n
3265 1920 3441 1977 Africa
3484 1924 3568 1977 in-

1998 2007 2290 2069 teremptus
2316 2011 2419 2057 est.

2099 2111 2186 2185 (A.
2217 2111 2278 2168 C.
2311 2112 2465 2184 456.)
2494 2114 2616 2170 Ind.
2650 2133 2726 2187 tv,
2758 2118 2963 2175 Isidoro
2985 2130 3031 2174 et
3053 2120 3304 2177 Senatore
3328 2140 3459 2179 coss.

2061 2225 2394 2283 Theodosius
2421 2229 2549 2299 imp.
2579 2233 2830 2301 Cyzicum
2863 2233 3133 2289 civitatem
3158 2236 3383 2293 navibus
3414 2239 3564 2307 petit,

1990 2318 2262 2388 multaque
2283 2319 2455 2374 eidem
2482 2321 2682 2376 civitati
2707 2324 3073 2405 munificentia
3099 2328 3353 2396 praestita,
3379 2328 3564 2385 urbem

1988 2409 2281 2483 Augustam
2306 2414 2671 2482 renavigavit.

2079 2527 2169 2597 (A.
2200 2527 2262 2581 C.
2292 2526 2446 2597 457.)
2480 2526 2603 2583 Ind.
2636 2544 2689 2595 v,
2722 2529 2866 2585 Aetio
2893 2546 2930 2586 ιι
2957 2542 3004 2586 et
3030 2531 3323 2603 Sigisvuldo
3348 2549 3479 2591 coss.

2061 2637 2470 2693 Valentinianus
2501 2638 2631 2707 imp.
2669 2638 2834 2694 Roma
2866 2641 3166 2711 digressus,
3200 2643 3266 2697 ad
3302 2646 3564 2713 copulan-

1987 2726 2109 2782 dam
2144 2729 2246 2783 sibi
2272 2728 2324 2782 in
2356 2729 2758 2784 matrimonium
2791 2732 3085 2787 Eudoxiam
3107 2734 3393 2789 Theodosii
3418 2737 3564 2804 prin-

1985 2821 2124 2890 cipis
2154 2820 2316 2874 ﬁliam
2347 2835 2505 2889 quam
2541 2821 2740 2876 dudum
2772 2822 3227 2893 desponsaverat,
3259 2825 3564 2881 Constanti-

1986 2912 2219 2982 nopolim
2249 2912 2485 2980 advenit,
2517 2928 2690 2985 eaque
2720 2916 2820 2971 sibi
2848 2925 3036 2986 nupta,
3063 2919 3202 2988 apud
3224 2918 3564 2975 Thessaloni-

1984 3018 2101 3058 cam
2126 3004 2330 3058 Italiam
2363 3014 2614 3074 repetens
2640 3006 2918 3062 hiemavit.

2019 3135 2108 3206 (A.
2136 3136 2197 3191 C.
2228 3135 2383 3205 458.)
2409 3135 2533 3191 Ind.
2564 3152 2639 3203 vt,
2671 3138 2956 3193 Theodosio
2981 3143 3065 3194 xvt
3092 3149 3139 3193 et
3169 3137 3371 3195 Fausto
3395 3157 3525 3196 coss.

303 3221 458 3289 ῑίΐθι,
473 3222 722 3277 Νεείοΐίο
736 3226 1011 3290 βΐθνίῑεῑῖε
1029 3227 1283 3296 episcopo
1301 3243 1396 3297 Per
1411 3231 1687 3298 θβίειοίθῐη
1705 3248 1876 3299 suam,
1908 3238 1952 3301 C
2052 3246 2301 3303 Cotradis
2323 3247 2512 3321 [σιτίῃι.
2537 3248 2843 3321 Contradis]
2866 3252 3050 3321 praedo
3070 3268 3191 3307 cum
3220 3255 3404 3323 piratis
3426 3256 3562 3310 suis-

303 3314 446 3368 datis
466 3315 638 3370 eidem
659 3332 689 3371 x
717 3318 927 3372 dierum
953 3319 1202 3386 induciis,
1229 3322 1313 3375 vel
1338 3325 1615 3391 pmnitenti
1643 3327 1872 3395 veniam,

299 3407 391 3460 vel
419 3406 753 3463 dissentienti
782 3408 1178 3465 damnationem
1206 3412 1502 3468 denuntiat.
1527 3415 1669 3470 Idem
1690 3418 1881 3473 Nesto-

298 3497 417 3552 rius
441 3498 694 3554 Ecclesiae
718 3498 1320 3571 Constantinopolitanm
1359 3507 1592 3575 perﬁdus
1628 3512 1875 3579 antistes,

297 3603 332 3643 a
362 3605 471 3657 quo
514 3600 569 3645 et
592 3591 905 3648 Nestoriana
938 3595 1154 3664 perﬁdia
1196 3599 1500 3666 pullulavit,
1531 3602 1668 3671 apud
1700 3604 1877 3673 Ephe-

296 3692 419 3733 sum
448 3679 801 3738 ducentorum
836 3698 1142 3740 sanctorum
1173 3687 1387 3743 Patrum
1417 3695 1681 3748 sententia
1706 3695 1758 3749 in
1788 3710 1877 3766 sy-

295 3772 443 3826 nodo
466 3773 855 3830 condemnatus
882 3787 999 3843 est,
1026 3778 1320 3836 Caelestino
1348 3780 1607 3854 Cyrillum
1638 3786 1874 3844 Alexan-

294 3861 467 3919 drina:
486 3866 716 3923 civitatis
740 3870 1052 3939 episcopum
1084 3888 1180 3939 pro
1218 3884 1459 3943 tempore
1484 3878 1748 3933 vicarium
1776 3881 1873 3936 de-

294 3954 577 4010 nuntiante
610 3972 624 4009 :
655 3958 707 4011 in
729 3958 905 4015 locum
934 3960 1168 4017 Nestorii
1214 3963 1562 4023 Maximianus
1588 3971 1874 4041 episcopus

292 4052 379 4097 est
407 4045 751 4116 subrogatus.

405 4133 493 4204 (A.
519 4137 581 4191 C.
610 4139 764 4207 451.)
790 4137 915 4195 Ind.
944 4158 1051 4209 xtv,
1076 4144 1324 4199 Antiocho
1350 4156 1397 4201 et
1418 4147 1581 4205 Basso
1610 4168 1742 4208 coss.

362 4223 581 4281 Flacilla
608 4227 896 4285 Theodosii
922 4237 1143 4303 Augusti
1175 4237 1276 4290 lilia
1293 4248 1595 4298 extremum
1622 4246 1871 4314 spiritum

288 4315 446 4373 fudit.
474 4320 694 4377 Barbari
722 4324 853 4380 urbe
882 4336 1103 4397 augusta
1125 4331 1339 4385 enutriti
1366 4332 1433 4387 ad
1464 4337 1867 4395 ecclesiam‘no-

286 4420 457 4465 stram
487 4412 666 4469 hostili
697 4416 800 4471 ritu
829 4421 1111 4475 conﬂuunt
1137 4437 1153 4479 :
1190 4422 1364 4491 ignem
1397 4427 1449 4480 in
1490 4429 1772 4486 ecclesiam
1800 4433 1865 4488 ad

286 4504 710 4561 comburendum
754 4510 924 4565 altare
953 4512 1079 4567 dum
1128 4514 1307 4569 infesti
1341 4517 1582 4586 jaciunt,
1635 4521 1862 4579 invicem

1980 3353 2084 3409 que
2120 3339 2433 3415 comitibus"
2473 3351 2662 3411 captus
2703 3343 3121 3412 interfectusque
3160 3355 3263 3399 est.
3304 3344 3563 3416 Reliquias

1979 3431 2276 3487 beatissimi
2307 3432 2561 3501 Joannis,
2594 3436 2849 3504 Augusta:
2880 3436 3027 3490 urbis
3055 3438 3322 3506 quondam
3352 3439 3561 3507 episco-

1980 3522 2054 3592 pi,
2086 3522 2259 3577 eidem
2292 3524 2516 3579 redditae
2545 3525 2745 3579 civitati
2777 3525 2958 3594 ibique
2987 3527 3232 3595 sepultae,
3263 3542 3449 3582 mense
3472 3527 3560 3581 Ja-

1980 3614 2172 3667 nuario
2210 3615 2298 3669 die
2332 3631 2521 3669 xxviii.
2551 3615 2960 3672 Valentinianus
2990 3617 3119 3687 imp.
3155 3632 3277 3673 cum
3318 3616 3558 3674 Eudoxia

1979 3719 2150 3758 uxore
2179 3704 2489 3758 Ravennam
2518 3706 2791 3775 ingressus
2819 3717 2920 3760 est.
3000 3716 3009 3725 '

1979 3817 2069 3890 (A.
2098 3817 2163 3873 C.
2192 3816 2343 3887 459.)
2376 3817 2499 3872 Ind.
2532 3834 2642 3885 vn,
2674 3817 2963 3873 Theodosio
3002 3835 3111 3874 xvu
3149 3828 3197 3874 et
3234 3818 3390 3875 Festo
3418 3837 3553 3879 coss.

2044 3929 2379 3985 Theodosius
2408 3931 2535 3999 imp.
2568 3940 2754 3986 octava
2782 3933 3198 4002 quinquennalia
3222 3934 3409 3989 edidit.
3441 3934 3551 3991 Eu-

1974 4020 2132 4075 doxia
2163 4037 2299 4076 uxor
2329 4020 2618 4077 Theodosii
2660 4024 2917 4093 principis
2946 4026 3012 4079 ab
3045 4025 3432 4097 Hierosolymis
3457 4042 3553 4083 ur-

1974 4109 2097 4165 bem
2146 4111 2350 4181 regiam
2398 4113 2689 4177 remeavit,
2742 4112 3039 4169 beatissimi
3092 4114 3345 4184 Stephani
3396 4118 3552 4186 primi

1972 4203 2231 4275 martyris
2272 4204 2531 4273 reliquias
2568 4220 2687 4276 quae
2724 4206 2778 4260 in
2814 4205 3033 4261 basilica
3069 4208 3238 4262 sancti
3281 4208 3552 4264 Laurentii

1973 4295 2159 4363 positae
2196 4305 2547 4356 venerantur.
2598 4312 2778 4353 secum
2828 4298 3098 4355 deferens.
3150 4301 3263 4355 Hoc
3308 4310 3552 4371 tempore

1970 4384 2295 4442 Gensericus
2331 4404 2426 4443 rex
2458 4388 2848 4444 Wandalorum
2880 4390 3075 4445 Africae
3111 4393 3388 4457 civitates,
3420 4390 3551 4447 Car-

1968 4478 2345 4549 thaginemque
2377 4480 2717 4549 metropolim
2750 4496 2870 4535 cum
2902 4483 3014 4536 suis
3044 4481 3367 4537 satellitibus
3396 4498 3550 4539 occu-

286 4609 429 4661 sese.
460 4598 744 4656 resistente
768 4601 900 4664 Deo.
928 4567 1865 4680 trucidant._llodtempoi-e
1892 4608 1945 4668 D
1971 4569 2116 4637 pm!
2143 4584 2176 4623 ³
2201 4567 2416 4624 kalend“
2446 4570 2789 4625 Novembri“

286 4685 480 4742 horrea
506 4691 716 4758 publica
734 4693 1071 4749 Theodosius
1099 4713 1403 4766 processum
1431 4704 1684 4771 celebrat,
1705 4708 1865 4762 tritici

283 4776 339 4831 in
367 4779 523 4847 plebe
562 4781 843 4851 ingruente
874 4787 1115 4854 penuria,
1152 4788 1444 4860 imperator
1484 4795 1551 4850 ab
1593 4799 1865 4857 esuriente

283 4871 485 4938 populo
514 4872 782 4942 lapidibus
804 4877 1102 4948 impetitur.

433 4983 536 5051 (A.
568 4984 630 5040 (Ξ.
658 4988 809 5059 432.)
842 4988 965 5047 Ind.
992 5008 1080 5060 xv,
1112 4991 1317 5049 Valerio
1346 5005 1394 5050 et
1418 4996 1563 5052 Aetio
1587 5016 1718 5055 coss.

352 5072 610 5131 Romanae
642 5078 895 5135 Ecclesiae
924 5081 1126 5153 Xysms
1151 5085 1288 5140 XLII
1317 5089 1598 5160 episcOpns
1640 5094 1856 5148 ordina-

282 5171 391 5227 tus,
423 5164 559 5219 vixit
596 5171 752 5223 annis
804 5187 918 5225 vm.
972 5172 1221 5230 Placidia:
1272 5180 1455 5232 matris
1504 5180 1858 5241 Valentiniani

280 5254 414 5323 imp.
448 5256 735 5328 instinctu,
781 5263 969 5332 ingens
1018 5265 1213 5321 bellum
1269 5270 1408 5324 inter
1450 5272 1775 5329 Bonifacium
1805 5288 1859 5333 et

281 5346 496 5402 Aetium
523 5352 773 5418 patricios
793 5365 1000 5422 gestum
1028 5366 1129 5412 est.
1164 5358 1350 5415 Aetius
1380 5362 1618 5431 longiore
1648 5367 1857 5424 Bonifa-

280 5439 351 5491 cii
398 5440 503 5494 telo
546 5443 717 5511 pridie
745 5444 960 5502 sibimet
1002 5460 1336 5519 praeparato,
1369 5454 1699 5514 Bonifacium
1728 5475 1857 5516 con-

277 5529 612 5597 gredientem
646 5536 943 5591 vulneravit
974 5538 1208 5607 illaesus;
1244 5546 1507 5616 tertioque
1546 5566 1731 5606 mense
1760 5554 1859 5607 Bo-

278 5621 506 5678 nifacius
528 5627 749 5683 vulnere
774 5645 880 5698 quo
905 5634 1173 5689 sauciatus
1199 5636 1369 5693 fuerat
1397 5644 1676 5707 emoritur,
1706 5644 1858 5700 Pela-

274 5715 418 5781 giam
444 5730 665 5773 uxorem
688 5733 838 5775 suam
867 5723 1019 5778 valde
1040 5724 1384 5799 locupletem,
1410 5732 1539 5789 nulli
1568 5733 1719 5790 alteri
1750 5737 1857 5793 nisi

276 5804 438 5864 Aetio
464 5815 523 5863 ut
552 5809 780 5868 nuberet
802 5814 1112 5874 exhortans.

1969 4701 2063 4770 (A.
2091 4700 2151 4754 C.
2178 4700 2330 4771 440.)
2355 4700 2478 4755 Ind.
2503 4717 2618 4768 vm,
2648 4700 3012 4755 Valentiniano
3031 4718 3063 4754 v
3083 4711 3129 4755 et
3155 4704 3392 4759 Anatolio
3414 4722 3544 4761 coss.

2038 4811 2294 4866 Paulinus
2331 4814 2584 4881 magister
2624 4813 2923 4867 officiorum
2966 4815 3019 4868 in
3058 4814 3305 4872 Ca-sarea
3334 4819 3511 4889 Cappa

1967 4902 2161 4967 docim,
2188 4903 2415 4972 jubente
2442 4903 2747 4957 Theodosio
2775 4906 3036 4975 principe,
3063 4907 3413 4978 interemptus
3436 4919 3519 4966 est

1967 4992 2225 5048 Romana:
2253 4992 2508 5048 Ecclesiae
2539 4993 2647 5049 Leo
2674 4994 2836 5050 XLIII
2863 5013 2996 5068 papa
3026 5008 3260 5068 creatus,
3287 5002 3420 5056 vixit
3443 5017 3541 5060 an-

1967 5101 2067 5142 DOS
2096 5102 2205 5142 ιιι.

2218 5174 2309 5245 (Α.
2342 5175 2406 5232 C.
2435 5178 2585 5249 441.)
2619 5177 2738 5231 Ind.
2774 5196 2860 5248 rx,
2893 5180 3025 5252 Cyro
3055 5184 3165 5236 solo
3184 5201 3289 5239 cos.

2035 5287 2244 5353 Persas,
2296 5290 2614 5357 Sarraceni,
2662 5293 2827 5346 Ζειιηί
2874 5293 2979 5363 [ΑΙ.
3028 5292 3291 5366 Tzauni],
3338 5295 3532 5366 Isauri,

1965 5378 2381 5441 Hunni,linibus
2421 5382 2535 5435 suis
2574 5384 2796 5451 egressi,
2838 5382 3198 5437 Romanorum
3229 5387 3342 5440 sola
3359 5400 3534 5441 vasta-

1965 5479 2111 5524 runt.
2141 5469 2284 5524 Missi
2315 5480 2442 5527 sunt
2477 5484 2661 5527 contra
2696 5474 2797 5528 hos
2827 5476 3107 5528 Anatolius
3136 5486 3187 5530 et
3215 5476 3391 5545 Aspar
3426 5497 3536 5535 ma-

1958 5562 2110 5631 gistri
2146 5562 2381 5629 militiae,
2418 5578 2710 5633 pacemque
2747 5580 2867 5619 cum
2906 5566 2986 5619 eis
3025 5566 3184 5621 unius
3220 5569 3345 5623 anni
3390 5570 3535 5626 fece-

1959 5659 2103 5706 runt.
2132 5651 2368 5707 Joannes
2399 5653 2619 5709 natione
2646 5652 2971 5721 Wandalus,
3003 5657 3362 5729 magisterque
3391 5660 3533 5717 mili-

1957 5741 2046 5796 tiae
2062 5783 2076 5809 ,
2100 5743 2400 5813 Arnegiscli
2422 5742 2529 5815 [AL
2555 5745 2853 5803 Arnitiscli.
2873 5746 3024 5802 Corb.
3043 5749 3331 5824 Argenisli]
3351 5753 3535 5810 fraude

1958 5833 2012 5889 in
2044 5833 2271 5890 Thracia
2302 5836 2655 5906 interemptus
2679 5848 2784 5895 est.
2816 5839 3131 5899 Hunnorum
3158 5855 3312 5913 teges
3339 5858 3529 5899 nutrc-
