4032 6186
483 355 603 432 ρετ

1771 346 2180 406 MARCELLINI
2220 346 2491 406 COMITIS

3640 348 3758 402 πλε

497 470 635 526 rosis
674 481 890 524 suorum
921 480 1042 520 cum
1077 464 1312 519 millibus
1344 464 1398 519 in
1432 462 1705 536 Illyricum
1742 464 2061 519 irruerunt:
2093 467 2147 526 Α
2170 476 2406 529 amnem,
2448 463 2516 516 ab
2549 461 2711 516 Attila
2751 474 2899 532 rege,
2939 459 3164 517 viriliter
3200 476 3465 532 pugnans,
3500 462 3756 534 plurimis

497 560 744 623 Naisum,
783 556 1150 626 Singidinum,
1191 556 1432 624 aliasque
1463 555 1737 624 civitates,
1770 554 2072 625 oppidaque

498 649 694 720 Illyrici
725 649 951 718 plurima
982 647 1318 703 exciderunt.

601 759 690 830 (A.
721 757 780 814 C.
809 757 962 828 442.)
998 756 1115 811 Ind.
1147 774 1200 822 x,
1232 757 1470 812 Eudoxio
1493 768 1539 812 et
1563 756 1811 812 Dioscoro
1831 774 1964 811 coss.

567 870 734 924 Stella
763 884 880 938 qua:
917 869 1107 923 crinita
1146 869 1361 934 dicitur,
1402 884 1498 938 per
1536 869 1822 938 plurimum
1862 880 2072 938 tempus

497 962 692 1015 ardens
723 963 986 1029 apparuit.
1018 960 1180 1014 Blcda
1211 971 1266 1014 et
1292 961 1476 1025 Attila,
1512 963 1725 1027 fratres,
1757 962 2071 1016 multarum-

495 1068 601 1121 que
638 1054 871 1120 gentium
914 1066 1099 1121 reges,
1158 1051 1432 1121 Illyricum
1476 1052 1869 1122 Thraciamque
1903 1053 2072 1123 depo-

498 1144 668 1212 pulati
699 1154 843 1197 sunt.

500 1235 588 1306 (A.
612 1237 673 1289 C.
703 1234 851 1305 445.)
883 1234 1008 1288 Ind.
1033 1251 1085 1289 ιι
1113 1234 1344 1374 Maxlimo
1369 1250 1404 1288 ιι
1431 1244 1478 1290 et
1501 1234 1710 1289 Paterio
1740 1233 1870 1308 [Seu
1889 1235 2073 1290 Pater-

1157 1322 1221 1357 no
1274 1322 1403 1358 coss.

1157 1322 1243 1358 nat
1274 1322 1403 1358 €088.

570 1396 663 1449 llis
686 1395 991 1450 consulibus
1017 1404 1161 1448 tanta
1188 1396 1276 1448 nix
1304 1395 1519 1463 cecidit,
1545 1404 1601 1450 ut
1621 1411 1716 1464 per
1739 1411 1833 1450 sex
1858 1412 2070 1452 menses

497 1489 585 1541 vix
625 1488 922 1555 liquescere
954 1489 1185 1555 potuerit
1229 1503 1241 1538 :
1287 1490 1449 1539 multa
1483 1487 1758 1540 hominum
1787 1497 1838 1542 et
1867 1490 2071 1542 anima-

497 1580 627 1634 lium
653 1579 819 1632 mtllia
851 1577 1065 1646 frigoris
1094 1579 1271 1645 rigore
1297 1576 1541 1631 confecta
1575 1580 1866 1646 perierunt.
1895 1578 2072 1632 Theo-

496 1671 680 1723 dosius
711 1671 839 1737 imp.
873 1683 942 1722 ex
983 1668 1186 1722 Asiana
1218 1667 1558 1737 expeditione
1599 1669 1652 1723 in
1694 1670 1881 1724 urbem
1911 1669 2068 1724 redit.

497 1761 852 1814 Thermarum
886 1775 1003 1828 qure
1030 1758 1287 1813 Achilleae
1316 1759 1586 1824 dicuntur,
1616 1761 1868 1813 encaenia:
1892 1760 2068 1817 factas.

496 1875 588 1943 (A.
617 1872 678 1928 C.
708 1872 862 1944 444.)
893 1871 1016 1926 Ind.
1050 1888 1146 1933 xit,
1177 1871 1460 1927 Theodosio
1488 1889 1616 1927 xvut
1637 1884 1684 1927 et
1710 1875 1916 1928 Alberto
1939 1892 2070 1930 coss.

566 1990 902 2044 Theodosius
949 1990 1200 2059 princeps
1244 2005 1385 2043 nona
1432 1990 1853 2060 quinquennalia
1903 1992 2069 2047 dedit.

495 2080 765 2135 Archadia
809 2095 966 2134 soror
993 2081 1280 2134 Theodosii
1317 2081 1532 2135 vivendi
1571 2084 1733 2136 finem
1775 2083 1923 2137 fecit.
1963 2085 2074 2138 Ali-

494 2181 691 2241 quanta
726 2171 989 2237 Bithyniae
1029 2171 1224 2240 Oppida
1263 2181 1423 2240 atque
1457 2172 1656 2240 praedia
1694 2175 2069 2230 continuarum

495 2264 550 2316 vi
570 2263 723 2332 longa
746 2263 1066 2331 pluviarum,
1081 2271 1135 2316 et
1155 2262 1436 2317 fluviorum
1460 2263 1806 2321 inundatione
1824 2282 2072 2323 crescen-

494 2355 668 2420 tium,
724 2354 974 2423 sublapsa
1037 2354 1403 2424 dissolutaque
1465 2359 1760 2426 perierunt.
1814 2361 2069 2416 Severqu

494 2445 867 2516 presbyterum
898 2456 952 2499 et
980 2445 1240 2500 Joannem
1267 2447 1556 2500 diaconum
1584 2449 1837 2503 Endoxiaa
1871 2452 2070 2521 regina:

494 2536 635 2602 apud
680 2536 880 2589 [Eliam
924 2537 1109 2590 urbem
1153 2537 1540 2603 ministrantes,
1585 2538 1780 2594 missus
1822 2541 1887 2596 ab
1940 2544 2067 2612 imp.

495 2628 809 2682 Theodosio
838 2629 1158 2684 Saturninus
1187 2645 1374 2685 comes
1404 2633 1823 2687 domesticorum
1851 2635 2069 2690 occidit.

496 2719 740 2774 Eudoxia
773 2723 954 2777 nescio
981 2739 1086 2791 quo
1115 2725 1287 2777 excita
1318 2725 1506 2779 dolore
1532 2725 1880 2781 Saturninum
1911 2729 2074 2795 proti-

497 2826 597 2863 nus
633 2812 973 2865 obtruncavit
1005 2829 1018 2865 :
1052 2813 1338 2882 statimque
1369 2815 1543 2870 mariti
1578 2817 1707 2886 imp.
1736 2829 1887 2880 nutu,
1912 2819 2073 2886 regiis

497 2901 724 2966 spoliata
771 2902 1033 2958 ministris
1070 2904 1210 2975 apud
1258 2905 1457 2961 Ellam
1499 2907 1768 2963 civitatem
1812 2911 2073 2964 moritura

499 2995 779 3048 remansit.

503 3106 594 3178 (A.
625 3107 686 3162 C.
714 3107 865 3178 445.)
894 3106 1017 3164 Ind.
1048 3125 1167 3193 χιιι.
1203 3109 1561 3193 Valentiniano
1590 3131 1641 3170 vt
1671 3124 1718 3170 et
1746 3116 1919 3173 Nomo
1951 3118 2072 3193 [Vel

1103 3181 1300 3253 Nonio]
1334 3200 1464 3238 coss.

567 3268 729 3323 Blcda
755 3285 850 3325 rex
878 3271 1194 3327 Hunnorum
1223 3276 1400 3331 Attilae
1433 3277 1610 3333 fratris
1640 3280 1722 3334 sui
1755 3281 1964 3336 insidiis
1987 3281 2074 3336 in-

502 3363 787 3417 terimitur.
832 3367 986 3432 Apud
1032 3368 1345 3438 Byzantium
1389 3373 1630 3439 populari
1674 3382 1791 3427 orta
1841 3375 1892 3427 in
1930 3375 2076 3430 circo

502 3452 768 3507 seditione
812 3455 959 3508 multi
996 3473 1118 3512 sese
1155 3459 1386 3513 invicem
1427 3462 1769 3528 occiderunt,
1807 3466 2079 3536 multaque

505 3543 822 3597 intrinsecus
849 3541 1036 3616 [Chi/Il.
1077 3549 1435 3622 extrinsecus]
1477 3551 1751 3608 hominum
1785 3556 2078 3624 pecudum-

504 3648 608 3701 que
639 3634 827 3688 morbo
857 3650 1078 3706 corpora
1108 3641 1401 3708 perierunt.

506 3748 598 3813 (A.
637 3742 697 3800 C.
930 3746 1052 3834 Ind:
1100 3766 1211 3815 xiv,
1243 3753 1487 3834 Aetio‘ttt
1528 3765 1578 3809 et
1611 3757 1928 3834 Symmacho
1969 3762 2076 3834 [AL

792 3817 1152 3874 Valentiniano
1194 3837 1262 3875 vn
1294 3832 1339 3875 et
1379 3827 1518 3878 Aetio
1550 3826 1627 3896 ιιι]
1661 3817 1796 3883 ξοδδ.

575 3928 670 3983 llis
696 3931 1006 3986 consulibus
1035 3949 1224 4003 magna
1254 3935 1422 3991 fames
1453 3940 1969 4014 Constantinopolim
2001 3945 2082 4002 in-

506 4025 663 4086 vasit,
692 4025 961 4092 pestisque
992 4025 1136 4080 illico
1168 4029 1473 4085 subseCuta.
1505 4032 1784 4103 Templum
1815 4040 1975 4108 regia:
2005 4039 2084 4094 ci-

508 4113 689 4165 vitatis
718 4116 840 4181 igne
866 4125 1183 4171 crematum.

579 4383 784 4454 Ingenti
817 4395 1127 4442 terraemotu
1164 4405 1260 4458 per
1300 4391 1415 4447 loca
1444 4396 1588 4449 varia
1620 4398 1933 4455 imminente
1966 4404 2084 4472 plu-

510 4475 630 4529 rimi
673 4477 819 4531 urbis
857 4488 1096 4547 augustre
1139 4481 1280 4535 muri
1322 4487 1521 4539 recenti
1561 4488 1738 4543 adhuc
1786 4493 2083 4548 reardifica-

2175 553 2409 607 hostium
2437 553 2792 622 interemptis,
2822 554 3033 607 occisus
3062 563 3167 609 est.

2244 666 2334 736 (A.
2362 666 2422 721 C.
2453 666 2603 736 448.)
2633 665 2757 720 Ind.
2785 681 2833 735 ι,
2863 665 3070 719 Zenone
3096 676 3143 719 et
3174 664 3516 721 Postumiana
3544 684 3683 722 coss.

2244 780 2522 835 Provincia
2551 779 2698 834 ludia
2722 779 3028 834 Theodosio
3052 779 3280 848 principi
3313 795 3410 847 pro
3432 794 3663 835 munere
3692 780 3757 835 ti-

2171 869 2309 940 grim
2346 870 2602 924 domitam
2643 869 2808 923 misit.
2841 868 3137 938 Utramque
3176 871 3444 936 porticum
3473 869 3758 924 Troaden—

2172 975 2318 1027 sem,
2351 971 2635 1030 turresque
2665 971 2939 1030 portarum
2973 972 3230 1030 utrasque
3260 961 3398 1030 ignis
3424 962 3631 1016 subitus
3657 977 3761 1016 ex-

2175 1052 2309 1108 ussit
2341 1071 2354 1107 :
2387 1068 2613 1122 quarum
2643 1053 2798 1107 ruina
2829 1054 3081 1107 continuo
3109 1061 3422 1122 repurgata,
3451 1054 3756 1109 Antiochus

2174 1144 2458 1214 praefectus
2487 1147 2740 1214 praetorio
2779 1148 2830 1198 in
2865 1146 3144 1214 pristinam
3175 1147 3350 1200 erexit
3377 1148 3646 1215 speciem,
3679 1148 3753 1202 le-

2172 1239 2308 1306 gatis
2347 1237 2523 1290 Attila
2567 1252 2595 1288 a
2642 1236 2948 1290 Theodosio
2994 1235 3276 1306 despectas
3319 1236 3427 1308 [AL
3474 1239 3754 1309 depactas]

2171 1327 2299 1380 olim
2332 1328 2585 1395 pecunias
2610 1326 2990 1396 ﬂagitantibus.

2263 1435 2353 1506 (A.
2381 1435 2442 1490 C.
2474 1435 2626 1506 449.)
2656 1434 2780 1488 Ind.
2812 1450 2871 1502 tt,
2900 1433 3190 1504 Protogene
3213 1443 3261 1489 et
3291 1437 3504 1491 Asturio
3529 1455 3666 1495 coss.

2244 1547 2444 1602 Mariua
2469 1546 2758 1602 Theodosii
2786 1547 2930 1616 regis
2957 1559 3113 1600 soror
3139 1545 3234 1600 fati
3265 1562 3461 1603 munus
3491 1550 3751 1619 implevit.

2174 1637 2459 1692 Flavianus
2497 1639 2778 1707 episcopus
2820 1638 2872 1692 in
2914 1638 3150 1692 secunda
3187 1639 3330 1706 apud
3361 1639 3638 1708 Ephesum
3671 1658 3755 1714 sy-

2176 1727 2348 1793 nodo,
2376 1728 2428 1781 vi
2459 1727 2703 1782 Dioscori
2736 1726 3084 1781 Alexandrini
3125 1729 3365 1798 episcopi
3395 1741 3448 1783 et
3479 1730 3754 1788 Saturnini

2103 1832 2149 1891 B
2178 1818 2428 1886 spadonis
2473 1820 2525 1871 in
2577 1817 2803 1886 Epipam
2852 1816 3049 1888 [Chi/ﬂ.
3100 1817 3293 1889 etiam]
3332 1821 3605 1875 exsulatus
3644 1834 3751 1878 est.

2176 1910 2478 1965 Areobinda
2518 1917 2573 1965 et
2601 1909 2810 1964 Taurus
2838 1909 3046 1978 patricii
3076 1910 3346 1966 communi
3378 1912 3487 1966 vita
3516 1912 3751 1969 defuncti

2173 2009 2318 2054 sunt.

2174 2089 2261 2161 (A.
2290 2089 2353 2144 C.
2382 2087 2533 2160 450.)
2564 2087 2688 2144 Ind.
2722 2105 2802 2155 ιιι,
2837 2087 3197 2145 Valentiniano
3225 2105 3296 2144 vit
3323 2099 3370 2144 et
3397 2091 3594 2146 Abieno
3620 2110 3751 2148 coss.

2244 2200 2577 2256 Theodosius
2620 2203 2750 2269 imp.
2792 2202 3010 2256 vivendi
3060 2203 3220 2258 finem
3260 2203 3388 2259 fecit
3438 2224 3451 2258 :
3511 2209 3753 2277 regnaiit

2174 2303 2296 2363 post
2337 2305 2563 2349 mortem
2603 2294 2855 2350 Arcbadii
2895 2296 3062 2364 patris
3099 2297 3184 2350 sui
3224 2312 3396 2354 annos
3434 2315 3569 2354 mi.
3611 2302 3754 2356 Loco

2173 2386 2278 2458 [AL
2299 2385 2520 2456 Locum]
2541 2386 2661 2454 ejus
2681 2387 2981 2442 Marcianus
3004 2389 3285 2457 imperium
3308 2389 3414 2460 [AL
3437 2392 3750 2463 imperator]

2173 2477 2394 2546 adeptus
2425 2488 2527 2533 est.
2565 2477 2894 2548 Crysaphius
2919 2482 3218 2544 eunuchus,
3249 2481 3555 2537 Pulcheria:
3580 2484 3749 2538 Theo-

2172 2566 2306 2621 dosii
2332 2569 2536 2622 sororis
2562 2580 2715 2634 nutu,
2745 2583 2843 2623 sua
2867 2584 2991 2625 cum
3019 2572 3244 2625 avaritia
3272 2573 3627 2640 interemptus
3645 2585 3750 2628 est.

2175 2679 2262 2749 (A.
2293 2677 2352 2733 C.
2386 2680 2539 2750 451.)
2568 2678 2688 2734 Ind.
2722 2697 2793 2747 tv,
2829 2680 3100 2736 Marciano
3135 2684 3267 2753 Aug.
3312 2693 3358 2736 et
3387 2685 3593 2754 Adelﬁo
3620 2703 3748 2740 coss.

2244 2789 2425 2845 Leone
2452 2791 2704 2860 pontifice
2730 2795 2912 2847 sedem
2944 2793 3088 2848 beati
3121 2793 3264 2848 Petri
3296 2808 3550 2864 regente,
3582 2813 3751 2851 ocxxx

2175 2881 2392 2935 Patrum
2431 2893 2614 2936 sancta
2650 2891 2704 2936 et
2732 2884 3055 2938 universalis
3084 2885 3323 2954 synodus
3355 2899 3540 2940 contra
3583 2889 3755 2959 Euty-

2174 2974 2385 3028 chetem
2435 2975 2939 3031 nefandissimorum
2991 2979 3272 3044 praesulem
3319 2980 3754 3047 monachorum,

2175 3069 2315 3136 apud
2343 3066 2738 3123 Chalcedonam
2768 3070 2820 3123 in
2844 3069 3063 3125 basilica
3091 3080 3291 3126 sancta:
3320 3072 3633 3141 Euphemia:
3662 3073 3755 3128 lir-

2101 3190 2148 3252 C
2179 3169 2318 3213 mata
2360 3171 2444 3215 est
2488 3178 2502 3213 :
2552 3161 2698 3214 solus
2743 3160 3030 3216 Dioscorus
3077 3163 3454 3218 Alexandrina:
3495 3164 3756 3220 Ecclesia}

2178 3252 2463 3320 episcopus
2492 3250 2773 3320 dissensit,
2807 3254 3098 3323 statimque
3136 3255 3204 3309 ab
3239 3254 3432 3310 iisdem
3473 3257 3756 3313 catholicis

2178 3342 2424 3398 Patribus
2450 3343 2753 3398 sacerdotio
2781 3343 3057 3401 abdicatus
3084 3356 3187 3400 est.

2251 3477 2339 3548 (A.
2367 3475 2429 3533 C.
2458 3476 2608 3547 452.)
2641 3477 2765 3533 Ind.
2796 3494 2849 3545 ν,
2881 3478 3130 3549 Sporacio
3154 3491 3201 3534 et
3230 3479 3524 3536 Herculano
3550 3498 3686 3536 coss.

2251 3590 2551 3645 Marcianus
2577 3591 2713 3659 Aug.
2745 3590 2857 3644 suis
2879 3594 3067 3647 statuit
3089 3592 3321 3648 decretis
3344 3603 3401 3647 ut
3430 3594 3486 3648 hi
3515 3595 3603 3665 qui
3631 3610 3756 3650 con-

2182 3682 2324 3735 sules
2351 3683 2463 3736 fieri
2491 3681 2804 3750 cupiebant,
2841 3683 2972 3736 nihil
3006 3684 3127 3737 aeris
3160 3686 3213 3737 in
3257 3685 3510 3753 populum
3542 3701 3756 3756 sparge-

2184 3785 2323 3839 rent,
2367 3776 2461 3829 sed
2499 3784 2750 3828 statutam
2792 3778 3069 3844 pecuniam
3111 3779 3174 3830 ad
3212 3779 3574 3847 reparandum
3605 3781 3758 3836 Urbis

2183 3883 2334 3937 aqua:
2359 3868 2574 3922 ductum
2605 3871 2988 3938 dependerent.
3023 3871 3135 3924 Hoc
3164 3880 3403 3939 tempore
3433 3883 3544 3928 tres
3583 3875 3758 3944 magni

2184 3959 2386 4029 lapides
2411 3975 2443 4014 e
2476 3959 2616 4013 caelo
2642 3961 2697 4012 in
2722 3960 2950 4016 Thracia
2984 3961 3320 4017 ceciderunt.
3353 3965 3600 4034 Aquileia
3629 3966 3756 4021 civi-

2185 4059 2264 4105 tas
2292 4052 2359 4104 ab
2389 4051 2550 4104 Attila
2581 4051 2895 4105 Hunnorum
2925 4067 3050 4122 rege
3081 4056 3261 4108 excisa
3291 4065 3394 4111 est.

2241 4186 2326 4256 (A.
2359 4183 2417 4240 C.
2449 4184 2598 4254 455.)
2625 4184 2747 4240 Ind.
2778 4202 2852 4254 vi,
2893 4186 3192 4242 Vincomalo
3216 4200 3261 4243 et
3297 4189 3545 4260 Opilione
3575 4210 3703 4248 coss.

2255 4303 2490 4358 Joannes
2513 4318 2813 4373 princursor
2838 4304 3045 4360 Domini
3071 4319 3125 4360 et
3149 4306 3401 4375 baptista,
3424 4319 3585 4377 caput
3606 4324 3757 4364 suum

2187 4397 2328 4465 quod
2367 4397 2492 4451 olim
2532 4397 2789 4452 ilerodias
2831 4400 2990 4467 impia
3031 4397 3368 4470 nefandaque
3398 4403 3758 4470 postulatione

2187 4491 2255 4544 ab
2295 4491 2534 4545 humeris
2563 4501 2891 4560 amputatum
2919 4503 2971 4547 et
3007 4495 3061 4548 in
3090 4495 3242 4551 disco
3273 4499 3503 4565 positum
3532 4501 3754 4569 accepit,

512 4567 656 4620 tione
684 4571 999 4636 consum-ti,
1029 4585 1150 4625 cum
1179 4588 1280 4627 Lvn
1312 4576 1546 4632 turribus
1576 4594 1914 4637 corruerunt.
1943 4585 2082 4640 Saxa
2114 4558 2160 4615 ο
2190 4583 2476 4651 proculque
2505 4597 2536 4636 a
2569 4593 2814 4638 truncato
2841 4585 2958 4648 ejus
2982 4600 3213 4655 corpore
3243 4590 3513 4659 sepelivit,
3548 4591 3752 4646 duobus

513 4672 725 4727 quoque
754 4659 986 4728 ingentia
1024 4664 1075 4717 in
1117 4665 1234 4721 foro
1265 4667 1426 4722 Tauri
1466 4671 1662 4727 dudum
1689 4692 1850 4746 super
1877 4692 1997 4733 sese
2029 4680 2082 4735 in

513 4749 742 4804 aedilicio
773 4755 942 4820 posita
964 4794 979 4817 ,
1016 4764 1312 4827 statuaeque
1342 4761 1587 4830 plurimae
1609 4767 1726 4822 sine
1756 4769 1913 4823 ullius
1937 4770 2087 4826 vide-

515 4840 644 4894 licet
667 4842 884 4897 laasione
905 4845 1156 4914 collapsa:
1183 4860 1330 4916 sunt,
1365 4853 1607 4921 plurimis
1638 4856 1978 4915 nihilominus
2008 4861 2086 4916 ci-

515 4932 767 4987 vitatibus
810 4933 1060 5003 collapsis
1104 4952 1120 4991 :
1165 4936 1334 4996 fames
1376 4951 1430 4996 et
1466 4959 1650 4998 aerum
1695 4947 1914 5014 pestifer
1952 4950 2087 5006 odor

515 5023 680 5076 multa
723 5025 883 5078 millia
931 5024 1203 5082 hominum
1239 5031 1711 5104 jumentorumque
1752 5038 1971 5095 delevit.
2003 5043 2086 5096 lu-

513 5128 644 5182 gens
674 5114 867 5170 bellum
903 5127 959 5171 et
995 5119 1174 5188 priore
1202 5122 1374 5190 majus
1405 5139 1500 5191 per
1534 5126 1752 5181 Attilam
1781 5145 1959 5199 regem
1991 5148 2087 5187 no-

515 5208 642 5260 stris
671 5207 952 5276 inllictum,
983 5226 1118 5279 pene
1146 5221 1307 5266 totam
1333 5214 1620 5284 Europam,
1645 5222 1838 5275 excisis
1867 5223 2088 5277 invasis-

516 5315 619 5366 qne
638 5299 942 5355 civitatibus
963 5311 1121 5372 atque
1136 5306 1392 5368 castellis,
1413 5309 1666 5363 conrasit.
1697 5311 1899 5368 Eodem
1922 5329 2085 5384 anno,

516 5391 665 5446 urbis
703 5402 944 5460 angusta:
981 5397 1115 5450 muri
1155 5397 1283 5450 olim
1314 5405 1623 5452 terrannotu
1667 5404 1915 5472 collapsi,
1949 5408 2087 5461 intra

518 5491 625 5534 tres
654 5499 886 5549 menses,
919 5487 1271 5540 Constantino
1307 5490 1558 5556 praelecto
1589 5495 1842 5560 praetorio
1869 5511 2087 5565 operam

517 5577 699 5629 dante.
724 5577 1031 5630 reanlil‘irati
1053 5588 1194 5632 sunt.
1222 5578 1383 5633 Attila
1417 5597 1514 5636 rex
1545 5598 1713 5652 usque
1739 5587 1804 5639 ad
1831 5587 2093 5644 Thermo-

520 5663 682 5730 pn'ini
713 5662 939 5720 infestus
966 5668 1202 5724 advenit.
1236 5674 1580 5740 Arnegisclns
1619 5675 1804 5748 [Clum
1841 5681 2092 5749 Argcnis-

521 5752 628 5826 lus]
669 5757 920 5829 magister
963 5761 1162 5817 militia:
1193 5765 1244 5818 iti
1277 5765 1490 5833 ripense
1527 5767 1713 5837 Dacia,
1745 5771 1891 5839 juxta
1933 5771 2090 5828 Utum

2185 4672 2542 4728 Orientalibus
2573 4675 2846 4729 monachis
2878 4677 2947 4729 ob
2974 4677 3303 4732 adorandam
3333 4682 3472 4748 apud
3506 4682 3757 4737 Hieroso-

2188 4763 2384 4833 lymam
2413 4762 2612 4818 Christi
2644 4766 2850 4819 Domini
2882 4768 3336 4824 resurrectionem
3365 4771 3758 4829 introeuntibus

2189 4857 2464 4920 revelavit,
2497 4867 2552 4912 ut
2577 4859 2641 4911 ad
2670 4857 2895 4913 Herodis
2919 4860 3189 4929 quondam
3223 4865 3366 4933 regis
3397 4864 3757 4921 habitaculum

2186 4949 2503 5002 accedentes
2537 4948 2792 5004 admoniti
2833 4953 3200 5022 requirerent,
3235 4954 3578 5026 fideliterque
3606 4958 3762 5013 humo

2193 5040 2529 5094 cxtollerent.
2564 5041 2674 5094 Hoc
2706 5057 2834 5111 ergo
2863 5053 3022 5113 caput
3052 5044 3157 5100 fide
3191 5045 3376 5117 [tl/tim.
3408 5047 3558 5119 fidei]
3588 5066 3762 5119 reper~

2195 5141 2326 5195 tum,
2364 5145 2564 5201 suaque
2595 5133 2800 5200 hispida
2843 5134 2896 5188 itt
2942 5139 3172 5190 mantica
3199 5139 3498 5205 conditum,
3531 5141 3661 5194 dum
3702 5142 3762 5197 ad

2197 5223 2405 5291 propria
2452 5235 2756 5279 remeantes
2803 5224 3104 5280 habitacula
3153 5229 3498 5296 pervehunt,
3550 5231 3762 5293 quidam

2198 5319 2461 5372 Emisenaa
2492 5318 2680 5388 figulus
2709 5320 2970 5388 civitatis,
3000 5321 3258 5375 diutinam
3286 5323 3764 5393 imminentemque

2195 5412 2294 5464 sibi
2323 5411 2526 5481 fugiens
2549 5419 2936 5480 paupertatem,
2961 5427 3079 5467 sese
3101 5414 3182 5468 bis
3208 5415 3449 5469 exhibuit
3472 5419 3724 5472 comitem
3749 5434 3762 5470 :

2191 5503 2387 5572 quique
2416 5503 2539 5556 dum
2577 5507 2789 5557 nescius
2821 5518 3002 5572 peram
3034 5506 3133 5558 sibi
3174 5506 3432 5560 creditam
3465 5525 3586 5563 cum
3616 5524 3765 5564 sacro

2193 5594 2368 5658 capite
2409 5601 2603 5661 portat,
2633 5597 2698 5647 ab
2728 5609 2794 5648 eo
2833 5595 2986 5664 cujus
3017 5606 3172 5664 caput
3199 5597 3450 5661 vehebat,
3486 5612 3650 5654 noctu
3678 5601 3765 5654 ad-

2195 5684 2449 5751 monitus,
2477 5693 2760 5752 utrumque
2791 5688 3040 5740 comitem
3073 5687 3279 5756 fugiens
3309 5689 3620 5759 dereliquit,
3667 5703 3764 5745 sta-

2197 5775 2399 5842 timque
2431 5774 2734 5830 Emiscnam
2776 5775 2960 5830 urbem
2992 5791 3112 5832 cum
3142 5786 3326 5833 sancto
3358 5778 3572 5850 levique
3602 5795 3765 5837 onere
