4032 6186
258 304 367 364 99.9

1681 282 2073 343 CIIRONICON
2087 319 2102 335 .

3428 276 3540 339 950

259 418 622 486 introgressus
664 419 765 468 est.
817 409 1004 480 lbique
1047 408 1174 465 dum
1221 403 1453 471 advixit,
1495 400 1847 473 praecursoria
1873 402 1922 459 Α
1952 395 2061 450 Leo
2091 391 2267 449 eidem
2298 390 2552 447 defuncto
2577 389 2861 457 successit,
2894 388 3049 459 cujus
3076 387 3355 486 voluntate
3374 390 3540 461 Πειριοο

261 508 461 565 Christi
489 514 779 562 veneratus
819 513 903 559 est
940 509 1121 571 caput,
1153 500 1495 568 moriensque
1532 494 1704 551 sorori
1740 507 1850 547 suae

262 616 444 659 rerum
481 598 677 654 nesciae
710 596 978 668 signatum
1012 596 1065 648 in
1095 592 1315 647 vasculo
1355 587 1569 644 tradidit
1605 587 1853 642 recolen-

263 693 395 749 dum
452 688 627 763 [Fort
687 685 1016 756 colendum].
1075 685 1169 739 illa
1216 697 1343 737 vero
1400 679 1697 735 successori
1753 689 1854 731 suo

262 789 595 858 repositum,
643 785 1020 854 signatumque
1063 792 1123 836 ut
1170 792 1287 835 erat
1327 776 1635 846 dereliquit.
1685 771 1855 826 Pnrro

265 879 617 941 Eustochius,
638 875 853 944 quidam
871 873 1117 929 occultus
1140 872 1351 927 Arianae
1370 868 1607 940 perfidia:
1631 864 1853 934 presby-

268 982 374 1035 ter,
407 970 566 1025 talem
610 976 924 1036 tantumque
965 966 1274 1018 thesaurum
1317 961 1569 1031 indignus
1602 954 1851 1018 obtinuit,

266 1062 606 1134 gratiamque
653 1072 813 1129 quam
857 1054 1109 1111 Christus
1156 1054 1414 1108 Dominus
1460 1066 1555 1120 per
1594 1048 1854 1104 Joannem

267 1152 561 1222 baptistam
601 1151 821 1205 infirmo
859 1148 1057 1217 populo
1101 1144 1407 1208 tribuebat,
1438 1144 1483 1197 is
1522 1156 1675 1205 eam,
1712 1153 1776 1193 ac
1813 1136 1858 1191 si

270 1261 429 1301 suam
455 1245 756 1307 dumtaxat,
786 1242 838 1296 in
868 1241 1027 1310 vulgo
1069 1238 1476 1293 disseminabat.
1510 1234 1644 1288 ilinc
1684 1229 1861 1299 pravi-

282 1347 396 1395 tate
424 1351 520 1391 sua
547 1336 763 1390 detecta
781 1373 796 1400 ,
824 1332 1071 1387 Emisena
1099 1330 1316 1385 civitate
1345 1326 1598 1397 expulsus
1618 1332 1720 1378 est.
1749 1320 1861 1374 Hoc

274 1427 474 1484 deinde
511 1434 723 1480 antrum
762 1425 815 1479 in
855 1438 961 1493 quo
999 1420 1291 1477 beatissimi
1332 1416 1556 1475 Joannis
1613 1422 1773 1483 caput
1806 1412 1859 1466 in

273 1533 471 1574 urnam
501 1517 755 1582 missum,
783 1514 883 1568 sub
920 1523 1177 1581 terraque
1206 1508 1542 1565 reconditum
1571 1514 1707 1570 erat,
1739 1505 1861 1569 qui-

275 1607 405 1663 dam
434 1605 682 1662 monachi
713 1618 809 1673 pro
836 1602 1145 1657 habitaculo
1174 1600 1375 1654 habere
1400 1605 1698 1666 cmperunt.
1723 1594 1864 1648 Mar-

278 1699 455 1755 cellus
482 1697 698 1751 demum
732 1696 1035 1765 presbyter,
1066 1692 1336 1760 totiusque
1374 1686 1687 1744 monasterii
1728 1701 1865 1755 prae-

280 1789 391 1857 sul,
422 1789 548 1842 dum
592 1787 645 1840 in
676 1785 867 1841 eodem
898 1798 1063 1852 specu
1093 1782 1200 1835 vita
1227 1777 1684 1850 irreprehensibili
1714 1775 1864 1829 habi-

286 1888 387 1945 tat,
419 1877 560 1931 idem
593 1876 651 1929 B.
687 1874 925 1929 Joannes
965 1873 1269 1943 Christique
1309 1882 1606 1939 prmcnrsor
1634 1881 1755 1921 sese
1784 1864 1865 1919 ei-

284 1972 413 2028 dem
456 1981 718 2036 suumque
755 1964 992 2020 ostendit
1031 1972 1217 2033 caput,
1248 1962 1557 2030 ibidemque
1594 1958 1866 2027 sepultum

287 2060 474 2117 multis
520 2058 842 2127 praefulgens
886 2054 1175 2109 virtutibus
1227 2049 1499 2122 patefecit.
1548 2049 1662 2103 Hoc
1708 2046 1870 2116 igitur

286 2151 599 2211 venerabile
633 2158 795 2217 caput
819 2148 918 2202 sub
950 2146 1149 2203 Uranio
1179 2150 1490 2199 memoratae
1518 2142 1771 2209 episcopo
1796 2138 1871 2193 ci-

289 2243 503 2308 vitatis,
536 2257 632 2311 per
667 2237 948 2310 praelatum
989 2236 1300 2293 Marcellum
1340 2234 1713 2305 presbyterum
1743 2246 1874 2285 con-

291 2342 403 2390 stat
444 2334 719 2387 inventum
750 2326 1064 2383 Vincomalo
1106 2334 1162 2381 et
1207 2324 1454 2395 Opilione
1500 2336 1641 2379 coss.
1688 2336 1873 2375 mense

291 2422 616 2487 Februario,
656 2421 743 2474 die
780 2434 930 2485 xstv,
972 2416 1145 2472 media
1183 2414 1509 2486 jejuniornm
1545 2411 1872 2482 paschalium

293 2513 615 2584 septimana,
644 2511 1061 2580 imperatoribus
1086 2522 1216 2564 vero
1244 2508 1624 2563 Valentiniano
1649 2515 1705 2561 et
1740 2504 1874 2559 Mar-

296 2604 457 2658 ciano
507 2602 876 2672 regnantibus.
944 2598 1224 2653 Pulclteria
1288 2596 1567 2667 Augusta,
1623 2595 1877 2651 Marciani

297 2690 561 2762 principis
604 2706 768 2756 uxor,
816 2690 956 2744 beati
1009 2688 1284 2743 Laurentii
1331 2688 1529 2742 atrium
1579 2684 1876 2740 inimitabili

297 2799 464 2855 opere
488 2782 905 2847 consummavit,
935 2781 1263 2850 beatumque
1294 2776 1506 2833 vivendi
1537 2778 1697 2831 linem
1728 2775 1875 2833 fecit.

442 2894 531 2966 (A.
562 2891 625 2948 C.
657 2891 810 2961 454.)
836 2890 960 2945 Ind.
988 2906 1083 2954 vn,
1116 2890 1260 2945 Aetio
1295 2898 1345 2944 et
1383 2888 1576 2944 Studia
1605 2904 1738 2942 coss.

372 3008 539 3064 Attila
582 3022 681 3062 rex
729 3006 1044 3061 Hunnorum
1090 3002 1319 3072 Europa:
1345 3001 1565 3056 orbator
1592 2999 1882 3070 provinciae

1953 484 2141 539 rianus
2171 482 2312 552 apud
2339 482 2650 536 Ravennam
2677 482 2855 536 Cresar
2882 489 2968 535 est
2995 478 3297 534 ordinatus.

1954 596 2047 667 (A.
2076 592 2138 649 C.
2171 594 2324 667 458.)
2353 594 2475 650 Ind.
2516 611 2592 661 st,
2624 595 2791 667 Leone
2810 594 2961 667 _Aug.
3002 602 3051 647 et
3090 591 3387 664 Majoriano
3429 589 3540 665 [AL

2208 686 2211 687 '
2304 664 2312 667 ν
2511 667 2632 719 add.
2668 664 2829 736 Aug]
2861 681 2992 718 coss.

2027 782 2137 837 Leo
2167 782 2298 846 imp.
2330 792 2428 848 pro
2459 786 2607 831 tomo
2633 776 3080 831 Chalcedonense
3108 789 3200 843 per
3231 772 3543 827 universum

1958 876 2142 932 orbem
2201 871 2432 941 singulis
2479 870 2905 924 orthodoxorum
2951 867 3257 938 episcopis,
3308 866 3545 935 singulas

1957 973 2430 1032 consonantesque
2481 962 2629 1016 misit
2673 962 2961 1030 epistolas,
3011 974 3118 1026 quo
3164 959 3264 1013 sibi
3310 958 3437 1027 quid
3479 958 3548 1013 de

1957 1056 2147 1109 eodem
2178 1064 2323 1108 tomo
2349 1054 2615 1108 sentirent
2643 1053 2822 1106 cuncti
2851 1052 2962 1105 suis
2990 1049 3434 1119 rescriptionibus
3466 1049 3549 1103 in-

1959 1146 2219 1200 dicarent.
2262 1144 2465 1199 Horum
2510 1144 2751 1198 omnium
2794 1143 3175 1213 episcoporum
3217 1141 3290 1195 ita
3331 1141 3547 1209 conspi-

1960 1246 2144 1293 rantes
2166 1236 2407 1306 suscepit
2426 1237 2702 1305 epistolas,
2732 1244 2791 1289 ut
2817 1249 2910 1289 eas
2941 1242 3155 1303 putares
3177 1247 3283 1287 uno
3306 1239 3551 1302 tempore

1961 1328 2123 1385 unius
2146 1328 2251 1383 viri
2276 1329 2492 1397 eloquio
2520 1326 2685 1381 fuisse
2708 1327 2959 1381 dictatas.

2036 1438 2123 1497 (Α.
2155 1436 2217 1493 C.
2250 1437 2402 1506 459.)
2432 1435 2559 1490 Ind.
2589 1452 2684 1503 xu,
2720 1435 2950 1490 Patricio
2977 1442 3023 1489 et
3062 1433 3315 1488 Ricimere
3342 1447 3477 1485 coss.

2032 1550 2185 1604 Isaac
2207 1548 2564 1603 Antiochense
2591 1546 2850 1601 Ecclesiae
2869 1546 3157 1615 presbyter
3175 1543 3393 1612 scripsit
3414 1544 3553 1612 Syro

1963 1656 2221 1697 sermone
2266 1643 2457 1705 multa,
2492 1643 2875 1709 praecipueque
2916 1639 3176 1694 adversus
3202 1636 3555 1691 Nestorianos

1896 1758 1945 1819 Β
1970 1743 2027 1789 et
2057 1732 2446 1802 Eutychianos.
2477 1733 2706 1786 Ruinam
2734 1730 2877 1785 enim
2907 1729 3207 1784 Antiochia:
3245 1728 3401 1796 elego
3429 1741 3552 1781 car-

1972 1827 2116 1881 mine
2153 1825 2386 1894 planxit,
2418 1822 2867 1893 quemadmodum
2912 1821 3146 1892 Ephrem
3177 1821 3434 1875 diaconus
3461 1818 3555 1875 Ni-

1974 1916 2237 1973 comedis:
2267 1916 2498 1984 lapsum.

2042 2030 2133 2097 (A.
2165 2029 2228 2082 C.
2261 2027 2412 2095 460.)
2441 2026 2564 2081 Ind.
2600 2042 2715 2091 xttt,
2746 2026 3025 2092 Apollonio
3052 2036 3102 2081 et
3127 2026 3321 2097 Magno
3350 2041 3480 2080 coss.

2044 2138 2269 2207 Cyzicus
2328 2138 2526 2205 civitas
2565 2147 2875 2193 terrtemotu
2915 2152 3197 2201 concussa,
3247 2151 3555 2194 murorum-

1974 2244 2079 2299 que
2106 2244 2327 2283 suorum
2358 2229 2563 2284 ambitu
2592 2229 2914 2299 interrupto,
2945 2243 3066 2285 sese
3088 2244 3325 2299 suosque
3344 2229 3436 2284 diu
3462 2228 3558 2284 de-

1977 2322 2204 2393 planxit.

2048 2434 2138 2505 (A.
2159 2434 2221 2490 C.
2250 2434 2401 2507 461.)
2429 2434 2555 2492 Ιιιά.
2582 2452 2688 2502 xlv,
2714 2436 2992 2510 Dagalaifo
3012 2448 3061 2492 et
3084 2437 3328 2494 Seuerino
3348 2455 3482 2493 coss.

2048 2542 2306 2597 Romanae
2340 2544 2599 2599 Ecclesia:
2645 2546 2857 2602 Hilarus
2886 2547 3049 2603 XLIV
3077 2549 3321 2617 pontifex
3358 2552 3557 2619 factus,

1978 2631 2113 2685 vixit
2148 2647 2320 2686 annos
2362 2649 2435 2688 vi.
2464 2634 2792 2703 Majnrianus
2833 2637 3016 2692 Caesar
3057 2641 3199 2708 apud
3248 2641 3561 2709 Dertonam,

1974 2721 2125 2792 juxta
2166 2724 2384 2778 fluvium
2412 2728 2500 2795 qui
2532 2727 2671 2798 Hyra
2696 2728 2913 2798 dicitur,
2941 2730 3297 2801 interemptus
3327 2742 3430 2789 est.
3456 2734 3563 2789 Lo-

1979 2827 2102 2868 cum
2131 2814 2250 2883 ejus
2279 2815 2517 2873 Severus
2545 2818 2760 2874 invasit.

1984 2908 2158 2996 (A.C.
2188 2925 2337 2998 462.)
2368 2925 2491 2982 Ind.
2528 2944 2617 3008 xv,
2648 2928 2819 3008 Leone
2848 2932 2978 3008 Aug.
3010 2949 3049 2988 tt
3076 2936 3187 2989 solo
3213 2934 3484 3008 [Cassiod
3512 2947 3565 2993 ct

2525 3000 2712 3055 Seuero
2733 3001 2894 3074 Aug.)
2926 3000 3033 3057 cos.

300 3111 463 3159 noctu
493 3100 731 3155 mulieris
766 3114 923 3153 manu
965 3098 1249 3164 cultroque
1288 3092 1612 3185 confoditur.
1654 3094 1879 3185 Quidam
1910 3116 1957 3179 ο
2055 3103 2286 3160 Iacobus
2312 3109 2531 3163 natione
2557 3109 2834 3178 Achivus,
2868 3113 3126 3180 religione
3152 3129 3411 3185 paganus,
3448 3132 3567 3174 me.

300 3209 436 3251 vero
463 3192 735 3262 sanguinis
765 3189 1057 3259 rejectione
1087 3196 1333 3242 necatum
1363 3183 1665 3255 perhibent.
1696 3184 1883 3239 Aetius
1987 3191 2178 3248 dicina:
2225 3197 2358 3249 artis
2405 3197 2620 3265 peritia,
2671 3207 2778 3253 tam
2821 3201 3037 3270 ingenio
3077 3183 3244 3273 quam
3270 3183 3569 3263 litteratura

304 3283 588 3355 patricius,
633 3294 824 3349 magna
870 3277 1231 3333 Occidentalis
1273 3275 1584 3345 reipublica-
1624 3275 1790 3338 salus,
1831 3283 1874 3327 el

1986 3284 2298 3353 perclaruit.
2335 3287 2430 3341 llic
2469 3289 2539 3342 ob
2579 3290 2904 3346 medendum
2950 3292 3187 3349 Leonem
3230 3295 3367 3366 Aug.
3421 3298 3571 3355 febre

304 3374 451 3444 regis
477 3371 656 3427 Αιῐὶιω
684 3379 879 3435 terrori
906 3383 936 3423 a
968 3367 1341 3424 Valentiniano
1377 3368 1508 3436 imP-
1539 3381 1661 3421 cum
1702 3366 1887 3421 Boelio
1984 3373 2353 3444 defatigatum,
2396 3392 2608 3433 sacrum
2652 3381 2835 3449 palatii
2865 3385 3173 3440 cubiculum
3218 3396 3440 3442 vocatus
3484 3390 3572 3442 in-

302 3465 483 3520 amico
508 3463 563 3517 in
591 3460 792 3531 palatio
821 3459 1159 3514 trucidatur:
1190 3468 1348 3526 atque
1376 3472 1499 3514 cum
1534 3458 1651 3527 ipso
1686 3458 1889 3527 Hespe-
1986 3465 2170 3531 travit,
2218 3470 2509 3537 statimque
2553 3469 2605 3523 in
2648 3472 2780 3526 sella
2813 3473 2966 3543 juxta
3013 3486 3185 3531 torum
3229 3478 3570 3548 imperialem

304 3555 447 3612 rium
476 3552 667 3608 cecidit
688 3566 936 3622 regnum,
961 3565 1060 3605 nec
1087 3549 1350 3606 hactenus
1373 3550 1540 3605 valuit
1568 3549 1815 3604 relevari.

303 3689 399 3761 (A.
431 3685 494 3744 C.
524 3686 679 3758 455.)
709 3685 835 3741 Ind.
865 3701 986 3751 vm,
1018 3685 1380 3740 Valentiniano
1408 3700 1501 3741 vnt
1535 3695 1582 3742 et
1618 3685 1890 3741 Anthemio

1041 3772 1169 3810 €088.

382 3871 789 3927 Valentinianus
820 3872 1093 3941 princeps,
1123 3869 1249 3924 dolo
1278 3870 1494 3925 Maximi
1528 3870 1770 3939 patricii,
1799 3885 1892 3925 cu-

306 3964 398 4034 jus
438 3962 600 4017 etiam
642 3962 825 4016 fraude
862 3960 1050 4016 Aetius
1090 3961 1347 4029 perierat,
1380 3961 1663 4034 incampo
1702 3960 1894 4015 Martio

308 4032 410 4124 per
438 4051 671 4121 Optilam
701 4051 888 4124 [Chi/Il.
913 4050 1159 4122 Ostilam]
1196 4061 1251 4105 et
1279 4032 1600 4105 Traus'tilam
1633 4052 1769 4105 Aetii
1809 4065 1893 4105 sa-

310 4144 537 4210 tellites,
574 4143 687 4212 jam
728 4157 985 4210 percusso
1029 4141 1276 4198 Heraclio
1315 4142 1575 4211 spadone,
1619 4152 1896 4199 truncatus

310 4248 417 4296 est.
450 4237 601 4293 Idem
640 4237 903 4291 Maximus
944 4236 1137 4290 invasit
1174 4235 1481 4305 imperium,
1511 4236 1775 4305 tertioque
1816 4246 1898 4307 ty-

308 4328 557 4386 rannidis
599 4340 713 4380 suae
753 4340 939 4382 mense
978 4326 1316 4381 membratim
1345 4326 1532 4381 Romze
1569 4341 1598 4381 a
1640 4328 1897 4383 Romanis

312 4426 521 4474 tractus
548 4419 956 4487 discerptusque
984 4426 1070 4472 est
1106 4415 1213 4489 [AL
1246 4416 1551 4486 discerptus
1586 4417 1712 4489 est].
1756 4418 1897 4474 Gen-

311 4516 523 4569 sericus
563 4526 656 4566 rex
690 4508 1111 4579 Wandalorum,
1150 4512 1218 4565 ah
1256 4511 1495 4565 Eudoxia
1537 4510 1896 4566 Valentiniani

313 4619 494 4660 uxore
515 4606 759 4676 epistolis
787 4604 1142 4669 invitatus,ex
1167 4600 1349 4657 Africa
1374 4602 1599 4657 Romam
1624 4602 1897 4672 ingressus

312 4707 437 4761 est,
477 4711 648 4766 eaque
686 4698 822 4751 urbe
862 4696 1024 4750 rebus
1060 4695 1310 4749 omnibus
1345 4696 1609 4765 spoliata,
1650 4695 1894 4750 eamdem

312 4788 615 4844 Endoxiam
654 4802 777 4843 cum
818 4787 1024 4843 duabus
1063 4786 1274 4843 ﬁliabus
1312 4800 1497 4843 secum
1537 4787 1759 4844 rediens
1797 4787 1895 4843 ab-

312 4878 491 4934 duxit.

461 4970 552 5039 (A.
582 4966 643 5023 C.
673 4958 807 5024 456.
831 4966 956 5022 Ind.
985 4985 1061 5035 ix,
1090 4968 1297 5022 Varane
1321 4976 1370 5023 et
1397 4967 1603 5024 Joanne
1626 4985 1755 5023 coss.

392 5081 489 5137 llis
527 5082 836 5136 consulibus
877 5083 1153 5134 innumera
1186 5080 1510 5134 locustarum
1547 5081 1757 5149 agmina
1791 5079 1899 5133 fru-

315 5181 466 5225 ctum
508 5170 755 5241 Phrygize
789 5178 1152 5225 vastaverunt.
1196 5169 1489 5224 Eucherius
1532 5170 1901 5240 Lugdunensis

315 5260 581 5316 Ecclesiae
622 5258 863 5329 pontifex
902 5261 1068 5313 multa
1107 5259 1344 5328 scripsit,
1378 5271 1485 5314 tam
1520 5260 1900 5315 ecclesiasticis

316 5366 483 5426 quam
515 5351 823 5407 monaSticis
851 5350 1044 5406 studiis
1072 5351 1395 5405 necessaria.

427 5492 518 5564 (A.
547 5490 607 5546 C.
639 5489 791 5561 457.)
821 5488 945 5545 Ind.
971 5506 1027 5555 x,
1056 5486 1395 5543 Constantino
1421 5497 1471 5542 et
1498 5488 1636 5559 Rufo
1660 5505 1793 5542 coss.

400 5607 698 5661 Marcianus
740 5606 871 5675 imp.
918 5603 1075 5659 bonis
1126 5603 1459 5674 principibus
1505 5602 1899 5672 comparandus

318 5698 449 5756 vita
476 5697 720 5769 spiritum
744 5696 963 5751 amisit:
992 5695 1272 5765 imperavit
1292 5708 1465 5752 annos
1490 5710 1561 5761 vn,
1586 5707 1802 5749 menses
1823 5708 1894 5747 vr.

1988 3553 2184 3624 posita,
2215 3559 2334 3612 sine
2374 3559 2480 3613 ullo
2506 3562 2725 3629 Augusti
2758 3574 2888 3617 nutu
2917 3567 3182 3632 consedit,
3227 3569 3412 3637 sicque
3453 3584 3571 3625 me-

1990 3645 2141 3699 dicas
2185 3647 2429 3701 adhibuit
2472 3665 2681 3704 manus.
2723 3652 2890 3709 Porro
2936 3657 3162 3712 meridie
3208 3658 3276 3713 ad
3320 3659 3571 3714 eumdem

1991 3748 2202 3790 sacrum
2236 3738 2482 3806 pulvinar
2510 3755 2778 3806 reversus,
2811 3745 3080 3799 sublatum
3121 3748 3203 3800 sui
3237 3759 3457 3817 propter
3484 3766 3573 3803 sn-

1996 3823 2127 3879 lium
2169 3825 2221 3879 in
2248 3842 2353 3895 quo
2380 3830 2674 3884 matutinus
2703 3833 2978 3888 resederat
3007 3836 3250 3904 protinus
3282 3838 3571 3907 intellexit,

1994 3917 2364 3989 spondamqne
2408 3920 2507 3974 tori
2551 3924 2756 3992 regiam
2789 3925 3088 3993 intrepidus
3117 3928 3442 3996 supersedit,
3475 3945 3573 3987 ve-

1996 4016 2276 4077 terumque
2304 4010 2463 4063 studii
2502 4011 2582 4066 sui
2611 4022 2949 4082 repertorum
2979 4017 3430 4086 praeceptionibus
3458 4036 3574 4076 mo-

1998 4098 2168 4152 nitum
2221 4099 2273 4153 id
2303 4114 2423 4155 sese
2461 4103 2713 4170 gessisse,
2747 4121 2854 4160 non
2899 4115 3100 4163 temere
3143 4116 3571 4183 praesumpsisse,

2005 4200 2349 4258 aegrotantem
2378 4190 2560 4247 docuit
2584 4194 2901 4264 principem.

2142 4301 2229 4371 (A.
2255 4302 2320 4357 C.
2352 4302 2505 4373 465.)
2535 4302 2660 4358 Ind.
2695 4321 2733 4371 ι,
2773 4306 2986 4364 Viviano
3011 4321 3058 4364 et
3086 4308 3264 4366 Felice
3290 4329 3423 4368 coss.

2070 4413 2303 4482 Prosper
2326 4414 2487 4469 homo
2511 4418 2842 4484 Aquitanicae
2864 4421 3118 4490 regionis,
3141 4435 3390 4478 sermone
3418 4425 3580 4480 scito.

1999 4505 2225 4562 lasticus
2244 4517 2291 4560 et
2318 4509 2708 4564 a-sertionibus
2725 4526 3002 4578 nervOsus,
3028 4514 3189 4568 multa
3208 4529 3578 4585 composuisse

1999 4599 2215 4655 dicitur.
2248 4598 2506 4669 Epistolas
2532 4616 2742 4671 quoque
2774 4617 2923 4671 papa:
2948 4603 3145 4659 Leonis
3184 4606 3445 4663 adversus
3476 4609 3579 4663 Eu-

2000 4694 2211 4760 tychem
2252 4690 2320 4744 de
2368 4705 2493 4743 vera
2533 4690 2732 4746 Christi
2765 4693 3134 4751 lncarnatione
3162 4697 3319 4765 datae,
3364 4700 3431 4756 ab
3472 4698 3579 4756 isto

2000 4781 2213 4835 dictatas
2243 4780 2558 4835 creduntur.

2127 4898 2216 4966 (A.
2243 4897 2304 4952 C.
2339 4898 2494 4971 464.)
2528 4897 2648 4954 Ind.
2683 4915 2744 4970 tt,
2776 4900 3011 4959 Rusticio
3030 4914 3076 4959 et
3106 4906 3459 4977 Olybriocoss.

2073 5011 2307 5081 Beorgor
2338 5027 2428 5067 rex
2461 5014 2752 5070 Alanorum
2778 5031 2808 5071 a
2849 5016 3120 5075 Ricimere
3145 5035 3270 5088 rege
3295 5021 3579 5077 occiditur.

2003 5102 2094 5174 (A.
2124 5103 2188 5159 ϐ.
2218 5103 2376 5173 465.)
2409 5102 2529 5159 Ind.
2556 5122 2637 5172 nt,
2674 5107 2929 5165 Basilisco
2970 5121 3020 5164 et
3060 5111 3415 5167 Herntincrico
3446 5132 3579 5173 coss.

2072 5194 2566 5265 ConStantinopolis
2598 5214 2793 5270 magno
2822 5201 3004 5255 invasa
3036 5202 3305 5266 incendio,
3337 5204 3581 5275 facieque

2002 5286 2202 5342 faedata
2248 5286 2553 5355 deplanxit.
2596 5289 2850 5354 Severus,
2875 5292 2967 5362 qui
2997 5290 3306 5349 Occidentis
3349 5299 3582 5366 arripuit

2005 5377 2388 5449 principatum,
2414 5378 2599 5434 Romae
2628 5380 2851 5436 interiit.

2125 5492 2214 5563 (A.
2242 5491 2303 5546 C.
2335 5491 2487 5562 466.)
2524 5490 2645 5546 Ind.
2673 5509 2747 5559 iv,
2777 5493 2946 5550 Leone
2975 5496 3107 5567 Aug.
3136 5512 3193 5552 ut
3215 5497 3324 5552 solo
3350 5514 3453 5552 cos.
3482 5540 3485 5543 ‹

2073 5602 2434 5661 Theodoritus
2478 5607 2765 5675 episcOpns
2816 5608 2943 5679 Cyri
2986 5610 3222 5666 civitatis
3261 5611 3472 5680 scripsit
3514 5611 3584 5668 de

2001 5694 2375 5754 lncarnatione
2408 5698 2619 5754 Domini
2649 5698 2909 5758 adversus
2954 5701 3252 5770 Eutychem
3300 5702 3581 5769 presbyte-
