4064 6190
513 236 614 294 931

1767 221 2186 280 MARCELLINI
2222 222 2491 294 COMITIS

3674 226 3778 284 933

515 362 633 402 rum
681 353 736 400 et
771 342 1086 397 Dioscorum
1141 337 1522 393 Alexandrina
1573 336 1827 391 Ecclesia
1876 336 2090 405 episco-
2119 336 2171 392 A
2198 332 2406 391 insidiis
2436 337 2858 401 circumventus,
2889 353 3012 393 cum
3045 339 3274 394 Ariadne
3299 355 3467 396 uxore
3505 356 3600 395 sua
3649 357 3779 408 pro-

515 452 664 506 pum,
692 436 780 504 qui
811 434 1098 487 humanam
1127 431 1182 484 in
1209 430 1420 484 Christo
1449 443 1664 483 carnem
1707 427 1873 482 fuisse
1919 428 2082 482 dene«

515 534 665 597 gant.

670 615 760 687 (A.
790 610 848 667 C.
885 611 1036 681 467.)
1069 609 1193 664 Ind.
1219 624 1276 675 v,
1307 607 1476 662 Puseo
1507 617 1554 662 et
1578 608 1780 661 Joanne
1801 623 1931 661 coss.

585 727 697 781 Leo
721 727 850 794 imp.
881 724 1224 778 Anthemium
1252 722 1529 791 patricium
1563 720 1784 774 Romam
1807 718 1968 783 misit,
1992 718 2090 771 im-

511 829 925 888 peratoremque
965 814 1268 870 constituit.
1300 813 1556 866 Romana
1587 811 1840 866 Ecclesia
1871 809 2088 877 Simpli-

509 911 625 966 cius
666 910 803 964 XLV
846 908 1082 978 pontifex
1113 917 1348 971 creatus,
1383 905 1517 957 vixit
1544 919 1711 958 annos
1757 917 1842 956 xv.
1877 901 2087 956 Raven-

508 1016 631 1055 nam
655 1001 923 1054 civitatem
957 1008 1300 1052 terramotus
1326 995 1608 1050 deterruit.

578 1114 671 1186 (A.
703 1115 762 1168 C.
790 1113 942 1184 468.)
978 1113 1101 1165 Ind.
1133 1127 1204 1177 vr,
1233 1111 1502 1164 Anthemio
1529 1110 1659 1179 Aug.
1703 1122 1741 1160 ιι
1769 1105 1878 1159 solo
1908 1121 2012 1158 cos.

578 1223 917 1278 Marcellinus
963 1222 1272 1277 Occidentis
1304 1219 1578 1289 patricius,
1630 1218 1880 1284 idemque
1927 1231 2088 1283 paga-

507 1332 630 1383 nus,
659 1317 785 1369 dum
820 1315 1075 1368 Romanis
1105 1323 1291 1367 contra
1317 1309 1612 1365 Wandalos
1635 1307 1776 1375 apud
1808 1306 2085 1375 Carthagi-

506 1430 628 1468 nem
682 1411 1040 1482 pugnantibus
1097 1424 1252 1477 opem
1298 1407 1662 1472 auxiliumque
1709 1400 1833 1465 fert,
1880 1401 1945 1454 ab
1994 1399 2087 1454 iis~

506 1508 626 1561 dem
654 1507 780 1561 dolo
813 1503 1122 1560 confoditur
1151 1517 1248 1572 pro
1274 1500 1470 1569 quibus
1519 1498 1694 1565 palam
1745 1501 1963 1548 venerat
1990 1507 2086 1561 pu-

506 1609 786 1670 guaturus.

595 1694 682 1761 (A.
706 1690 767 1745 C.
797 1689 946 1757 469.)
973 1687 1095 1740 Ind.
1128 1701 1222 1750 vtl,
1253 1683 1458 1738 Zenone
1486 1689 1533 1734 et
1562 1678 1826 1733 Marciano
1851 1692 1986 1729 coss.

573 1803 668 1856 llis
714 1816 852 1856 coss.
885 1807 1045 1868 caput
1089 1797 1332 1852 Denzicis
1366 1795 1680 1848 Hunnorum
1727 1788 1865 1858 regis
1904 1787 2083 1843 Attila

503 1895 595 1949 filii
624 1889 1145 1959 Constantinopolim
1169 1889 1383 1940 allatum
1414 1893 1517 1940 est.

621 2010 711 2081 (A.
743 2006 804 2061 C.
830 2004 981 2076 470.)
1004 2004 1127 2058 Ind.
1158 2019 1270 2068 vm,
1297 2001 1525 2054 Iordane
1546 2009 1593 2052 et
1623 1998 1807 2053 Severo
1833 2012 1962 2049 coss.

571 2122 880 2178 Gennadius
905 2115 1512 2184 ConstantinOpolitana
1550 2111 1808 2166 Ecclesia
1839 2107 2078 2179 pontifex

501 2214 776 2270 Danielem
800 2211 1114 2281 prophetam
1136 2223 1200 2262 ex
1227 2208 1435 2275 integro
1459 2205 1524 2258 ad
1551 2203 1776 2257 verbum
1804 2214 2081 2255 commen-

502 2317 641 2362 tatus
661 2314 763 2370 est,
789 2313 843 2359 et
865 2303 1113 2357 homilias
1143 2299 1336 2353 multas
1358 2295 1679 2365 composuit,
1703 2303 1758 2348 et
1782 2291 1930 2346 Pauli
1955 2292 2079 2360 Epi-

499 2398 666 2452 stolas
695 2408 883 2449 omnes
914 2409 980 2447 ex
993 2391 1189 2461 posuit.

501 2507 589 2580 (A.
617 2507 679 2561 C.
714 2504 862 2576 ιιι.)
891 2505 1012 2557 Ind.
1045 2519 1120 2568 Ix,
1150 2501 1322 2556 Leone
1349 2501 1480 2570 Aug.
1502 2515 1557 2554 tv
1585 2509 1630 2552 et
1660 2497 1921 2551 Probiano
1942 2510 2076 2548 coss.

566 2599 742 2664 Aspar
785 2597 987 2665 primus
1018 2594 1362 2662 patriciorum
1394 2606 1516 2646 cum
1559 2588 1840 2644 Ardabure
1883 2596 1938 2640 et
1978 2586 2076 2639 Pa-

497 2690 706 2744 triciolo
753 2689 893 2752 ﬁliis,
929 2687 1021 2740 illo
1058 2683 1272 2752 quidem
1305 2682 1434 2736 olim
1475 2681 1720 2748 patricio,
1764 2680 1870 2733 hoc
1898 2688 2074 2732 autem

496 2780 705 2833 Caesare
734 2791 1040 2847 generoque
1080 2776 1276 2830 Leonis
1315 2773 1569 2841 principis
1607 2771 1895 2839 appellato,
1926 2769 2076 2822 Aria-

495 2886 597 2925 nus
627 2885 747 2924 cum
777 2869 974 2922 Ariana
1004 2867 1173 2935 prole,
1218 2864 1520 2935 spadonum
1551 2864 1768 2918 ensibus
1795 2862 1849 2915 in
1876 2862 2074 2931 palatio

495 2962 806 3015 vulneratus
835 2958 1056 3012 interiit.

624 3074 715 3140 (A.
745 3072 806 3127 C.
832 3073 982 3141 472.)
1020 3070 1144 3124 Ind.
1171 3087 1222 3138 x,
1255 3070 1521 3124 Marciano
1547 3077 1594 3122 et
1617 3066 1773 3122 Festo
1803 3083 1931 3120 coss.

565 3185 828 3238 Vesuvius
860 3199 1014 3239 mons
1045 3183 1352 3251 Campania:
1383 3181 1618 3238 torridus
1643 3181 1910 3236 intestinis
1938 3181 2074 3251 igni-

492 3275 590 3330 bus
629 3287 863 3330 astuans
909 3287 1099 3331 exusta
1143 3278 1380 3331 evomuit
1413 3278 1638 3341 viscera,
1693 3277 2072 3344 nocturnisque

492 3367 546 3420 in
587 3368 672 3420 die
719 3369 952 3420 tenebris
987 3366 1436 3429 incumbentibus,
1472 3379 1686 3418 omnem
1724 3365 1950 3433 Europa
1994 3363 2071 3418 fa-

492 3461 625 3512 ciem
656 3459 859 3511 minuto
889 3461 1131 3512 contexit
1175 3458 1411 3522 pulvere.
1457 3456 1623 3523 Hujus
1653 3455 1920 3510 metuendi
1954 3471 2068 3509 me-

492 3550 718 3604 moriam
761 3548 960 3602 cineris
1007 3546 1247 3617 Byzantii
1279 3560 1456 3600 annue
1501 3545 1773 3599 celebrant
1815 3561 1906 3598 vur
1952 3546 2071 3599 idus

492 3640 754 3695 Novemb.
787 3639 1103 3694 Anthemius
1137 3639 1262 3706 imp.
1298 3637 1484 3691 Roma
1514 3653 1542 3690 a
1573 3637 1838 3690 Ricimere
1873 3650 2071 3705 genero

491 3749 590 3787 suo
635 3733 916 3787 occiditur.
949 3732 1091 3785 Loco
1132 3733 1248 3798 ejus
1278 3731 1530 3800 Olybrius
1574 3730 1913 3793 substitutus,
1945 3744 2069 3797 sep-

492 3828 624 3880 timo
665 3841 847 3878 mense
878 3824 1089 3892 imperii
1128 3824 1207 3876 sui
1239 3825 1342 3876 vita
1380 3821 1661 3875 defunctus
1696 3829 1797 3874 est.
1849 3822 1906 3874 ln
1945 3821 2070 3875 Asia

491 3918 780 3987 aliquantae
825 3916 1068 3970 civitates
1117 3915 1200 3968 vel
1241 3913 1433 3984 oppida
1477 3921 1788 3966 terramotu
1833 3911 2069 3980 collapsa

522 4025 637 4062 ιιιιι.

522 4025 591 4062 un
623 4046 637 4061 .

491 4023 518 4064 8
600 4019 618 4063 ι
644 4102 734 4171 (A.
762 4100 824 4155 C.
854 4100 1005 4167 4'75.)
1038 4098 1155 4153 Ind.
1187 4114 1261 4167 xi,
1286 4099 1456 4153 Leone
1480 4098 1615 4170 Aug.
1647 4114 1678 4153 v
1706 4099 1814 4152 solo
1829 4115 1934 4152 cos.

565 4209 853 4280 Glycerius
908 4210 1048 4278 apud
1106 4209 1414 4264 Ravennam
1482 4211 1598 4277 plus
1650 4210 2069 4278 prasumptione

490 4317 649 4372 quam
697 4300 961 4355 electione
1006 4297 1186 4352 Caesar
1236 4301 1406 4352 factus
1453 4310 1553 4353 εει.
1599 4299 2066 4367 Constantinopoli

490 4395 750 4448 seditione
791 4394 844 4446 in
892 4394 1035 4447 circo
1074 4401 1213 4460 orta,
1246 4392 1395 4445 multi
1444 4392 1743 4445 Isaurorum
1793 4406 1820 4444 a
1869 4392 2066 4461 populo

491 4487 798 4552 interempti
824 4492 967 4537 sunt.

621 4595 708 4663 (A.
743 4595 805 4648 C.
832 4593 982 4664 474.)
1019 4592 1140 4646 1nd.
1172 4609 1265 4659 xu,
1296 4593 1681 4664 Leonejuniore
1707 4596 1814 4648 solo
1841 4610 1946 4648 cos.

562 4705 673 4760 Leo
711 4704 890 4758 senior
919 4705 1075 4772 imp.,
1109 4705 1288 4759 Leone
1327 4705 1538 4774 juniore
1567 4720 1595 4757 a
1629 4720 1688 4759 se
1714 4705 1822 4772 jam
1850 4704 2065 4760 Casare

489 4799 803 4863 constituto,
840 4796 1030 4850 morbo
1058 4797 1232 4864 periit,
1260 4808 1364 4851 tam
1385 4799 1466 4851 sui
1492 4798 1701 4866 imperii
1731 4798 1883 4850 annis
1903 4813 2061 4867 quam

491 4889 647 4959 hujus
687 4889 881 4943 Leonis
914 4887 1060 4957 regni
1093 4889 1365 4942 mensibus
1387 4889 1731 4956 computatis,
1763 4902 1902 4942 anno
1930 4904 2059 4956 xvn,

488 4995 674 5035 mense
704 4997 774 5034 vt.
809 4980 1080 5034 Zenonem
1127 4978 1235 5032 Leo
1273 4979 1475 5045 junior,
1505 4979 1751 5048 idemque
1796 4978 1936 5033 ﬁlius
1964 4980 2061 5034 im-

491 5083 704 5140 perator
736 5072 1027 5139 principem
1058 5069 1208 5137 regni
1247 5070 1542 5123 constituit.
1577 5068 1854 5139 Glycerius
1882 5071 2063 5124 Casar

493 5161 676 5220 Roma
707 5162 991 5230 imperium
1027 5170 1235 5224 tenens,
1264 5175 1293 5212 a
1323 5159 1543 5228 Nepote,
1573 5159 1862 5214 Marcellini
1890 5176 2060 5229 quon-

489 5252 611 5305 dam
644 5252 856 5321 patricii
883 5253 1085 5305 sororis
1109 5250 1237 5318 ﬁlio,
1266 5250 1492 5317 imperio
1518 5251 1789 5318 expulsus,
1818 5251 1870 5303 in
1903 5261 2056 5318 portu

490 5346 638 5399 urbis
682 5344 868 5399 Roma
913 5359 978 5398 ex
1003 5343 1218 5397 Caesare
1261 5344 1542 5412 episcopus
1569 5343 1846 5397 ordinatus
1875 5353 1977 5409 est,
2008 5351 2062 5397 et

489 5437 641 5492 obiit.

601 5528 687 5598 (A.
717 5527 778 5582 C.
802 5526 950 5598 473.)
987 5526 1103 5580 Ind.
1132 5542 1249 5590 xm,
1271 5526 1475 5580 Zenone
1495 5526 1624 5598 Aug.
1653 5541 1691 5581 ιι
1717 5527 1826 5580 solo
1847 5541 1954 5579 cos.

491 5643 635 5698 Zeno
656 5644 785 5708 imp.
808 5643 1019 5700 Verina
1045 5656 1231 5700 socrus
1255 5657 1366 5698 sua
1391 5651 1442 5699 et
1471 5641 1712 5698 Basilisci
1736 5641 1914 5697 fratris
1943 5642 2060 5712 ejus

2196 427 2352 497 fugus
2383 429 2436 482 in
2469 429 2720 482 Isauriam
2753 429 2940 483 tendit.
2975 428 3216 500 Regnum
3245 430 3449 485 Zenoni
3485 430 3779 486 Basiliscus

2195 525 2452 588 tyrannus
2497 521 2712 575 invasit.
2743 520 2943 591 Nepos,
2969 520 3059 590 qui
3090 522 3390 593 Glycerium
3418 537 3583 592 regno
3609 537 3779 592 pepu-

2194 608 2350 676 lerat,
2385 611 2565 665 Roma
2591 611 2831 666 elevatus
2859 622 2938 665 est
2968 615 3277 682 imperator.
3323 614 3527 683 Nepote
3556 613 3777 670 Orestes

2194 703 2444 769 protinus
2471 702 2722 772 effugata,
2760 704 3114 773 Augustulum
3143 705 3308 759 ﬁlium
3335 721 3491 760 suum
3521 707 3573 759 in
3603 708 3778 776 impe-

2194 793 2330 848 rium
2361 793 2666 848 collocavit.

2260 927 2349 997 (A.
2387 927 2450 982 C.
2478 926 2630 998 476.)
2668 926 2794 980 Ind.
2824 943 2934 992 xlv,
2967 926 3218 981 Basilisco
3247 934 3292 980 et
3320 929 3532 981 Armate
3561 944 3694 981 coss.

2265 1039 2552 1093 Basiliscus
2591 1049 2850 1110 tyrannus
2880 1040 3055 1094 Marco
3084 1041 3192 1094 ﬁlio
3221 1055 3318 1094 suo
3349 1039 3565 1094 Casare
3606 1040 3770 1104 facto,

2191 1131 2317 1184 dum
2369 1143 2554 1186 contra
2603 1134 2760 1186 fidem
2813 1134 3132 1186 catholicam
3188 1133 3502 1188 Nestoriana
3565 1132 3772 1205 [Potius

2191 1221 2555 1292 Eutychiana)
2623 1223 2844 1291 perﬁdia
2899 1225 3263 1277 intumescens
3307 1232 3534 1277 conatur
3590 1239 3746 1278 assur

2190 1330 2335 1384 gere,
2369 1326 2492 1371 ante
2521 1317 2730 1370 inflatus
2759 1318 2966 1387 crepuit.
3021 1332 3175 1386 quam
3205 1317 3471 1386 panitens
3499 1328 3642 1372 stare
3674 1333 3773 1385 pne

2193 1408 2374 1462 tuerit.
2413 1408 2700 1462 Basiliscus
2736 1423 2856 1462 cum
2897 1407 3006 1460 ﬁlio
3042 1416 3093 1460 et
3132 1407 3404 1460 Zenonida
3443 1422 3612 1461 uxore
3643 1422 3763 1470 sua,

2185 1500 2294 1567 jam
2336 1499 2551 1554 Zenone
2593 1499 2875 1568 pristinum
2920 1498 2986 1552 ad
3039 1500 3321 1564 imperium
3371 1508 3672 1563 remeante,
3718 1500 3768 1553 in

2189 1591 2432 1645 exsilium
2470 1593 2667 1644 missus
2700 1599 2800 1656 est,
2843 1599 3004 1657 atque
3037 1591 3092 1643 in
3129 1590 3443 1658 oppidulum
3480 1591 3626 1658 quod
3667 1590 3766 1644 Le-

2113 1704 2160 1763 B
2191 1683 2349 1736 minis
2389 1683 2443 1736 in
2491 1682 2759 1750 provincia
2793 1681 3139 1750 Cappadocia
3166 1679 3383 1743 dicitur,
3411 1688 3594 1733 trusus
3627 1681 3766 1733 fama

2186 1774 2446 1828 extabuit.
2479 1774 2721 1828 Odoacer
2757 1790 2851 1828 rex
2893 1774 3192 1828 Gothorum
3233 1773 3455 1826 Romam
3495 1773 3765 1834 obtinuit;

2185 1866 2430 1921 Orestem
2445 1867 2686 1921 Odoacer
2708 1867 2853 1921 illico
2879 1865 3191 1924 trucidavit;
3219 1865 3572 1933 Augustulum
3595 1865 3762 1918 ﬁlium

2181 1957 2384 2012 OreStis
2436 1957 2674 2012 Odoacer
2721 1960 2772 2011 in
2831 1958 3120 2012 Lucullano
3173 1955 3478 2024 Campania
3530 1955 3763 2010 castello

2185 2049 2360 2102 exsilii
2401 2063 2555 2116 pana
2593 2049 2889 2104 damnavit.
2933 2048 3252 2116 Hesperium
3296 2047 3549 2100 Romana
3585 2048 3764 2116 gentis

2184 2138 2486 2206 imperium,
2525 2139 2665 2207 quod
2712 2139 3188 2207 septingentesimo
3228 2152 3369 2190 nouo
3398 2134 3581 2209 [Chifjl
3637 2152 3763 2207 sep-

2184 2230 2313 2297 ting.
2331 2226 2542 2298 octavo]
2577 2228 2734 2282 Urbis
2756 2229 2985 2282 condita
3012 2243 3154 2282 anno
3182 2228 3761 2298 primusAugustorum

2181 2316 2502 2370 Octavianus
2531 2317 2802 2385 Augustus
2848 2329 3029 2372 tenere
3086 2318 3268 2385 coepit,
3298 2331 3416 2370 cum
3451 2317 3553 2371 hoc
3585 2321 3762 2387 Augu-

2180 2410 2322 2464 stulo
2352 2409 2538 2477 periit,
2591 2425 2731 2464 anno
2782 2409 3127 2464 decessorum
3174 2409 3320 2478 regni
3372 2408 3756 2477 imperatorum

2181 2516 2345 2565 oxxu,
2410 2500 2706 2556 Gmhorum
2763 2501 2956 2555 dehinc
3015 2501 3232 2570 regibus
3288 2501 3512 2554 Romam
3573 2509 3758 2555 tenen-

2180 2589 2341 2644 tibus.

2409 2682 2498 2752 (A.
2527 2682 2588 2737 (Σ.
2617 2682 2768 2752 477.)
2801 2682 2924 2735 Ind.
2950 2697 3036 2750 xv,
3070 2683 3179 2736 sine
3205 2682 3523 2735 consulibus.

2248 2794 2507 2849 Bracilam
2550 2797 2800 2850 comitem
2846 2795 3085 2850 Odoacer
3123 2811 3218 2850 rex
3256 2794 3396 2864 apud
3443 2795 3762 2850 Ravennam

2179 2887 2394 2941 occidit.

2475 2979 2564 3049 (A.
2597 2977 2658 3034 C.
2691 2979 2842 3050 478.)
2875 2978 2999 3034 Ind.
3027 2996 3064 3044 ι,
3090 2979 3194 3033 Illo
3219 2981 3326 3033 solo
3353 2995 3454 3033 cos.

2097 3068 2142 3129 (δ
2247 3094 2554 3149 Theodulus
2586 3095 2865 3166 presbyter
2909 3096 2959 3149 in
2987 3094 3281 3164 Calesyria
3310 3093 3480 3147 multa
3509 3094 3757 3149 conscri-

2175 3186 2300 3254 psit,
2325 3186 2608 3254 clarusque
2642 3186 2888 3240 habetur.

2353 3318 2441 3388 (A.
2469 3318 2530 3371 C.
2563 3316 2714 3388 479.)
2746 3316 2869 3371 Ind.
2899 3332 2958 3381 ιι,
2986 3316 3190 3371 Zenone
3217 3317 3347 3388 Aug.
3381 3334 3440 3374 ιιι
3467 3335 3572 3373 cos.

2244 3425 2564 3481 Sabinianus
2606 3440 2830 3494 magnus
2868 3427 3188 3496 Illyriciana
3225 3428 3506 3496 utriusque
3544 3424 3754 3480 militia

2173 3516 2366 3572 ductor
2395 3528 2629 3583 creatus,
2668 3520 2870 3573 curiam
2917 3519 3177 3588 fragilem,
3209 3521 3630 3589 conlapsumque
3665 3520 3752 3585 ju-

2172 3619 2314 3664 stum
2369 3610 2675 3676 reipublicae
2722 3625 2980 3677 censum,
3023 3611 3108 3664 vel
3149 3621 3543 3680 prapaventem
3595 3609 3748 3672 fovit,

2170 3701 2257 3755 vel
2305 3701 2694 3769 dependentem
2739 3711 2939 3754 tutatus
2979 3711 3082 3754 est.
3129 3699 3434 3768 Disciplina
3487 3709 3750 3766 praterea

2171 3792 2417 3845 militaris
2458 3792 2527 3844 ita
2580 3793 2815 3858 Optimus
2864 3791 3140 3844 institutor
3188 3789 3562 3859 coercitorque
3613 3789 3746 3854 fuit,

2170 3893 2230 3935 ut
2307 3882 2496 3951 priscis
2565 3882 2927 3936 Romanorum
2999 3881 3309 3935 ductoribus
3379 3891 3744 3948 comparetur.

2172 3972 2561 4027 Theudoricum
2612 3974 2754 4027 idem
2807 3974 3124 4041 Sabinianus
3172 3989 3349 4042 regem
3402 3973 3543 4041 apud
3596 3972 3746 4027 Gra-

2170 4066 2305 4119 ciam
2334 4066 2753 4121 debacchantem
2788 4067 3004 4136 ingenio
3033 4068 3200 4136 magis
3228 4080 3385 4135 quam
3419 4066 3619 4118 virtute
3648 4066 3748 4118 de-

2172 4157 2385 4210 terruit.

2169 4266 2262 4337 (A.
2285 4267 2347 4321 (Ζ.
2372 4265 2524 4336 480.)
2555 4264 2678 4319 Ind.
2703 4282 2785 4331 ιιι,
2812 4265 3010 4319 Basilio
3052 4262 3447 4337 [Scil.juniore]
3491 4265 3601 4317 solo
3639 4278 3745 4314 cos.

2243 4379 2381 4434 Urbs
2404 4379 2546 4448 regia
2592 4393 2687 4446 per
2717 4395 2784 4431 χι.
2813 4378 3097 4431 cootiuuos
3135 4376 3251 4430 dies
3297 4376 3511 4430 assiduo
3561 4383 3751 4428 terra-

2173 4480 2316 4522 motu
2364 4480 2613 4539 quassata
2659 4483 2983 4538 magnopere
3031 4483 3152 4521 sese
3199 4466 3395 4519 afﬂicta
3444 4466 3747 4532 deplanxit.

2171 4561 2361 4614 Amba
2398 4559 2734 4614 Troadenscs
2765 4560 3000 4627 porticus
3045 4566 3405 4612 corruerunt:
3451 4556 3749 4625 aliquantae

2166 4652 2410 4705 ecclesia
2438 4652 2520 4706 vel
2552 4651 2732 4705 scissa
2777 4661 2902 4704 sunt
2929 4651 3010 4704 vel
3037 4651 3304 4716 collapsa.
3337 4649 3522 4701 Statua
3563 4649 3746 4703 Theo-

2167 4741 2306 4796 dosii
2355 4742 2530 4811 Magni
2571 4743 2622 4796 in
2674 4743 2787 4796 foro
2823 4741 2985 4795 Tauri
3033 4757 3196 4810 super
3223 4741 3520 4808 cochlidem
3571 4744 3746 4795 olum-

2167 4849 2293 4887 nam
2325 4836 2497 4902 posita
2527 4834 2748 4898 corruit,
2776 4834 2983 4887 duobus
3017 4832 3314 4886 fornicibus
3357 4831 3599 4899 ejusdem
3630 4833 3744 4886 col-

2165 4923 2353 4992 lapsis.
2418 4924 2572 4978 Hunc
2626 4922 3032 4978 formidolosum
3095 4922 3234 4977 diem
3304 4923 3544 4991 Byzantii
3596 4923 3744 4976 cele-

2161 5014 2318 5068 brant
2360 5030 2450 5068 vnt
2483 5013 2695 5070 kalend.
2727 5013 2991 5069 Octobris.
3017 5013 3109 5067 llis
3139 5027 3306 5074 coss.,
3335 5012 3540 5080 Nepos,
3581 5027 3743 5081 quem

2162 5105 2361 5160 dudum
2408 5104 2628 5160 Orestes
2683 5104 2911 5175 imperio
2967 5104 3342 5171 abdicaverat,
3403 5103 3636 5157 Viatoris
3689 5111 3746 5157 et

2161 5198 2344 5251 Ovida
2383 5196 2565 5268 [Chiﬁl.
2595 5194 2782 5266 Ovila]
2811 5196 3063 5249 comitum
3092 5210 3308 5249 suorum
3336 5193 3566 5261 insidiis,
3599 5192 3743 5249 haud

2170 5288 2326 5357 longe
2349 5304 2377 5340 a
2408 5289 2639 5352 Salonis,
2666 5301 2760 5341 sua
2790 5286 2843 5340 in
2872 5285 2999 5338 villa
3027 5287 3236 5340 occisus
3259 5296 3362 5340 εει.

2390 5417 2478 5486 (A.
2510 5415 2572 5471 C.
2601 5417 2749 5487 48L)
2776 5414 2898 5469 Ind.
2927 5431 3000 5481 tv,
3031 5414 3250 5470 Placido
3275 5415 3384 5469 solo
3408 5430 3515 5467 cos.

2239 5549 2603 5605 Thcodoricus
2647 5549 2840 5604 Triarii
2885 5550 3024 5605 ﬁlius
3072 5565 3164 5606 rex
3213 5548 3530 5614 Gothorum,
3555 5550 3747 5603 ascitis

2167 5645 2279 5703 suis
2300 5658 2468 5713 usque
2494 5642 2560 5697 ad
2591 5642 2879 5713 Anaplum,
2902 5653 3091 5713 quarto
3113 5643 3268 5700 Urbis
3290 5645 3541 5700 mitliario
3562 5657 3752 5700 anna-
