4064 6190
248 280 353 335 95ῐ

1678 254 2087 316 CHBONICON.

3411 253 3516 309 958

249 401 333 445 tus
364 378 780 441 advenittnulli
810 385 990 434 tamen
1018 375 1384 432 Romanorum
1423 372 1620 429 noxius
1658 371 1833 427 conti-
1859 372 1906 433 Α
1935 369 2183 436 accessit,
2232 368 2581 438 plurimisque
2631 366 2765 423 locis
2812 366 2933 436 igne
2982 365 3253 431 crematis,
3299 364 3367 420 ad
3410 364 3516 419 Nn-

248 495 356 535 nuo
379 487 629 530 reversus
655 480 758 527 est.
785 470 954 525 Porro
970 469 1023 523 in
1052 467 1322 535 Illyricum
1355 479 1677 535 properans,
1703 464 1830 518 dum
1880 498 1899 515 .
1934 478 2152 518 vensem
2176 461 2371 517 Mtesia‘.
2386 463 2682 527 civitatem,
2717 460 2855 515 unde
2884 458 3197 525 advenerat,
3230 458 3515 514 remeavit.

249 574 391 627 inter
412 581 631 622 suorum
659 564 930 619 moventia
954 561 1192 631 plaustra
1219 558 1582 629 progreditur,
1603 557 1833 625 jacentis

247 675 412 730 super
440 666 757 725 carpentum
790 654 883 708 teli
927 652 1198 714 acumine,
1242 659 1295 704 et
1335 649 1675 718 pavescentis
1712 644 1835 713 equi

249 752 332 807 sui
358 748 707 818 impulsione,
733 744 875 799 fixus
900 745 1469 810 transverberatusque
1496 738 1715 793 interiit.
1740 733 1837 791 Sa-

2038 594 2129 666 (A.
2156 593 2218 649 C.
2251 594 2405 663 488.)
2432 591 2551 646 Ind.
2585 608 2657 657 xt,
2690 591 2929 645 Dinamio
2957 601 3003 644 et
3058 590 3248 658 Siﬁdio
3278 606 3413 643 coss.

2008 724 2265 780 Leontius
2297 726 2499 780 interea
2530 739 2623 778 rex
2651 739 2703 779 et
2732 724 2861 778 lllns
2893 734 3181 795 tyrannus,
3210 724 3263 777 in
3295 722 3524 793 Papyrio

250 813 532 898 binianum
580 813 826 905 Magnum
861 850 1005 887 mors
1036 847 1154 902 qua:
1187 830 1307 884 huic
1346 829 1586 900 peccanti
1636 825 1837 881 mundo
1936 814 2153 905 Isauria:
2190 814 2411 869 castello
2450 815 2614 883 capti,
2651 816 3004 884 decollatique
3039 825 3184 869 sunt.
3217 813 3403 883 Capita
3434 828 3526 866 eo-

254 932 448 986 merito
474 904 738 992 imminet,
794 935 918 979 ante
962 938 1084 977 eum
1130 922 1327 975 ademit
1370 934 1529 990 quam
1574 920 1837 987 integrum
1938 922 2059 961 rum
2100 904 2618 976 Constantinopolim
2667 908 2826 961 allata
2861 907 3073 974 praefixa
3118 906 3398 961 hastilibus
3443 909 3525 956 ta-

255 1021 563 1091 defatigatte
589 1016 898 1087 reipublicaa
927 1012 1224 1069 subsidium
1254 1012 1411 1066 foret.

330 1154 419 1225 (A.
450 1152 514 1207 C.
551 1146 703 1220 482.)
751 1145 981 1225 Ind._v,_
1005 1144 1273 1225 Trocondo
1311 1153 1358 1197 et
1400 1141 1645 1198 Seuerino
1684 1140 1838 1213 [Scil.

860 1214 1091 1287 juniore]
1117 1232 1249 1267 coss.

334 1312 593 1369 Romanae
630 1308 888 1363 Ecclesiae
917 1306 1063 1361 Felix
1102 1305 1266 1360 XLVI
1310 1303 1594 1374 episcopus
1631 1302 1845 1357 ordina-

265 1413 371 1472 tus,
401 1403 535 1457 vixit
576 1402 731 1455 annis
772 1414 864 1453 xtt.
894 1396 1264 1451 Theodoricus
1304 1402 1661 1464 cognomento
1694 1392 1848 1446 Vala-

264 1511 383 1551 mer
439 1505 723 1562 utramque
776 1488 1140 1545 Macedoniam
1190 1486 1634 1555 Thessaliamque
1682 1483 1847 1551 depo-

264 1590 476 1659 pulatus
528 1594 633 1655 est,
692 1584 961 1639 Larissam
1003 1594 1217 1651 quoque
1257 1578 1595 1647 metropolim
1642 1576 1851 1645 deprae-

267 1680 445 1735 daws.
512 1748 603 1816 (A.
626 1744 688 1800 C.
714 1742 865 1814 485.)
897 1741 1019 1796 Ind.
1043 1757 1117 1806 vr,
1150 1737 1350 1794 Fausto
1371 1740 1482 1794 solo
1507 1754 1612 1792 cos.

340 1861 488 1917 Idem
537 1857 903 1914 Theodoricus
945 1871 1044 1910 rex
1086 1853 1383 1910 Gothorum
1434 1850 1666 1906 Zenonis
1712 1850 1849 1919 Aug.

271 1951 654 2010 muniﬁcentiis
693 1964 830 2019 pene
879 1956 1121 2017 pacatus,
1166 1946 1527 2015 magisterque
1572 1944 1855 2013 presentis

274 2044 483 2100 militiae
530 2043 723 2107 factus,
769 2039 959 2094 consul
988 2053 1203 2108 quoque
1230 2038 1561 2104 designatus,
1590 2035 1851 2089 creditam

274 2138 374 2195 sibi
404 2136 635 2206 ripensis
657 2134 831 2189 Daciae
854 2143 1056 2201 partem
1086 2131 1392 2199 Mani-aeque
1421 2128 1711 2193 inferioris,
1734 2141 1857 2182 cum

275 2230 389 2286 suis
409 2226 731 2282 satellitibus
758 2239 854 2293 pro
883 2232 1127 2292 tempore
1156 2225 1347 2277 tenuit.

314 2362 403 2434 (A.
428 2361 493 2415 ο.
520 2360 676 2429 484.)
708 2355 831 2412 Ind.
861 2373 955 2421 vn,
992 2355 1307 2410 Theodorico
1336 2366 1381 2410 et
1421 2354 1673 2409 Venantio
1695 2369 1827 2410 coss.

351 2472 480 2528 Illus
517 2470 734 2525 natione
783 2470 1024 2534 lsaurus,
1067 2467 1324 2537 dignitate
1367 2469 1619 2538 magister
1662 2466 1867 2521 ofﬁcio-

281 2580 422 2628 rum,
459 2570 729 2631 amputata
772 2559 912 2628 apud
942 2559 1255 2613 comitatum
1300 2560 1560 2623 auricula,
1591 2558 1867 2613 Orientem

288 2654 495 2709 Zenoni
525 2652 749 2707 infestus
781 2652 992 2704 invasit.
1026 2649 1198 2704 Porro
1227 2664 1348 2703 cum
1378 2649 1603 2703 Leontio
1633 2646 1869 2718 tyranni-

287 2744 411 2799 dem
439 2743 687 2811 arripuit.
720 2741 907 2794 Totam
956 2753 1186 2807 namque
1217 2754 1314 2809 per
1351 2738 1588 2792 Africam
1638 2735 1871 2791 crudelis

288 2835 541 2890 Hunerici
592 2831 977 2886 Wandalorum
1029 2830 1171 2899 regis
1216 2830 1269 2883 in
1319 2838 1533 2883 nostros
1580 2828 1873 2883 catholicos

288 2925 595 2998 persecutio
618 2926 906 2993 importata
931 2934 1033 2976 est.
1059 2922 1193 2976 Nam
1218 2922 1479 2977 exsulatis
1500 2920 1875 2991 diffugatisque

291 3019 411 3090 plus
432 3032 590 3088 quam
617 3029 902 3070 cccxxxtttt
921 3012 1106 3086 [διιεῃι.
1126 3012 1418 3086 cccxxxttt]
1441 3014 1874 3068 orthodoxorum

1941 998 2124 1052 buere.
2172 996 2377 1051 Eodem
2409 1012 2552 1051 anno
2600 996 2966 1051 Theodoricus
2996 1013 3091 1053 rex
3125 999 3363 1053 omnium
3396 1016 3527 1055 suo-

1943 1107 2061 1145 rum
2114 1092 2454 1147 multitudine
2521 1102 2798 1162 assttmpta
2854 1093 3152 1149 Gothorum
3208 1096 3263 1149 in
3322 1095 3527 1152 Italiam

1944 1183 2136 1237 tendit.

2052 1274 2139 1343 (A.
2165 1272 2227 1328 G.
2262 1274 2413 1342 489.)
2439 1274 2561 1329 Ind.
2595 1291 2691 1345 xu,
2725 1275 2947 1332 Eusebio
2971 1289 3018 1333 et
3043 1278 3267 1333 Probino
3289 1294 3422 1335 coss.

2018 1385 2165 1439 Idem
2190 1386 2556 1443 Theodoricus
2579 1404 2673 1443 rex
2703 1390 2999 1446 Gothorum
3030 1403 3262 1461 optatam
3291 1408 3526 1463 occupa-

1946 1475 2024 1529 vit
2052 1475 2278 1530 Italiam.
2302 1477 2543 1533 Odoacer
2564 1480 2748 1534 itidem
2768 1496 2861 1535 rex
2878 1482 3175 1537 Gothorum
3202 1495 3347 1537 metu
3361 1484 3533 1538 Tlteo-

1949 1567 2117 1622 dorici
2157 1570 2498 1638 perterritus,
2538 1571 2847 1626 Ravennam
2893 1575 3164 1643 ingressus
3200 1582 3318 1628 est:
3374 1590 3534 1641 porro

1950 1660 2018 1712 ab
2043 1659 2231 1714 eodem
2268 1660 2606 1716 Theodorico
2639 1662 2887 1732 perjuriis
2915 1664 3149 1730 illectus,
3194 1663 3534 1721 interfectus-

1885 1731 1935 1791 Β
1965 1765 2067 1819 que
2097 1760 2198 1805 est.

2030 1842 2118 1911 (A.
2146 1842 2209 1897 C.
2240 1843 2391 1911 490.)
2420 1842 2543 1897 Ind.
2570 1860 2683 1909 xm,
2715 1845 2949 1916 Longino
2969 1862 3005 1900 tt
3030 1856 3075 1900 et
3104 1845 3304 1902 Fausto
3334 1864 3465 1901 coss.

2026 1956 2170 2011 Zeno
2192 1957 2324 2027 imp.
2354 1958 2556 2028 Pelagii
2584 1960 2757 2028 gulam
2784 1961 2835 2014 in
2863 1962 3035 2016 insula
3058 1976 3178 2031 quae
3213 1963 3538 2016 Panormum

1958 2047 2169 2115 dicitur,
2200 2048 2392 2117 laqueo
2422 2048 2592 2119 frangi
2617 2052 2892 2121 praecepit.

2162 2180 2255 2250 (A.
2285 2177 2347 2234 C.
2374 2177 2527 2249 49L)
2562 2179 2683 2236 Ind.
2718 2197 2828 2246 le,
2866 2182 3080 2253 Olybrio
3101 2185 3210 2238 solo
3236 2201 3343 2238 cos.

2032 2291 2175 2346 Zeno
2198 2290 2469 2361 Augustus
2496 2290 2603 2344 vita
2623 2291 2877 2360 decessit,
2910 2303 3015 2347 tam
3038 2295 3121 2348 sui
3148 2295 3358 2364 imperii
3383 2296 3540 2350 annis

1964 2398 2127 2453 quam
2192 2381 2432 2436 Basilisci
2494 2382 2795 2451 tyrannidis
2858 2385 3131 2440 mensibus
3181 2388 3547 2454 computatis,

1966 2487 2138 2528 annos
2166 2488 2295 2539 xvn,
2326 2486 2537 2525 menses
2568 2487 2637 2525 vt.
2667 2471 2981 2527 Anastasius
3011 2489 3077 2527 ex
3112 2475 3413 2529 silentiario
3446 2477 3550 2530 im-

1969 2572 2182 2633 perator
2208 2571 2419 2617 creatus
2439 2572 2541 2615 est.
2574 2561 2778 2616 Bellum
2806 2563 3070 2630 plebeium
3106 2566 3248 2620 inter
3270 2566 3555 2637 Byzantios

1972 2664 2169 2720 ortum,
2202 2667 2431 2722 parsque
2464 2652 2613 2707 urbis
2648 2652 2879 2721 plurima
2908 2662 3066 2723 atque
3095 2656 3221 2710 circi
3265 2657 3385 2726 igne
3410 2669 3556 2711 com-

1975 2746 2150 2799 busta.

1976 2834 2065 2908 (A.
2098 2834 2159 2889 C.
2198 2831 2351 2904 492.)
2398 2832 2520 2887 Ind.
2552 2849 2640 2899 xv,
2676 2834 2951 2887 Anastasio
2992 2833 3129 2906 Aug.
3163 2847 3209 2887 et
3240 2834 3378 2905 Rufo
3426 2851 3559 2892 coss.

2048 2949 2187 3003 Dum
2222 2948 2422 3002 bellum
2468 2957 2687 3017 paratur
2728 2948 3059 3014 Isauricum,
3106 2948 3340 3017 dumque
3393 2948 3561 3004 Isauri

1980 3041 2261 3109 imperium
2304 3039 2407 3092 sibi
2447 3038 2723 3094 vindicare
2752 3040 3011 3103 nituntur,
3044 3038 3097 3092 in
3144 3039 3373 3110 Phrygia
3413 3039 3575 3109 juxta

294 3106 580 3201 ερίφουίετ
613 3104 1179 3201 “desiisse?
1210 3104 1429 3168 αιθιιείει
1464 3102 1611 3170 plebs
1638 3102 1873 3201 aeuum
1904 3091 1950 3155 ο
1981 3091 2245 3187 55......
2275 3091 3163 3200 ..νίωιεω..αξειηείεωάυηηιξ
3190 3091 3373 3201 in"...
3399 3091 3567 3185 an;

282 3199 462 3253 variis
500 3196 716 3250 subacta
747 3193 1047 3263 suppliciis,
1090 3194 1307 3250 beatum
1336 3193 1731 3249 consummavit
1756 3207 1883 3263 ago-

300 3306 447 3345 nem.
474 3288 673 3357 Nempe
702 3297 827 3342 tunc
856 3288 997 3342 idem
1027 3302 1120 3342 rex
1154 3286 1477 3353 Hunericus,
1509 3288 1667 3341 unius
1696 3286 1883 3340 catho-

300 3381 392 3438 lici
421 3378 782 3435 adolescentis
811 3380 973 3431 vitam
1002 3393 1031 3431 a
1064 3380 1345 3433 nativitate
1370 3393 1466 3433 sua
1495 3379 1612 3432 sine
1634 3377 1743 3432 ullo
1768 3390 1884 3431 ser-

302 3486 466 3527 mone
503 3469 767 3535 ducentis,
811 3469 1047 3539 linguam
1094 3469 1350 3539 praecepit
1388 3468 1583 3533 excidi,
1633 3468 1886 3535 idemque

306 3574 491 3619 mutus
533 3561 673 3632 quod
720 3562 837 3616 sine
889 3565 1124 3615 humano
1175 3561 1356 3615 auditu
1397 3561 1610 3615 Christo
1657 3559 1887 3614 credens

308 3656 415 3710 ftde
445 3654 725 3718 didicerat,
758 3668 881 3708 mox
911 3653 1132 3722 praecisa
1174 3653 1275 3707 sibi
1322 3652 1502 3721 lingua
1535 3653 1743 3706 locutus
1783 3660 1887 3715 est,

306 3748 640 3817 gloriamque
681 3746 790 3799 Deo
818 3746 870 3799 in
921 3747 1094 3813 primo
1132 3746 1280 3799 vocis
1316 3760 1427 3799 sua:
1453 3744 1677 3799 exordio
1719 3743 1887 3799 dedit.

313 3837 554 3905 Denique
584 3850 649 3889 ex
692 3836 790 3889 hoc
822 3834 1059 3889 fidelium
1088 3835 1442 3890 contubernio
1469 3836 1772 3905 aliquantos
1794 3848 1894 3903 ego

310 3928 743 3996 religiosissimos
768 3927 913 3980 viros
953 3926 1189 3995 praecisis
1216 3926 1430 3995 linguis,
1471 3926 1717 3981 manibus
1744 3934 1897 3979 trun-

312 4019 473 4082 catis,
527 4018 665 4086 apud
719 4015 1035 4086 Byzantium
1084 4017 1290 4086 integra
1330 4031 1462 4072 voce
1510 4016 1767 4084 conspexi
1817 4016 1898 4070 lo-

318 4120 572 4179 quentes.
624 4109 748 4162 Hac
798 4109 1117 4162 Arianorum
1161 4107 1451 4163 crudelitas
1503 4109 1558 4163 in
1617 4110 1898 4177 religiosos

319 4201 520 4256 Christi
549 4200 783 4254 cultores
806 4214 965 4268 supra
994 4198 1204 4268 scriptis
1224 4214 1367 4254 coss.
1393 4213 1580 4255 mense
1604 4199 1900 4255 Februario

318 4293 488 4361 coepit
514 4290 702 4360 inﬂigi.

480 4385 572 4454 (A.
597 4382 658 4438 C.
686 4381 841 4454 485.)
873 4382 997 4437 Ind.
1024 4398 1137 4448 vnl,
1170 4382 1480 4453 Symmacho
1504 4384 1617 4437 solo
1638 4397 1743 4435 cos.

1984 3223 2087 3292 gis,
2120 3222 2299 3291 segnis
2324 3221 2537 3290 quidem
2588 3223 2772 3288 pedes,
2805 3223 2898 3277 sed
2927 3238 3092 3292 eques
3121 3225 3173 3277 itt
3204 3224 3344 3277 bello
3370 3222 3570 3276 acerrio

1985 3329 2127 3379 mus,
2169 3327 2199 3367 a
2236 3312 2492 3367 Romanis
2532 3314 2737 3381 primus
2770 3315 2821 3369 in
2873 3316 3061 3384 praelio
3101 3314 3417 3381 trucidatur,
3456 3328 3573 3368 om-

1989 3419 2190 3475 nesque
2227 3403 2387 3459 simul
2414 3404 2583 3458 Isauri
2628 3406 2763 3473 fugae
2794 3406 2979 3471 dediti,
3014 3422 3111 3475 per
3138 3416 3389 3461 montana
3417 3421 3574 3476 aspe-

1988 3511 2153 3566 raque
2180 3495 2295 3549 loca
2329 3494 2585 3549 Isauriam
2616 3506 2889 3565 repetunt.
2917 3497 3030 3553 IIoc
3055 3499 3257 3554 bellum
3282 3499 3573 3555 Isauricum

1993 3601 2088 3655 per
2108 3601 2206 3641 sex
2235 3600 2405 3639 annos
2436 3594 2664 3641 tractum
2693 3599 2796 3642 684.

2100 3717 2191 3787 (A.
2219 3715 2282 3772 C.
2316 3717 2468 3786 495.)
2510 3716 2634 3773 Ind.
2665 3734 2703 3783 ι,
2736 3719 2951 3773 Eusebio
2976 3735 3014 3773 tt
3044 3730 3091 3773 et
3122 3721 3305 3775 Albino
3335 3739 3465 3777 coss.

2070 3833 2217 3888 Bella
2240 3831 2416 3887 civilia
2446 3832 2703 3887 adversus
2726 3835 2993 3889 Anastasii
3032 3850 3249 3905 regnum
3278 3838 3416 3907 apud
3448 3837 3581 3893 Con-

1998 3926 2399 3995 stantinOpolim
2449 3935 2597 3994 gesta
2647 3935 2808 3979 sunt:
2862 3935 3054 3981 statua:
3097 3930 3242 3998 regis
3277 3931 3582 4001 reginaeque

2000 4020 2219 4076 funibus
2256 4019 2452 4087 ligatze,
2505 4026 2664 4086 atque
2708 4033 2805 4086 per
2849 4019 3037 4072 urbem
3081 4028 3285 4074 tractaa.
3341 4022 3582 4077 Julianus

2002 4114 2253 4180 magister
2280 4110 2489 4164 militiae
2520 4120 2785 4163 nocturno
2827 4110 3010 4179 praelio
3041 4128 3303 4183 pugnans,
3333 4116 3584 4187 Scythico

2004 4203 2145 4257 ferro
2166 4203 2218 4256 in
2241 4200 2467 4256 Thracia
2495 4202 2772 4256 confossus
2796 4202 3015 4258 interiit.

2114 4338 2202 4412 (A.
2231 4336 2291 4393 C.
2324 4336 2475 4407 494.)
2516 4337 2639 4391 Ind.
2664 4353 2722 4404 tt,
2756 4338 2955 4394 Asteria
2983 4348 3029 4393 et
3060 4340 3315 4395 Praesidio
3344 4359 3477 4396 coss.

395 4495 670 4565 Longinus
692 4493 927 4549 Zenonis
948 4494 1114 4549 mter
1138 4495 1386 4565 Augusti,
1416 4501 1539 4564 post
1558 4492 1905 4549 decennalem
1934 4462 1989 4521 D
2081 4474 2395 4529 Anastasius
2425 4474 2553 4565 imp.
2603 4482 2788 4527 contra
2832 4472 3258 4527 orthodoxorum
3293 4475 3413 4529 fidei
3468 4492 3585 4531 ma-

323 4587 625 4643 custodiam
647 4601 805 4657 quam
833 4586 1005 4640 eidem
1032 4585 1157 4641 Illus
1171 4588 1309 4655 apud
1332 4587 1587 4639 Isauriam
1619 4582 1905 4649 inﬂixerat,

324 4678 392 4733 ad
415 4692 731 4749 germanum
759 4692 915 4731 suum
946 4677 1464 4746 Constantinopolim
1488 4676 1728 4731 advenit.

421 4792 514 4864 (Δ.
547 4789 608 4847 C.
640 4788 793 4860 486.)
824 4788 948 4843 Ind.
968 4789 1335 4864 ξῃιοηςὶῃο
1358 4791 1467 4844 solo
1496 4806 1600 4843 cos.
1636 4787 1741 4860 [AL
1776 4797 1821 4841 et

956 4860 1116 4913 Decio
1140 4856 1299 4931 coss.)

398 4975 633 5031 Joannes
655 4971 1005 5027 Antiochense
1048 4970 1296 5039 parreciaa
1321 4984 1387 5025 ex
1414 4969 1763 5039 grammatico
1792 4980 1912 5035 pre-

326 5067 536 5138 sbyter,
567 5062 781 5132 scripsit
807 5062 1092 5116 adversum
1119 5075 1214 5116 eos
1240 5060 1329 5130 qui
1362 5062 1413 5113 in
1437 5074 1541 5113 una
1558 5066 1759 5113 tantum
1787 5057 1913 5112 sub-

324 5159 528 5213 stantia
568 5156 897 5209 adorandum
932 5161 1177 5207 asserunt
1212 5153 1506 5219 Chrismm,
1555 5166 1653 5204 nec
1692 5150 1911 5220 acquie-

327 5257 489 5305 scunt
510 5247 645 5301 duas
672 5247 725 5300 in
753 5244 965 5301 Christo
991 5244 1321 5298 confitendas
1342 5258 1460 5298 esse
1484 5252 1721 5297 naturas.

600 5382 689 5455 (A.
712 5380 777 5437 C.
804 5380 956 5451 487.)
987 5378 1108 5439 Ind.
1136 5396 1191 5445 x,
1221 5379 1398 5434 Boetio
1422 5380 1532 5433 solo
1558 5395 1666 5433 cos.

402 5497 773 5553 Theodoricus
793 5510 887 5549 rex
917 5492 1215 5549 Gothorum
1242 5493 1480 5549 Zenonis
1508 5492 1729 5562 Augusti
1758 5508 1915 5548 num-

333 5605 515 5658 quam,
540 5587 815 5645 beneﬂciis
842 5588 1066 5642 satiatus
1094 5601 1280 5657 magna
1312 5601 1535 5641 suorum
1566 5601 1725 5640 manu
1747 5601 1915 5657 usque

328 5683 399 5739 ad
422 5682 623 5747 regiam
645 5681 919 5738 civitatem
936 5689 991 5737 et
1012 5678 1389 5736 Melentiadam
1406 5679 1658 5750 oppidum
1684 5677 1914 5733 infestus

2007 4566 2257 4634 jestatem
2291 4564 2543 4617 intestina
2574 4565 2735 4632 cmpit
2773 4564 2951 4631 praelia
2983 4579 3323 4622 commovere
3355 4570 3589 4639 :piaculi

2012 4657 2094 4709 sui
2125 4654 2402 4723 perfidiam
2446 4654 2592 4720 prius
2639 4654 2689 4705 in
2750 4652 3049 4707 Eufemium
3080 4655 3227 4712 urbis
3255 4659 3588 4731 episcopum,

1994 4745 2113 4815 ,sibi
2163 4759 2260 4812 pro
2308 4743 2727 4797 orlhodoxorunt
2782 4743 2885 4798 fide
2935 4745 3169 4803 viriliter
3222 4751 3588 4815 resultantem,

2014 4838 2237 4908 profano
2266 4834 2625 4890 manifestavit
2666 4835 2896 4903 ingenio.
2955 4836 3239 4905 Laodicea,
3296 4840 3594 4909 Hierapolis

2017 4929 2343 4998 etTripolis,
2384 4938 2543 4995 atque
2587 4927 2901 4995 Agathicnm
2944 4944 3052 4981 uno
3096 4940 3334 4997 tempore
3381 4946 3595 5000 unoque

2021 5028 2327 5075 terraetnotu
2359 5017 2611 5085 collapsm
2634 5029 2777 5071 sunt.
2820 5018 3078 5072 Romana:
3110 5020 3361 5074 Ecclesia:
3407 5020 3594 5076 XLVII

2019 5111 2263 5168 Gelasius
2292 5110 2577 5179 episc0pus
2624 5110 2900 5167 ordinatus
2930 5111 3060 5165 vixit
3103 5126 3273 5166 annos
3301 5127 3351 5165 tv
3401 5111 3589 5185 [Chi/II.

2018 5203 2117 5277 Ill].

2233 5293 2321 5365 (A.
2350 5291 2412 5348 C.
2463 5292 2611 5361 495.)
2655 5291 2775 5345 Ind.
2801 5308 2881 5358 Ill,
2912 5292 3123 5345 Viatore
3144 5293 3252 5345 solo
3282 5309 3385 5346 cos.

2094 5406 2374 5461 Enfemius
2396 5406 2647 5473 Augusta:
2677 5404 2906 5458 civitatis
2931 5404 3159 5458 antistes
3182 5403 3249 5457 de
3277 5417 3385 5472 quo
3429 5418 3594 5473 supe-

2021 5500 2133 5554 rius
2156 5497 2379 5552 fecimus
2407 5496 2756 5560 mentionem,
2788 5495 2923 5548 falso
2945 5494 3013 5547 ab
3041 5494 3325 5549 Anastasio
3354 5494 3596 5562 principe

2024 5598 2303 5644 accusatus
2324 5595 2482 5657 atque
2511 5586 2817 5649 damnatus,
2874 5587 2925 5639 in
2970 5586 3223 5641 exsilium
3251 5584 3444 5641 ductus
3488 5595 3593 5639 est.

2021 5681 2221 5737 Locum
2250 5678 2471 5734 Eufemii
2497 5676 2837 5733 Macedonius
2866 5675 3066 5733 tenuit.
