4064 6190
499 206 607 268 955

711 323 803 391 t_A.
826 318 889 374 C.
922 314 1073 387 496.)
1120 313 1239 368 Ind.
1276 328 1350 377 tv,
1384 311 1554 365 Paulo
1597 311 1707 366 solo
1752 325 1858 364 cos.

571 435 920 508 Augustatico
943 446 1040 486 suo
1069 429 1270 484 dudum
1305 427 1621 483 Anastasius
1657 425 1914 480 militibus
1944 439 2080 492 prte-

500 530 649 593 stito,
672 527 982 582 donativum
1016 537 1230 592 quoque
1274 521 1374 574 hoc
1408 519 1572 574 fratre
1605 520 1824 573 consule
1870 518 2074 572 tribuit.

502 625 653 681 India
681 620 966 677 Anastasio
1015 616 1240 686 principi
1273 613 1639 681 elephantem,
1670 626 1827 680 quem
1858 609 2080 663 Plautus

503 728 656 783 poeta
684 724 865 767 noster
892 709 1165 764 Lucabum
1197 705 1285 779 [Id
1309 716 1380 759 est
1405 704 1601 758 Lucam
1631 699 1844 772 bovem]
1866 702 2081 756 nomine

501 807 651 870 dicit,
683 805 922 870 duasque
947 796 1410 865 cameIOpardalas
1441 809 1538 863 pro
1567 807 1791 846 munere
1841 792 2007 845 misit.

506 921 592 988 (A.
623 917 681 970 C.
712 913 864 983 407.)
908 912 1028 966 Ind.
1057 927 1109 979 ν,
1145 909 1416 962 Anastasio
1441 907 1574 976 Aug.
1610 905 1718 978 [AL
1748 902 1807 973 tt]
1835 905 1944 957 solo
1973 919 2078 957 cos.

571 1031 714 1086 Solis
737 1027 980 1083 defectus
1011 1025 1256 1094 apparuit
1283 1041 1295 1076 :
1327 1021 1634 1088 bellumque
1657 1019 1950 1073 Isauricum
1981 1019 2082 1071 hoc

500 1131 655 1179 sexto
682 1136 824 1175 anno
851 1120 1116 1173 sedatum.
1140 1114 1518 1169 Athenodorus
1552 1111 1849 1164 Isaurorum
1881 1110 2081 1178 primus

501 1217 555 1269 in
583 1213 781 1269 Isauria
806 1219 995 1278 captus
1015 1209 1415 1274 decollatusque
1445 1213 1548 1258 est.
1602 1201 1772 1270 Caput
1801 1202 1920 1270 ejus
1947 1200 2079 1254 “far-

502 1320 620 1358 sum
652 1303 922 1356 civitatem
953 1299 1169 1352 allatum
1200 1311 1295 1366 pro
1326 1294 1496 1363 portis
1518 1292 1696 1347 hastili
1745 1291 1906 1346 ﬁxum
1935 1301 2084 1344 extaa

501 1396 635 1556 biit:
661 1483 720 1538 C.
756 1481 906 1550 I98.)
931 1479 1055 1534 Ind.
1074 1494 1148 1544 vr,
1167 1476 1370 1531 Joanne
1385 1474 1579 1546 Scytha
1594 1483 1640 1528 et
1664 1473 1888 1528 Paulino
1911 1489 2042 1526 coss.

582 1599 839 1651 Romana:
873 1595 1128 1649 Ecclesia:
1151 1589 1363 1646 XLVIII
1388 1588 1706 1643 Anastasius
1727 1585 1966 1656 pontifex
1993 1600 2080 1639 or-

1754 196 2172 254 MARCELLINI
2211 196 2484 254 COMI‘I'IS

3652 207 3758 262 951

2099 316 2152 374 Α
2177 311 2498 381 gladiisque,
2523 311 3017 379 compressiouibus
3040 323 3094 368 et
3120 315 3270 385 aquis
3293 318 3576 385 proscenis
3599 329 3760 373 anns-

2119 425 2135 442 ν
2180 417 2272 460 sos
2302 405 2428 459 urbs
2451 406 2685 474 Augusta
2714 405 2950 461 deﬂevit.

2326 519 2414 590 (A.
2439 519 2502 574 C.
2535 519 2687 590 502.)
2743 519 2867 576 Ind.
2900 537 2956 584 x,
2995 520 3165 576 Probo
3195 533 3240 576 et
3264 523 3453 578 Arieno
3481 543 3614 580 coss.

2252 628 2516 684 Consueta
2539 645 2670 700 gens
2691 631 3039 700 Bulgarorum
3055 633 3413 698 depraedatam
3429 651 3572 706 Saepe
3591 637 3763 694 Thra-

2182 720 2342 789 ciam,
2392 721 2538 774 nullo
2593 722 2952 775 Romanorum
2993 724 3164 779 milite
3211 726 3519 791 resistente,
3571 729 3765 784 iterum

2182 814 2502 869 devastavit.
2555 813 2801 868 Amidam
2833 816 3294 883 opulentissimam
3322 817 3614 884 civitatem,
3643 836 3764 874 mo-

2183 904 2477 959 nachorum
2500 904 2619 973 ejus
2639 916 2756 959 astu
2773 906 3058 973 proditam,
3082 907 3315 962 (lhoadis
3329 925 3424 962 rex
3450 909 3766 975 Persarum.

2182 998 2368 1067 quinto
2395 1011 2582 1051 mense
2605 1011 2760 1066 quam
2790 1012 3095 1066 expugnare
3116 1015 3234 1053 eam
3257 1009 3516 1070 coeperat,
3551 1003 3763 1072 irrupit,

2186 1089 2589 1158 proditoresque
2610 1086 2727 1155 ejus
2756 1088 3051 1142 monachos
3081 1089 3438 1144 obtruncavit.

2220 1199 2310 1272 (A.
2341 1198 2402 1254 C.
2434 1195 2586 1267 505.)
2626 1195 2748 1252 Ind.
2784 1213 2862 1264 xt,
2886 1198 3160 1253 Dexicrate
3183 1210 3233 1254 et
3289 1200 3568 1256 Volusiano
3592 1219 3727 1260 coss.

2255 1310 2388 1364 Tres
2411 1309 2772 1364 Romanorum
2804 1310 3075 1376 ductores,
3109 1311 3390 1377 Patricius,
3426 1312 3687 1381 Hypatius
3708 1322 3767 1369 et

2183 1403 2513 1467 Areobiuda,
2544 1402 2634 1471 qui
2671 1420 2790 1455 cum
2823 1419 2887 1454 xv
2924 1403 3161 1456 millibus
3201 1413 3530 1456 armatorum
3558 1404 3689 1457 olim
3714 1421 3765 1458 Ill

2185 1495 2378 1550 Persas
2417 1496 2564 1550 missi
2610 1495 2822 1551 fuerant
2854 1496 3156 1565 pugnaturi,
3201 1494 3352 1563 juxta
3397 1495 3639 1566 Syficum
3671 1510 3766 1549 ca-

2186 1593 2400 1647 stellum
2422 1608 2541 1647 cum
2566 1593 2753 1649 iisdem
2777 1593 2958 1648 Persis
3000 1592 3114 1646 sine
3138 1592 3359 1646 audacia
3383 1593 3764 1656 conﬂixerunt,

504 1691 740 1756 dinatus,
768 1689 901 1743 vixit
924 1703 1092 1740 annos
1114 1701 1170 1738 tt.
1193 1683 1462 1750 Longinus
1490 1681 1706 1733 lsaurus
1727 1688 2083 1746 cognomento
2111 1677 2158 1737 B
2188 1685 2372 1739 multis
2397 1695 2522 1738 tunc
2547 1686 2775 1740 militum
2808 1685 3121 1739 ductoribus
3172 1684 3238 1738 de
3287 1686 3473 1753 pmlio
3510 1685 3764 1753 fugit-nu-

504 1782 873 1844 Selinunteus,
926 1776 1065 1846 apud
1113 1773 1451 1830 Antiochiam
1481 1770 1698 1826 Isauria;
1733 1768 2002 1823 civitatem
2047 1782 2076 1822 a

503 1874 685 1927 Prisco
717 1873 914 1926 comite
944 1876 1149 1936 captus,
1197 1862 1716 1932 ConstantinOpolim
1751 1863 1945 1916 missus
1974 1871 2076 1925 εει,

505 1973 894 2030 catenatusque
951 1975 1044 2026 per
1069 1967 1313 2027 agentem
1367 1953 1759 2008 circumductus
1798 1952 2081 2007 Anastasio

500 2054 749 2123 principi,
779 2062 832 2107 et
863 2051 1059 2122 popqu
1090 2052 1276 2118 ingens
1309 2047 1669 2115 spectaculum
1718 2045 1816 2099 fuit
1842 2063 1854 2098 :
1889 2046 2078 2101 variis-

501 2163 607 2217 que
637 2146 830 2202 deiude
860 2143 1186 2199 cruciatibus
1215 2141 1356 2210 apud
1386 2140 1618 2194 Nicaeam
1654 2138 1920 2210 Bithynia;
1949 2140 2082 2194 civi-

504 2252 667 2296 tatem
711 2253 978 2307 expensus
1010 2246 1114 2292 est.
1146 2235 1393 2289 Nummis
1438 2247 1574 2302 quos
1616 2231 1845 2286 Romani
1879 2231 2083 2286 Teren-

501 2334 676 2387 tianos
729 2330 912 2402 [Forte
955 2327 1242 2382 Teruntios
1288 2331 1376 2377 aut
1427 2318 1812 2391 Teruntianos]
1863 2329 2080 2389 vocant,

501 2422 674 2477 Graeci
707 2420 946 2482 follares,
972 2415 1295 2472 Anastasius
1317 2412 1567 2481 princeps
1595 2424 1693 2464 suo
1711 2409 1926 2464 nomine
1949 2409 2085 2480 figu-

500 2514 651 2575 ratis,
679 2510 980 2579 placibilem
1013 2507 1122 2580 [Αι.
1153 2500 1499 2576 placabilem]
1531 2500 1674 2571 plebi
1709 2503 2086 2557 commutatio-

499 2618 624 2660 nem
655 2601 922 2657 distraxit.

607 2718 698 2786 (A.
729 2716 791 2770 C.
825 2713 978 2785 499.)
1019 2711 1143 2766 Ind.
1169 2726 1266 2774 vn,
1301 2710 1505 2765 Joanne
1536 2709 1701 2764 Gibbo
1730 2710 1840 2764 solo
1872 2725 1977 2762 cos.

573 2823 782 2878 Aristus
809 2822 1124 2891 Illyriciana‘.
1153 2821 1344 2875 ductor
1367 2819 1568 2875 militia:
1600 2835 1720 2873 cum
1755 2836 1824 2873 xv
1851 2818 2085 2874 millibus

503 2926 855 2979 armatorum,
890 2925 942 2969 et
972 2930 1091 2968 cum
1124 2930 1230 2968 nxx
1257 2913 1508 2981 plaustris
1536 2912 1702 2965 armis
1739 2912 1804 2964 ad
1838 2910 2085 2979 praelian-

502 3008 629 3062 dum
658 3005 978 3060 necessariis
1004 3003 1267 3068 oneratis,
1292 3013 1476 3056 contra
1506 3002 1764 3067 Bulgares
1794 3001 2074 3054 Thraciam

511 3101 855 3154 devastantes
889 3095 1154 3166 profectus
1185 3105 1286 3150 est.
1326 3095 1530 3149 Bellum
1557 3094 1705 3162 juxta
1739 3091 1958 3147 Zurtam
1984 3091 2085 3146 ﬂu-

501 3192 650 3242 vium
687 3201 1017 3249 consertum,
1051 3187 1136 3241 ubi
1165 3189 1282 3257 plus
1303 3201 1460 3256 quam
1487 3202 1536 3239 tv
1563 3186 1728 3240 millia
1753 3197 2081 3252 nostrorum,

504 3285 598 3331 aut
626 3279 676 3331 in
703 3277 846 3346 fuga,
891 3286 982 3330 aut
1026 3279 1077 3330 in
1129 3276 1422 3344 praecipitio
1479 3276 1609 3343 ripae
1656 3275 1890 3328 ﬂuminis
1917 3275 2086 3329 inter-

504 3379 683 3435 empta
715 3377 858 3420 sunt.
887 3367 1067 3436 Ibique
1097 3368 1397 3436 Illyriciana
1425 3367 1595 3419 virtus
1629 3366 1856 3420 militum
1903 3370 2080 3436 periit,

505 3457 827 3523 Nicostrate,
859 3457 1176 3511 Innocentio
1202 3467 1256 3510 et
1303 3456 1557 3525 Aquilino
1607 3458 1892 3512 comitibus
1919 3459 2084 3514 inter-

506 3549 682 3604 fectis.
729 3550 839 3604 IIoc
867 3565 1008 3602 anno
1046 3550 1233 3616 ingens
1265 3559 1599 3604 terraamotus
1642 3550 1918 3605 Ponticam
1953 3567 2084 3606 con-

505 3640 672 3694 cussit
701 3639 1056 3709 provinciam.

576 3753 666 3823 (A.
695 3753 753 3807 C.
780 3751 932 3822 500.)
975 3751 1099 3805 Ind.
1134 3767 1247 3816 vtn,
1274 3749 1502 3804 Patricio
1531 3759 1578 3804 et
1611 3749 1842 3821 Hypatio
1871 3767 1999 3806 coss.

578 3866 832 3920 Romanze
853 3865 1110 3920 Ecclesia:
1141 3865 1303 3918 XLIX
1327 3865 1684 3935 Symmachus
1711 3865 1993 3933 episcopus
2018 3865 2085 3919 fa-

508 3971 650 4027 ctus,
674 3961 808 4012 vixit
855 3974 1024 4012 annos
1081 3973 1171 4012 xv.
1228 3957 1542 4012 Anastasius
1593 3957 1724 4026 imp.
1775 3958 2082 4012 donativum

508 4048 826 4118 Illyricianis
857 4049 1111 4102 militibus
1161 4062 1255 4116 per
1283 4046 1506 4100 Paulum
1555 4047 1824 4102 tribunum
1848 4048 2085 4103 notario-

508 4155 628 4193 rum
657 4139 980 4208 erogandum
1007 4139 1170 4192 misit.

613 4250 705 4323 (A.
738 4251 796 4306 C.
825 4251 975 4320 501.)
1010 4251 1134 4303 Ind.
1160 4265 1235 4317 tx,
1266 4249 1516 4317 Pompeio
1547 4259 1593 4304 et
1623 4251 1974 4320 Avienocoss.

578 4341 893 4400 Constantio
942 4341 1194 4411 praefecto
1224 4337 1374 4396 urbis
1419 4342 1576 4395 ludos
1608 4341 1893 4395 theatrales
1923 4341 2084 4397 meri-

2190 1777 2291 1831 hus
2313 1778 2489 1832 caesis.
2524 1778 2792 1832 Immenso
2828 1777 3026 1832 dehinc
3073 1777 3186 1831 auri
3234 1777 3474 1845 pondere
3517 1778 3767 1831 hostibus

2186 1872 2333 1937 dato,
2362 1881 2572 1939 captam
2602 1873 2870 1939 rebusque
2913 1885 3136 1925 vacuam
3179 1871 3424 1924 Amidam
3468 1871 3762 1934 civitatem,

2185 1968 2344 2022 iidem
2375 1968 2544 2022 nostri
2587 1968 2867 2022 redemere
2909 1967 3180 2034 ductores,
3222 1967 3332 2036 jam
3378 1966 3569 2023 Celere
3602 1966 3766 2035 magi-

2184 2069 2298 2111 stro
2328 2058 2629 2113 ofliciorum
2662 2060 2762 2113 sibi
2791 2073 2912 2112 cum
2947 2057 3156 2112 duobus
3181 2057 3416 2113 millibus
3443 2057 3766 2112 bellatorum

2188 2149 2240 2203 in
2271 2150 2571 2205 subsidium
2600 2151 2886 2205 destinato.

2391 2262 2483 2328 (A.
2517 2262 2576 2316 C.
2609 2261 2762 2330 504.)
2802 2259 2923 2314 Ind.
2954 2275 3050 2329 xu,
3081 2259 3298 2331 Cethego
3323 2261 3434 2314 solo
3457 2277 3567 2316 cos.

2261 2373 2469 2428 Interea
2495 2372 2653 2429 Celer
2679 2375 2934 2443 magister
2951 2373 3250 2428 officiorum
3305 2388 3403 2443 per
3451 2373 3763 2428 Callinicum

2187 2463 2587 2533 Mesopotamiae
2612 2465 2882 2519 civitatem
2912 2475 3173 2518 armatum
3202 2464 3404 2518 ducens
3428 2465 3669 2528 militem,
3702 2465 3768 2518 ad

2189 2553 2518 2608 devastanda
2535 2553 2819 2608 Persarum
2847 2568 2970 2607 rura
2998 2553 3271 2618 discurrit,
3314 2553 3578 2620 plurimos
3617 2568 3768 2622 agre-

2189 2657 2302 2700 stes
2327 2646 2541 2700 rusticis
2570 2646 2803 2700 intentos
2843 2645 3118 2700 laboribus
3168 2659 3316 2698 more
3367 2645 3634 2713 pecudum
3663 2657 3770 2698 tru-

2194 2736 2360 2802 cidat,
2391 2745 2636 2806 pastores
2656 2737 2988 2791 diversorum
3016 2749 3268 2803 pecorum
3291 2750 3417 2789 cum
3467 2739 3769 2790 numeresis

2185 2825 2444 2896 jumentis
2476 2827 2713 2893 abducit,
2745 2828 2965 2882 castella
2991 2827 3158 2882 latere
3189 2827 3407 2895 lutoque
3458 2839 3768 2882 constructa

2191 2917 2411 2985 invadit,
2454 2933 2626 2988 usque
2665 2917 2734 2972 ad
2783 2918 3006 2973 Pontem
3049 2915 3302 2972 Ferreum
3331 2917 3407 2970 sic
3446 2917 3670 2972 nomine
3698 2918 3776 2972 di-

2191 3018 2358 3074 ctum,
2389 3019 2580 3064 cuncta
2612 3008 2871 3063 vastando
2904 3007 3267 3077 progreditur,
3307 3006 3562 3076 omnique
3589 3010 3771 3075 praeda

2191 3101 2390 3169 potitus
2433 3100 2498 3153 ad
2525 3103 2828 3155 communia
2854 3109 3030 3155 castra
3051 3099 3218 3153 ditato
3241 3099 3412 3154 milite
3436 3109 3662 3158 remeat.
3685 3099 3777 3152 ali-

2187 3201 2385 3260 quanta
2407 3192 2602 3246 dehinc
2616 3193 2684 3245 ob
2707 3190 3109 3259 percutiendum
3127 3190 3302 3245 ftedus
3322 3205 3444 3242 cum
3475 3189 3655 3243 Persis
3677 3190 3776 3244 de-

2188 3283 2404 3345 liberat,
2439 3283 2603 3336 misso
2634 3283 2698 3336 ad
2729 3298 2787 3338 se
2813 3297 2912 3352 pro
2958 3282 3256 3352 pepigendo
3285 3280 3493 3336 findere
3515 3283 3776 3336 Armonio

2188 3387 2219 3426 a
2247 3373 2494 3428 secretis.

2187 3471 2279 3538 (A.
2313 3467 2374 3523 C.
2405 3467 2556 3541 505.)
2606 3468 2728 3522 Ind.
2759 3485 2876 3536 xnl,
2927 3469 3212 3524 Sabiniano
3239 3479 3287 3522 et
3325 3469 3600 3523 Theodoro
3638 3487 3772 3524 coss.

2262 3581 2408 3636 Idem
2437 3583 2759 3637 Sabinianus
2788 3583 3060 3639 Sabiniani
3086 3583 3260 3652 Magni
3287 3583 3447 3647 ﬁlius,
3472 3584 3774 3653 ductorque

2186 3674 2714 3746 militia,delegatus
2774 3685 2961 3730 contra
3011 3676 3332 3729 Mundonem
3377 3675 3568 3730 Getam
3621 3692 3770 3730 arma

2186 3767 2513 3830 construxit,
2565 3782 2597 3820 x
2631 3767 2793 3820 millia
2837 3777 3168 3820 armatorum
3219 3768 3437 3820 sibimet
3473 3769 3767 3822 ascitorutn

2188 3858 2533 3926 plaustraque
2577 3860 2744 3912 armis
2771 3869 2932 3928 atque
2977 3860 3370 3913 commeatibus
3417 3869 3640 3914 onerata
3681 3876 3769 3914 se—

2187 3963 2307 4000 cum
2338 3949 2576 4014 trahens,
2602 3959 2931 4018 pugnaturus
2956 3949 3183 4003 accessit
3215 3967 3231 4003 :
3271 3951 3668 4018 commissoquc
3697 3950 3767 4003 ad

2189 4042 2394 4096 Ilorreo
2415 4041 2594 4111 Margo
2627 4039 2804 4114 [Fort.
2844 4043 3048 4096 Ilorrea
3071 4040 3263 4112 Margi]
3318 4043 3528 4111 prailio,
3579 4044 3764 4096 multis

2189 4152 2404 4190 suorum
2433 4135 2696 4192 militibus
2721 4137 2772 4191 in
2809 4137 2909 4191 hoc
2930 4137 3183 4190 conflictu
3209 4138 3453 4205 perditis,
3479 4148 3532 4190 et
3560 4139 3613 4190 in
3640 4139 3770 4193 hlar-

2188 4244 2255 4298 go
2286 4228 2507 4282 ﬂumine
2543 4232 2802 4294 enecatis,
2850 4230 3064 4282 amissis
3110 4238 3372 4294 praeterea
3404 4231 3679 4298 plau5tris,
3717 4231 3767 4281 in

2188 4321 2463 4375 castellum
2493 4322 2632 4388 quod
2657 4321 2792 4377 Nato
2820 4322 3017 4376 dicitur
3045 4337 3163 4375 cum
3194 4323 3377 4390 paucis
3405 4321 3565 4391 fugit:
3624 4335 3768 4376 tanta

508 4439 668 4491 diam,
700 4405 1274 4506 jempore'specmne,
1309 4449 1429 4501 pars
1461 4436 1512 4486 in
1544 4434 1733 4488 eodem
1783 4435 2086 4503 spectaculo
2111 4405 2164 4465 D
2191 4412 2243 4465 in
2279 4411 2381 4466 hoc
2427 4413 2760 4506 lamentabili
2795 4414 2958 4506 bello
3012 4427 3140 4481 spes
3179 4412 3407 4466 militum
3448 4413 3666 4506 cecidit,
3709 4422 3770 4506 ut

509 4527 746 4581 Cerealis
773 4527 904 4594 parti
931 4525 1159 4578 diversa:
1187 4523 1370 4594 [Sirm.
1399 4539 1574 4589 prave,
1594 4524 1822 4578 cerealis
1842 4525 1980 4592 parti
2002 4524 2086 4578 di-

513 4615 688 4687 verso]
712 4617 952 4669 caeruleae
965 4617 1202 4668 occultas
1231 4617 1549 4684 praeparavit
1570 4615 1808 4670 insidias.
1840 4617 1970 4670 Nam
1992 4631 2088 4671 en-

511 4721 602 4762 ses
631 4721 864 4772 saxaque
894 4706 947 4759 in
975 4707 1116 4760 vasis
1146 4706 1347 4759 inclusa
1381 4705 1652 4773 fictilibus,
1683 4707 1978 4777 eademque
1998 4723 2087 4762 ar-

511 4815 598 4856 ma
619 4800 845 4855 diversis
871 4801 1044 4869 pomis
1061 4800 1290 4867 desuper
1307 4801 1596 4865 cumulata,
1621 4801 1718 4855 sub
1740 4801 1935 4857 theatri
1959 4819 2085 4871 por-

514 4893 620 4946 ticu
649 4891 752 4945 ritu
775 4891 1118 4944 vendentium
1142 4892 1350 4944 statuit.
1383 4891 1516 4944 Dum
1541 4891 1815 4948 residente
1834 4891 2086 4948 Constan-

513 4986 588 5039 tio
613 5000 677 5039 ex
701 4998 849 5038 more
869 4983 1065 5037 civium
1094 4993 1420 5051 concrepant
1443 4998 1621 5049 voces,
1647 4995 1771 5039 ante
1789 4985 1897 5039 visa
1924 5000 2082 5055 quam

513 5075 689 5128 audita
718 5089 864 5128 arma
893 5074 1270 5139 excutiuntur,
1304 5089 1538 5142 saxaque
1571 5075 1623 5129 in
1663 5075 1904 5130 incautos
1931 5085 1986 5132 et
2009 5077 2088 5132 ci-

512 5183 606 5224 ves
627 5169 795 5224 inStar
826 5167 1073 5222 imbrium
1102 5169 1394 5237 jaciuntur,
1418 5182 1682 5239 ensesque
1729 5169 2005 5224 vibrantes
2031 5171 2082 5225 in

513 5263 809 5316 amicorum
835 5261 995 5330 inque
1022 5261 1316 5316 vicinorum
1340 5261 1595 5330 sanguine
1625 5261 1801 5326 obliti,
1829 5261 1939 5314 suis
1961 5276 2083 5315 cum

514 5354 921 5422 percussoribus
968 5352 1368 5408 debacchantur
1400 5369 1414 5405 :
1459 5360 1609 5406 nutat
1642 5363 1696 5406 et
1735 5350 2086 5420 eongemiscit

515 5445 710 5499 theatri
725 5460 908 5509 cavea,
928 5453 982 5498 et
1007 5441 1380 5513 refugientium
1412 5443 1513 5495 huc
1536 5450 1694 5510 atque
1715 5442 1840 5496 illuc
1863 5456 2083 5496 suorum

516 5537 740 5604 pedibus
763 5535 1094 5598 conculcata,
1120 5533 1528 5603 occisorumque
1554 5532 1748 5588 fmdata
1778 5547 1970 5588 cruore
1991 5533 2085 5588 de-

515 5626 739 5697 plangit.
776 5625 898 5683 Plus
947 5626 1087 5681 enim
1119 5639 1278 5694 quam
1317 5625 1414 5679 tria
1466 5623 1634 5679 millia
1681 5623 1875 5680 civium
1915 5623 2086 5685 saxis.

2189 4510 2443 4572 quantum
2466 4503 2603 4570 apud
2618 4503 2870 4556 mortales
2893 4516 3224 4570 nequaquam
3251 4504 3485 4570 potuerit
3504 4503 3770 4570 reparari.

2261 4590 2351 4662 (A.
2373 4589 2434 4644 C.
2470 4591 2619 4661 506.)
2651 4591 2773 4644 Ind.
2806 4607 2914 4657 xiv,
2944 4591 3236 4644 Areobinda
3262 4602 3309 4643 ct
3338 4590 3562 4644 Messala
3586 4608 3721 4646 coss.

2261 4683 2356 4737 His
2383 4697 2522 4738 coss.
2558 4683 2824 4738 Anastasii
2858 4684 3112 4751 principis
3138 4693 3337 4748 statua,
3373 4683 3428 4736 in
3467 4681 3663 4736 eodem
3693 4683 3768 4735 lo.

2189 4787 2255 4826 co
2286 4788 2392 4841 quo
2412 4773 2613 4827 dudum
2653 4772 2944 4826 Theodosii
2977 4772 3149 4838 Magni
3178 4779 3422 4836 Steterat,
3471 4787 3639 4841 super
3673 4773 3766 4824 im-

2192 4881 2402 4920 manem
2428 4866 2800 4920 columnamin
2830 4866 2944 4918 foro
2968 4863 3129 4917 Tauri
3161 4873 3355 4917 statuta
3379 4874 3480 4917 est.

2188 4981 2276 5048 (A.
2300 4975 2366 5033 C.
2397 4976 2548 5046 507.)
2570 4976 2692 5031 Ind.
2721 4992 2808 5048 xv,
2837 4975 3111 5048 Anastasio
3150 4975 3286 5046 Aug.
3327 4989 3386 5028 ut
3424 4971 3688 5045 [Cassiod.
3719 4981 3764 5026 et

2761 5044 3039 5115 Venantio]
3092 5061 3199 5098 cos.

2260 5137 2465 5194 Seditio
2504 5136 2775 5206 popularis
2805 5137 2858 5190 in
2886 5137 3030 5190 circo
3062 5135 3197 5188 facta
3236 5141 3317 5189 est
3351 5149 3366 5198 ;
3398 5134 3554 5188 miles
3592 5144 3648 5188 et
3681 5149 3762 5187 sr-

2188 5238 2365 5285 matus
2386 5229 2613 5283 obstitit.
2642 5228 2853 5283 Gradus
2875 5226 3004 5281 circi
3049 5224 3485 5294 septentrionalis
3516 5238 3610 5278 sua
3643 5237 3758 5277 cum

2186 5323 2359 5378 forma
2382 5321 2587 5377 incensi
2616 5321 2948 5390 collapsique
2966 5329 3113 5386 sunt,
3150 5317 3436 5374 Anastasio
3458 5313 3672 5370 Carsare
3708 5315 3758 5368 in

2190 5415 2530 5488 processibus
2558 5425 2942 5470 commorante.

2334 5535 2422 5603 (A.
2445 5533 2510 5588 C.
2541 5532 2690 5601 508.)
2709 5531 2834 5585 Ind.
2866 5547 2904 5590 ι,
2934 5528 3107 5584 Celere
3130 5537 3176 5582 et
3205 5523 3456 5582 Venantio
3484 5540 3616 5578 coss.

2259 5625 2532 5683 Romanus
2559 5637 2741 5680 comes
2778 5620 3195 5680 domesticorum
3226 5629 3278 5678 et
3311 5617 3560 5676 Rusticus
3580 5628 3764 5671 comes
