4064 6190
303 247 406 304 037

1720 245 2121 305 CIIRONICON.

3470 259 3571 314 933

303 358 719 422 scholariorutn,
759 373 882 412 cum
937 371 1151 440 centum
1192 361 1413 416 armatis
1458 361 1706 429 navibus,
1755 366 1885 419 toti-
1913 369 1965 428 Α
1990 365 2232 436 Pompeii
2267 370 2570 434 succensis,
2605 372 2654 424 in
2679 371 2882 425 circum
2908 373 2974 427 ad
2999 373 3338 430 Anastasium
3359 382 3575 435 venien~

279 453 534 514 ‘demque
555 448 924 512 dromonibus,
961 459 1084 502 octo
1113 450 1277 503 millia
1304 450 1527 504 militum
1551 461 1887 507 armatorum

302 558 484 598 secum
522 541 843 602 ferentibus,
892 541 957 593 ad
989 542 1322 595 devastanda
1351 541 1517 596 Italia:
1549 542 1732 598 littora
1762 557 1887 611 pro-

305 642 609 696 cesserunt,
644 641 698 686 et
744 647 910 702 usque
939 633 1002 686 ad
1036 633 1327 687 Tarentum
1359 634 1785 702 antiquissimam
1808 636 1888 690 ci-

303 728 518 780 vitarem
548 724 785 794 aggressi
811 732 956 786 sunt,
983 738 1343 792 remensoque
1378 727 1512 779 mari
1551 727 1886 782 inhonestam

303 815 583 869 victoriam
623 829 780 882 quam
816 815 1042 882 piratico
1075 825 1210 868 ausu
1259 815 1487 870 Romani
1526 831 1590 872 ex
1628 817 1887 873 Romanis

301 923 612 978 rapuerunt,
636 907 916 962 Anastasio
939 909 1138 962 Caasari
1159 918 1523 979 repertarum.

300 1025 388 1095 (Α.
424 1023 486 1077 C.
527 1021 680 1091 509.)
725 1020 852 1076 Ind.
898 1035 960 1085 ιι,
1018 1020 1322 1095 Opportuna
1364 1020 1512 1093 [Sive
1554 1020 1884 1094 [inportuno]

949 1093 1059 1145 solo
1101 1108 1207 1145 cos.

369 1184 500 1237 Orto
532 1190 752 1251 augusta
785 1181 919 1235 urbe
955 1180 1204 1236 incendio
1237 1189 1521 1252 utramque
1562 1184 1826 1252 porticum
1853 1198 1883 1238 a

301 1277 415 1329 foro
464 1272 801 1327 Constantini
854 1287 1024 1341 usque
1073 1273 1139 1326 ad
1182 1272 1456 1327 Perdiccae
1514 1275 1883 1328 tenuissimam

299 1376 526 1421 statuant
553 1366 688 1430 ignis
711 1366 761 1418 in
784 1364 1061 1434 pulverem
1087 1366 1311 1435 redegit.
1341 1366 1762 1435 PortusJuliani,
1781 1384 1885 1420 un-

299 1456 380 1510 dis
397 1458 510 1511 suis
535 1456 798 1510 rotalibus
822 1455 1086 1510 machinis
1113 1457 1259 1526 prius
1285 1456 1598 1525 exhaustus,
1621 1471 1884 1528 omneque

298 1546 517 1614 effosso,
545 1554 802 1615 purgatus
832 1552 938 1599 est.

541 1657 630 1729 (A.
662 1654 722 1711 C.
751 1656 901 1725 5l0.)
932 1655 1055 1710 Ind.
1082 1672 1158 1723 ιιι,
1188 1656 1366 1711 Boetio
1393 1657 1502 1711 solo
1535 1673 1644 1711 cos.

1995 465 2093 522 tes,
2125 466 2182 514 et
2212 470 2335 515 ante
2360 475 2516 515 suum
2544 463 2736 514 solium
2766 467 3143 533 consistentes,
3177 466 3434 538 hymnum
3458 470 3576 526 Trl-

1993 549 2173 603 nitatis
2209 550 2364 619 juxta
2414 568 2618 606 morem
2659 554 3048 610 catholicorum
3077 559 3446 629 concinentes,
3479 577 3574 618 co-

1993 655 2324 710 ruscansque
2355 644 2688 713 evangelium
2737 660 3056 715 crucemque
3083 647 3282 704 Christi
3314 652 3570 718 ferentes,

1991 747 2022 786 e
2069 732 2188 787 foro
2221 735 2430 802 plurimi
2463 749 2860 806 convenerunt,
2896 741 3154 794 Marinum
3189 743 3574 814 Platonemque

1991 824 2276 892 pravitatis
2324 826 2440 896 ejus
2490 837 2739 882 auctores
2771 828 2900 882 feris
2926 831 3118 899 subjici
3150 835 3569 891 conclamantes.

1989 916 2099 970 llos
2146 918 2294 972 cives
2343 917 2481 973 idem
2534 919 2848 973 Anastasius
2875 917 3052 976 Cmsar
3099 923 3279 977 solitis
3320 924 3571 995 perjuriis

1989 1010 2364 1078 simulatisque
2392 1011 2632 1077 vocibus,
2663 1028 2781 1067 sese
2826 1013 3089 1067 facturum
3118 1024 3307 1069 cuncta
3341 1017 3569 1086 promit-

1990 1108 2132 1161 tens,
2167 1102 2325 1153 tertio
2352 1100 2438 1155 die
2464 1117 2619 1168 quam
2653 1102 2704 1155 in
2739 1102 2909 1155 forum
2939 1103 3289 1173 advenerant,
3318 1106 3433 1160 sine
3461 1107 3569 1162 ullo

1988 1206 2167 1245 rerum
2201 1192 2318 1246 cfl'er
2339 1202 2392 1246 tu
2421 1194 2484 1246 ad
2509 1209 2600 1247 sua
2623 1193 2744 1248 fecit
2774 1195 3066 1249 habitacula
3093 1197 3370 1265 repedare.
3400 1198 3570 1254 Porro

1986 1283 2346 1352 redintegrata
2385 1287 2698 1340 Anastasius
2726 1287 3005 1355 pravitate,
3043 1289 3293 1343 infamem
3341 1299 3392 1344 et
3442 1292 3567 1345 irri-

1987 1375 2215 1430 dendam
2245 1378 2504 1446 synodum
2536 1377 2678 1446 apud
2711 1378 2965 1433 Sidonem
2995 1380 3294 1446 civitatem,
3323 1383 3476 1452 cujus
3499 1383 3568 1438 de

1986 1466 2204 1519 nomine
2235 1467 2285 1519 in
2323 1468 2565 1521 ridiculis
2592 1467 2807 1522 nomina
2849 1480 3258 1538 prteponuntur,
3287 1489 3426 1526 ιλιι
3459 1473 3567 1528 fer-

1985 1572 2072 1614 me
2137 1559 2466 1628 perfidorum
2519 1560 2784 1630 episcopis
2841 1565 3216 1631 eongregatis,
3280 1564 3565 1620 adversum

1985 1655 2408 1709 orthodoxorum
2440 1657 2751 1724 episcopum
2771 1654 2876 1724 [ΑΙ.
2901 1654 3226 1728 episcOpos],
3252 1655 3364 1711 ﬁeri
3398 1658 3568 1727 impe-

367 1770 724 1826 Simumcwm
773 1783 982 1822 amem“
1013 1766 1065 1822 in
1099 1768 1215 1822 [om
1264 1767 1514 1838 Sumegii
1559 1783 1723 1837 super
1769 1767 1880 1824 τοι.-
1914 1739 1961 1798 Β
1988 1745 2144 1798 ravit.
2179 1743 2464 1799 Flavianus
2487 1744 2788 1798 Antiochiae
2817 1745 3111 1799 catholicus
3142 1747 3442 1814 patriarcha
3469 1789 3485 1814 ,
3513 1759 3570 1804 et

296 1878 470 1916 ntcctn
503 1859 764 1923 residens,
794 1869 850 1913 et
878 1873 1047 1912 cornu
1077 1860 1247 1926 COpifIB
1277 1859 1504 1912 fortuna:
1534 1860 1776 1914 retinens
1800 1861 1882 1914 in-

294 1953 490 2010 cendio
546 1951 975 2022 proflammatum
1034 1959 1158 2016 est,
1209 1952 1654 2022 combusuunque
1704 1955 1883 2008 amisit

293 2044 597 2111 brachium,
631 2043 772 2112 quod
802 2052 984 2099 tamen.
1010 2043 1256 2096 statuarii
1281 2041 1538 2098 continuo
1557 2044 1877 2098 solidarunt.

295 2135 500 2205 Appius
543 2135 798 2204 patricius
843 2134 1120 2189 exsulatus
1170 2145 1275 2188 est.
1334 2132 1720 2195 Constantinus
1749 2136 1876 2190 olim

294 2228 547 2297 magister
577 2225 783 2281 militia:
811 2226 1093 2294 episcopus
1123 2225 1405 2280 Laodiceae
1434 2227 1733 2282 ordinatus.

399 2341 488 2411 (Α.
517 2340 576 2394 C.
607 2337 759 2408 5H.)
787 2335 908 2392 Ind.
937 2354 1008 2406 tv,
1043 2337 1340 2394 Secundino
1357 2351 1404 2393 et
1436 2337 1612 2394 Felice
1641 2357 1773 2394 coss.

361 2451 707 2508 Macedonius
752 2451 1007 2521 Augusta:
1037 2451 1188 2507 urbis
1239 2453 1549 2522 episcopus,
1577 2453 1703 2507 licet
1747 2453 1874 2509 olim

293 2546 566 2601 Anastasii
598 2546 940 2615 imperatoris
995 2545 1132 2601 dolis
1163 2546 1500 2616 fallaciisque
1543 2547 1878 2602 circumven-

291 2646 401 2706 tis,
436 2653 830 2708 pravorumque
858 2638 1183 2693 testimoniis
1224 2637 1399 2693 eidem
1427 2637 1630 2693 Caesari
1661 2653 1880 2694 accusa-

293 2740 400 2797 tus,
441 2730 697 2801 quoniam
731 2739 933 2784 tomum
978 2740 1288 2784 sanctorum
1321 2730 1539 2785 Patrum
1567 2730 1706 2799 apud
1749 2729 1876 2785 Cal-

291 2822 591 2876 chedonam
633 2831 819 2876 saneta
866 2821 1068 2876 dudum
1120 2821 1525 2891 subscriptione
1563 2823 1876 2878 roboratum

293 2913 468 2968 cidem
498 2914 724 2983 principi
771 2913 901 2968 dare
928 2912 1157 2978 distulit,
1192 2913 1260 2967 ab
1303 2913 1492 2969 eodem
1533 2914 1790 2968 Enchaita
1823 2915 1874 2968 in

292 3005 541 3060 exsilium
571 3005 858 3075 deputatus
882 3013 983 3060 est.
1008 3004 1207 3059 Locum
1236 3003 1531 3058 Macedonii
1560 3004 1876 3061 Timotheus

1903 3104 1948 3167 C
1981 3095 2194 3121 υιιιυαιιι
2245 3095 2675 3120 υιιιιυυυλυιυιιι
2729 3095 2887 3120 ιιυῦιιι
2934 3095 3134 3136 δυὸιιΰῐ
3187 3095 3560 3134 auvcraurtua,

294 3189 796 3225 ηνδςηηιηεεηυπε,
1906 3168 1908 3170 ·
1982 3157 2147 3212 finem
2195 3155 2410 3212 vivendi
2471 3171 2631 3225 quem
2701 3155 2921 3210 sibimet
2963 3157 3130 3211 misso
3182 3165 3369 3211 contra
3426 3171 3485 3212 se
3532 3173 3564 3211 a

293 3189 574 3243 ordinatus
601 3189 820 3243 invasit.

401 3283 492 3353 (A.
521 3279 585 3336 C.
615 3282 767 3353 512.)
797 3281 920 3338 Ind.
960 3298 1012 3350 v,
1049 3281 1218 3336 Paulo
1262 3291 1308 3336 et
1339 3280 1609 3335 Musciano
1635 3298 1766 3336 coss.

369 3397 521 3464 Smpe
545 3395 740 3451 cretum
769 3411 796 3448 a
844 3396 1268 3464 septemtrionali
1302 3397 1453 3465 plaga
1484 3394 1672 3450 ardere
1701 3395 1876 3449 visum

293 3498 399 3542 est.
432 3488 527 3542 Dic
557 3487 850 3553 dominico,
899 3487 1027 3541 dum
1067 3488 1294 3556 jubente
1346 3487 1634 3540 Anastasio
1663 3485 1877 3540 Caesare

296 3593 398 3649 per
442 3578 701 3632 Marinum
756 3591 955 3646 perque
993 3576 1271 3631 Platonem
1311 3576 1361 3629 in
1393 3576 1637 3630 ecclesia:
1674 3576 1878 3644 pulpito

295 3670 675 3731 consis‘entes,
707 3667 760 3721 in
803 3670 1056 3739 hymnum
1097 3667 1376 3721 Trinitatis
1411 3667 1876 3734 Deipassianorum

295 3761 626 3830 quaternitas
674 3759 908 3823 additur,
960 3757 1115 3812 multi
1180 3757 1600 3812 orthodoxorutn
1655 3757 1877 3826 pristina

299 3864 429 3903 Voce
459 3849 776 3918 psallentes,
827 3848 1169 3919 perfidosque
1218 3863 1494 3915 praecones
1550 3847 1879 3903 clamoribus

296 3941 666 4012 objurgantes,
701 3940 750 3994 in
784 3939 1026 4009 ejusdem
1069 3941 1314 3995 ecclesia:
1343 3941 1547 4010 gremio
1574 3943 1697 3995 caesi
1729 3952 1875 4008 sunt,

295 4033 549 4103 ductique
581 4034 634 4087 in
675 4048 924 4089 carceres
963 4033 1236 4104 perierunt
1269 4050 1284 4087 :
1319 4034 1484 4088 altera
1535 4034 1877 4089 nihilominus

295 4124 384 4178 die
428 4121 479 4176 in
512 4123 648 4177 atrio
680 4124 851 4178 sancti
887 4123 1154 4179 Theodori
1187 4124 1374 4197 [Chi/fl.
1410 4125 1720 4198 Theodosii]
1759 4141 1876 4179 ma~

287 4215 398 4284 jori
426 4213 573 4269 ca3de
606 4215 853 4269 catholici
879 4232 973 4286 pro
999 4217 1102 4270 fide
1132 4217 1286 4270 unica
1312 4217 1540 4284 perculsi
1571 4229 1713 4270 sunt.
1740 4217 1881 4283 Qua-

292 4314 515 4375 propter
537 4319 804 4361 comrnota
834 4307 1258 4362 orthodoxorum
1286 4309 1495 4378 agmina
1526 4308 1614 4363 die
1645 4323 1877 4376 sequen-

292 4399 356 4459 ti,
393 4398 445 4452 id
474 4409 555 4453 est
580 4442 596 4467 ,
642 4415 730 4452 vin
779 4399 898 4453 idus
930 4398 1194 4454 Novemb.
1227 4398 1320 4470 (in
1351 4415 1458 4469 quo
1502 4399 1589 4453 die
1618 4401 1875 4454 memmia

290 4490 498 4544 cineris
520 4489 720 4544 dudum
755 4501 922 4544 totam
955 4490 1227 4558 Europam
1256 4492 1485 4559 tegentis
1507 4491 1647 4558 apud
1678 4491 1877 4558 Byzan-

293 4581 400 4635 tios
429 4581 758 4651 celebratur)
791 4583 843 4634 in
879 4581 1052 4635 ferum
1085 4581 1423 4636 Constantini
1474 4582 1707 4651 undique
1753 4599 1882 4636 cott-

291 4673 472 4729 ﬂuunt
504 4690 518 4728 :
548 4689 776 4742 quorum
821 4674 914 4728 alii
957 4674 1173 4743 quidem
1193 4715 1207 4739 ,
1236 4675 1453 4729 cmteris
1483 4675 1569 4728 die
1609 4685 1882 4745 noctuque

294 4763 562 4832 hymnum
592 4763 882 4818 Trinitatis
911 4763 1126 4818 Christo
1160 4765 1270 4819 Deo
1297 4766 1678 4834 psallentibus,
1715 4775 1878 4820 totam

295 4865 586 4925 peragrant
612 4855 906 4922 civitatem,
937 4865 993 4912 et
1023 4857 1294 4911 Anastasii
1319 4856 1555 4912 Caesaris
1578 4860 1882 4913 monastico

295 4948 482 5001 habitu
531 4956 897 5002 assentatores
943 4947 1090 5002 ferro
1127 4947 1468 5017 tlammisque
1514 4949 1878 5004 interimunt:

292 5037 390 5091 alii
418 5038 595 5093 claves
636 5047 913 5108 portarum
965 5038 1253 5109 omniaque
1282 5038 1434 5107 signa
1483 5039 1769 5102 militaria,
1812 5041 1879 5094 ad

293 5131 470 5183 forum
498 5144 604 5199 quo
625 5129 905 5199 religionis
926 5139 1102 5184 castra
1133 5132 1315 5185 tnetati
1341 5130 1576 5196 fuerant,
1599 5131 1877 5187 deferunt:

292 5217 480 5288 ibique
523 5221 810 5274 Anastasio
857 5221 1075 5275 Caesare
1123 5221 1177 5274 in
1227 5224 1574 5290 processibus
1625 5223 1880 5293 degentc,

293 5311 658 5366 Areobindam
688 5311 789 5366 sibi
819 5313 1203 5382 imperatorem
1239 5315 1356 5370 fieri
1387 5316 1684 5370 clamitant.
1742 5317 1879 5372 lma-

292 5402 506 5472 ginibus
533 5402 730 5458 deinde
761 5406 1058 5474 statuisque
1092 5406 1361 5461 Anastasii
1407 5408 1459 5460 in
1494 5416 1696 5462 terram
1730 5408 1878 5478 deje-

294 5498 417 5561 ctls,
451 5492 692 5548 Celerem
724 5503 780 5547 et
811 5494 1099 5550 Patricium
1133 5507 1412 5552 senatores
1437 5538 1451 5561 ,
1492 5499 1556 5551 ad
1587 5515 1645 5553 se
1674 5501 1878 5569 suppli-

292 5582 451 5638 candi
480 5583 579 5638 sibi
607 5585 694 5638 vel
724 5584 1092 5639 satisfaciendi
1115 5587 1290 5656 gratia
1321 5589 1539 5653 missos,
1564 5589 1723 5658 jaetis
1759 5591 1877 5656 plu-

294 5674 399 5732 vim
428 5674 598 5731 inatar
624 5673 889 5742 lapidibus
922 5676 1256 5745 repulerunt.
1315 5678 1571 5736 Domibus
1598 5678 1789 5735 Marini
1823 5692 1877 5736 et

574 5768 849 5831 Ρλτιοι..
897 5767 998 5832 ιι.

1983 1835 2218 1890 Joannes
2249 1835 2575 1890 Paltensium
2606 1835 2783 1904 oppidi
2821 1835 3065 1905 pontifex
3093 1878 3106 1901 ,
3140 1838 3392 1905 quoniam
3425 1838 3570 1894 hunc

1982 1935 2180 1980 cretum
2235 1926 2554 1994 sacrilegum
2605 1925 2951 1992 refcllerant,
2997 1927 3052 1980 in
3093 1929 3373 1982 castellum
3420 1929 3566 1999 quod

1984 2019 2138 2073 Petra
2165 2019 2379 2080 dicitur,
2410 2019 2628 2073 exsules
2657 2017 2803 2071 missi
2833 2028 2975 2070 sunt.
3010 2017 3089 2071 lbi
3117 2017 3400 2074 Flavianus
3429 2035 3565 2074 con-

1983 2107 2155 2162 fessor
2178 2107 2373 2162 Chris1i
2399 2109 2448 2161 in
2472 2108 2699 2162 Domino
2722 2108 2980 2176 requievit
3005 2123 3018 2161 :
3043 2107 3304 2163 Joannem
3322 2110 3566 2166 Justinus

1981 2201 2117 2268 Aug.
2152 2215 2272 2252 mox
2303 2199 2596 2267 imperator
2622 2198 2816 2265 factus,
2850 2198 3138 2253 revocavit.
3168 2198 3363 2254 Iisdem
3396 2200 3566 2256 ferme

1982 2290 2312 2359 temporibus
2364 2291 2492 2345 solis
2525 2289 2767 2345 defectus
2793 2291 3036 2359 contigit.
3087 2291 3234 2346 Gens
3279 2292 3563 2347 Erulorum

1983 2383 2032 2435 in
2063 2393 2232 2434 terras
2261 2389 2419 2450 atque
2447 2381 2692 2435 civitates
2718 2380 3082 2435 Romanorum
3107 2381 3259 2450 jussu
3292 2382 3564 2438 Anastasii

1978 2473 2205 2528 Ctrsaris
2235 2473 2556 2528 introducta.

2077 2587 2167 2659 (A.
2199 2585 2258 2640 C.
2289 2585 2393 2640 515
2422 2586 2439 2658 )
2477 2584 2598 2640 Ind.
2625 2602 2699 2650 vr,
2725 2586 3036 2641 Clementiae
3066 2594 3111 2640 et
3132 2585 3308 2641 Probo
3340 2602 3467 2641 coss.

2051 2700 2286 2757 Severus
2312 2700 2623 2772 Eutychetis
2655 2700 2895 2770 perfidia:
2920 2700 3115 2768 cultor,
3141 2700 3422 2758 Anastasio
3441 2700 3563 2756 Cae-

1977 2805 2099 2846 sare
2138 2791 2367 2858 volente,
2413 2790 2599 2847 sedem
2629 2791 2868 2846 Flaviani
2899 2792 3157 2848 antistitis
3185 2807 3255 2848 ex
3296 2793 3563 2849 monacho

1980 2881 2153 2938 factus
2183 2883 2474 2951 episcOpus
2497 2885 2800 2952 occupavit.
2833 2883 3140 2940 Dorotheus
3177 2890 3406 2957 Ancyrae
3431 2886 3566 2942 civi-

1980 2972 2106 3026 tatis
2134 2972 2472 3028 venerandus
2495 2973 2744 3040 antistes,
2774 2974 3063 3030 Anastasio
3089 2976 3311 3045 principi
3344 2987 3565 3046 propter

1980 3067 2194 3121 unicam
2245 3065 2675 3120 orthodoxorunt
2729 3066 2887 3120 fidem
2934 3066 3136 3136 jugiter
3187 3067 3560 3134 adversarius,

1980 3250 2193 3304 Caesare
2238 3248 2587 3319 magistriano
2635 3248 2750 3316 ipse
2781 3247 3127 3316 praedixerat,
3178 3248 3230 3303 in
3258 3248 3403 3304 dicto
3432 3259 3564 3304 tem-

1979 3352 2111 3409 pore
2143 3339 2288 3394 fecit.
3136 3379 3144 3421 ζ

2156 3430 2245 3501 (Α.
2283 3428 2344 3483 C.
2373 3427 2526 3499 514.)
2555 3426 2684 3481 Ind.
2715 3442 2811 3494 vn,
2845 3427 3093 3482 Senatorc
3116 3429 3224 3516 solo
3250 3446 3354 3483 cos.

2053 3540 2354 3594 Vitalianus
2384 3539 2605 3611 Scytha,
2635 3541 2927 3608 assumptis
2944 3539 3307 3594 Romanorum
3329 3539 3562 3614 equitum

1983 3634 2328 3702 peditumque
2360 3633 2641 3700 plusquam
2671 3647 2740 3686 ιι
2767 3633 3000 3688 millibus
3029 3643 3353 3688 armatorum
3386 3632 3443 3687 in
3473 3633 3566 3688 tri-

1981 3723 2087 3777 duo
2115 3731 2585 3791 congrcgatorum,
2627 3720 2681 3774 in
2713 3722 2886 3775 locum
2918 3722 3006 3790 qui
3035 3722 3326 3790 Septimius
3351 3722 3564 3790 dicitur,

1980 3816 2215 3880 advenit,
2249 3816 2428 3881 ibique
2473 3820 2652 3867 castra
2683 3821 2912 3866 metatus
2950 3821 3075 3878 est;
3123 3813 3501 3883 dispositisque
3533 3829 3566 3869 a

1983 3907 2117 3961 mari
2149 3907 2202 3960 in
2236 3921 2384 3959 mare
2408 3919 2628 3958 suorum
2667 3903 2965 3972 ordinibus,
2995 3905 3110 3973 ipse
3151 3904 3215 3958 ad
3247 3919 3414 3973 usque
3445 3919 3565 3972 por-

1984 4009 2087 4051 tam
2113 4012 2232 4066 quae
2260 3999 2430 4050 Aurea
2460 3993 2805 4058 dicitur,sine
2825 3993 2984 4048 ullius
3007 3994 3237 4050 accessit
3256 3994 3563 4064 dispendio;

1981 4091 2187 4146 scilicet
2215 4104 2308 4158 pro
2339 4089 2763 4142 orthodoxorum
2790 4102 2848 4141 se
2875 4086 2998 4150 fide,
3024 4102 3226 4159 proque
3250 4087 3568 4144 Macedonio

1981 4185 2130 4239 urbis
2161 4184 2438 4252 episcopo,
2472 4180 2740 4234 incassum
2781 4180 2849 4234 ab
2895 4182 3179 4236 Anastasio
3210 4182 3449 4251 principe
3473 4198 3570 4239 ex-

1981 4277 2175 4341 sulato,
2206 4271 2730 4340 Constantinopolim
2763 4273 3059 4328 accessisse
3090 4288 3362 4328 asserens.
3400 4275 3568 4329 Porro

1983 4368 2248 4423 Ana~tasii
2298 4363 2730 4420 simulationibus
2777 4354 2936 4432 atque
2989 4365 3240 4432 perjuriis
3272 4378 3366 4431 per
3392 4363 3566 4417 Theo-

1912 4467 1959 4524 ι)
1987 4462 2175 4513 dorum
2209 4456 2595 4513 internuntium
2627 4455 2836 4512 illectus
2862 4464 3020 4523 atque
3042 4455 3244 4519 illusus,
3271 4465 3460 4510 octavo
3481 4455 3569 4510 die

1987 4565 2145 4619 quam
2197 4549 2380 4602 urbem
2436 4552 2759 4610 accesserat,
2789 4543 3075 4597 remeavit.
3137 4545 3271 4599 llinc
3299 4545 3566 4615 Odyssum

1984 4640 2181 4694 Moesiae
2223 4639 2493 4690 civitatem
2533 4633 2825 4687 Vitalianus
2855 4640 3176 4701 pernoctans
3215 4645 3330 4687 astu
3364 4635 3570 4704 ingres-

1985 4747 2076 4786 sus
2117 4739 2219 4786 est.
2265 4727 2524 4799 Cyrillum
2570 4724 2962 4779 lcnorinatttem
3015 4725 3183 4792 magis
3219 4742 3378 4795 quant
3433 4736 3569 4782 stre-

1987 4839 2146 4878 unum
2179 4821 2380 4875 militiae
2410 4818 2688 4872 ductorem
2723 4857 2737 4881 ,
2767 4816 2906 4870 inter
2934 4815 3066 4870 duas
3099 4818 3320 4886 pellices
3347 4818 3568 4872 Vitalia-

1986 4929 2086 4968 nus
2133 4913 2333 4981 reperit
2378 4908 2734 4964 dormientem
2760 4949 2775 4975 ,
2811 4923 3039 4977 euntque
3065 4908 3395 4963 abstractum
3442 4923 3566 4964 mox

1984 5006 2158 5059 cultro
2193 5003 2377 5058 Getico
2398 5000 2682 5068 jugulavit,
2714 4999 3030 5068 hostemque
3059 5014 3118 5052 se
3144 4998 3429 5052 Anastasio
3451 4997 3566 5054 Ca:-

1984 5097 2088 5151 sari
2116 5095 2288 5161 palam
2321 5104 2611 5160 aperteque
2643 5091 2902 5144 exhibuit.

2057 5209 2144 5279 (ι.
2175 5206 2234 5262 C.
2267 5206 2419 5274 διδ.)
2450 5203 2566 5258 Ind.
2603 5220 2716 5270 vtn,
2745 5202 3013 5256 Anthemio
3034 5209 3082 5256 ct
3110 5200 3378 5256 Florentio
3399 5217 3528 5258 coss.

2055 5319 2311 5374 Romamn
2335 5317 2586 5373 Ecclesia:
2603 5315 2939 5370 Lllormisda
2965 5316 3246 5385 episcopus
3266 5317 3562 5384 ordinatus,

1987 5411 2114 5466 vixit
2163 5425 2332 5465 annos
2379 5425 2454 5462 Ix.
2506 5408 2651 5462 ldem
2705 5407 3002 5461 Vitalianus
3059 5407 3231 5462 eidem
3280 5409 3565 5463 AnaStasio

1986 5504 2114 5571 imp.
2144 5501 2430 5554 immanior
2458 5501 2622 5552 factus
2652 5506 2733 5550 est
2764 5497 3010 5552 inimicus
3041 5516 3053 5551 :
3087 5501 3377 5568 prwmissis
3412 5500 3566 5569 quip-

1985 5609 2050 5661 pe
2097 5608 2314 5648 snorum
2360 5590 2643 5660 equitibus,
2677 5590 3006 5660 armatisque
3046 5593 3304 5647 naviculis
3344 5591 3566 5647 sinistro

1983 5685 2084 5743 sibi
2116 5687 2296 5743 littore
2323 5682 2750 5752 decurrentibus,
2781 5685 2894 5755 ipse
2925 5685 3162 5759 peditum
3201 5685 3369 5743 armis
3393 5688 3565 5760 stipa-

3085 5780 3162 5843 3U
