  <div class='ocr_page' id='page_1' title='image "/cluster/home/n/w/nwhite01/storage/ocr_20150623/51/hvd.32044054758610/475.png"; bbox 0 0 4064 6190; ppageno 0'>
   <div class='ocr_carea' id='block_1_1' title="bbox 483 244 585 301">
    <p class='ocr_par' dir='ltr' id='par_1_1' title="bbox 483 244 585 301">
     <span class='ocr_line' id='line_1_1' title="bbox 483 244 585 301; baseline -0.01 0"><span class='ocrx_word' id='word_1_1' title='bbox 483 244 585 301; x_wconf 74' lang='lat'><strong>939</strong></span> 
     </span>
    </p>
   </div>
   <div class='ocr_carea' id='block_1_2' title="bbox 1759 225 2484 293">
    <p class='ocr_par' dir='ltr' id='par_1_2' title="bbox 1759 225 2484 293">
     <span class='ocr_line' id='line_1_2' title="bbox 1759 225 2484 293; baseline -0.008 -1"><span class='ocrx_word' id='word_1_2' title='bbox 1759 228 2171 293; x_wconf 73' lang='lat' dir='ltr'><strong>LIARCELLINI</strong></span> <span class='ocrx_word' id='word_1_3' title='bbox 2208 225 2484 286; x_wconf 74' lang='grc' dir='ltr'>οοιιιτιε</span> 
     </span>
    </p>
   </div>
   <div class='ocr_carea' id='block_1_3' title="bbox 3645 225 3760 280">
    <p class='ocr_par' dir='ltr' id='par_1_3' title="bbox 3645 225 3760 280">
     <span class='ocr_line' id='line_1_3' title="bbox 3645 225 3760 280; baseline 0 -1"><span class='ocrx_word' id='word_1_4' title='bbox 3645 225 3760 280; x_wconf 66' lang='grc'><strong>930</strong></span> 
     </span>
    </p>
   </div>
   <div class='ocr_carea' id='block_1_4' title="bbox 484 338 3798 424">
    <p class='ocr_par' dir='ltr' id='par_1_4' title="bbox 484 338 3798 424">
     <span class='ocr_line' id='line_1_4' title="bbox 484 338 3798 424; baseline -0.005 -16"><span class='ocrx_word' id='word_1_5' title='bbox 484 363 571 408; x_wconf 89' lang='lat' dir='ltr'><strong>tus</strong></span> <span class='ocrx_word' id='word_1_6' title='bbox 595 349 960 424; x_wconf 80' lang='lat' dir='ltr'><strong>Systhenense</strong></span> <span class='ocrx_word' id='word_1_7' title='bbox 1007 347 1267 419; x_wconf 67' lang='lat' dir='ltr'><strong>praedium</strong></span> <span class='ocrx_word' id='word_1_8' title='bbox 1310 347 1586 419; x_wconf 88' lang='lat' dir='ltr'><strong>ingressus</strong></span> <span class='ocrx_word' id='word_1_9' title='bbox 1629 356 1710 405; x_wconf 90' lang='lat' dir='ltr'><strong>est</strong></span> <span class='ocrx_word' id='word_1_10' title='bbox 1732 388 1749 414; x_wconf 91' lang='lat'><strong>,</strong></span> <span class='ocrx_word' id='word_1_11' title='bbox 1797 346 2070 416; x_wconf 81' lang='lat' dir='ltr'><strong>totiusque</strong></span> <span class='ocrx_word' id='word_1_12' title='bbox 2095 345 2144 404; x_wconf 77' lang='grc' dir='ltr'><strong>Α</strong></span> <span class='ocrx_word' id='word_1_13' title='bbox 2175 340 2386 410; x_wconf 86' lang='lat' dir='ltr'><strong>Scupus</strong></span> <span class='ocrx_word' id='word_1_14' title='bbox 2412 352 2641 410; x_wconf 82' lang='lat' dir='ltr'><strong>namque</strong></span> <span class='ocrx_word' id='word_1_15' title='bbox 2668 338 3001 410; x_wconf 70' lang='lat' dir='ltr'><strong>metropolis,</strong></span> <span class='ocrx_word' id='word_1_16' title='bbox 3027 338 3148 395; x_wconf 88' lang='lat' dir='ltr'><strong>licet</strong></span> <span class='ocrx_word' id='word_1_17' title='bbox 3172 339 3288 394; x_wconf 90' lang='lat' dir='ltr'><strong>sine</strong></span> <span class='ocrx_word' id='word_1_18' title='bbox 3308 338 3506 394; x_wconf 79' lang='lat' dir='ltr'><strong>civium</strong></span> <span class='ocrx_word' id='word_1_19' title='bbox 3528 352 3757 396; x_wconf 82' lang='lat' dir='ltr'><strong>suorum</strong></span> <span class='ocrx_word' id='word_1_20' title='bbox 3791 347 3798 354; x_wconf 86' lang='lat'>&#39;</span> 
     </span>
    </p>
   </div>
   <div class='ocr_carea' id='block_1_5' title="bbox 485 437 2071 510">
    <p class='ocr_par' dir='ltr' id='par_1_5' title="bbox 485 437 2071 510">
     <span class='ocr_line' id='line_1_5' title="bbox 485 437 2071 510; baseline -0.005 -13"><span class='ocrx_word' id='word_1_21' title='bbox 485 443 588 499; x_wconf 85' lang='lat' dir='ltr'><strong>loci</strong></span> <span class='ocrx_word' id='word_1_22' title='bbox 617 441 870 510; x_wconf 85' lang='lat' dir='ltr'><strong>palatium</strong></span> <span class='ocrx_word' id='word_1_23' title='bbox 899 440 1085 494; x_wconf 83' lang='lat' dir='ltr'><strong>habuit</strong></span> <span class='ocrx_word' id='word_1_24' title='bbox 1115 439 1472 494; x_wconf 81' lang='lat' dir='ltr'><strong>mansionem.</strong></span> <span class='ocrx_word' id='word_1_25' title='bbox 1503 439 1647 494; x_wconf 80' lang='lat' dir='ltr'><strong>Missi</strong></span> <span class='ocrx_word' id='word_1_26' title='bbox 1677 448 1800 493; x_wconf 88' lang='lat' dir='ltr'><strong>sunt</strong></span> <span class='ocrx_word' id='word_1_27' title='bbox 1826 438 1894 492; x_wconf 91' lang='lat' dir='ltr'><strong>ad</strong></span> <span class='ocrx_word' id='word_1_28' title='bbox 1925 437 2071 490; x_wconf 78' lang='lat' dir='ltr'><strong>Vita-</strong></span> 
     </span>
    </p>
   </div>
   <div class='ocr_carea' id='block_1_6' title="bbox 483 530 2068 603">
    <p class='ocr_par' dir='ltr' id='par_1_6' title="bbox 483 530 2068 603">
     <span class='ocr_line' id='line_1_6' title="bbox 483 530 2068 603; baseline -0.004 -14"><span class='ocrx_word' id='word_1_29' title='bbox 483 533 680 589; x_wconf 90' lang='lat' dir='ltr'><strong>liannm</strong></span> <span class='ocrx_word' id='word_1_30' title='bbox 709 547 736 585; x_wconf 91' lang='lat' dir='ltr'><strong>a</strong></span> <span class='ocrx_word' id='word_1_31' title='bbox 764 531 978 588; x_wconf 74' lang='lat' dir='ltr'><strong>Cresare</strong></span> <span class='ocrx_word' id='word_1_32' title='bbox 1005 539 1284 586; x_wconf 78' lang='lat' dir='ltr'><strong>senatores</strong></span> <span class='ocrx_word' id='word_1_33' title='bbox 1309 571 1324 595; x_wconf 93' lang='lat'><strong>,</strong></span> <span class='ocrx_word' id='word_1_34' title='bbox 1367 531 1458 600; x_wconf 90' lang='lat' dir='ltr'><strong>qui</strong></span> <span class='ocrx_word' id='word_1_35' title='bbox 1496 531 1642 603; x_wconf 85' lang='lat' dir='ltr'><strong>pacis</strong></span> <span class='ocrx_word' id='word_1_36' title='bbox 1681 545 1800 585; x_wconf 90' lang='lat' dir='ltr'><strong>cum</strong></span> <span class='ocrx_word' id='word_1_37' title='bbox 1831 545 1898 586; x_wconf 91' lang='lat' dir='ltr'><strong>eo</strong></span> <span class='ocrx_word' id='word_1_38' title='bbox 1925 530 2068 599; x_wconf 85' lang='lat' dir='ltr'><strong>leges</strong></span> 
     </span>
    </p>
   </div>
   <div class='ocr_carea' id='block_1_7' title="bbox 481 623 2070 694">
    <p class='ocr_par' dir='ltr' id='par_1_7' title="bbox 481 623 2070 694">
     <span class='ocr_line' id='line_1_7' title="bbox 481 623 2070 694; baseline -0.004 -14"><span class='ocrx_word' id='word_1_39' title='bbox 481 633 871 691; x_wconf 74' lang='lat' dir='ltr'><strong>componerent</strong></span> <span class='ocrx_word' id='word_1_40' title='bbox 897 641 913 679; x_wconf 89' lang='lat'><strong>:</strong></span> <span class='ocrx_word' id='word_1_41' title='bbox 959 623 1248 694; x_wconf 84' lang='lat' dir='ltr'><strong>nenaginta</strong></span> <span class='ocrx_word' id='word_1_42' title='bbox 1277 623 1391 678; x_wconf 82' lang='lat' dir='ltr'><strong>auri</strong></span> <span class='ocrx_word' id='word_1_43' title='bbox 1421 623 1623 694; x_wconf 89' lang='lat' dir='ltr'><strong>pondo,</strong></span> <span class='ocrx_word' id='word_1_44' title='bbox 1651 623 1890 692; x_wconf 77' lang='lat' dir='ltr'><strong>exceptis</strong></span> <span class='ocrx_word' id='word_1_45' title='bbox 1914 634 2070 690; x_wconf 84' lang='lat' dir='ltr'><strong>rega-</strong></span> 
     </span>
    </p>
   </div>
   <div class='ocr_carea' id='block_1_8' title="bbox 480 711 2066 784">
    <p class='ocr_par' dir='ltr' id='par_1_8' title="bbox 480 711 2066 784">
     <span class='ocr_line' id='line_1_8' title="bbox 480 711 2066 784; baseline -0.006 -12"><span class='ocrx_word' id='word_1_46' title='bbox 480 720 621 773; x_wconf 87' lang='lat' dir='ltr'><strong>libus</strong></span> <span class='ocrx_word' id='word_1_47' title='bbox 643 716 976 783; x_wconf 87' lang='lat' dir='ltr'><strong>muneribus,</strong></span> <span class='ocrx_word' id='word_1_48' title='bbox 1003 729 1101 784; x_wconf 91' lang='lat' dir='ltr'><strong>pro</strong></span> <span class='ocrx_word' id='word_1_49' title='bbox 1122 715 1299 784; x_wconf 90' lang='lat' dir='ltr'><strong>pretio</strong></span> <span class='ocrx_word' id='word_1_50' title='bbox 1332 723 1457 769; x_wconf 90' lang='lat' dir='ltr'><strong>tunc</strong></span> <span class='ocrx_word' id='word_1_51' title='bbox 1477 713 1685 783; x_wconf 91' lang='lat' dir='ltr'><strong>accepit</strong></span> <span class='ocrx_word' id='word_1_52' title='bbox 1705 711 1936 783; x_wconf 84' lang='lat' dir='ltr'><strong>Hypatli,</strong></span> <span class='ocrx_word' id='word_1_53' title='bbox 1958 711 2066 780; x_wconf 90' lang='lat' dir='ltr'><strong>jam</strong></span> 
     </span>
    </p>
   </div>
   <div class='ocr_carea' id='block_1_9' title="bbox 484 799 2067 872">
    <p class='ocr_par' dir='ltr' id='par_1_9' title="bbox 484 799 2067 872">
     <span class='ocr_line' id='line_1_9' title="bbox 484 799 2067 872; baseline -0.005 -9"><span class='ocrx_word' id='word_1_54' title='bbox 484 810 634 864; x_wconf 86' lang='lat' dir='ltr'><strong>mille</strong></span> <span class='ocrx_word' id='word_1_55' title='bbox 677 818 891 863; x_wconf 89' lang='lat' dir='ltr'><strong>centum</strong></span> <span class='ocrx_word' id='word_1_56' title='bbox 936 806 1052 860; x_wconf 86' lang='lat' dir='ltr'><strong>auri</strong></span> <span class='ocrx_word' id='word_1_57' title='bbox 1093 804 1244 859; x_wconf 88' lang='lat' dir='ltr'><strong>libris</strong></span> <span class='ocrx_word' id='word_1_58' title='bbox 1288 820 1410 859; x_wconf 88' lang='lat' dir='ltr'><strong>cum</strong></span> <span class='ocrx_word' id='word_1_59' title='bbox 1439 803 1644 859; x_wconf 85' lang='lat' dir='ltr'><strong>Uranie</strong></span> <span class='ocrx_word' id='word_1_60' title='bbox 1667 802 1881 872; x_wconf 87' lang='lat' dir='ltr'><strong>captivo</strong></span> <span class='ocrx_word' id='word_1_61' title='bbox 1907 799 2008 856; x_wconf 89' lang='lat' dir='ltr'><strong>sibi</strong></span> <span class='ocrx_word' id='word_1_62' title='bbox 2036 815 2067 855; x_wconf 87' lang='lat' dir='ltr'><strong>a</strong></span> 
     </span>
    </p>
   </div>
   <div class='ocr_carea' id='block_1_10' title="bbox 479 892 2069 968">
    <p class='ocr_par' dir='ltr' id='par_1_10' title="bbox 479 892 2069 968">
     <span class='ocr_line' id='line_1_10' title="bbox 479 892 2069 968; baseline -0.006 -14"><span class='ocrx_word' id='word_1_63' title='bbox 479 900 593 955; x_wconf 87' lang='lat' dir='ltr'><strong>suis</strong></span> <span class='ocrx_word' id='word_1_64' title='bbox 621 902 674 954; x_wconf 92' lang='lat' dir='ltr'><strong>in</strong></span> <span class='ocrx_word' id='word_1_65' title='bbox 703 898 950 968; x_wconf 82' lang='lat' dir='ltr'><strong>Sozopoli</strong></span> <span class='ocrx_word' id='word_1_66' title='bbox 973 897 1190 952; x_wconf 86' lang='lat' dir='ltr'><strong>oblatis.</strong></span> <span class='ocrx_word' id='word_1_67' title='bbox 1222 895 1478 965; x_wconf 78' lang='lat' dir='ltr'><strong>Magister</strong></span> <span class='ocrx_word' id='word_1_68' title='bbox 1509 894 1739 950; x_wconf 83' lang='lat' dir='ltr'><strong>militum</strong></span> <span class='ocrx_word' id='word_1_69' title='bbox 1775 892 2069 948; x_wconf 81' lang='lat' dir='ltr'><strong>Vitalianus</strong></span> 
     </span>
    </p>
   </div>
   <div class='ocr_carea' id='block_1_11' title="bbox 479 988 2064 1062">
    <p class='ocr_par' dir='ltr' id='par_1_11' title="bbox 479 988 2064 1062">
     <span class='ocr_line' id='line_1_11' title="bbox 479 988 2064 1062; baseline -0.003 -18"><span class='ocrx_word' id='word_1_70' title='bbox 479 1014 565 1062; x_wconf 80' lang='lat' dir='ltr'><strong>pet</strong></span> <span class='ocrx_word' id='word_1_71' title='bbox 613 991 900 1046; x_wconf 68' lang='lat' dir='ltr'><strong>Thraciam</strong></span> <span class='ocrx_word' id='word_1_72' title='bbox 927 993 1099 1044; x_wconf 88' lang='lat' dir='ltr'><strong>factus</strong></span> <span class='ocrx_word' id='word_1_73' title='bbox 1122 1033 1136 1057; x_wconf 93' lang='lat'><strong>,</strong></span> <span class='ocrx_word' id='word_1_74' title='bbox 1173 989 1457 1061; x_wconf 83' lang='lat' dir='ltr'><strong>Hypatium</strong></span> <span class='ocrx_word' id='word_1_75' title='bbox 1489 1003 1650 1059; x_wconf 90' lang='lat' dir='ltr'><strong>quem</strong></span> <span class='ocrx_word' id='word_1_76' title='bbox 1681 988 1947 1058; x_wconf 85' lang='lat' dir='ltr'><strong>captivqu</strong></span> <span class='ocrx_word' id='word_1_77' title='bbox 1974 999 2064 1039; x_wconf 83' lang='lat' dir='ltr'><strong>ca-</strong></span> 
     </span>
    </p>
   </div>
   <div class='ocr_carea' id='block_1_12' title="bbox 481 1079 2068 1154">
    <p class='ocr_par' dir='ltr' id='par_1_12' title="bbox 481 1079 2068 1154">
     <span class='ocr_line' id='line_1_12' title="bbox 481 1079 2068 1154; baseline -0.006 -15"><span class='ocrx_word' id='word_1_78' title='bbox 481 1094 826 1154; x_wconf 88' lang='lat' dir='ltr'><strong>tcnatumque</strong></span> <span class='ocrx_word' id='word_1_79' title='bbox 857 1080 995 1152; x_wconf 87' lang='lat' dir='ltr'><strong>apud</strong></span> <span class='ocrx_word' id='word_1_80' title='bbox 1024 1085 1188 1136; x_wconf 78' lang='lat' dir='ltr'><strong>Aures</strong></span> <span class='ocrx_word' id='word_1_81' title='bbox 1218 1080 1500 1137; x_wconf 71' lang='lat' dir='ltr'><strong>castellum</strong></span> <span class='ocrx_word' id='word_1_82' title='bbox 1535 1079 1789 1144; x_wconf 90' lang='lat' dir='ltr'><strong>tenebat,</strong></span> <span class='ocrx_word' id='word_1_83' title='bbox 1817 1089 2068 1133; x_wconf 79' lang='lat' dir='ltr'><strong>reversus</strong></span> 
     </span>
    </p>
   </div>
   <div class='ocr_carea' id='block_1_13' title="bbox 477 1170 2066 1242">
    <p class='ocr_par' dir='ltr' id='par_1_13' title="bbox 477 1170 2066 1242">
     <span class='ocr_line' id='line_1_13' title="bbox 477 1170 2066 1242; baseline -0.004 -11"><span class='ocrx_word' id='word_1_84' title='bbox 477 1192 576 1231; x_wconf 91' lang='lat' dir='ltr'><strong>suo</strong></span> <span class='ocrx_word' id='word_1_85' title='bbox 597 1175 805 1231; x_wconf 78' lang='lat' dir='ltr'><strong>remisit</strong></span> <span class='ocrx_word' id='word_1_86' title='bbox 830 1174 1112 1229; x_wconf 84' lang='lat' dir='ltr'><strong>avunculo.</strong></span> <span class='ocrx_word' id='word_1_87' title='bbox 1144 1173 1221 1228; x_wconf 84' lang='lat' dir='ltr'><strong>Ea</strong></span> <span class='ocrx_word' id='word_1_88' title='bbox 1248 1181 1566 1242; x_wconf 77' lang='lat' dir='ltr'><strong>tempesrate</strong></span> <span class='ocrx_word' id='word_1_89' title='bbox 1596 1170 2066 1239; x_wconf 27' lang='lat' dir='ltr'><strong>l‘lunni,Armenia</strong></span> 
     </span>
    </p>
   </div>
   <div class='ocr_carea' id='block_1_14' title="bbox 479 1261 2067 1334">
    <p class='ocr_par' dir='ltr' id='par_1_14' title="bbox 479 1261 2067 1334">
     <span class='ocr_line' id='line_1_14' title="bbox 479 1261 2067 1334; baseline -0.003 -15"><span class='ocrx_word' id='word_1_90' title='bbox 479 1267 818 1334; x_wconf 89' lang='lat' dir='ltr'><strong>transmissa,</strong></span> <span class='ocrx_word' id='word_1_91' title='bbox 865 1274 1029 1319; x_wconf 91' lang='lat' dir='ltr'><strong>totam</strong></span> <span class='ocrx_word' id='word_1_92' title='bbox 1060 1261 1452 1334; x_wconf 67' lang='lat' dir='ltr'><strong>Cippadociam</strong></span> <span class='ocrx_word' id='word_1_93' title='bbox 1500 1263 1866 1328; x_wconf 89' lang='lat' dir='ltr'><strong>devastantes,</strong></span> <span class='ocrx_word' id='word_1_94' title='bbox 1901 1274 2067 1330; x_wconf 88' lang='lat' dir='ltr'><strong>usque</strong></span> 
     </span>
    </p>
   </div>
   <div class='ocr_carea' id='block_1_15' title="bbox 477 1349 2066 1428">
    <p class='ocr_par' dir='ltr' id='par_1_15' title="bbox 477 1349 2066 1428">
     <span class='ocr_line' id='line_1_15' title="bbox 477 1349 2066 1428; baseline -0.004 -16"><span class='ocrx_word' id='word_1_95' title='bbox 477 1355 798 1428; x_wconf 86' lang='lat' dir='ltr'><strong>Lycaoniam</strong></span> <span class='ocrx_word' id='word_1_96' title='bbox 825 1361 1179 1426; x_wconf 86' lang='lat' dir='ltr'><strong>perrexerunt</strong></span> <span class='ocrx_word' id='word_1_97' title='bbox 1209 1369 1222 1407; x_wconf 90' lang='lat'><strong>:</strong></span> <span class='ocrx_word' id='word_1_98' title='bbox 1264 1352 1501 1408; x_wconf 78' lang='lat' dir='ltr'><strong>Ariadne</strong></span> <span class='ocrx_word' id='word_1_99' title='bbox 1531 1354 1764 1423; x_wconf 80' lang='lat' dir='ltr'><strong>Augusta</strong></span> <span class='ocrx_word' id='word_1_100' title='bbox 1794 1367 1864 1407; x_wconf 78' lang='grc' dir='ltr'><strong>ιι</strong></span> <span class='ocrx_word' id='word_1_101' title='bbox 1909 1349 2066 1405; x_wconf 86' lang='lat' dir='ltr'><strong>annis</strong></span> 
     </span>
    </p>
   </div>
   <div class='ocr_carea' id='block_1_16' title="bbox 478 1445 1407 1520">
    <p class='ocr_par' dir='ltr' id='par_1_16' title="bbox 478 1445 1407 1520">
     <span class='ocr_line' id='line_1_16' title="bbox 478 1445 1407 1520; baseline -0.005 -16"><span class='ocrx_word' id='word_1_102' title='bbox 478 1451 533 1504; x_wconf 92' lang='lat' dir='ltr'><strong>in</strong></span> <span class='ocrx_word' id='word_1_103' title='bbox 566 1448 764 1520; x_wconf 86' lang='lat' dir='ltr'><strong>palatio</strong></span> <span class='ocrx_word' id='word_1_104' title='bbox 785 1448 991 1506; x_wconf 85' lang='lat' dir='ltr'><strong>exactis</strong></span> <span class='ocrx_word' id='word_1_105' title='bbox 1021 1447 1127 1500; x_wconf 88' lang='lat' dir='ltr'><strong>vita</strong></span> <span class='ocrx_word' id='word_1_106' title='bbox 1157 1445 1407 1500; x_wconf 86' lang='lat' dir='ltr'><strong>decessit.</strong></span> 
     </span>
    </p>
   </div>
   <div class='ocr_carea' id='block_1_17' title="bbox 694 1554 1842 1632">
    <p class='ocr_par' dir='ltr' id='par_1_17' title="bbox 694 1554 1842 1632">
     <span class='ocr_line' id='line_1_17' title="bbox 694 1554 1842 1632; baseline -0.007 -17"><span class='ocrx_word' id='word_1_107' title='bbox 694 1561 803 1632; x_wconf 87' lang='lat' dir='ltr'><strong>(A.</strong></span> <span class='ocrx_word' id='word_1_108' title='bbox 834 1558 895 1614; x_wconf 90' lang='lat' dir='ltr'><strong>C.</strong></span> <span class='ocrx_word' id='word_1_109' title='bbox 927 1556 1095 1627; x_wconf 84' lang='lat' dir='ltr'><strong>5l6.)</strong></span> <span class='ocrx_word' id='word_1_110' title='bbox 1130 1554 1251 1609; x_wconf 80' lang='lat' dir='ltr'><strong>Ind.</strong></span> <span class='ocrx_word' id='word_1_111' title='bbox 1286 1571 1340 1610; x_wconf 77' lang='grc' dir='ltr'><strong>ιι</strong></span> <span class='ocrx_word' id='word_1_112' title='bbox 1362 1597 1378 1622; x_wconf 86' lang='grc'>,</span> <span class='ocrx_word' id='word_1_113' title='bbox 1415 1554 1568 1609; x_wconf 85' lang='lat' dir='ltr'><strong>Petro</strong></span> <span class='ocrx_word' id='word_1_114' title='bbox 1597 1554 1709 1610; x_wconf 81' lang='lat' dir='ltr'><strong>solo</strong></span> <span class='ocrx_word' id='word_1_115' title='bbox 1736 1571 1842 1608; x_wconf 84' lang='lat' dir='ltr'><strong>cos.</strong></span> 
     </span>
    </p>
   </div>
   <div class='ocr_carea' id='block_1_18' title="bbox 2172 429 3755 500">
    <p class='ocr_par' dir='ltr' id='par_1_18' title="bbox 2172 429 3755 500">
     <span class='ocr_line' id='line_1_18' title="bbox 2172 429 3755 500; baseline -0.001 -15"><span class='ocrx_word' id='word_1_116' title='bbox 2172 430 2383 486; x_wconf 87' lang='lat' dir='ltr'><strong>hostem</strong></span> <span class='ocrx_word' id='word_1_117' title='bbox 2427 429 2744 500; x_wconf 78' lang='lat' dir='ltr'><strong>fugientium</strong></span> <span class='ocrx_word' id='word_1_118' title='bbox 2787 429 2978 494; x_wconf 83' lang='lat' dir='ltr'><strong>clade,</strong></span> <span class='ocrx_word' id='word_1_119' title='bbox 3020 430 3257 484; x_wconf 90' lang='lat' dir='ltr'><strong>funditus</strong></span> <span class='ocrx_word' id='word_1_120' title='bbox 3301 438 3483 484; x_wconf 82' lang='lat' dir='ltr'><strong>tamen</strong></span> <span class='ocrx_word' id='word_1_121' title='bbox 3521 431 3755 485; x_wconf 82' lang='lat' dir='ltr'><strong>corruit.</strong></span> 
     </span>
    </p>
   </div>
   <div class='ocr_carea' id='block_1_19' title="bbox 2174 519 3761 589">
    <p class='ocr_par' dir='ltr' id='par_1_19' title="bbox 2174 519 3761 589">
     <span class='ocr_line' id='line_1_19' title="bbox 2174 519 3761 589; baseline -0.003 -12"><span class='ocrx_word' id='word_1_122' title='bbox 2174 521 2290 577; x_wconf 88' lang='lat' dir='ltr'><strong>Uno</strong></span> <span class='ocrx_word' id='word_1_123' title='bbox 2321 522 2376 576; x_wconf 90' lang='lat' dir='ltr'><strong>in</strong></span> <span class='ocrx_word' id='word_1_124' title='bbox 2399 520 2627 576; x_wconf 81' lang='lat' dir='ltr'><strong>castello</strong></span> <span class='ocrx_word' id='word_1_125' title='bbox 2661 519 2897 589; x_wconf 78' lang='lat' dir='ltr'><strong>regionis</strong></span> <span class='ocrx_word' id='word_1_126' title='bbox 2926 520 3137 574; x_wconf 69' lang='lat' dir='ltr'><strong>Canisae</strong></span> <span class='ocrx_word' id='word_1_127' title='bbox 3176 520 3316 588; x_wconf 86' lang='lat' dir='ltr'><strong>quod</strong></span> <span class='ocrx_word' id='word_1_128' title='bbox 3356 521 3630 575; x_wconf 89' lang='lat' dir='ltr'><strong>Sarnunto</strong></span> <span class='ocrx_word' id='word_1_129' title='bbox 3670 520 3761 574; x_wconf 81' lang='lat' dir='ltr'><strong>di-</strong></span> 
     </span>
    </p>
   </div>
   <div class='ocr_carea' id='block_1_20' title="bbox 2169 609 3761 680">
    <p class='ocr_par' dir='ltr' id='par_1_20' title="bbox 2169 609 3761 680">
     <span class='ocr_line' id='line_1_20' title="bbox 2169 609 3761 680; baseline -0.002 -13"><span class='ocrx_word' id='word_1_130' title='bbox 2169 613 2334 677; x_wconf 83' lang='lat' dir='ltr'><strong>citur,</strong></span> <span class='ocrx_word' id='word_1_131' title='bbox 2365 611 2539 680; x_wconf 87' lang='lat' dir='ltr'><strong>ruptis</strong></span> <span class='ocrx_word' id='word_1_132' title='bbox 2570 619 2699 665; x_wconf 92' lang='lat' dir='ltr'><strong>tunc</strong></span> <span class='ocrx_word' id='word_1_133' title='bbox 2731 620 2874 664; x_wconf 89' lang='lat' dir='ltr'><strong>terra</strong></span> <span class='ocrx_word' id='word_1_134' title='bbox 2901 610 3053 664; x_wconf 86' lang='lat' dir='ltr'><strong>venis</strong></span> <span class='ocrx_word' id='word_1_135' title='bbox 3075 650 3090 675; x_wconf 95' lang='lat'><strong>,</strong></span> <span class='ocrx_word' id='word_1_136' title='bbox 3119 619 3174 663; x_wconf 91' lang='lat' dir='ltr'><strong>et</strong></span> <span class='ocrx_word' id='word_1_137' title='bbox 3211 609 3278 663; x_wconf 91' lang='lat' dir='ltr'><strong>ad</strong></span> <span class='ocrx_word' id='word_1_138' title='bbox 3325 611 3493 663; x_wconf 89' lang='lat' dir='ltr'><strong>instar</strong></span> <span class='ocrx_word' id='word_1_139' title='bbox 3532 611 3761 664; x_wconf 70' lang='lat' dir='ltr'><strong>torrida:</strong></span> 
     </span>
    </p>
   </div>
   <div class='ocr_carea' id='block_1_21' title="bbox 2169 700 3762 768">
    <p class='ocr_par' dir='ltr' id='par_1_21' title="bbox 2169 700 3762 768">
     <span class='ocr_line' id='line_1_21' title="bbox 2169 700 3762 768; baseline -0.001 -12"><span class='ocrx_word' id='word_1_140' title='bbox 2169 702 2400 756; x_wconf 90' lang='lat' dir='ltr'><strong>fornacis</strong></span> <span class='ocrx_word' id='word_1_141' title='bbox 2422 709 2728 756; x_wconf 67' lang='lat' dir='ltr'><strong>exaestuans</strong></span> <span class='ocrx_word' id='word_1_142' title='bbox 2748 745 2760 768; x_wconf 89' lang='lat'><strong>,</strong></span> <span class='ocrx_word' id='word_1_143' title='bbox 2789 700 3052 754; x_wconf 90' lang='lat' dir='ltr'><strong>diutinum</strong></span> <span class='ocrx_word' id='word_1_144' title='bbox 3078 702 3400 755; x_wconf 84' lang='lat' dir='ltr'><strong>altrinsecus</strong></span> <span class='ocrx_word' id='word_1_145' title='bbox 3427 701 3762 754; x_wconf 84' lang='lat' dir='ltr'><strong>ferventem-</strong></span> 
     </span>
    </p>
   </div>
   <div class='ocr_carea' id='block_1_22' title="bbox 2169 791 3761 862">
    <p class='ocr_par' dir='ltr' id='par_1_22' title="bbox 2169 791 3761 862">
     <span class='ocr_line' id='line_1_22' title="bbox 2169 791 3761 862; baseline 0 -16"><span class='ocrx_word' id='word_1_146' title='bbox 2169 808 2272 862; x_wconf 84' lang='lat' dir='ltr'><strong>quc</strong></span> <span class='ocrx_word' id='word_1_147' title='bbox 2299 792 2423 846; x_wconf 84' lang='lat' dir='ltr'><strong>imbt</strong></span> <span class='ocrx_word' id='word_1_148' title='bbox 2440 807 2524 846; x_wconf 91' lang='lat' dir='ltr'><strong>em</strong></span> <span class='ocrx_word' id='word_1_149' title='bbox 2553 793 2812 846; x_wconf 83' lang='lat' dir='ltr'><strong>evomuit.</strong></span> <span class='ocrx_word' id='word_1_150' title='bbox 2839 792 3058 847; x_wconf 85' lang='lat' dir='ltr'><strong>Plurimi</strong></span> <span class='ocrx_word' id='word_1_151' title='bbox 3088 793 3250 846; x_wconf 83' lang='lat' dir='ltr'><strong>totius</strong></span> <span class='ocrx_word' id='word_1_152' title='bbox 3279 791 3573 861; x_wconf 60' lang='lat' dir='ltr'><strong>provincia</strong></span> <span class='ocrx_word' id='word_1_153' title='bbox 3599 806 3761 846; x_wconf 79' lang='lat' dir='ltr'><strong>mou-</strong></span> 
     </span>
    </p>
   </div>
   <div class='ocr_carea' id='block_1_23' title="bbox 2169 883 3755 953">
    <p class='ocr_par' dir='ltr' id='par_1_23' title="bbox 2169 883 3755 953">
     <span class='ocr_line' id='line_1_23' title="bbox 2169 883 3755 953; baseline 0.001 -17"><span class='ocrx_word' id='word_1_154' title='bbox 2169 891 2252 936; x_wconf 85' lang='lat' dir='ltr'><strong>tes</strong></span> <span class='ocrx_word' id='word_1_155' title='bbox 2298 883 2399 936; x_wconf 79' lang='lat' dir='ltr'><strong>hoc</strong></span> <span class='ocrx_word' id='word_1_156' title='bbox 2441 892 2750 937; x_wconf 71' lang='lat' dir='ltr'><strong>terrmmom</strong></span> <span class='ocrx_word' id='word_1_157' title='bbox 2781 883 2933 938; x_wconf 85' lang='lat' dir='ltr'><strong>scissi</strong></span> <span class='ocrx_word' id='word_1_158' title='bbox 2967 893 3127 947; x_wconf 88' lang='lat' dir='ltr'><strong>sunt,</strong></span> <span class='ocrx_word' id='word_1_159' title='bbox 3156 898 3394 953; x_wconf 86' lang='lat' dir='ltr'><strong>saxaque</strong></span> <span class='ocrx_word' id='word_1_160' title='bbox 3423 883 3536 937; x_wconf 82' lang='lat' dir='ltr'><strong>suis</strong></span> <span class='ocrx_word' id='word_1_161' title='bbox 3566 885 3755 938; x_wconf 79' lang='lat' dir='ltr'><strong>evulsa</strong></span> 
     </span>
    </p>
   </div>
   <div class='ocr_carea' id='block_1_24' title="bbox 2168 973 3752 1043">
    <p class='ocr_par' dir='ltr' id='par_1_24' title="bbox 2168 973 3752 1043">
     <span class='ocr_line' id='line_1_24' title="bbox 2168 973 3752 1043; baseline 0.001 -16"><span class='ocrx_word' id='word_1_162' title='bbox 2168 974 2522 1042; x_wconf 73' lang='lat' dir='ltr'><strong>compagibus</strong></span> <span class='ocrx_word' id='word_1_163' title='bbox 2546 1018 2558 1041; x_wconf 93' lang='lat'><strong>,</strong></span> <span class='ocrx_word' id='word_1_164' title='bbox 2590 973 2955 1043; x_wconf 87' lang='lat' dir='ltr'><strong>devolutaque</strong></span> <span class='ocrx_word' id='word_1_165' title='bbox 2983 974 3235 1028; x_wconf 89' lang='lat' dir='ltr'><strong>arborum</strong></span> <span class='ocrx_word' id='word_1_166' title='bbox 3268 975 3491 1043; x_wconf 86' lang='lat' dir='ltr'><strong>crepido</strong></span> <span class='ocrx_word' id='word_1_167' title='bbox 3523 990 3618 1043; x_wconf 90' lang='lat' dir='ltr'><strong>per</strong></span> <span class='ocrx_word' id='word_1_168' title='bbox 3648 991 3752 1029; x_wconf 84' lang='lat' dir='ltr'><strong>xxx</strong></span> 
     </span>
    </p>
   </div>
   <div class='ocr_carea' id='block_1_25' title="bbox 2170 1064 3754 1135">
    <p class='ocr_par' dir='ltr' id='par_1_25' title="bbox 2170 1064 3754 1135">
     <span class='ocr_line' id='line_1_25' title="bbox 2170 1064 3754 1135; baseline 0.001 -17"><span class='ocrx_word' id='word_1_169' title='bbox 2170 1078 2420 1133; x_wconf 86' lang='lat' dir='ltr'><strong>passuum</strong></span> <span class='ocrx_word' id='word_1_170' title='bbox 2450 1064 2613 1119; x_wconf 88' lang='lat' dir='ltr'><strong>millia</strong></span> <span class='ocrx_word' id='word_1_171' title='bbox 2648 1074 2859 1135; x_wconf 89' lang='lat' dir='ltr'><strong>patens,</strong></span> <span class='ocrx_word' id='word_1_172' title='bbox 2882 1074 2937 1120; x_wconf 87' lang='lat' dir='ltr'><strong>et</strong></span> <span class='ocrx_word' id='word_1_173' title='bbox 2977 1066 3032 1119; x_wconf 92' lang='lat' dir='ltr'><strong>in</strong></span> <span class='ocrx_word' id='word_1_174' title='bbox 3063 1081 3135 1120; x_wconf 87' lang='lat' dir='ltr'><strong>xu</strong></span> <span class='ocrx_word' id='word_1_175' title='bbox 3178 1066 3370 1134; x_wconf 83' lang='lat' dir='ltr'><strong>pedum</strong></span> <span class='ocrx_word' id='word_1_176' title='bbox 3409 1065 3754 1120; x_wconf 72' lang='lat' dir='ltr'><strong>latitudinem</strong></span> 
     </span>
    </p>
   </div>
   <div class='ocr_carea' id='block_1_26' title="bbox 2168 1153 3753 1227">
    <p class='ocr_par' dir='ltr' id='par_1_26' title="bbox 2168 1153 3753 1227">
     <span class='ocr_line' id='line_1_26' title="bbox 2168 1153 3753 1227; baseline 0.001 -19"><span class='ocrx_word' id='word_1_177' title='bbox 2168 1153 2487 1221; x_wconf 81' lang='lat' dir='ltr'><strong>dehiscens,</strong></span> <span class='ocrx_word' id='word_1_178' title='bbox 2518 1158 2836 1225; x_wconf 79' lang='lat' dir='ltr'><strong>profundam</strong></span> <span class='ocrx_word' id='word_1_179' title='bbox 2867 1158 3158 1227; x_wconf 86' lang='lat' dir='ltr'><strong>aliquantis</strong></span> <span class='ocrx_word' id='word_1_180' title='bbox 3183 1157 3491 1226; x_wconf 78' lang='lat' dir='ltr'><strong>voraginem</strong></span> <span class='ocrx_word' id='word_1_181' title='bbox 3522 1158 3753 1223; x_wconf 83' lang='lat' dir='ltr'><strong>civibus,</strong></span> 
     </span>
    </p>
   </div>
   <div class='ocr_carea' id='block_1_27' title="bbox 2169 1246 3759 1316">
    <p class='ocr_par' dir='ltr' id='par_1_27' title="bbox 2169 1246 3759 1316">
     <span class='ocr_line' id='line_1_27' title="bbox 2169 1246 3759 1316; baseline 0.001 -15"><span class='ocrx_word' id='word_1_182' title='bbox 2169 1246 2518 1301; x_wconf 82' lang='lat' dir='ltr'><strong>castellorum</strong></span> <span class='ocrx_word' id='word_1_183' title='bbox 2551 1261 2914 1316; x_wconf 77' lang='lat' dir='ltr'><strong>saxorumque</strong></span> <span class='ocrx_word' id='word_1_184' title='bbox 2943 1253 3128 1302; x_wconf 87' lang='lat' dir='ltr'><strong>ruinas</strong></span> <span class='ocrx_word' id='word_1_185' title='bbox 3149 1291 3162 1314; x_wconf 94' lang='lat'><strong>,</strong></span> <span class='ocrx_word' id='word_1_186' title='bbox 3198 1250 3280 1303; x_wconf 89' lang='lat' dir='ltr'><strong>vel</strong></span> <span class='ocrx_word' id='word_1_187' title='bbox 3309 1249 3486 1302; x_wconf 87' lang='lat' dir='ltr'><strong>adhue</strong></span> <span class='ocrx_word' id='word_1_188' title='bbox 3517 1248 3759 1303; x_wconf 82' lang='lat' dir='ltr'><strong>hostium</strong></span> 
     </span>
    </p>
   </div>
   <div class='ocr_carea' id='block_1_28' title="bbox 2170 1337 3760 1409">
    <p class='ocr_par' dir='ltr' id='par_1_28' title="bbox 2170 1337 3760 1409">
     <span class='ocr_line' id='line_1_28' title="bbox 2170 1337 3760 1409; baseline 0.001 -17"><span class='ocrx_word' id='word_1_189' title='bbox 2170 1337 2510 1394; x_wconf 87' lang='lat' dir='ltr'><strong>incursiones</strong></span> <span class='ocrx_word' id='word_1_190' title='bbox 2557 1337 2921 1408; x_wconf 78' lang='lat' dir='ltr'><strong>fugientibus,</strong></span> <span class='ocrx_word' id='word_1_191' title='bbox 2966 1339 3115 1409; x_wconf 85' lang='lat' dir='ltr'><strong>jussa</strong></span> <span class='ocrx_word' id='word_1_192' title='bbox 3161 1341 3391 1408; x_wconf 88' lang='lat' dir='ltr'><strong>paravit.</strong></span> <span class='ocrx_word' id='word_1_193' title='bbox 3435 1341 3760 1394; x_wconf 78' lang='lat' dir='ltr'><strong>Anastasius</strong></span> 
     </span>
    </p>
   </div>
   <div class='ocr_carea' id='block_1_29' title="bbox 2169 1429 3760 1501">
    <p class='ocr_par' dir='ltr' id='par_1_29' title="bbox 2169 1429 3760 1501">
     <span class='ocr_line' id='line_1_29' title="bbox 2169 1429 3760 1501; baseline 0.001 -16"><span class='ocrx_word' id='word_1_194' title='bbox 2169 1429 2300 1498; x_wconf 91' lang='lat' dir='ltr'><strong>imp.</strong></span> <span class='ocrx_word' id='word_1_195' title='bbox 2359 1429 2536 1484; x_wconf 87' lang='lat' dir='ltr'><strong>subita</strong></span> <span class='ocrx_word' id='word_1_196' title='bbox 2590 1441 2766 1485; x_wconf 92' lang='lat' dir='ltr'><strong>morte</strong></span> <span class='ocrx_word' id='word_1_197' title='bbox 2819 1438 3126 1500; x_wconf 69' lang='lat' dir='ltr'><strong>prmveutus</strong></span> <span class='ocrx_word' id='word_1_198' title='bbox 3177 1431 3349 1500; x_wconf 88' lang='lat' dir='ltr'><strong>major</strong></span> <span class='ocrx_word' id='word_1_199' title='bbox 3407 1431 3760 1501; x_wconf 81' lang='lat' dir='ltr'><strong>octogenario</strong></span> 
     </span>
    </p>
   </div>
   <div class='ocr_carea' id='block_1_30' title="bbox 2169 1520 3692 1596">
    <p class='ocr_par' dir='ltr' id='par_1_30' title="bbox 2169 1520 3692 1596">
     <span class='ocr_line' id='line_1_30' title="bbox 2169 1520 3692 1596; baseline 0.002 -21"><span class='ocrx_word' id='word_1_200' title='bbox 2169 1520 2328 1591; x_wconf 88' lang='lat' dir='ltr'><strong>periit</strong></span> <span class='ocrx_word' id='word_1_201' title='bbox 2354 1538 2366 1574; x_wconf 92' lang='lat'>:</span> <span class='ocrx_word' id='word_1_202' title='bbox 2401 1522 2647 1592; x_wconf 88' lang='lat' dir='ltr'><strong>regnavit</strong></span> <span class='ocrx_word' id='word_1_203' title='bbox 2675 1537 3021 1596; x_wconf 63' lang='lat' dir='ltr'><strong>annosxxvtt</strong></span> <span class='ocrx_word' id='word_1_204' title='bbox 3055 1537 3274 1578; x_wconf 86' lang='lat' dir='ltr'><strong>menses</strong></span> <span class='ocrx_word' id='word_1_205' title='bbox 3306 1522 3367 1577; x_wconf 83' lang='lat' dir='ltr'><strong>ll</strong></span> <span class='ocrx_word' id='word_1_206' title='bbox 3396 1524 3514 1578; x_wconf 90' lang='lat' dir='ltr'><strong>dies</strong></span> <span class='ocrx_word' id='word_1_207' title='bbox 3542 1541 3692 1578; x_wconf 82' lang='lat' dir='ltr'><strong>xxix.</strong></span> 
     </span>
    </p>
   </div>
   <div class='ocr_carea' id='block_1_31' title="bbox 547 1654 3752 1766">
    <p class='ocr_par' dir='ltr' id='par_1_31' title="bbox 547 1654 3752 1766">
     <span class='ocr_line' id='line_1_31' title="bbox 547 1654 3752 1766; baseline -0.005 -40"><span class='ocrx_word' id='word_1_208' title='bbox 547 1671 749 1727; x_wconf 74' lang='lat' dir='ltr'><strong>Mutata</strong></span> <span class='ocrx_word' id='word_1_209' title='bbox 790 1669 896 1725; x_wconf 85' lang='lat' dir='ltr'><strong>fide</strong></span> <span class='ocrx_word' id='word_1_210' title='bbox 933 1668 1255 1724; x_wconf 81' lang='lat' dir='ltr'><strong>Anastasius</strong></span> <span class='ocrx_word' id='word_1_211' title='bbox 1301 1668 1433 1738; x_wconf 92' lang='lat' dir='ltr'><strong>imp.</strong></span> <span class='ocrx_word' id='word_1_212' title='bbox 1471 1666 1737 1722; x_wconf 81' lang='lat' dir='ltr'><strong>Vitaliano</strong></span> <span class='ocrx_word' id='word_1_213' title='bbox 1777 1664 2059 1731; x_wconf 85' lang='lat' dir='ltr'><strong>succedit,</strong></span> <span class='ocrx_word' id='word_1_214' title='bbox 2093 1707 2140 1766; x_wconf 76' lang='grc' dir='ltr'><strong>Β</strong></span> <span class='ocrx_word' id='word_1_215' title='bbox 2171 1655 2262 1727; x_wconf 85' lang='lat' dir='ltr'><strong>(A.</strong></span> <span class='ocrx_word' id='word_1_216' title='bbox 2293 1655 2357 1711; x_wconf 91' lang='lat' dir='ltr'><strong>C.</strong></span> <span class='ocrx_word' id='word_1_217' title='bbox 2385 1654 2538 1726; x_wconf 77' lang='grc'><strong>519.)</strong></span> <span class='ocrx_word' id='word_1_218' title='bbox 2570 1654 2693 1710; x_wconf 85' lang='lat' dir='ltr'><strong>Ind.</strong></span> <span class='ocrx_word' id='word_1_219' title='bbox 2721 1672 2829 1724; x_wconf 87' lang='lat' dir='ltr'><strong>xu,</strong></span> <span class='ocrx_word' id='word_1_220' title='bbox 2851 1655 3058 1710; x_wconf 84' lang='lat' dir='ltr'><strong>Justino</strong></span> <span class='ocrx_word' id='word_1_221' title='bbox 3081 1658 3215 1726; x_wconf 76' lang='lat' dir='ltr'><strong>Aug.</strong></span> <span class='ocrx_word' id='word_1_222' title='bbox 3237 1665 3285 1710; x_wconf 82' lang='lat' dir='ltr'><strong>et</strong></span> <span class='ocrx_word' id='word_1_223' title='bbox 3313 1655 3594 1710; x_wconf 79' lang='lat' dir='ltr'><strong>Eutharico</strong></span> <span class='ocrx_word' id='word_1_224' title='bbox 3615 1673 3752 1711; x_wconf 84' lang='lat' dir='ltr'><strong>coss.</strong></span> 
     </span>
    </p>
   </div>
   <div class='ocr_carea' id='block_1_32' title="bbox 474 1755 3752 1838">
    <p class='ocr_par' dir='ltr' id='par_1_32' title="bbox 474 1755 3752 1838">
     <span class='ocr_line' id='line_1_32' title="bbox 474 1755 3752 1838; baseline -0.001 -20"><span class='ocrx_word' id='word_1_225' title='bbox 474 1763 766 1832; x_wconf 74' lang='lat' dir='ltr'><strong>eidemque</strong></span> <span class='ocrx_word' id='word_1_226' title='bbox 819 1759 1070 1816; x_wconf 76' lang='lat' dir='ltr'><strong>Rufinum</strong></span> <span class='ocrx_word' id='word_1_227' title='bbox 1127 1758 1370 1814; x_wconf 88' lang='lat' dir='ltr'><strong>destinat</strong></span> <span class='ocrx_word' id='word_1_228' title='bbox 1421 1770 1817 1813; x_wconf 68' lang='lat' dir='ltr'><strong>successorem.</strong></span> <span class='ocrx_word' id='word_1_229' title='bbox 1876 1755 2060 1811; x_wconf 76' lang='lat' dir='ltr'><strong>Helias</strong></span> <span class='ocrx_word' id='word_1_230' title='bbox 2098 1755 2139 1766; x_wconf 62' lang='grc' dir='ltr'><strong><em>ν</em></strong></span> <span class='ocrx_word' id='word_1_231' title='bbox 2237 1768 2480 1823; x_wconf 68' lang='lat' dir='ltr'><strong>Justinus</strong></span> <span class='ocrx_word' id='word_1_232' title='bbox 2507 1783 2538 1823; x_wconf 62' lang='grc' dir='ltr'><strong>θ</strong></span> <span class='ocrx_word' id='word_1_233' title='bbox 2564 1780 2756 1824; x_wconf 65' lang='lat' dir='ltr'><strong>senatu</strong></span> <span class='ocrx_word' id='word_1_234' title='bbox 2781 1770 2986 1824; x_wconf 69' lang='lat' dir='ltr'><strong>electus</strong></span> <span class='ocrx_word' id='word_1_235' title='bbox 3026 1770 3322 1838; x_wconf 72' lang='lat' dir='ltr'><strong>imperator</strong></span> <span class='ocrx_word' id='word_1_236' title='bbox 3361 1771 3617 1824; x_wconf 73' lang='lat' dir='ltr'><strong>continuo</strong></span> <span class='ocrx_word' id='word_1_237' title='bbox 3655 1787 3752 1826; x_wconf 72' lang='grc' dir='ltr'><strong>σι’-</strong></span> 
     </span>
    </p>
   </div>
   <div class='ocr_carea' id='block_1_33' title="bbox 475 1847 3752 1932">
    <p class='ocr_par' dir='ltr' id='par_1_33' title="bbox 475 1847 3752 1932">
     <span class='ocr_line' id='line_1_33' title="bbox 475 1847 3752 1932; baseline -0.002 -9"><span class='ocrx_word' id='word_1_238' title='bbox 475 1851 983 1923; x_wconf 65' lang='lat' dir='ltr'><strong>Ilierosolymilaum</strong></span> <span class='ocrx_word' id='word_1_239' title='bbox 1013 1849 1162 1904; x_wconf 65' lang='lat' dir='ltr'><strong>“This</strong></span> <span class='ocrx_word' id='word_1_240' title='bbox 1192 1848 1481 1918; x_wconf 67' lang='lat' dir='ltr'><strong>episcopus</strong></span> <span class='ocrx_word' id='word_1_241' title='bbox 1508 1848 1564 1902; x_wconf 75' lang='grc' dir='ltr'><strong>ίη</strong></span> <span class='ocrx_word' id='word_1_242' title='bbox 1596 1849 1721 1902; x_wconf 66' lang='lat' dir='ltr'><strong>Vina</strong></span> <span class='ocrx_word' id='word_1_243' title='bbox 1756 1863 1876 1917; x_wconf 67' lang='grc' dir='ltr'>ιιυω</span> <span class='ocrx_word' id='word_1_244' title='bbox 1907 1847 2061 1901; x_wconf 58' lang='lat' dir='ltr'><strong>“alia</strong></span> <span class='ocrx_word' id='word_1_245' title='bbox 2164 1859 2385 1915; x_wconf 88' lang='lat' dir='ltr'><strong>dinatus</strong></span> <span class='ocrx_word' id='word_1_246' title='bbox 2415 1871 2519 1915; x_wconf 89' lang='lat' dir='ltr'><strong>est.</strong></span> <span class='ocrx_word' id='word_1_247' title='bbox 2555 1863 2836 1917; x_wconf 78' lang='lat' dir='ltr'><strong>Amantius</strong></span> <span class='ocrx_word' id='word_1_248' title='bbox 2864 1861 3044 1931; x_wconf 87' lang='lat' dir='ltr'><strong>palatii</strong></span> <span class='ocrx_word' id='word_1_249' title='bbox 3078 1864 3428 1932; x_wconf 68' lang='lat' dir='ltr'><strong>praepositus,</strong></span> <span class='ocrx_word' id='word_1_250' title='bbox 3469 1863 3710 1918; x_wconf 83' lang='lat' dir='ltr'><strong>Andreas</strong></span> <span class='ocrx_word' id='word_1_251' title='bbox 3731 1905 3752 1930; x_wconf 93' lang='lat'><strong>,</strong></span> 
     </span>
    </p>
   </div>
   <div class='ocr_carea' id='block_1_34' title="bbox 474 1939 3755 2018">
    <p class='ocr_par' dir='ltr' id='par_1_34' title="bbox 474 1939 3755 2018">
     <span class='ocr_line' id='line_1_34' title="bbox 474 1939 3755 2018; baseline -0.002 -5"><span class='ocrx_word' id='word_1_252' title='bbox 474 1947 691 2013; x_wconf 73' lang='lat' dir='ltr'><strong>dicitur.</strong></span> <span class='ocrx_word' id='word_1_253' title='bbox 716 1945 785 1999; x_wconf 80' lang='lat' dir='ltr'><strong>ab</strong></span> <span class='ocrx_word' id='word_1_254' title='bbox 811 1944 1002 2000; x_wconf 80' lang='lat' dir='ltr'><strong>eodem</strong></span> <span class='ocrx_word' id='word_1_255' title='bbox 1035 1942 1279 2011; x_wconf 74' lang='lat' dir='ltr'><strong>principe</strong></span> <span class='ocrx_word' id='word_1_256' title='bbox 1307 1942 1575 2011; x_wconf 69' lang='lat' dir='ltr'><strong>relegatus</strong></span> <span class='ocrx_word' id='word_1_257' title='bbox 1600 1941 1884 1995; x_wconf 71' lang='lat' dir='ltr'><strong>emoritur-</strong></span> <span class='ocrx_word' id='word_1_258' title='bbox 1919 1939 2065 1993; x_wconf 72' lang='grc' dir='ltr'><strong>ιω·</strong></span> <span class='ocrx_word' id='word_1_259' title='bbox 2164 1951 2347 2007; x_wconf 79' lang='lat' dir='ltr'><strong>Misael</strong></span> <span class='ocrx_word' id='word_1_260' title='bbox 2373 1962 2427 2007; x_wconf 87' lang='lat' dir='ltr'><strong>et</strong></span> <span class='ocrx_word' id='word_1_261' title='bbox 2456 1951 2705 2006; x_wconf 83' lang='lat' dir='ltr'><strong>Ardabur</strong></span> <span class='ocrx_word' id='word_1_262' title='bbox 2741 1952 3081 2018; x_wconf 65' lang='lat' dir='ltr'><strong>cubicularii,</strong></span> <span class='ocrx_word' id='word_1_263' title='bbox 3130 1951 3546 2007; x_wconf 64' lang='lat' dir='ltr'><strong>Manichaeorum</strong></span> <span class='ocrx_word' id='word_1_264' title='bbox 3578 1953 3755 2008; x_wconf 75' lang='lat' dir='ltr'><strong>fatilo-</strong></span> 
     </span>
    </p>
   </div>
   <div class='ocr_carea' id='block_1_35' title="bbox 473 2027 2064 2113">
    <p class='ocr_par' dir='ltr' id='par_1_35' title="bbox 473 2027 2063 2104">
     <span class='ocr_line' id='line_1_35' title="bbox 473 2027 2063 2104; baseline -0.006 -13"><span class='ocrx_word' id='word_1_265' title='bbox 473 2035 710 2092; x_wconf 90' lang='lat' dir='ltr'><strong>rentium</strong></span> <span class='ocrx_word' id='word_1_266' title='bbox 737 2042 999 2104; x_wconf 70' lang='lat' dir='ltr'><strong>praeterea</strong></span> <span class='ocrx_word' id='word_1_267' title='bbox 1031 2031 1474 2103; x_wconf 87' lang='lat' dir='ltr'><strong>Lychnidensem</strong></span> <span class='ocrx_word' id='word_1_268' title='bbox 1496 2074 1511 2098; x_wconf 94' lang='lat'><strong>,</strong></span> <span class='ocrx_word' id='word_1_269' title='bbox 1547 2029 1904 2084; x_wconf 90' lang='lat' dir='ltr'><strong>Domnionem</strong></span> <span class='ocrx_word' id='word_1_270' title='bbox 1935 2027 2063 2084; x_wconf 86' lang='lat' dir='ltr'><strong>Ser-</strong></span> 
     </span>
    </p>
   </div>
   <div class='ocr_carea' id='block_1_36' title="bbox 2165 2027 3749 2113">
    <p class='ocr_par' dir='ltr' id='par_1_36' title="bbox 2165 2042 3749 2113">
     <span class='ocr_line' id='line_1_36' title="bbox 2165 2042 3749 2113; baseline 0.001 -17"><span class='ocrx_word' id='word_1_271' title='bbox 2165 2057 2256 2098; x_wconf 89' lang='lat' dir='ltr'><strong>res</strong></span> <span class='ocrx_word' id='word_1_272' title='bbox 2276 2083 2290 2108; x_wconf 91' lang='lat'><strong>,</strong></span> <span class='ocrx_word' id='word_1_273' title='bbox 2323 2053 2374 2097; x_wconf 90' lang='lat' dir='ltr'><strong>et</strong></span> <span class='ocrx_word' id='word_1_274' title='bbox 2405 2042 2600 2098; x_wconf 81' lang='lat' dir='ltr'><strong>Justiui</strong></span> <span class='ocrx_word' id='word_1_275' title='bbox 2630 2043 2855 2113; x_wconf 78' lang='lat' dir='ltr'><strong>Augusti</strong></span> <span class='ocrx_word' id='word_1_276' title='bbox 2882 2043 3210 2112; x_wconf 86' lang='lat' dir='ltr'><strong>deprehensi</strong></span> <span class='ocrx_word' id='word_1_277' title='bbox 3249 2054 3374 2098; x_wconf 90' lang='lat' dir='ltr'><strong>sunt</strong></span> <span class='ocrx_word' id='word_1_278' title='bbox 3415 2045 3749 2112; x_wconf 85' lang='lat' dir='ltr'><strong>proditores.</strong></span> 
     </span>
    </p>
   </div>
   <div class='ocr_carea' id='block_1_37' title="bbox 473 2119 2064 2205">
    <p class='ocr_par' dir='ltr' id='par_1_37' title="bbox 473 2119 2064 2191">
     <span class='ocr_line' id='line_1_37' title="bbox 473 2119 2064 2191; baseline -0.005 -10"><span class='ocrx_word' id='word_1_279' title='bbox 473 2127 754 2181; x_wconf 88' lang='lat' dir='ltr'><strong>dicensem</strong></span> <span class='ocrx_word' id='word_1_280' title='bbox 775 2164 793 2191; x_wconf 91' lang='lat'><strong>,</strong></span> <span class='ocrx_word' id='word_1_281' title='bbox 821 2123 1090 2178; x_wconf 89' lang='lat' dir='ltr'><strong>Alcissum</strong></span> <span class='ocrx_word' id='word_1_282' title='bbox 1139 2121 1577 2190; x_wconf 84' lang='lat' dir='ltr'><strong>Nicopolitanum</strong></span> <span class='ocrx_word' id='word_1_283' title='bbox 1599 2160 1614 2186; x_wconf 94' lang='lat'><strong>,</strong></span> <span class='ocrx_word' id='word_1_284' title='bbox 1647 2119 1909 2175; x_wconf 84' lang='lat' dir='ltr'><strong>Gaianum</strong></span> <span class='ocrx_word' id='word_1_285' title='bbox 1942 2119 2064 2173; x_wconf 83' lang='lat' dir='ltr'><strong>Nai-</strong></span> 
     </span>
    </p>
   </div>
   <div class='ocr_carea' id='block_1_38' title="bbox 2165 2119 3754 2205">
    <p class='ocr_par' dir='ltr' id='par_1_38' title="bbox 2165 2135 3754 2205">
     <span class='ocr_line' id='line_1_38' title="bbox 2165 2135 3754 2205; baseline 0.003 -16"><span class='ocrx_word' id='word_1_286' title='bbox 2165 2135 2403 2205; x_wconf 86' lang='lat' dir='ltr'><strong>Quorum</strong></span> <span class='ocrx_word' id='word_1_287' title='bbox 2433 2137 2541 2192; x_wconf 91' lang='lat' dir='ltr'><strong>duo</strong></span> <span class='ocrx_word' id='word_1_288' title='bbox 2563 2179 2579 2204; x_wconf 92' lang='lat'><strong>,</strong></span> <span class='ocrx_word' id='word_1_289' title='bbox 2614 2138 2895 2192; x_wconf 82' lang='lat' dir='ltr'><strong>Amantius</strong></span> <span class='ocrx_word' id='word_1_290' title='bbox 2922 2148 2972 2193; x_wconf 90' lang='lat' dir='ltr'><strong>et</strong></span> <span class='ocrx_word' id='word_1_291' title='bbox 3003 2136 3245 2192; x_wconf 87' lang='lat' dir='ltr'><strong>Andreas</strong></span> <span class='ocrx_word' id='word_1_292' title='bbox 3268 2178 3282 2202; x_wconf 91' lang='lat'><strong>,</strong></span> <span class='ocrx_word' id='word_1_293' title='bbox 3316 2137 3461 2192; x_wconf 90' lang='lat' dir='ltr'><strong>ferro</strong></span> <span class='ocrx_word' id='word_1_294' title='bbox 3499 2139 3754 2194; x_wconf 84' lang='lat' dir='ltr'><strong>trucidati</strong></span> 
     </span>
    </p>
   </div>
   <div class='ocr_carea' id='block_1_39' title="bbox 473 2208 2064 2286">
    <p class='ocr_par' dir='ltr' id='par_1_39' title="bbox 473 2208 2062 2280">
     <span class='ocr_line' id='line_1_39' title="bbox 473 2208 2062 2280; baseline -0.004 -10"><span class='ocrx_word' id='word_1_295' title='bbox 473 2216 714 2270; x_wconf 87' lang='lat' dir='ltr'><strong>sitanum</strong></span> <span class='ocrx_word' id='word_1_296' title='bbox 768 2221 826 2268; x_wconf 88' lang='lat' dir='ltr'><strong>et</strong></span> <span class='ocrx_word' id='word_1_297' title='bbox 877 2211 1210 2280; x_wconf 83' lang='lat' dir='ltr'><strong>Evangelum</strong></span> <span class='ocrx_word' id='word_1_298' title='bbox 1265 2209 1709 2276; x_wconf 88' lang='lat' dir='ltr'><strong>Pautaliensetn,</strong></span> <span class='ocrx_word' id='word_1_299' title='bbox 1764 2208 2062 2263; x_wconf 87' lang='lat' dir='ltr'><strong>catholicos</strong></span> 
     </span>
    </p>
   </div>
   <div class='ocr_carea' id='block_1_40' title="bbox 2165 2208 3752 2286">
    <p class='ocr_par' dir='ltr' id='par_1_40' title="bbox 2165 2229 3752 2286">
     <span class='ocr_line' id='line_1_40' title="bbox 2165 2229 3752 2286; baseline 0.002 -4"><span class='ocrx_word' id='word_1_300' title='bbox 2165 2239 2285 2284; x_wconf 85' lang='lat' dir='ltr'><strong>sunt</strong></span> <span class='ocrx_word' id='word_1_301' title='bbox 2312 2247 2326 2282; x_wconf 88' lang='lat'><strong>:</strong></span> <span class='ocrx_word' id='word_1_302' title='bbox 2358 2231 2539 2285; x_wconf 77' lang='lat' dir='ltr'><strong>Misael</strong></span> <span class='ocrx_word' id='word_1_303' title='bbox 2568 2241 2623 2286; x_wconf 92' lang='lat' dir='ltr'><strong>et</strong></span> <span class='ocrx_word' id='word_1_304' title='bbox 2645 2230 2894 2284; x_wconf 88' lang='lat' dir='ltr'><strong>Ardabur</strong></span> <span class='ocrx_word' id='word_1_305' title='bbox 2916 2229 3190 2284; x_wconf 90' lang='lat' dir='ltr'><strong>Serdicam</strong></span> <span class='ocrx_word' id='word_1_306' title='bbox 3218 2230 3270 2284; x_wconf 93' lang='lat' dir='ltr'><strong>in</strong></span> <span class='ocrx_word' id='word_1_307' title='bbox 3297 2230 3547 2286; x_wconf 80' lang='lat' dir='ltr'><strong>exsilium</strong></span> <span class='ocrx_word' id='word_1_308' title='bbox 3577 2231 3752 2286; x_wconf 87' lang='lat' dir='ltr'><strong>missi.</strong></span> 
     </span>
    </p>
   </div>
   <div class='ocr_carea' id='block_1_41' title="bbox 472 2299 3753 2392">
    <p class='ocr_par' dir='ltr' id='par_1_41' title="bbox 472 2299 3753 2392">
     <span class='ocr_line' id='line_1_41' title="bbox 472 2299 3753 2392; baseline -0.002 -30"><span class='ocrx_word' id='word_1_309' title='bbox 472 2302 667 2377; x_wconf 82' lang='lat' dir='ltr'><strong>Illyrici</strong></span> <span class='ocrx_word' id='word_1_310' title='bbox 689 2303 1035 2368; x_wconf 87' lang='lat' dir='ltr'><strong>sacerdotes,</strong></span> <span class='ocrx_word' id='word_1_311' title='bbox 1060 2302 1175 2357; x_wconf 91' lang='lat' dir='ltr'><strong>suis</strong></span> <span class='ocrx_word' id='word_1_312' title='bbox 1195 2301 1519 2356; x_wconf 85' lang='lat' dir='ltr'><strong>Anastasius</strong></span> <span class='ocrx_word' id='word_1_313' title='bbox 1547 2299 1866 2370; x_wconf 67' lang='lat' dir='ltr'><strong>praesentari</strong></span> <span class='ocrx_word' id='word_1_314' title='bbox 1891 2299 2061 2369; x_wconf 88' lang='lat' dir='ltr'><strong>jussit</strong></span> <span class='ocrx_word' id='word_1_315' title='bbox 2164 2319 2490 2376; x_wconf 52' lang='lat' dir='ltr'><strong>Theocritus</strong></span> <span class='ocrx_word' id='word_1_316' title='bbox 2517 2322 2752 2376; x_wconf 63' lang='lat' dir='ltr'><strong>Amamii</strong></span> <span class='ocrx_word' id='word_1_317' title='bbox 2793 2321 3045 2387; x_wconf 50' lang='lat' dir='ltr'><strong>“leues,</strong></span> <span class='ocrx_word' id='word_1_318' title='bbox 3075 2337 3233 2392; x_wconf 70' lang='lat' dir='ltr'><strong>quem</strong></span> <span class='ocrx_word' id='word_1_319' title='bbox 3277 2323 3420 2377; x_wconf 68' lang='lat' dir='ltr'><strong>idem</strong></span> <span class='ocrx_word' id='word_1_320' title='bbox 3467 2323 3753 2378; x_wconf 57' lang='lat' dir='ltr'><strong>Amanum</strong></span> 
     </span>
    </p>
   </div>
   <div class='ocr_carea' id='block_1_42' title="bbox 471 2392 2058 2464">
    <p class='ocr_par' dir='ltr' id='par_1_42' title="bbox 471 2392 2058 2464">
     <span class='ocr_line' id='line_1_42' title="bbox 471 2392 2058 2464; baseline -0.003 -12"><span class='ocrx_word' id='word_1_321' title='bbox 471 2398 772 2453; x_wconf 76' lang='lat' dir='ltr'><strong>obtutibus.</strong></span> <span class='ocrx_word' id='word_1_322' title='bbox 801 2395 1044 2453; x_wconf 84' lang='lat' dir='ltr'><strong>Alcissus</strong></span> <span class='ocrx_word' id='word_1_323' title='bbox 1073 2403 1127 2450; x_wconf 92' lang='lat' dir='ltr'><strong>ct</strong></span> <span class='ocrx_word' id='word_1_324' title='bbox 1150 2393 1387 2450; x_wconf 78' lang='lat' dir='ltr'><strong>Gaianas</strong></span> <span class='ocrx_word' id='word_1_325' title='bbox 1413 2393 1653 2462; x_wconf 87' lang='lat' dir='ltr'><strong>episcopi</strong></span> <span class='ocrx_word' id='word_1_326' title='bbox 1678 2393 1820 2462; x_wconf 90' lang='lat' dir='ltr'><strong>apud</strong></span> <span class='ocrx_word' id='word_1_327' title='bbox 1851 2392 2058 2464; x_wconf 82' lang='lat' dir='ltr'><strong>Byzan-</strong></span> 
     </span>
    </p>
   </div>
   <div class='ocr_carea' id='block_1_43' title="bbox 472 2483 2055 2554">
    <p class='ocr_par' dir='ltr' id='par_1_43' title="bbox 472 2483 2055 2554">
     <span class='ocr_line' id='line_1_43' title="bbox 472 2483 2055 2554; baseline -0.001 -12"><span class='ocrx_word' id='word_1_328' title='bbox 472 2489 606 2542; x_wconf 90' lang='lat' dir='ltr'><strong>tium</strong></span> <span class='ocrx_word' id='word_1_329' title='bbox 637 2487 742 2543; x_wconf 87' lang='lat' dir='ltr'><strong>vita</strong></span> <span class='ocrx_word' id='word_1_330' title='bbox 771 2485 1009 2542; x_wconf 84' lang='lat' dir='ltr'><strong>defuncti</strong></span> <span class='ocrx_word' id='word_1_331' title='bbox 1039 2492 1199 2550; x_wconf 88' lang='lat' dir='ltr'><strong>sunt,</strong></span> <span class='ocrx_word' id='word_1_332' title='bbox 1234 2499 1454 2554; x_wconf 88' lang='lat' dir='ltr'><strong>unoque</strong></span> <span class='ocrx_word' id='word_1_333' title='bbox 1482 2483 1736 2554; x_wconf 89' lang='lat' dir='ltr'><strong>sepulcro</strong></span> <span class='ocrx_word' id='word_1_334' title='bbox 1768 2483 2055 2540; x_wconf 84' lang='lat' dir='ltr'><strong>reconditi.</strong></span> 
     </span>
    </p>
   </div>
   <div class='ocr_carea' id='block_1_44' title="bbox 472 2573 2058 2645">
    <p class='ocr_par' dir='ltr' id='par_1_44' title="bbox 472 2573 2058 2645">
     <span class='ocr_line' id='line_1_44' title="bbox 472 2573 2058 2645; baseline -0.001 -14"><span class='ocrx_word' id='word_1_335' title='bbox 472 2575 774 2631; x_wconf 80' lang='lat' dir='ltr'><strong>Domriione</strong></span> <span class='ocrx_word' id='word_1_336' title='bbox 801 2584 856 2631; x_wconf 92' lang='lat' dir='ltr'><strong>et</strong></span> <span class='ocrx_word' id='word_1_337' title='bbox 887 2574 1158 2645; x_wconf 84' lang='lat' dir='ltr'><strong>Evangelo</strong></span> <span class='ocrx_word' id='word_1_338' title='bbox 1189 2573 1256 2628; x_wconf 90' lang='lat' dir='ltr'><strong>ad</strong></span> <span class='ocrx_word' id='word_1_339' title='bbox 1299 2574 1458 2629; x_wconf 81' lang='lat' dir='ltr'><strong>sedes</strong></span> <span class='ocrx_word' id='word_1_340' title='bbox 1501 2573 1784 2643; x_wconf 88' lang='lat' dir='ltr'><strong>proprias,</strong></span> <span class='ocrx_word' id='word_1_341' title='bbox 1829 2574 1900 2628; x_wconf 94' lang='lat' dir='ltr'><strong>ob</strong></span> <span class='ocrx_word' id='word_1_342' title='bbox 1940 2589 2058 2630; x_wconf 88' lang='lat' dir='ltr'><strong>me-</strong></span> 
     </span>
    </p>
   </div>
   <div class='ocr_carea' id='block_1_45' title="bbox 471 2663 2051 2738">
    <p class='ocr_par' dir='ltr' id='par_1_45' title="bbox 471 2663 2051 2738">
     <span class='ocr_line' id='line_1_45' title="bbox 471 2663 2051 2738; baseline -0.003 -16"><span class='ocrx_word' id='word_1_343' title='bbox 471 2676 585 2722; x_wconf 89' lang='lat' dir='ltr'><strong>tum</strong></span> <span class='ocrx_word' id='word_1_344' title='bbox 613 2665 903 2738; x_wconf 85' lang='lat' dir='ltr'><strong>Illyriciani</strong></span> <span class='ocrx_word' id='word_1_345' title='bbox 934 2665 1188 2720; x_wconf 82' lang='lat' dir='ltr'><strong>catholici</strong></span> <span class='ocrx_word' id='word_1_346' title='bbox 1220 2664 1408 2720; x_wconf 68' lang='lat' dir='ltr'><strong>militis</strong></span> <span class='ocrx_word' id='word_1_347' title='bbox 1428 2703 1443 2730; x_wconf 87' lang='lat'><strong>,</strong></span> <span class='ocrx_word' id='word_1_348' title='bbox 1477 2663 1750 2733; x_wconf 85' lang='lat' dir='ltr'><strong>extemplo</strong></span> <span class='ocrx_word' id='word_1_349' title='bbox 1782 2665 2051 2732; x_wconf 85' lang='lat' dir='ltr'><strong>remissis,</strong></span> 
     </span>
    </p>
   </div>
   <div class='ocr_carea' id='block_1_46' title="bbox 472 2753 2063 2824">
    <p class='ocr_par' dir='ltr' id='par_1_46' title="bbox 472 2753 2063 2824">
     <span class='ocr_line' id='line_1_46' title="bbox 472 2753 2063 2824; baseline -0.002 -11"><span class='ocrx_word' id='word_1_350' title='bbox 472 2758 624 2814; x_wconf 87' lang='lat' dir='ltr'><strong>solus</strong></span> <span class='ocrx_word' id='word_1_351' title='bbox 651 2756 972 2812; x_wconf 83' lang='lat' dir='ltr'><strong>Laurentius</strong></span> <span class='ocrx_word' id='word_1_352' title='bbox 997 2754 1342 2811; x_wconf 86' lang='lat' dir='ltr'><strong>Anastasium</strong></span> <span class='ocrx_word' id='word_1_353' title='bbox 1371 2755 1501 2824; x_wconf 89' lang='lat' dir='ltr'><strong>imp.</strong></span> <span class='ocrx_word' id='word_1_354' title='bbox 1529 2753 1581 2809; x_wconf 91' lang='lat' dir='ltr'><strong>iu</strong></span> <span class='ocrx_word' id='word_1_355' title='bbox 1612 2754 1812 2824; x_wconf 87' lang='lat' dir='ltr'><strong>palatio</strong></span> <span class='ocrx_word' id='word_1_356' title='bbox 1837 2770 1936 2823; x_wconf 87' lang='lat' dir='ltr'><strong>pro</strong></span> <span class='ocrx_word' id='word_1_357' title='bbox 1959 2756 2063 2810; x_wconf 86' lang='lat' dir='ltr'><strong>fide</strong></span> 
     </span>
    </p>
   </div>
   <div class='ocr_carea' id='block_1_47' title="bbox 473 2846 2062 2918">
    <p class='ocr_par' dir='ltr' id='par_1_47' title="bbox 473 2846 2062 2918">
     <span class='ocr_line' id='line_1_47' title="bbox 473 2846 2062 2918; baseline -0.002 -13"><span class='ocrx_word' id='word_1_358' title='bbox 473 2851 737 2906; x_wconf 78' lang='lat' dir='ltr'><strong>catholica</strong></span> <span class='ocrx_word' id='word_1_359' title='bbox 764 2863 910 2918; x_wconf 61' lang='lat' dir='ltr'><strong>saepe</strong></span> <span class='ocrx_word' id='word_1_360' title='bbox 951 2849 1284 2904; x_wconf 89' lang='lat' dir='ltr'><strong>convincens</strong></span> <span class='ocrx_word' id='word_1_361' title='bbox 1304 2888 1321 2914; x_wconf 91' lang='lat'><strong>,</strong></span> <span class='ocrx_word' id='word_1_362' title='bbox 1362 2846 1503 2916; x_wconf 90' lang='lat' dir='ltr'><strong>apud</strong></span> <span class='ocrx_word' id='word_1_363' title='bbox 1543 2848 1860 2902; x_wconf 87' lang='lat' dir='ltr'><strong>comitatum</strong></span> <span class='ocrx_word' id='word_1_364' title='bbox 1881 2889 1896 2912; x_wconf 89' lang='lat'><strong>,</strong></span> <span class='ocrx_word' id='word_1_365' title='bbox 1923 2862 1985 2903; x_wconf 86' lang='lat' dir='ltr'><strong>ac</strong></span> <span class='ocrx_word' id='word_1_366' title='bbox 2015 2847 2062 2902; x_wconf 91' lang='lat' dir='ltr'><strong>si</strong></span> 
     </span>
    </p>
   </div>
   <div class='ocr_carea' id='block_1_48' title="bbox 473 2937 2059 3011">
    <p class='ocr_par' dir='ltr' id='par_1_48' title="bbox 473 2937 2059 3011">
     <span class='ocr_line' id='line_1_48' title="bbox 473 2937 2059 3011; baseline -0.002 -14"><span class='ocrx_word' id='word_1_367' title='bbox 473 2943 528 2997; x_wconf 93' lang='lat' dir='ltr'><strong>in</strong></span> <span class='ocrx_word' id='word_1_368' title='bbox 554 2942 746 2998; x_wconf 90' lang='lat' dir='ltr'><strong>exsilio</strong></span> <span class='ocrx_word' id='word_1_369' title='bbox 786 2942 1091 3011; x_wconf 73' lang='lat' dir='ltr'><strong>relegatus,</strong></span> <span class='ocrx_word' id='word_1_370' title='bbox 1120 2949 1366 2995; x_wconf 91' lang='lat' dir='ltr'><strong>retentus</strong></span> <span class='ocrx_word' id='word_1_371' title='bbox 1409 2947 1527 3003; x_wconf 91' lang='lat' dir='ltr'><strong>est,</strong></span> <span class='ocrx_word' id='word_1_372' title='bbox 1573 2937 1930 3009; x_wconf 89' lang='lat' dir='ltr'><strong>mobiliorque</strong></span> <span class='ocrx_word' id='word_1_373' title='bbox 1960 2937 2059 2994; x_wconf 76' lang='lat' dir='ltr'><strong>de-</strong></span> 
     </span>
    </p>
   </div>
   <div class='ocr_carea' id='block_1_49' title="bbox 473 3033 2059 3106">
    <p class='ocr_par' dir='ltr' id='par_1_49' title="bbox 473 3033 2059 3106">
     <span class='ocr_line' id='line_1_49' title="bbox 473 3033 2059 3106; baseline -0.003 -14"><span class='ocrx_word' id='word_1_374' title='bbox 473 3036 599 3092; x_wconf 89' lang='lat' dir='ltr'><strong>inde</strong></span> <span class='ocrx_word' id='word_1_375' title='bbox 643 3050 916 3106; x_wconf 90' lang='lat' dir='ltr'><strong>corpore,</strong></span> <span class='ocrx_word' id='word_1_376' title='bbox 958 3050 1120 3106; x_wconf 89' lang='lat' dir='ltr'><strong>quam</strong></span> <span class='ocrx_word' id='word_1_377' title='bbox 1159 3033 1685 3102; x_wconf 79' lang='lat' dir='ltr'><strong>Constantinopolim</strong></span> <span class='ocrx_word' id='word_1_378' title='bbox 1730 3033 2059 3099; x_wconf 83' lang='lat' dir='ltr'><strong>advenerat,</strong></span> 
     </span>
    </p>
   </div>
   <div class='ocr_carea' id='block_1_50' title="bbox 473 3124 2058 3196">
    <p class='ocr_par' dir='ltr' id='par_1_50' title="bbox 473 3124 2058 3196">
     <span class='ocr_line' id='line_1_50' title="bbox 473 3124 2058 3196; baseline -0.003 -14"><span class='ocrx_word' id='word_1_379' title='bbox 473 3126 722 3182; x_wconf 77' lang='lat' dir='ltr'><strong>effectus.</strong></span> <span class='ocrx_word' id='word_1_380' title='bbox 765 3125 901 3181; x_wconf 78' lang='lat' dir='ltr'><strong>Nam</strong></span> <span class='ocrx_word' id='word_1_381' title='bbox 944 3125 1177 3196; x_wconf 88' lang='lat' dir='ltr'><strong>septimo</strong></span> <span class='ocrx_word' id='word_1_382' title='bbox 1215 3125 1542 3180; x_wconf 89' lang='lat' dir='ltr'><strong>infirmitatis</strong></span> <span class='ocrx_word' id='word_1_383' title='bbox 1582 3139 1698 3178; x_wconf 76' lang='lat' dir='ltr'><strong>sua:</strong></span> <span class='ocrx_word' id='word_1_384' title='bbox 1737 3139 1878 3178; x_wconf 84' lang='lat' dir='ltr'><strong>anno</strong></span> <span class='ocrx_word' id='word_1_385' title='bbox 1917 3124 2058 3178; x_wconf 89' lang='lat' dir='ltr'><strong>idem</strong></span> 
     </span>
    </p>
   </div>
   <div class='ocr_carea' id='block_1_51' title="bbox 473 3212 2060 3288">
    <p class='ocr_par' dir='ltr' id='par_1_51' title="bbox 473 3212 2060 3288">
     <span class='ocr_line' id='line_1_51' title="bbox 473 3212 2060 3288; baseline -0.003 -16"><span class='ocrx_word' id='word_1_386' title='bbox 473 3217 800 3273; x_wconf 79' lang='lat' dir='ltr'><strong>Laurentius</strong></span> <span class='ocrx_word' id='word_1_387' title='bbox 831 3217 937 3272; x_wconf 85' lang='lat' dir='ltr'><strong>fide</strong></span> <span class='ocrx_word' id='word_1_388' title='bbox 966 3231 1062 3271; x_wconf 89' lang='lat' dir='ltr'><strong>sua</strong></span> <span class='ocrx_word' id='word_1_389' title='bbox 1085 3256 1101 3283; x_wconf 93' lang='lat'><strong>,</strong></span> <span class='ocrx_word' id='word_1_390' title='bbox 1131 3215 1227 3271; x_wconf 88' lang='lat' dir='ltr'><strong>sed</strong></span> <span class='ocrx_word' id='word_1_391' title='bbox 1259 3214 1541 3288; x_wconf 68' lang='lat' dir='ltr'><strong>[Otum/ir.</strong></span> <span class='ocrx_word' id='word_1_392' title='bbox 1580 3213 1673 3285; x_wconf 92' lang='lat' dir='ltr'><strong>et]</strong></span> <span class='ocrx_word' id='word_1_393' title='bbox 1701 3212 1903 3270; x_wconf 85' lang='lat' dir='ltr'><strong>Christi</strong></span> <span class='ocrx_word' id='word_1_394' title='bbox 1934 3229 2060 3286; x_wconf 89' lang='lat' dir='ltr'><strong>gra-</strong></span> 
     </span>
    </p>
   </div>
   <div class='ocr_carea' id='block_1_52' title="bbox 473 3305 2060 3375">
    <p class='ocr_par' dir='ltr' id='par_1_52' title="bbox 473 3305 2060 3375">
     <span class='ocr_line' id='line_1_52' title="bbox 473 3305 2060 3375; baseline -0.001 -13"><span class='ocrx_word' id='word_1_395' title='bbox 473 3309 583 3375; x_wconf 84' lang='lat' dir='ltr'><strong>tiar,</strong></span> <span class='ocrx_word' id='word_1_396' title='bbox 613 3309 669 3364; x_wconf 92' lang='lat' dir='ltr'><strong>in</strong></span> <span class='ocrx_word' id='word_1_397' title='bbox 696 3309 836 3363; x_wconf 85' lang='lat' dir='ltr'><strong>atrio</strong></span> <span class='ocrx_word' id='word_1_398' title='bbox 858 3307 1071 3364; x_wconf 61' lang='lat' dir='ltr'><strong>Casina</strong></span> <span class='ocrx_word' id='word_1_399' title='bbox 1101 3316 1156 3363; x_wconf 84' lang='lat' dir='ltr'><strong>et</strong></span> <span class='ocrx_word' id='word_1_400' title='bbox 1181 3308 1428 3362; x_wconf 88' lang='lat' dir='ltr'><strong>Damiani</strong></span> <span class='ocrx_word' id='word_1_401' title='bbox 1471 3315 1694 3361; x_wconf 85' lang='lat' dir='ltr'><strong>sanatus</strong></span> <span class='ocrx_word' id='word_1_402' title='bbox 1736 3315 1820 3360; x_wconf 80' lang='lat' dir='ltr'><strong>est</strong></span> <span class='ocrx_word' id='word_1_403' title='bbox 1845 3347 1860 3371; x_wconf 93' lang='lat'><strong>,</strong></span> <span class='ocrx_word' id='word_1_404' title='bbox 1905 3305 2060 3375; x_wconf 86' lang='lat' dir='ltr'><strong>pedi-</strong></span> 
     </span>
    </p>
   </div>
   <div class='ocr_carea' id='block_1_53' title="bbox 474 3395 2063 3469">
    <p class='ocr_par' dir='ltr' id='par_1_53' title="bbox 474 3395 2063 3469">
     <span class='ocr_line' id='line_1_53' title="bbox 474 3395 2063 3469; baseline -0.003 -14"><span class='ocrx_word' id='word_1_405' title='bbox 474 3400 683 3468; x_wconf 88' lang='lat' dir='ltr'><strong>busque</strong></span> <span class='ocrx_word' id='word_1_406' title='bbox 716 3398 908 3454; x_wconf 86' lang='lat' dir='ltr'><strong>sistere</strong></span> <span class='ocrx_word' id='word_1_407' title='bbox 936 3398 1175 3469; x_wconf 88' lang='lat' dir='ltr'><strong>prepriis</strong></span> <span class='ocrx_word' id='word_1_408' title='bbox 1215 3398 1600 3468; x_wconf 62' lang='lat' dir='ltr'><strong>gressibusque</strong></span> <span class='ocrx_word' id='word_1_409' title='bbox 1630 3399 1834 3451; x_wconf 89' lang='lat' dir='ltr'><strong>meruit</strong></span> <span class='ocrx_word' id='word_1_410' title='bbox 1860 3395 2063 3452; x_wconf 86' lang='lat' dir='ltr'><strong>confir-</strong></span> 
     </span>
    </p>
   </div>
   <div class='ocr_carea' id='block_1_54' title="bbox 472 3487 2064 3558">
    <p class='ocr_par' dir='ltr' id='par_1_54' title="bbox 472 3487 2064 3558">
     <span class='ocr_line' id='line_1_54' title="bbox 472 3487 2064 3558; baseline 0 -14"><span class='ocrx_word' id='word_1_411' title='bbox 472 3491 652 3558; x_wconf 88' lang='lat' dir='ltr'><strong>mari,</strong></span> <span class='ocrx_word' id='word_1_412' title='bbox 708 3504 934 3558; x_wconf 70' lang='lat' dir='ltr'><strong>suasque</strong></span> <span class='ocrx_word' id='word_1_413' title='bbox 975 3488 1100 3544; x_wconf 86' lang='lat' dir='ltr'><strong>dein</strong></span> <span class='ocrx_word' id='word_1_414' title='bbox 1152 3490 1342 3558; x_wconf 79' lang='lat' dir='ltr'><strong>patriae</strong></span> <span class='ocrx_word' id='word_1_415' title='bbox 1389 3487 1675 3543; x_wconf 89' lang='lat' dir='ltr'><strong>incolumis</strong></span> <span class='ocrx_word' id='word_1_416' title='bbox 1720 3488 1919 3557; x_wconf 87' lang='lat' dir='ltr'><strong>reddi,</strong></span> <span class='ocrx_word' id='word_1_417' title='bbox 1968 3487 2064 3544; x_wconf 89' lang='lat' dir='ltr'><strong>ubi</strong></span> 
     </span>
    </p>
   </div>
   <div class='ocr_carea' id='block_1_55' title="bbox 474 3579 1372 3653">
    <p class='ocr_par' dir='ltr' id='par_1_55' title="bbox 474 3579 1372 3653">
     <span class='ocr_line' id='line_1_55' title="bbox 474 3579 1372 3653; baseline -0.004 -16"><span class='ocrx_word' id='word_1_418' title='bbox 474 3582 649 3653; x_wconf 85' lang='lat' dir='ltr'><strong>major</strong></span> <span class='ocrx_word' id='word_1_419' title='bbox 679 3579 1026 3651; x_wconf 88' lang='lat' dir='ltr'><strong>octogenario</strong></span> <span class='ocrx_word' id='word_1_420' title='bbox 1055 3579 1372 3650; x_wconf 81' lang='lat' dir='ltr'><strong>requiescit.</strong></span> 
     </span>
    </p>
   </div>
   <div class='ocr_carea' id='block_1_56' title="bbox 588 3689 1953 3765">
    <p class='ocr_par' dir='ltr' id='par_1_56' title="bbox 588 3689 1953 3765">
     <span class='ocr_line' id='line_1_56' title="bbox 588 3689 1953 3765; baseline -0.001 -17"><span class='ocrx_word' id='word_1_421' title='bbox 588 3694 680 3765; x_wconf 79' lang='grc' dir='ltr'><strong>(Δ.</strong></span> <span class='ocrx_word' id='word_1_422' title='bbox 703 3691 763 3748; x_wconf 89' lang='lat' dir='ltr'><strong>C.</strong></span> <span class='ocrx_word' id='word_1_423' title='bbox 783 3690 935 3763; x_wconf 87' lang='grc'><strong>517.)</strong></span> <span class='ocrx_word' id='word_1_424' title='bbox 955 3689 1078 3748; x_wconf 85' lang='lat' dir='ltr'><strong>Ind.</strong></span> <span class='ocrx_word' id='word_1_425' title='bbox 1102 3708 1155 3758; x_wconf 93' lang='lat' dir='ltr'><strong>x,</strong></span> <span class='ocrx_word' id='word_1_426' title='bbox 1190 3692 1466 3746; x_wconf 80' lang='lat' dir='ltr'><strong>Anastasio</strong></span> <span class='ocrx_word' id='word_1_427' title='bbox 1495 3701 1542 3746; x_wconf 81' lang='lat' dir='ltr'><strong>et</strong></span> <span class='ocrx_word' id='word_1_428' title='bbox 1573 3693 1795 3765; x_wconf 79' lang='lat' dir='ltr'><strong>Agapito</strong></span> <span class='ocrx_word' id='word_1_429' title='bbox 1821 3709 1953 3747; x_wconf 82' lang='lat' dir='ltr'><strong>coss.</strong></span> 
     </span>
    </p>
   </div>
   <div class='ocr_carea' id='block_1_57' title="bbox 547 3801 2062 3874">
    <p class='ocr_par' dir='ltr' id='par_1_57' title="bbox 547 3801 2062 3874">
     <span class='ocr_line' id='line_1_57' title="bbox 547 3801 2062 3874; baseline -0.002 -14"><span class='ocrx_word' id='word_1_430' title='bbox 547 3805 663 3860; x_wconf 87' lang='lat' dir='ltr'><strong>Olla</strong></span> <span class='ocrx_word' id='word_1_431' title='bbox 692 3803 782 3857; x_wconf 90' lang='lat' dir='ltr'><strong>illa</strong></span> <span class='ocrx_word' id='word_1_432' title='bbox 809 3818 928 3874; x_wconf 72' lang='lat' dir='ltr'><strong>qua:</strong></span> <span class='ocrx_word' id='word_1_433' title='bbox 953 3801 1006 3857; x_wconf 90' lang='lat' dir='ltr'><strong>in</strong></span> <span class='ocrx_word' id='word_1_434' title='bbox 1034 3801 1268 3858; x_wconf 74' lang='lat' dir='ltr'><strong>Ieremia</strong></span> <span class='ocrx_word' id='word_1_435' title='bbox 1299 3810 1423 3858; x_wconf 85' lang='lat' dir='ltr'><strong>vate</strong></span> <span class='ocrx_word' id='word_1_436' title='bbox 1466 3802 1533 3858; x_wconf 92' lang='lat' dir='ltr'><strong>ab</strong></span> <span class='ocrx_word' id='word_1_437' title='bbox 1575 3802 1826 3872; x_wconf 88' lang='lat' dir='ltr'><strong>aquilone</strong></span> <span class='ocrx_word' id='word_1_438' title='bbox 1867 3802 2062 3857; x_wconf 82' lang='lat' dir='ltr'><strong>adver-</strong></span> 
     </span>
    </p>
   </div>
   <div class='ocr_carea' id='block_1_58' title="bbox 479 3893 2064 3964">
    <p class='ocr_par' dir='ltr' id='par_1_58' title="bbox 479 3893 2064 3964">
     <span class='ocr_line' id='line_1_58' title="bbox 479 3893 2064 3964; baseline -0.003 -12"><span class='ocrx_word' id='word_1_439' title='bbox 479 3912 600 3952; x_wconf 87' lang='lat' dir='ltr'><strong>sum</strong></span> <span class='ocrx_word' id='word_1_440' title='bbox 647 3910 747 3951; x_wconf 87' lang='lat' dir='ltr'><strong>nos</strong></span> <span class='ocrx_word' id='word_1_441' title='bbox 785 3903 1077 3964; x_wconf 88' lang='lat' dir='ltr'><strong>nostraque</strong></span> <span class='ocrx_word' id='word_1_442' title='bbox 1115 3893 1312 3948; x_wconf 85' lang='lat' dir='ltr'><strong>delicta</strong></span> <span class='ocrx_word' id='word_1_443' title='bbox 1352 3908 1499 3964; x_wconf 82' lang='lat' dir='ltr'><strong>saepe</strong></span> <span class='ocrx_word' id='word_1_444' title='bbox 1537 3893 1918 3959; x_wconf 85' lang='lat' dir='ltr'><strong>succenditur,</strong></span> <span class='ocrx_word' id='word_1_445' title='bbox 1959 3894 2064 3948; x_wconf 89' lang='lat' dir='ltr'><strong>tela</strong></span> 
     </span>
    </p>
   </div>
   <div class='ocr_carea' id='block_1_59' title="bbox 477 3986 2062 4059">
    <p class='ocr_par' dir='ltr' id='par_1_59' title="bbox 477 3986 2062 4059">
     <span class='ocr_line' id='line_1_59' title="bbox 477 3986 2062 4059; baseline 0 -16"><span class='ocrx_word' id='word_1_446' title='bbox 477 3987 644 4058; x_wconf 84' lang='lat' dir='ltr'><strong>ignita</strong></span> <span class='ocrx_word' id='word_1_447' title='bbox 687 3986 1006 4052; x_wconf 89' lang='lat' dir='ltr'><strong>fabricavit,</strong></span> <span class='ocrx_word' id='word_1_448' title='bbox 1050 3987 1452 4055; x_wconf 81' lang='lat' dir='ltr'><strong>maximamque</strong></span> <span class='ocrx_word' id='word_1_449' title='bbox 1492 3998 1698 4056; x_wconf 90' lang='lat' dir='ltr'><strong>partem</strong></span> <span class='ocrx_word' id='word_1_450' title='bbox 1736 3987 1932 4059; x_wconf 89' lang='lat' dir='ltr'><strong>Illyrici</strong></span> <span class='ocrx_word' id='word_1_451' title='bbox 1969 3986 2062 4043; x_wconf 86' lang='lat' dir='ltr'><strong>iis-</strong></span> 
     </span>
    </p>
   </div>
   <div class='ocr_carea' id='block_1_60' title="bbox 480 4076 2066 4146">
    <p class='ocr_par' dir='ltr' id='par_1_60' title="bbox 480 4076 2066 4146">
     <span class='ocr_line' id='line_1_60' title="bbox 480 4076 2066 4146; baseline -0.001 -14"><span class='ocrx_word' id='word_1_452' title='bbox 480 4078 603 4132; x_wconf 90' lang='lat' dir='ltr'><strong>dem</strong></span> <span class='ocrx_word' id='word_1_453' title='bbox 629 4076 822 4146; x_wconf 89' lang='lat' dir='ltr'><strong>jaculis</strong></span> <span class='ocrx_word' id='word_1_454' title='bbox 845 4076 1171 4132; x_wconf 88' lang='lat' dir='ltr'><strong>vulneravit.</strong></span> <span class='ocrx_word' id='word_1_455' title='bbox 1201 4077 1331 4131; x_wconf 59' lang='lat' dir='ltr'><strong>Dur</strong></span> <span class='ocrx_word' id='word_1_456' title='bbox 1358 4085 1485 4132; x_wconf 92' lang='lat' dir='ltr'><strong>tunc</strong></span> <span class='ocrx_word' id='word_1_457' title='bbox 1512 4076 1867 4144; x_wconf 68' lang='lat' dir='ltr'><strong>Macedoniae,</strong></span> <span class='ocrx_word' id='word_1_458' title='bbox 1896 4076 2066 4133; x_wconf 86' lang='lat' dir='ltr'><strong>Thes-</strong></span> 
     </span>
    </p>
   </div>
   <div class='ocr_carea' id='block_1_61' title="bbox 481 4165 2066 4236">
    <p class='ocr_par' dir='ltr' id='par_1_61' title="bbox 481 4165 2066 4236">
     <span class='ocr_line' id='line_1_61' title="bbox 481 4165 2066 4236; baseline 0.001 -15"><span class='ocrx_word' id='word_1_459' title='bbox 481 4167 723 4234; x_wconf 83' lang='lat' dir='ltr'><strong>saliaque</strong></span> <span class='ocrx_word' id='word_1_460' title='bbox 743 4176 944 4220; x_wconf 89' lang='lat' dir='ltr'><strong>vastata</strong></span> <span class='ocrx_word' id='word_1_461' title='bbox 969 4175 1070 4233; x_wconf 89' lang='lat' dir='ltr'><strong>est,</strong></span> <span class='ocrx_word' id='word_1_462' title='bbox 1093 4176 1146 4220; x_wconf 85' lang='lat' dir='ltr'><strong>et</strong></span> <span class='ocrx_word' id='word_1_463' title='bbox 1174 4181 1348 4235; x_wconf 90' lang='lat' dir='ltr'><strong>usque</strong></span> <span class='ocrx_word' id='word_1_464' title='bbox 1379 4165 1767 4236; x_wconf 81' lang='lat' dir='ltr'><strong>ThermOpylas</strong></span> <span class='ocrx_word' id='word_1_465' title='bbox 1796 4177 2066 4223; x_wconf 87' lang='lat' dir='ltr'><strong>veterem-</strong></span> 
     </span>
    </p>
   </div>
   <div class='ocr_carea' id='block_1_62' title="bbox 481 4255 2064 4326">
    <p class='ocr_par' dir='ltr' id='par_1_62' title="bbox 481 4255 2064 4326">
     <span class='ocr_line' id='line_1_62' title="bbox 481 4255 2064 4326; baseline 0.003 -18"><span class='ocrx_word' id='word_1_466' title='bbox 481 4273 586 4326; x_wconf 88' lang='lat' dir='ltr'><strong>que</strong></span> <span class='ocrx_word' id='word_1_467' title='bbox 611 4257 827 4325; x_wconf 85' lang='lat' dir='ltr'><strong>Epirutn</strong></span> <span class='ocrx_word' id='word_1_468' title='bbox 855 4255 1004 4311; x_wconf 65' lang='lat' dir='ltr'><strong>Getae</strong></span> <span class='ocrx_word' id='word_1_469' title='bbox 1030 4256 1241 4325; x_wconf 81' lang='lat' dir='ltr'><strong>equites</strong></span> <span class='ocrx_word' id='word_1_470' title='bbox 1267 4255 1561 4325; x_wconf 64' lang='lat' dir='ltr'><strong>depraedati</strong></span> <span class='ocrx_word' id='word_1_471' title='bbox 1590 4265 1736 4311; x_wconf 89' lang='lat' dir='ltr'><strong>sunt.</strong></span> <span class='ocrx_word' id='word_1_472' title='bbox 1761 4256 1907 4313; x_wconf 76' lang='lat' dir='ltr'><strong>Mille</strong></span> <span class='ocrx_word' id='word_1_473' title='bbox 1938 4266 2064 4312; x_wconf 89' lang='lat' dir='ltr'><strong>tunc</strong></span> 
     </span>
    </p>
   </div>
   <div class='ocr_carea' id='block_1_63' title="bbox 481 4349 2065 4419">
    <p class='ocr_par' dir='ltr' id='par_1_63' title="bbox 481 4349 2065 4419">
     <span class='ocr_line' id='line_1_63' title="bbox 481 4349 2065 4419; baseline -0.002 -13"><span class='ocrx_word' id='word_1_474' title='bbox 481 4352 739 4408; x_wconf 87' lang='lat' dir='ltr'><strong>librarum</strong></span> <span class='ocrx_word' id='word_1_475' title='bbox 773 4350 888 4406; x_wconf 90' lang='lat' dir='ltr'><strong>auri</strong></span> <span class='ocrx_word' id='word_1_476' title='bbox 921 4350 1170 4405; x_wconf 83' lang='lat' dir='ltr'><strong>denarios</strong></span> <span class='ocrx_word' id='word_1_477' title='bbox 1214 4363 1310 4419; x_wconf 88' lang='lat' dir='ltr'><strong>per</strong></span> <span class='ocrx_word' id='word_1_478' title='bbox 1339 4349 1566 4404; x_wconf 82' lang='lat' dir='ltr'><strong>Paulum</strong></span> <span class='ocrx_word' id='word_1_479' title='bbox 1605 4349 1924 4406; x_wconf 86' lang='lat' dir='ltr'><strong>Anastasius</strong></span> <span class='ocrx_word' id='word_1_480' title='bbox 1966 4353 2065 4406; x_wconf 88' lang='lat' dir='ltr'><strong>im-</strong></span> 
     </span>
    </p>
   </div>
   <div class='ocr_carea' id='block_1_64' title="bbox 2163 2412 3751 2484">
    <p class='ocr_par' dir='ltr' id='par_1_64' title="bbox 2163 2412 3751 2484">
     <span class='ocr_line' id='line_1_64' title="bbox 2163 2412 3751 2484; baseline 0.001 -18"><span class='ocrx_word' id='word_1_481' title='bbox 2163 2413 2484 2482; x_wconf 61' lang='lat' dir='ltr'><strong>prepositus</strong></span> <span class='ocrx_word' id='word_1_482' title='bbox 2513 2412 2579 2466; x_wconf 92' lang='lat' dir='ltr'><strong>ad</strong></span> <span class='ocrx_word' id='word_1_483' title='bbox 2608 2412 2938 2482; x_wconf 88' lang='lat' dir='ltr'><strong>regnandum</strong></span> <span class='ocrx_word' id='word_1_484' title='bbox 2971 2413 3108 2468; x_wconf 91' lang='lat' dir='ltr'><strong>clam</strong></span> <span class='ocrx_word' id='word_1_485' title='bbox 3136 2421 3538 2484; x_wconf 63' lang='lat' dir='ltr'><strong>prmparaverat</strong></span> <span class='ocrx_word' id='word_1_486' title='bbox 3559 2454 3576 2478; x_wconf 95' lang='lat'><strong>,</strong></span> <span class='ocrx_word' id='word_1_487' title='bbox 3606 2427 3751 2468; x_wconf 87' lang='lat' dir='ltr'><strong>com-</strong></span> 
     </span>
    </p>
   </div>
   <div class='ocr_carea' id='block_1_65' title="bbox 2163 2503 3751 2574">
    <p class='ocr_par' dir='ltr' id='par_1_65' title="bbox 2163 2503 3751 2574">
     <span class='ocr_line' id='line_1_65' title="bbox 2163 2503 3751 2574; baseline 0.002 -18"><span class='ocrx_word' id='word_1_488' title='bbox 2163 2503 2465 2572; x_wconf 88' lang='lat' dir='ltr'><strong>prehensus</strong></span> <span class='ocrx_word' id='word_1_489' title='bbox 2486 2545 2503 2569; x_wconf 92' lang='lat'><strong>,</strong></span> <span class='ocrx_word' id='word_1_490' title='bbox 2537 2510 2595 2557; x_wconf 90' lang='lat' dir='ltr'><strong>et</strong></span> <span class='ocrx_word' id='word_1_491' title='bbox 2625 2507 2677 2557; x_wconf 92' lang='lat' dir='ltr'><strong>ln</strong></span> <span class='ocrx_word' id='word_1_492' title='bbox 2709 2518 2928 2558; x_wconf 90' lang='lat' dir='ltr'><strong>carcere</strong></span> <span class='ocrx_word' id='word_1_493' title='bbox 2966 2503 3110 2557; x_wconf 88' lang='lat' dir='ltr'><strong>saxis</strong></span> <span class='ocrx_word' id='word_1_494' title='bbox 3148 2513 3405 2558; x_wconf 90' lang='lat' dir='ltr'><strong>contusus</strong></span> <span class='ocrx_word' id='word_1_495' title='bbox 3441 2503 3751 2574; x_wconf 80' lang='lat' dir='ltr'><strong>ingentibus</strong></span> 
     </span>
    </p>
   </div>
   <div class='ocr_carea' id='block_1_66' title="bbox 2165 2592 3752 2665">
    <p class='ocr_par' dir='ltr' id='par_1_66' title="bbox 2165 2592 3752 2665">
     <span class='ocr_line' id='line_1_66' title="bbox 2165 2592 3752 2665; baseline 0.001 -17"><span class='ocrx_word' id='word_1_496' title='bbox 2165 2592 2358 2663; x_wconf 86' lang='lat' dir='ltr'><strong>periit,</strong></span> <span class='ocrx_word' id='word_1_497' title='bbox 2388 2593 2637 2664; x_wconf 85' lang='lat' dir='ltr'><strong>salseque</strong></span> <span class='ocrx_word' id='word_1_498' title='bbox 2666 2594 2720 2648; x_wconf 94' lang='lat' dir='ltr'><strong>in</strong></span> <span class='ocrx_word' id='word_1_499' title='bbox 2750 2594 2961 2663; x_wconf 90' lang='lat' dir='ltr'><strong>gurgite</strong></span> <span class='ocrx_word' id='word_1_500' title='bbox 2990 2593 3188 2663; x_wconf 86' lang='lat' dir='ltr'><strong>jacuit,</strong></span> <span class='ocrx_word' id='word_1_501' title='bbox 3219 2594 3500 2664; x_wconf 87' lang='lat' dir='ltr'><strong>sepultura</strong></span> <span class='ocrx_word' id='word_1_502' title='bbox 3537 2609 3752 2665; x_wconf 83' lang='lat' dir='ltr'><strong>quoque</strong></span> 
     </span>
    </p>
   </div>
   <div class='ocr_carea' id='block_1_67' title="bbox 2162 2685 3752 2758">
    <p class='ocr_par' dir='ltr' id='par_1_67' title="bbox 2162 2685 3752 2758">
     <span class='ocr_line' id='line_1_67' title="bbox 2162 2685 3752 2758; baseline 0.001 -20"><span class='ocrx_word' id='word_1_503' title='bbox 2162 2699 2285 2739; x_wconf 91' lang='lat' dir='ltr'><strong>cum</strong></span> <span class='ocrx_word' id='word_1_504' title='bbox 2328 2685 2558 2754; x_wconf 85' lang='lat' dir='ltr'><strong>imperio</strong></span> <span class='ocrx_word' id='word_1_505' title='bbox 2595 2685 2680 2740; x_wconf 91' lang='lat' dir='ltr'><strong>cui</strong></span> <span class='ocrx_word' id='word_1_506' title='bbox 2711 2685 2946 2740; x_wconf 88' lang='lat' dir='ltr'><strong>inhiarat</strong></span> <span class='ocrx_word' id='word_1_507' title='bbox 2985 2687 3179 2741; x_wconf 85' lang='lat' dir='ltr'><strong>caruit.</strong></span> <span class='ocrx_word' id='word_1_508' title='bbox 3214 2685 3516 2740; x_wconf 82' lang='lat' dir='ltr'><strong>Vitalianus</strong></span> <span class='ocrx_word' id='word_1_509' title='bbox 3555 2687 3752 2758; x_wconf 78' lang='lat' dir='ltr'><strong>Scytha</strong></span> 
     </span>
    </p>
   </div>
   <div class='ocr_carea' id='block_1_68' title="bbox 2161 2775 3751 2847">
    <p class='ocr_par' dir='ltr' id='par_1_68' title="bbox 2161 2775 3751 2847">
     <span class='ocr_line' id='line_1_68' title="bbox 2161 2775 3751 2847; baseline -0.001 -16"><span class='ocrx_word' id='word_1_510' title='bbox 2161 2775 2354 2832; x_wconf 75' lang='lat' dir='ltr'><strong>Iustini</strong></span> <span class='ocrx_word' id='word_1_511' title='bbox 2389 2776 2645 2846; x_wconf 86' lang='lat' dir='ltr'><strong>principis</strong></span> <span class='ocrx_word' id='word_1_512' title='bbox 2680 2778 2880 2846; x_wconf 90' lang='lat' dir='ltr'><strong>pietate</strong></span> <span class='ocrx_word' id='word_1_513' title='bbox 2919 2776 2984 2832; x_wconf 91' lang='lat' dir='ltr'><strong>ad</strong></span> <span class='ocrx_word' id='word_1_514' title='bbox 3023 2777 3411 2847; x_wconf 89' lang='lat' dir='ltr'><strong>rempublicam</strong></span> <span class='ocrx_word' id='word_1_515' title='bbox 3440 2787 3751 2842; x_wconf 89' lang='lat' dir='ltr'><strong>revocatus,</strong></span> 
     </span>
    </p>
   </div>
   <div class='ocr_carea' id='block_1_69' title="bbox 2163 2864 3756 2938">
    <p class='ocr_par' dir='ltr' id='par_1_69' title="bbox 2163 2864 3756 2938">
     <span class='ocr_line' id='line_1_69' title="bbox 2163 2864 3756 2938; baseline 0.003 -17"><span class='ocrx_word' id='word_1_516' title='bbox 2163 2864 2690 2937; x_wconf 88' lang='lat' dir='ltr'><strong>Constantinopolim</strong></span> <span class='ocrx_word' id='word_1_517' title='bbox 2733 2869 3012 2938; x_wconf 79' lang='lat' dir='ltr'><strong>ingressus</strong></span> <span class='ocrx_word' id='word_1_518' title='bbox 3053 2877 3177 2936; x_wconf 90' lang='lat' dir='ltr'><strong>est,</strong></span> <span class='ocrx_word' id='word_1_519' title='bbox 3219 2869 3557 2938; x_wconf 88' lang='lat' dir='ltr'><strong>septimoque</strong></span> <span class='ocrx_word' id='word_1_520' title='bbox 3599 2882 3756 2925; x_wconf 79' lang='lat' dir='ltr'><strong>recc-</strong></span> 
     </span>
    </p>
   </div>
   <div class='ocr_carea' id='block_1_70' title="bbox 2165 2956 3468 3028">
    <p class='ocr_par' dir='ltr' id='par_1_70' title="bbox 2165 2956 3468 3028">
     <span class='ocr_line' id='line_1_70' title="bbox 2165 2956 3468 3028; baseline 0.002 -17"><span class='ocrx_word' id='word_1_521' title='bbox 2165 2956 2366 3027; x_wconf 89' lang='lat' dir='ltr'><strong>ptionis</strong></span> <span class='ocrx_word' id='word_1_522' title='bbox 2393 2971 2505 3012; x_wconf 64' lang='lat' dir='ltr'><strong>sua:</strong></span> <span class='ocrx_word' id='word_1_523' title='bbox 2532 2957 2621 3014; x_wconf 91' lang='lat' dir='ltr'><strong>die</strong></span> <span class='ocrx_word' id='word_1_524' title='bbox 2651 2959 2908 3028; x_wconf 86' lang='lat' dir='ltr'><strong>magister</strong></span> <span class='ocrx_word' id='word_1_525' title='bbox 2935 2958 3142 3014; x_wconf 72' lang='lat' dir='ltr'><strong>militia:</strong></span> <span class='ocrx_word' id='word_1_526' title='bbox 3170 2959 3468 3014; x_wconf 87' lang='lat' dir='ltr'><strong>ordinatus.</strong></span> 
     </span>
    </p>
   </div>
   <div class='ocr_carea' id='block_1_71' title="bbox 2089 3070 3680 3144">
    <p class='ocr_par' dir='ltr' id='par_1_71' title="bbox 2089 3070 3680 3144">
     <span class='ocr_line' id='line_1_71' title="bbox 2089 3070 3680 3144; baseline 0.001 -17"><span class='ocrx_word' id='word_1_527' title='bbox 2089 3073 2136 3137; x_wconf 74' lang='grc' dir='ltr'>ο</span> <span class='ocrx_word' id='word_1_528' title='bbox 2239 3071 2331 3139; x_wconf 87' lang='lat' dir='ltr'><strong>(A.</strong></span> <span class='ocrx_word' id='word_1_529' title='bbox 2355 3071 2416 3127; x_wconf 88' lang='lat' dir='ltr'><strong>C.</strong></span> <span class='ocrx_word' id='word_1_530' title='bbox 2447 3071 2597 3144; x_wconf 84' lang='grc'><strong>520).</strong></span> <span class='ocrx_word' id='word_1_531' title='bbox 2627 3070 2752 3128; x_wconf 70' lang='lat' dir='ltr'><strong>Ind.</strong></span> <span class='ocrx_word' id='word_1_532' title='bbox 2784 3088 2880 3128; x_wconf 90' lang='lat' dir='ltr'><strong>xttt</strong></span> <span class='ocrx_word' id='word_1_533' title='bbox 2899 3116 2915 3141; x_wconf 94' lang='lat'><strong>,</strong></span> <span class='ocrx_word' id='word_1_534' title='bbox 2947 3072 3211 3128; x_wconf 76' lang='lat' dir='ltr'><strong>Vitaliano</strong></span> <span class='ocrx_word' id='word_1_535' title='bbox 3239 3083 3287 3129; x_wconf 81' lang='lat' dir='ltr'><strong>et</strong></span> <span class='ocrx_word' id='word_1_536' title='bbox 3309 3073 3522 3129; x_wconf 80' lang='lat' dir='ltr'><strong>Rustico</strong></span> <span class='ocrx_word' id='word_1_537' title='bbox 3546 3091 3680 3130; x_wconf 87' lang='lat' dir='ltr'><strong>coss.</strong></span> 
     </span>
    </p>
   </div>
   <div class='ocr_carea' id='block_1_72' title="bbox 2237 3183 3752 3252">
    <p class='ocr_par' dir='ltr' id='par_1_72' title="bbox 2237 3183 3752 3252">
     <span class='ocr_line' id='line_1_72' title="bbox 2237 3183 3752 3252; baseline 0.003 -14"><span class='ocrx_word' id='word_1_538' title='bbox 2237 3183 2538 3239; x_wconf 77' lang='lat' dir='ltr'><strong>Vitalianus</strong></span> <span class='ocrx_word' id='word_1_539' title='bbox 2577 3186 2766 3240; x_wconf 90' lang='lat' dir='ltr'><strong>consul</strong></span> <span class='ocrx_word' id='word_1_540' title='bbox 2817 3201 2916 3250; x_wconf 86' lang='lat' dir='ltr'><strong>vn,</strong></span> <span class='ocrx_word' id='word_1_541' title='bbox 2948 3201 3136 3242; x_wconf 88' lang='lat' dir='ltr'><strong>mense</strong></span> <span class='ocrx_word' id='word_1_542' title='bbox 3173 3186 3488 3242; x_wconf 86' lang='lat' dir='ltr'><strong>consulatus</strong></span> <span class='ocrx_word' id='word_1_543' title='bbox 3516 3187 3599 3241; x_wconf 91' lang='lat' dir='ltr'><strong>sui</strong></span> <span class='ocrx_word' id='word_1_544' title='bbox 3627 3201 3752 3252; x_wconf 86' lang='lat' dir='ltr'><strong>xvr.</strong></span> 
     </span>
    </p>
   </div>
   <div class='ocr_carea' id='block_1_73' title="bbox 2171 3257 3756 3348">
    <p class='ocr_par' dir='ltr' id='par_1_73' title="bbox 2171 3257 3756 3348">
     <span class='ocr_line' id='line_1_73' title="bbox 2171 3257 3756 3348; baseline 0.004 -18"><span class='ocrx_word' id='word_1_545' title='bbox 2171 3276 2489 3331; x_wconf 84' lang='lat' dir='ltr'><strong>vulneribus</strong></span> <span class='ocrx_word' id='word_1_546' title='bbox 2537 3277 2849 3344; x_wconf 89' lang='lat' dir='ltr'><strong>confossus,</strong></span> <span class='ocrx_word' id='word_1_547' title='bbox 2895 3279 2946 3332; x_wconf 94' lang='lat' dir='ltr'><strong>in</strong></span> <span class='ocrx_word' id='word_1_548' title='bbox 2989 3278 3187 3348; x_wconf 89' lang='lat' dir='ltr'><strong>palatio</strong></span> <span class='ocrx_word' id='word_1_549' title='bbox 3215 3292 3337 3333; x_wconf 86' lang='lat' dir='ltr'><strong>cum</strong></span> <span class='ocrx_word' id='word_1_550' title='bbox 3377 3257 3660 3335; x_wconf 75' lang='lat' dir='ltr'><strong>Celeriauo</strong></span> <span class='ocrx_word' id='word_1_551' title='bbox 3697 3287 3756 3336; x_wconf 83' lang='lat' dir='ltr'><strong>et</strong></span> 
     </span>
    </p>
   </div>
   <div class='ocr_carea' id='block_1_74' title="bbox 2165 3367 3343 3441">
    <p class='ocr_par' dir='ltr' id='par_1_74' title="bbox 2165 3367 3343 3441">
     <span class='ocr_line' id='line_1_74' title="bbox 2165 3367 3343 3441; baseline 0.002 -19"><span class='ocrx_word' id='word_1_552' title='bbox 2165 3367 2331 3423; x_wconf 84' lang='lat' dir='ltr'><strong>Paulo</strong></span> <span class='ocrx_word' id='word_1_553' title='bbox 2358 3369 2685 3424; x_wconf 87' lang='lat' dir='ltr'><strong>satellitibus</strong></span> <span class='ocrx_word' id='word_1_554' title='bbox 2714 3371 2828 3425; x_wconf 89' lang='lat' dir='ltr'><strong>suis</strong></span> <span class='ocrx_word' id='word_1_555' title='bbox 2857 3371 3211 3441; x_wconf 81' lang='lat' dir='ltr'><strong>interemptus</strong></span> <span class='ocrx_word' id='word_1_556' title='bbox 3238 3381 3343 3426; x_wconf 84' lang='lat' dir='ltr'><strong>est.</strong></span> 
     </span>
    </p>
   </div>
   <div class='ocr_carea' id='block_1_75' title="bbox 2235 3482 3676 3555">
    <p class='ocr_par' dir='ltr' id='par_1_75' title="bbox 2235 3482 3676 3555">
     <span class='ocr_line' id='line_1_75' title="bbox 2235 3482 3676 3555; baseline 0.002 -17"><span class='ocrx_word' id='word_1_557' title='bbox 2235 3482 2325 3555; x_wconf 83' lang='lat' dir='ltr'><strong>(A.</strong></span> <span class='ocrx_word' id='word_1_558' title='bbox 2347 3482 2409 3538; x_wconf 88' lang='lat' dir='ltr'><strong>C.</strong></span> <span class='ocrx_word' id='word_1_559' title='bbox 2435 3483 2588 3554; x_wconf 80' lang='grc'><strong>521.)</strong></span> <span class='ocrx_word' id='word_1_560' title='bbox 2611 3483 2732 3539; x_wconf 80' lang='lat' dir='ltr'><strong>Ind.</strong></span> <span class='ocrx_word' id='word_1_561' title='bbox 2761 3501 2874 3551; x_wconf 88' lang='lat' dir='ltr'><strong>xtv,</strong></span> <span class='ocrx_word' id='word_1_562' title='bbox 2902 3484 3202 3540; x_wconf 73' lang='lat' dir='ltr'><strong>Iustiniano</strong></span> <span class='ocrx_word' id='word_1_563' title='bbox 3231 3495 3280 3540; x_wconf 80' lang='lat' dir='ltr'><strong>et</strong></span> <span class='ocrx_word' id='word_1_564' title='bbox 3309 3485 3517 3541; x_wconf 72' lang='lat' dir='ltr'><strong>Valerio</strong></span> <span class='ocrx_word' id='word_1_565' title='bbox 3543 3502 3676 3543; x_wconf 81' lang='lat' dir='ltr'><strong>coss.</strong></span> 
     </span>
    </p>
   </div>
   <div class='ocr_carea' id='block_1_76' title="bbox 2237 3594 3753 3656">
    <p class='ocr_par' dir='ltr' id='par_1_76' title="bbox 2237 3594 3753 3656">
     <span class='ocr_line' id='line_1_76' title="bbox 2237 3594 3753 3656; baseline 0.003 -5"><span class='ocrx_word' id='word_1_566' title='bbox 2237 3594 2678 3652; x_wconf 76' lang='lat' dir='ltr'><strong>Famosissimum</strong></span> <span class='ocrx_word' id='word_1_567' title='bbox 2712 3597 2853 3653; x_wconf 88' lang='lat' dir='ltr'><strong>hunc</strong></span> <span class='ocrx_word' id='word_1_568' title='bbox 2879 3599 3215 3653; x_wconf 75' lang='lat' dir='ltr'><strong>consulatum</strong></span> <span class='ocrx_word' id='word_1_569' title='bbox 3245 3598 3582 3654; x_wconf 74' lang='lat' dir='ltr'><strong>Iustinianus</strong></span> <span class='ocrx_word' id='word_1_570' title='bbox 3620 3615 3753 3656; x_wconf 83' lang='lat' dir='ltr'><strong>con-</strong></span> 
     </span>
    </p>
   </div>
   <div class='ocr_carea' id='block_1_77' title="bbox 2165 3689 3751 3758">
    <p class='ocr_par' dir='ltr' id='par_1_77' title="bbox 2165 3689 3751 3758">
     <span class='ocr_line' id='line_1_77' title="bbox 2165 3689 3751 3758; baseline 0.002 -15"><span class='ocrx_word' id='word_1_571' title='bbox 2165 3689 2250 3744; x_wconf 87' lang='lat' dir='ltr'><strong>sul</strong></span> <span class='ocrx_word' id='word_1_572' title='bbox 2279 3690 2520 3743; x_wconf 90' lang='lat' dir='ltr'><strong>omnium</strong></span> <span class='ocrx_word' id='word_1_573' title='bbox 2561 3690 2913 3745; x_wconf 90' lang='lat' dir='ltr'><strong>Orientalium</strong></span> <span class='ocrx_word' id='word_1_574' title='bbox 2955 3692 3232 3746; x_wconf 88' lang='lat' dir='ltr'><strong>consulatu</strong></span> <span class='ocrx_word' id='word_1_575' title='bbox 3263 3691 3502 3758; x_wconf 87' lang='lat' dir='ltr'><strong>profecto</strong></span> <span class='ocrx_word' id='word_1_576' title='bbox 3531 3692 3751 3746; x_wconf 82' lang='lat' dir='ltr'><strong>munifi-</strong></span> 
     </span>
    </p>
   </div>
   <div class='ocr_carea' id='block_1_78' title="bbox 2165 3779 3750 3836">
    <p class='ocr_par' dir='ltr' id='par_1_78' title="bbox 2165 3779 3750 3836">
     <span class='ocr_line' id='line_1_78' title="bbox 2165 3779 3750 3836; baseline 0.002 -4"><span class='ocrx_word' id='word_1_577' title='bbox 2165 3779 2372 3833; x_wconf 86' lang='lat' dir='ltr'><strong>ccutior</strong></span> <span class='ocrx_word' id='word_1_578' title='bbox 2422 3779 2506 3832; x_wconf 87' lang='lat' dir='ltr'><strong>his</strong></span> <span class='ocrx_word' id='word_1_579' title='bbox 2557 3779 2970 3835; x_wconf 84' lang='lat' dir='ltr'><strong>liberalitatibus</strong></span> <span class='ocrx_word' id='word_1_580' title='bbox 3019 3780 3208 3836; x_wconf 87' lang='lat' dir='ltr'><strong>edidit.</strong></span> <span class='ocrx_word' id='word_1_581' title='bbox 3256 3779 3388 3835; x_wconf 85' lang='lat' dir='ltr'><strong>Nam</strong></span> <span class='ocrx_word' id='word_1_582' title='bbox 3445 3796 3750 3836; x_wconf 66' lang='lat' dir='ltr'><strong>ccuxxxvttt</strong></span> 
     </span>
    </p>
   </div>
   <div class='ocr_carea' id='block_1_79' title="bbox 2167 3867 3754 3940">
    <p class='ocr_par' dir='ltr' id='par_1_79' title="bbox 2167 3867 3754 3940">
     <span class='ocr_line' id='line_1_79' title="bbox 2167 3867 3754 3940; baseline 0.003 -18"><span class='ocrx_word' id='word_1_583' title='bbox 2167 3867 2335 3922; x_wconf 89' lang='lat' dir='ltr'><strong>ntillia</strong></span> <span class='ocrx_word' id='word_1_584' title='bbox 2364 3867 2664 3924; x_wconf 89' lang='lat' dir='ltr'><strong>solidorum</strong></span> <span class='ocrx_word' id='word_1_585' title='bbox 2694 3868 2747 3924; x_wconf 89' lang='lat' dir='ltr'><strong>in</strong></span> <span class='ocrx_word' id='word_1_586' title='bbox 2781 3870 3038 3939; x_wconf 90' lang='lat' dir='ltr'><strong>populum</strong></span> <span class='ocrx_word' id='word_1_587' title='bbox 3062 3913 3080 3938; x_wconf 94' lang='lat'><strong>,</strong></span> <span class='ocrx_word' id='word_1_588' title='bbox 3112 3871 3273 3940; x_wconf 90' lang='lat' dir='ltr'><strong>inque</strong></span> <span class='ocrx_word' id='word_1_589' title='bbox 3299 3871 3620 3940; x_wconf 85' lang='lat' dir='ltr'><strong>spcctacula‘</strong></span> <span class='ocrx_word' id='word_1_590' title='bbox 3636 3872 3754 3926; x_wconf 82' lang='lat' dir='ltr'><strong>sive</strong></span> 
     </span>
    </p>
   </div>
   <div class='ocr_carea' id='block_1_80' title="bbox 2168 3957 3752 4030">
    <p class='ocr_par' dir='ltr' id='par_1_80' title="bbox 2168 3957 3752 4030">
     <span class='ocr_line' id='line_1_80' title="bbox 2168 3957 3752 4030; baseline 0.004 -18"><span class='ocrx_word' id='word_1_591' title='bbox 2168 3957 2220 4013; x_wconf 92' lang='lat' dir='ltr'><strong>in</strong></span> <span class='ocrx_word' id='word_1_592' title='bbox 2249 3959 2681 4028; x_wconf 88' lang='lat' dir='ltr'><strong>spectaculorum</strong></span> <span class='ocrx_word' id='word_1_593' title='bbox 2713 3962 3016 4016; x_wconf 84' lang='lat' dir='ltr'><strong>machinam</strong></span> <span class='ocrx_word' id='word_1_594' title='bbox 3049 3961 3330 4017; x_wconf 84' lang='lat' dir='ltr'><strong>distributa</strong></span> <span class='ocrx_word' id='word_1_595' title='bbox 3353 4005 3369 4028; x_wconf 90' lang='lat'><strong>,</strong></span> <span class='ocrx_word' id='word_1_596' title='bbox 3410 3980 3481 4018; x_wconf 89' lang='lat' dir='ltr'><strong>xx</strong></span> <span class='ocrx_word' id='word_1_597' title='bbox 3523 3965 3711 4019; x_wconf 80' lang='lat' dir='ltr'><strong>leones</strong></span> <span class='ocrx_word' id='word_1_598' title='bbox 3735 4006 3752 4030; x_wconf 94' lang='lat'><strong>,</strong></span> 
     </span>
    </p>
   </div>
   <div class='ocr_carea' id='block_1_81' title="bbox 2167 4049 3758 4124">
    <p class='ocr_par' dir='ltr' id='par_1_81' title="bbox 2167 4049 3758 4124">
     <span class='ocr_line' id='line_1_81' title="bbox 2167 4049 3758 4124; baseline 0.003 -21"><span class='ocrx_word' id='word_1_599' title='bbox 2167 4065 2272 4104; x_wconf 88' lang='lat' dir='ltr'><strong>xxx</strong></span> <span class='ocrx_word' id='word_1_600' title='bbox 2306 4049 2532 4120; x_wconf 88' lang='lat' dir='ltr'><strong>pardos,</strong></span> <span class='ocrx_word' id='word_1_601' title='bbox 2561 4053 2804 4122; x_wconf 88' lang='lat' dir='ltr'><strong>exceptis</strong></span> <span class='ocrx_word' id='word_1_602' title='bbox 2830 4054 2952 4109; x_wconf 89' lang='lat' dir='ltr'><strong>aliis</strong></span> <span class='ocrx_word' id='word_1_603' title='bbox 2980 4055 3128 4121; x_wconf 87' lang='lat' dir='ltr'><strong>feris,</strong></span> <span class='ocrx_word' id='word_1_604' title='bbox 3166 4054 3219 4108; x_wconf 90' lang='lat' dir='ltr'><strong>in</strong></span> <span class='ocrx_word' id='word_1_605' title='bbox 3242 4053 3642 4124; x_wconf 85' lang='lat' dir='ltr'><strong>amphitheatro</strong></span> <span class='ocrx_word' id='word_1_606' title='bbox 3678 4056 3758 4110; x_wconf 88' lang='lat' dir='ltr'><strong>si-</strong></span> 
     </span>
    </p>
   </div>
   <div class='ocr_carea' id='block_1_82' title="bbox 2166 4140 3756 4216">
    <p class='ocr_par' dir='ltr' id='par_1_82' title="bbox 2166 4140 3756 4216">
     <span class='ocr_line' id='line_1_82' title="bbox 2166 4140 3756 4216; baseline 0.004 -20"><span class='ocrx_word' id='word_1_607' title='bbox 2166 4140 2275 4196; x_wconf 89' lang='lat' dir='ltr'><strong>mul</strong></span> <span class='ocrx_word' id='word_1_608' title='bbox 2299 4140 2558 4196; x_wconf 89' lang='lat' dir='ltr'><strong>exhibuit.</strong></span> <span class='ocrx_word' id='word_1_609' title='bbox 2582 4141 2906 4198; x_wconf 85' lang='lat' dir='ltr'><strong>Numerosos</strong></span> <span class='ocrx_word' id='word_1_610' title='bbox 2945 4155 3205 4216; x_wconf 57' lang='lat' dir='ltr'><strong>praterea</strong></span> <span class='ocrx_word' id='word_1_611' title='bbox 3241 4145 3655 4216; x_wconf 88' lang='lat' dir='ltr'><strong>pbaleratosque</strong></span> <span class='ocrx_word' id='word_1_612' title='bbox 3700 4147 3756 4202; x_wconf 84' lang='lat' dir='ltr'><strong>in</strong></span> 
     </span>
    </p>
   </div>
   <div class='ocr_carea' id='block_1_83' title="bbox 2167 4229 3754 4308">
    <p class='ocr_par' dir='ltr' id='par_1_83' title="bbox 2167 4229 3754 4308">
     <span class='ocr_line' id='line_1_83' title="bbox 2167 4229 3754 4308; baseline 0.003 -23"><span class='ocrx_word' id='word_1_613' title='bbox 2167 4229 2314 4285; x_wconf 91' lang='lat' dir='ltr'><strong>circo</strong></span> <span class='ocrx_word' id='word_1_614' title='bbox 2337 4231 2572 4289; x_wconf 89' lang='lat' dir='ltr'><strong>caballos</strong></span> <span class='ocrx_word' id='word_1_615' title='bbox 2592 4233 2705 4303; x_wconf 90' lang='lat' dir='ltr'><strong>jam</strong></span> <span class='ocrx_word' id='word_1_616' title='bbox 2734 4233 2944 4290; x_wconf 87' lang='lat' dir='ltr'><strong>donatis</strong></span> <span class='ocrx_word' id='word_1_617' title='bbox 2968 4251 3180 4306; x_wconf 89' lang='lat' dir='ltr'><strong>quoque</strong></span> <span class='ocrx_word' id='word_1_618' title='bbox 3207 4237 3502 4306; x_wconf 87' lang='lat' dir='ltr'><strong>impertivit</strong></span> <span class='ocrx_word' id='word_1_619' title='bbox 3527 4238 3754 4308; x_wconf 67' lang='lat' dir='ltr'><strong>aurigis,</strong></span> 
     </span>
    </p>
   </div>
   <div class='ocr_carea' id='block_1_84' title="bbox 2169 4323 3759 4401">
    <p class='ocr_par' dir='ltr' id='par_1_84' title="bbox 2169 4323 3759 4401">
     <span class='ocr_line' id='line_1_84' title="bbox 2169 4323 3759 4401; baseline 0.004 -24"><span class='ocrx_word' id='word_1_620' title='bbox 2169 4338 2272 4377; x_wconf 89' lang='lat' dir='ltr'><strong>una</strong></span> <span class='ocrx_word' id='word_1_621' title='bbox 2314 4323 2594 4378; x_wconf 89' lang='lat' dir='ltr'><strong>dumtaxat</strong></span> <span class='ocrx_word' id='word_1_622' title='bbox 2640 4325 2933 4398; x_wconf 88' lang='lat' dir='ltr'><strong>ultimaque</strong></span> <span class='ocrx_word' id='word_1_623' title='bbox 2978 4342 3173 4397; x_wconf 89' lang='lat' dir='ltr'><strong>mappa</strong></span> <span class='ocrx_word' id='word_1_624' title='bbox 3221 4328 3510 4385; x_wconf 87' lang='lat' dir='ltr'><strong>insanienti</strong></span> <span class='ocrx_word' id='word_1_625' title='bbox 3552 4329 3759 4401; x_wconf 88' lang='lat' dir='ltr'><strong>populo</strong></span> 
     </span>
    </p>
   </div>
   <div class='ocr_carea' id='block_1_85' title="bbox 483 4415 2453 4512">
    <p class='ocr_par' dir='ltr' id='par_1_85' title="bbox 483 4415 2453 4512">
     <span class='ocr_line' id='line_1_85' title="bbox 483 4415 2453 4512; baseline -0.007 -14"><span class='ocrx_word' id='word_1_626' title='bbox 483 4452 704 4512; x_wconf 89' lang='lat' dir='ltr'><strong>perator</strong></span> <span class='ocrx_word' id='word_1_627' title='bbox 730 4457 827 4512; x_wconf 88' lang='lat' dir='ltr'><strong>pro</strong></span> <span class='ocrx_word' id='word_1_628' title='bbox 863 4439 1188 4496; x_wconf 84' lang='lat' dir='ltr'><strong>redimendis</strong></span> <span class='ocrx_word' id='word_1_629' title='bbox 1215 4415 1578 4495; x_wconf 76' lang='lat' dir='ltr'><strong>Itomanorum</strong></span> <span class='ocrx_word' id='word_1_630' title='bbox 1608 4442 1855 4511; x_wconf 88' lang='lat' dir='ltr'><strong>captivis,</strong></span> <span class='ocrx_word' id='word_1_631' title='bbox 1875 4441 2068 4497; x_wconf 82' lang='lat' dir='ltr'><strong>Joanni</strong></span> <span class='ocrx_word' id='word_1_632' title='bbox 2096 4445 2145 4503; x_wconf 77' lang='lat' dir='ltr'><strong>It</strong></span> <span class='ocrx_word' id='word_1_633' title='bbox 2172 4415 2453 4512; x_wconf 57' lang='lat' dir='ltr'><strong>dem‘galfl-</strong></span> 
     </span>
    </p>
   </div>
   <div class='ocr_carea' id='block_1_86' title="bbox 481 4531 2069 4603">
    <p class='ocr_par' dir='ltr' id='par_1_86' title="bbox 481 4531 2069 4603">
     <span class='ocr_line' id='line_1_86' title="bbox 481 4531 2069 4603; baseline 0.001 -17"><span class='ocrx_word' id='word_1_634' title='bbox 481 4533 742 4603; x_wconf 71' lang='lat' dir='ltr'><strong>prtelecto</strong></span> <span class='ocrx_word' id='word_1_635' title='bbox 769 4532 962 4602; x_wconf 85' lang='lat' dir='ltr'><strong>Illyrici</strong></span> <span class='ocrx_word' id='word_1_636' title='bbox 992 4531 1139 4588; x_wconf 90' lang='lat' dir='ltr'><strong>misit</strong></span> <span class='ocrx_word' id='word_1_637' title='bbox 1164 4549 1179 4587; x_wconf 88' lang='lat'><strong>:</strong></span> <span class='ocrx_word' id='word_1_638' title='bbox 1212 4532 1502 4588; x_wconf 87' lang='lat' dir='ltr'><strong>deficiente</strong></span> <span class='ocrx_word' id='word_1_639' title='bbox 1531 4533 1735 4602; x_wconf 89' lang='lat' dir='ltr'><strong>pretio,</strong></span> <span class='ocrx_word' id='word_1_640' title='bbox 1762 4535 1847 4590; x_wconf 88' lang='lat' dir='ltr'><strong>vel</strong></span> <span class='ocrx_word' id='word_1_641' title='bbox 1874 4534 2069 4590; x_wconf 88' lang='lat' dir='ltr'><strong>inclusi</strong></span> 
     </span>
    </p>
   </div>
   <div class='ocr_carea' id='block_1_87' title="bbox 481 4623 2066 4694">
    <p class='ocr_par' dir='ltr' id='par_1_87' title="bbox 481 4623 2066 4694">
     <span class='ocr_line' id='line_1_87' title="bbox 481 4623 2066 4694; baseline 0.001 -15"><span class='ocrx_word' id='word_1_642' title='bbox 481 4623 595 4679; x_wconf 84' lang='lat' dir='ltr'><strong>suis</strong></span> <span class='ocrx_word' id='word_1_643' title='bbox 623 4638 745 4678; x_wconf 90' lang='lat' dir='ltr'><strong>cum</strong></span> <span class='ocrx_word' id='word_1_644' title='bbox 775 4623 1112 4678; x_wconf 91' lang='lat' dir='ltr'><strong>domunculis</strong></span> <span class='ocrx_word' id='word_1_645' title='bbox 1139 4624 1338 4693; x_wconf 87' lang='lat' dir='ltr'><strong>captivi</strong></span> <span class='ocrx_word' id='word_1_646' title='bbox 1367 4624 1596 4680; x_wconf 83' lang='lat' dir='ltr'><strong>Romani</strong></span> <span class='ocrx_word' id='word_1_647' title='bbox 1628 4625 1760 4681; x_wconf 89' lang='lat' dir='ltr'><strong>tenti</strong></span> <span class='ocrx_word' id='word_1_648' title='bbox 1788 4635 1914 4682; x_wconf 90' lang='lat' dir='ltr'><strong>sunt</strong></span> <span class='ocrx_word' id='word_1_649' title='bbox 1936 4670 1950 4694; x_wconf 94' lang='lat'><strong>,</strong></span> <span class='ocrx_word' id='word_1_650' title='bbox 1979 4625 2066 4681; x_wconf 86' lang='lat' dir='ltr'><strong>vel</strong></span> 
     </span>
    </p>
   </div>
   <div class='ocr_carea' id='block_1_88' title="bbox 482 4714 1672 4787">
    <p class='ocr_par' dir='ltr' id='par_1_88' title="bbox 482 4714 1672 4787">
     <span class='ocr_line' id='line_1_88' title="bbox 482 4714 1672 4787; baseline -0.001 -16"><span class='ocrx_word' id='word_1_651' title='bbox 482 4729 584 4787; x_wconf 84' lang='lat' dir='ltr'><strong>pro</strong></span> <span class='ocrx_word' id='word_1_652' title='bbox 611 4714 782 4772; x_wconf 87' lang='lat' dir='ltr'><strong>muris</strong></span> <span class='ocrx_word' id='word_1_653' title='bbox 810 4714 1117 4770; x_wconf 88' lang='lat' dir='ltr'><strong>clausarum</strong></span> <span class='ocrx_word' id='word_1_654' title='bbox 1150 4715 1366 4771; x_wconf 90' lang='lat' dir='ltr'><strong>urbium</strong></span> <span class='ocrx_word' id='word_1_655' title='bbox 1397 4716 1672 4773; x_wconf 92' lang='lat' dir='ltr'><strong>trucidati.</strong></span> 
     </span>
    </p>
   </div>
   <div class='ocr_carea' id='block_1_89' title="bbox 482 4826 2065 4907">
    <p class='ocr_par' dir='ltr' id='par_1_89' title="bbox 482 4826 2065 4907">
     <span class='ocr_line' id='line_1_89' title="bbox 482 4826 2065 4907; baseline -0.003 -19"><span class='ocrx_word' id='word_1_656' title='bbox 482 4831 589 4907; x_wconf 84' lang='lat' dir='ltr'><strong>(A.</strong></span> <span class='ocrx_word' id='word_1_657' title='bbox 616 4830 678 4888; x_wconf 77' lang='grc' dir='ltr'><strong>Ο.</strong></span> <span class='ocrx_word' id='word_1_658' title='bbox 713 4826 876 4900; x_wconf 86' lang='grc'><strong>518.)</strong></span> <span class='ocrx_word' id='word_1_659' title='bbox 910 4829 1031 4907; x_wconf 62' lang='lat' dir='ltr'><strong>Ind.</strong></span> <span class='ocrx_word' id='word_1_660' title='bbox 1066 4844 1119 4883; x_wconf 89' lang='lat' dir='ltr'><strong>xt</strong></span> <span class='ocrx_word' id='word_1_661' title='bbox 1143 4868 1174 4907; x_wconf 33' lang='grc' dir='ltr'><strong>,Δ</strong></span> <span class='ocrx_word' id='word_1_662' title='bbox 1196 4829 1388 4900; x_wconf 81' lang='lat' dir='ltr'><strong>Magno</strong></span> <span class='ocrx_word' id='word_1_663' title='bbox 1418 4829 1532 4907; x_wconf 74' lang='lat' dir='ltr'><strong>solo</strong></span> <span class='ocrx_word' id='word_1_664' title='bbox 1563 4829 1668 4900; x_wconf 83' lang='lat' dir='ltr'><strong>[AL</strong></span> <span class='ocrx_word' id='word_1_665' title='bbox 1699 4840 1748 4884; x_wconf 79' lang='lat' dir='ltr'><strong>et</strong></span> <span class='ocrx_word' id='word_1_666' title='bbox 1782 4831 2065 4886; x_wconf 82' lang='lat' dir='ltr'><strong>Florentio.</strong></span> 
     </span>
    </p>
   </div>
   <div class='ocr_carea' id='block_1_90' title="bbox 947 4899 1602 4970">
    <p class='ocr_par' dir='ltr' id='par_1_90' title="bbox 947 4899 1602 4970">
     <span class='ocr_line' id='line_1_90' title="bbox 947 4899 1602 4970; baseline 0 -16"><span class='ocrx_word' id='word_1_667' title='bbox 947 4900 1032 4954; x_wconf 79' lang='lat' dir='ltr'><strong>Al.</strong></span> <span class='ocrx_word' id='word_1_668' title='bbox 1066 4910 1111 4952; x_wconf 89' lang='lat' dir='ltr'><strong>et</strong></span> <span class='ocrx_word' id='word_1_669' title='bbox 1139 4899 1367 4969; x_wconf 73' lang='lat' dir='ltr'><strong>Agapcto</strong></span> <span class='ocrx_word' id='word_1_670' title='bbox 1398 4899 1466 4970; x_wconf 86' lang='grc' dir='ltr'>ιι]</span> <span class='ocrx_word' id='word_1_671' title='bbox 1495 4899 1602 4954; x_wconf 78' lang='lat' dir='ltr'><strong>cos.</strong></span> 
     </span>
    </p>
   </div>
   <div class='ocr_carea' id='block_1_91' title="bbox 553 5009 2066 5085">
    <p class='ocr_par' dir='ltr' id='par_1_91' title="bbox 553 5009 2066 5085">
     <span class='ocr_line' id='line_1_91' title="bbox 553 5009 2066 5085; baseline -0.001 -17"><span class='ocrx_word' id='word_1_672' title='bbox 553 5014 611 5070; x_wconf 89' lang='lat' dir='ltr'><strong>In</strong></span> <span class='ocrx_word' id='word_1_673' title='bbox 657 5011 938 5085; x_wconf 89' lang='lat' dir='ltr'><strong>provincia</strong></span> <span class='ocrx_word' id='word_1_674' title='bbox 980 5009 1248 5064; x_wconf 84' lang='lat' dir='ltr'><strong>Dardania</strong></span> <span class='ocrx_word' id='word_1_675' title='bbox 1290 5011 1512 5066; x_wconf 87' lang='lat' dir='ltr'><strong>assiduo</strong></span> <span class='ocrx_word' id='word_1_676' title='bbox 1554 5021 1711 5066; x_wconf 63' lang='lat' dir='ltr'><strong>terra!</strong></span> <span class='ocrx_word' id='word_1_677' title='bbox 1751 5022 1899 5067; x_wconf 89' lang='lat' dir='ltr'><strong>motu</strong></span> <span class='ocrx_word' id='word_1_678' title='bbox 1943 5028 2066 5067; x_wconf 84' lang='lat' dir='ltr'><strong>xxiv</strong></span> 
     </span>
    </p>
   </div>
   <div class='ocr_carea' id='block_1_92' title="bbox 481 5101 2071 5171">
    <p class='ocr_par' dir='ltr' id='par_1_92' title="bbox 481 5101 2071 5171">
     <span class='ocr_line' id='line_1_92' title="bbox 481 5101 2071 5171; baseline -0.001 -12"><span class='ocrx_word' id='word_1_679' title='bbox 481 5104 704 5159; x_wconf 87' lang='lat' dir='ltr'><strong>castella</strong></span> <span class='ocrx_word' id='word_1_680' title='bbox 750 5117 861 5158; x_wconf 91' lang='lat' dir='ltr'><strong>uno</strong></span> <span class='ocrx_word' id='word_1_681' title='bbox 902 5111 1178 5156; x_wconf 90' lang='lat' dir='ltr'><strong>momento</strong></span> <span class='ocrx_word' id='word_1_682' title='bbox 1219 5101 1453 5171; x_wconf 90' lang='lat' dir='ltr'><strong>collapsa</strong></span> <span class='ocrx_word' id='word_1_683' title='bbox 1496 5112 1643 5158; x_wconf 88' lang='lat' dir='ltr'><strong>sunt.</strong></span> <span class='ocrx_word' id='word_1_684' title='bbox 1686 5103 1923 5171; x_wconf 88' lang='lat' dir='ltr'><strong>Quorum</strong></span> <span class='ocrx_word' id='word_1_685' title='bbox 1963 5104 2071 5158; x_wconf 88' lang='lat' dir='ltr'><strong>duo</strong></span> 
     </span>
    </p>
   </div>
   <div class='ocr_carea' id='block_1_93' title="bbox 484 5192 2069 5264">
    <p class='ocr_par' dir='ltr' id='par_1_93' title="bbox 484 5192 2069 5264">
     <span class='ocr_line' id='line_1_93' title="bbox 484 5192 2069 5264; baseline 0 -14"><span class='ocrx_word' id='word_1_686' title='bbox 484 5196 596 5251; x_wconf 88' lang='lat' dir='ltr'><strong>suis</strong></span> <span class='ocrx_word' id='word_1_687' title='bbox 635 5208 755 5250; x_wconf 91' lang='lat' dir='ltr'><strong>cum</strong></span> <span class='ocrx_word' id='word_1_688' title='bbox 802 5192 1201 5248; x_wconf 86' lang='lat' dir='ltr'><strong>habitatoribus</strong></span> <span class='ocrx_word' id='word_1_689' title='bbox 1242 5192 1488 5247; x_wconf 88' lang='lat' dir='ltr'><strong>demersa</strong></span> <span class='ocrx_word' id='word_1_690' title='bbox 1514 5233 1530 5259; x_wconf 94' lang='lat'><strong>,</strong></span> <span class='ocrx_word' id='word_1_691' title='bbox 1575 5203 1810 5264; x_wconf 78' lang='lat' dir='ltr'><strong>quatuor</strong></span> <span class='ocrx_word' id='word_1_692' title='bbox 1849 5195 2069 5250; x_wconf 85' lang='lat' dir='ltr'><strong>dimidia</strong></span> 
     </span>
    </p>
   </div>
   <div class='ocr_carea' id='block_1_94' title="bbox 483 5283 2067 5360">
    <p class='ocr_par' dir='ltr' id='par_1_94' title="bbox 483 5283 2067 5360">
     <span class='ocr_line' id='line_1_94' title="bbox 483 5283 2067 5360; baseline -0.001 -20"><span class='ocrx_word' id='word_1_693' title='bbox 483 5286 833 5340; x_wconf 63' lang='lat' dir='ltr'><strong>aedificiorum</strong></span> <span class='ocrx_word' id='word_1_694' title='bbox 877 5299 1097 5338; x_wconf 87' lang='lat' dir='ltr'><strong>suorum</strong></span> <span class='ocrx_word' id='word_1_695' title='bbox 1143 5283 1530 5360; x_wconf 84' lang='lat' dir='ltr'><strong>hominumque</strong></span> <span class='ocrx_word' id='word_1_696' title='bbox 1557 5285 1754 5338; x_wconf 85' lang='lat' dir='ltr'><strong>amissa</strong></span> <span class='ocrx_word' id='word_1_697' title='bbox 1783 5298 1939 5354; x_wconf 89' lang='lat' dir='ltr'><strong>parte</strong></span> <span class='ocrx_word' id='word_1_698' title='bbox 1968 5284 2067 5339; x_wconf 85' lang='lat' dir='ltr'><strong>dc-</strong></span> 
     </span>
    </p>
   </div>
   <div class='ocr_carea' id='block_1_95' title="bbox 482 5373 2070 5443">
    <p class='ocr_par' dir='ltr' id='par_1_95' title="bbox 482 5373 2070 5443">
     <span class='ocr_line' id='line_1_95' title="bbox 482 5373 2070 5443; baseline -0.001 -13"><span class='ocrx_word' id='word_1_699' title='bbox 482 5386 721 5439; x_wconf 85' lang='lat' dir='ltr'><strong>structa,</strong></span> <span class='ocrx_word' id='word_1_700' title='bbox 768 5373 1012 5428; x_wconf 84' lang='lat' dir='ltr'><strong>undecim</strong></span> <span class='ocrx_word' id='word_1_701' title='bbox 1064 5373 1219 5427; x_wconf 90' lang='lat' dir='ltr'><strong>tertia</strong></span> <span class='ocrx_word' id='word_1_702' title='bbox 1270 5373 1554 5427; x_wconf 91' lang='lat' dir='ltr'><strong>domorum</strong></span> <span class='ocrx_word' id='word_1_703' title='bbox 1601 5373 1931 5443; x_wconf 87' lang='lat' dir='ltr'><strong>totidemque</strong></span> <span class='ocrx_word' id='word_1_704' title='bbox 1977 5388 2070 5442; x_wconf 83' lang='lat' dir='ltr'><strong>po-</strong></span> 
     </span>
    </p>
   </div>
   <div class='ocr_carea' id='block_1_96' title="bbox 483 5464 2064 5535">
    <p class='ocr_par' dir='ltr' id='par_1_96' title="bbox 483 5464 2064 5535">
     <span class='ocr_line' id='line_1_96' title="bbox 483 5464 2064 5535; baseline -0.001 -16"><span class='ocrx_word' id='word_1_705' title='bbox 483 5467 592 5535; x_wconf 88' lang='lat' dir='ltr'><strong>puli</strong></span> <span class='ocrx_word' id='word_1_706' title='bbox 622 5465 772 5520; x_wconf 87' lang='lat' dir='ltr'><strong>clade</strong></span> <span class='ocrx_word' id='word_1_707' title='bbox 797 5464 1001 5532; x_wconf 85' lang='lat' dir='ltr'><strong>dejecta</strong></span> <span class='ocrx_word' id='word_1_708' title='bbox 1023 5505 1037 5525; x_wconf 91' lang='lat'><strong>,</strong></span> <span class='ocrx_word' id='word_1_709' title='bbox 1069 5474 1273 5532; x_wconf 86' lang='lat' dir='ltr'><strong>septem</strong></span> <span class='ocrx_word' id='word_1_710' title='bbox 1301 5472 1489 5533; x_wconf 89' lang='lat' dir='ltr'><strong>quarta</strong></span> <span class='ocrx_word' id='word_1_711' title='bbox 1519 5472 1783 5518; x_wconf 84' lang='lat' dir='ltr'><strong>tectorum</strong></span> <span class='ocrx_word' id='word_1_712' title='bbox 1811 5479 2030 5519; x_wconf 91' lang='lat' dir='ltr'><strong>suorum</strong></span> <span class='ocrx_word' id='word_1_713' title='bbox 2049 5505 2064 5527; x_wconf 90' lang='lat'><strong>,</strong></span> 
     </span>
    </p>
   </div>
   <div class='ocr_carea' id='block_1_97' title="bbox 485 5552 2066 5622">
    <p class='ocr_par' dir='ltr' id='par_1_97' title="bbox 485 5552 2066 5622">
     <span class='ocr_line' id='line_1_97' title="bbox 485 5552 2066 5622; baseline 0.002 -15"><span class='ocrx_word' id='word_1_714' title='bbox 485 5565 736 5622; x_wconf 87' lang='lat' dir='ltr'><strong>tantaque</strong></span> <span class='ocrx_word' id='word_1_715' title='bbox 787 5553 954 5620; x_wconf 87' lang='lat' dir='ltr'><strong>plebis</strong></span> <span class='ocrx_word' id='word_1_716' title='bbox 1000 5563 1153 5621; x_wconf 63' lang='lat' dir='ltr'><strong>parte</strong></span> <span class='ocrx_word' id='word_1_717' title='bbox 1194 5553 1449 5620; x_wconf 81' lang='lat' dir='ltr'><strong>depressa</strong></span> <span class='ocrx_word' id='word_1_718' title='bbox 1475 5594 1489 5618; x_wconf 93' lang='lat'><strong>,</strong></span> <span class='ocrx_word' id='word_1_719' title='bbox 1534 5552 1708 5607; x_wconf 89' lang='lat' dir='ltr'><strong>vicina</strong></span> <span class='ocrx_word' id='word_1_720' title='bbox 1748 5567 1877 5609; x_wconf 88' lang='lat' dir='ltr'><strong>vero</strong></span> <span class='ocrx_word' id='word_1_721' title='bbox 1920 5563 2066 5610; x_wconf 90' lang='lat' dir='ltr'><strong>metu</strong></span> 
     </span>
    </p>
   </div>
   <div class='ocr_carea' id='block_1_98' title="bbox 485 5641 2064 5714">
    <p class='ocr_par' dir='ltr' id='par_1_98' title="bbox 485 5641 2064 5714">
     <span class='ocr_line' id='line_1_98' title="bbox 485 5641 2064 5714; baseline 0.003 -17"><span class='ocrx_word' id='word_1_722' title='bbox 485 5643 746 5713; x_wconf 72' lang='grc' dir='ltr'><strong>[οιιιῳην.</strong></span> <span class='ocrx_word' id='word_1_723' title='bbox 769 5643 1068 5698; x_wconf 87' lang='lat' dir='ltr'><strong>vicinarum</strong></span> <span class='ocrx_word' id='word_1_724' title='bbox 1100 5641 1266 5713; x_wconf 83' lang='lat' dir='ltr'><strong>metu]</strong></span> <span class='ocrx_word' id='word_1_725' title='bbox 1301 5644 1576 5698; x_wconf 86' lang='lat' dir='ltr'><strong>ruinarum</strong></span> <span class='ocrx_word' id='word_1_726' title='bbox 1617 5644 1876 5714; x_wconf 85' lang='lat' dir='ltr'><strong>despecta</strong></span> <span class='ocrx_word' id='word_1_727' title='bbox 1915 5655 2064 5701; x_wconf 86' lang='lat' dir='ltr'><strong>sunt.</strong></span> 
     </span>
    </p>
   </div>
   <div class='ocr_carea' id='block_1_99' title="bbox 2242 4508 3684 4583">
    <p class='ocr_par' dir='ltr' id='par_1_99' title="bbox 2242 4508 3684 4583">
     <span class='ocr_line' id='line_1_99' title="bbox 2242 4508 3684 4583; baseline 0.004 -21"><span class='ocrx_word' id='word_1_728' title='bbox 2242 4511 2345 4576; x_wconf 85' lang='lat' dir='ltr'><strong>(A.</strong></span> <span class='ocrx_word' id='word_1_729' title='bbox 2374 4508 2435 4565; x_wconf 88' lang='lat' dir='ltr'><strong>C.</strong></span> <span class='ocrx_word' id='word_1_730' title='bbox 2471 4509 2630 4582; x_wconf 75' lang='grc'><strong>522.)</strong></span> <span class='ocrx_word' id='word_1_731' title='bbox 2662 4510 2782 4564; x_wconf 86' lang='lat' dir='ltr'><strong>Ind.</strong></span> <span class='ocrx_word' id='word_1_732' title='bbox 2814 4529 2902 4577; x_wconf 88' lang='lat' dir='ltr'><strong>xv,</strong></span> <span class='ocrx_word' id='word_1_733' title='bbox 2930 4513 3242 4583; x_wconf 82' lang='lat' dir='ltr'><strong>Symmacho</strong></span> <span class='ocrx_word' id='word_1_734' title='bbox 3271 4522 3317 4567; x_wconf 87' lang='lat' dir='ltr'><strong>et</strong></span> <span class='ocrx_word' id='word_1_735' title='bbox 3338 4512 3517 4568; x_wconf 80' lang='lat' dir='ltr'><strong>Boctio</strong></span> <span class='ocrx_word' id='word_1_736' title='bbox 3548 4529 3684 4568; x_wconf 80' lang='lat' dir='ltr'><strong>coss.</strong></span> 
     </span>
    </p>
   </div>
   <div class='ocr_carea' id='block_1_100' title="bbox 2387 4623 3541 4694">
    <p class='ocr_par' dir='ltr' id='par_1_100' title="bbox 2387 4623 3541 4694">
     <span class='ocr_line' id='line_1_100' title="bbox 2387 4623 3541 4694; baseline -0.002 -14"><span class='ocrx_word' id='word_1_737' title='bbox 2387 4624 2485 4694; x_wconf 85' lang='lat' dir='ltr'><strong>(A.</strong></span> <span class='ocrx_word' id='word_1_738' title='bbox 2517 4623 2578 4680; x_wconf 89' lang='lat' dir='ltr'><strong>C.</strong></span> <span class='ocrx_word' id='word_1_739' title='bbox 2608 4624 2767 4694; x_wconf 79' lang='grc'><strong>525.)</strong></span> <span class='ocrx_word' id='word_1_740' title='bbox 2798 4623 2922 4680; x_wconf 78' lang='lat' dir='ltr'><strong>Ind.</strong></span> <span class='ocrx_word' id='word_1_741' title='bbox 2956 4641 3005 4692; x_wconf 89' lang='grc' dir='ltr'>ι,</span> <span class='ocrx_word' id='word_1_742' title='bbox 3038 4625 3268 4680; x_wconf 69' lang='lat' dir='ltr'><strong>Maximo</strong></span> <span class='ocrx_word' id='word_1_743' title='bbox 3297 4626 3408 4679; x_wconf 83' lang='lat' dir='ltr'><strong>solo</strong></span> <span class='ocrx_word' id='word_1_744' title='bbox 3435 4642 3541 4680; x_wconf 84' lang='lat' dir='ltr'><strong>cos.</strong></span> 
     </span>
    </p>
   </div>
   <div class='ocr_carea' id='block_1_101' title="bbox 2243 4733 3758 4806">
    <p class='ocr_par' dir='ltr' id='par_1_101' title="bbox 2243 4733 3758 4806">
     <span class='ocr_line' id='line_1_101' title="bbox 2243 4733 3758 4806; baseline 0.003 -18"><span class='ocrx_word' id='word_1_745' title='bbox 2243 4733 2491 4805; x_wconf 86' lang='lat' dir='ltr'><strong>Plerique</strong></span> <span class='ocrx_word' id='word_1_746' title='bbox 2523 4734 2876 4803; x_wconf 88' lang='lat' dir='ltr'><strong>lapidatorum</strong></span> <span class='ocrx_word' id='word_1_747' title='bbox 2894 4778 2909 4801; x_wconf 92' lang='lat'><strong>,</strong></span> <span class='ocrx_word' id='word_1_748' title='bbox 2945 4751 3318 4806; x_wconf 91' lang='lat' dir='ltr'><strong>percussorum</strong></span> <span class='ocrx_word' id='word_1_749' title='bbox 3337 4777 3351 4800; x_wconf 90' lang='lat'><strong>,</strong></span> <span class='ocrx_word' id='word_1_750' title='bbox 3379 4735 3639 4806; x_wconf 84' lang='lat' dir='ltr'><strong>urbisque</strong></span> <span class='ocrx_word' id='word_1_751' title='bbox 3664 4737 3758 4792; x_wconf 81' lang='lat' dir='ltr'><strong>de-</strong></span> 
     </span>
    </p>
   </div>
   <div class='ocr_carea' id='block_1_102' title="bbox 2173 4829 3750 4900">
    <p class='ocr_par' dir='ltr' id='par_1_102' title="bbox 2173 4829 3750 4900">
     <span class='ocr_line' id='line_1_102' title="bbox 2173 4829 3750 4900; baseline 0 -18"><span class='ocrx_word' id='word_1_752' title='bbox 2173 4829 2591 4898; x_wconf 90' lang='lat' dir='ltr'><strong>populatorum,</strong></span> <span class='ocrx_word' id='word_1_753' title='bbox 2650 4845 2748 4885; x_wconf 87' lang='lat' dir='ltr'><strong>sua</strong></span> <span class='ocrx_word' id='word_1_754' title='bbox 2799 4831 2869 4884; x_wconf 93' lang='lat' dir='ltr'><strong>ob</strong></span> <span class='ocrx_word' id='word_1_755' title='bbox 2915 4831 3119 4886; x_wconf 89' lang='lat' dir='ltr'><strong>scelera</strong></span> <span class='ocrx_word' id='word_1_756' title='bbox 3160 4830 3528 4900; x_wconf 83' lang='lat' dir='ltr'><strong>deprehensi,</strong></span> <span class='ocrx_word' id='word_1_757' title='bbox 3573 4830 3750 4896; x_wconf 82' lang='lat' dir='ltr'><strong>ferro,</strong></span> 
     </span>
    </p>
   </div>
   <div class='ocr_carea' id='block_1_103' title="bbox 2173 4921 3755 4993">
    <p class='ocr_par' dir='ltr' id='par_1_103' title="bbox 2173 4921 3755 4993">
     <span class='ocr_line' id='line_1_103' title="bbox 2173 4921 3755 4993; baseline 0.001 -19"><span class='ocrx_word' id='word_1_758' title='bbox 2173 4921 2323 4991; x_wconf 91' lang='lat' dir='ltr'><strong>igni,</strong></span> <span class='ocrx_word' id='word_1_759' title='bbox 2352 4921 2750 4990; x_wconf 86' lang='lat' dir='ltr'><strong>suspendioque</strong></span> <span class='ocrx_word' id='word_1_760' title='bbox 2778 4923 3002 4992; x_wconf 84' lang='lat' dir='ltr'><strong>expensi</strong></span> <span class='ocrx_word' id='word_1_761' title='bbox 3040 4931 3205 4991; x_wconf 91' lang='lat' dir='ltr'><strong>sunt,</strong></span> <span class='ocrx_word' id='word_1_762' title='bbox 3235 4932 3441 4993; x_wconf 87' lang='lat' dir='ltr'><strong>gratum</strong></span> <span class='ocrx_word' id='word_1_763' title='bbox 3482 4923 3642 4978; x_wconf 83' lang='lat' dir='ltr'><strong>bonis</strong></span> <span class='ocrx_word' id='word_1_764' title='bbox 3679 4924 3755 4977; x_wconf 89' lang='lat' dir='ltr'><strong>ci-</strong></span> 
     </span>
    </p>
   </div>
   <div class='ocr_carea' id='block_1_104' title="bbox 2173 5010 3080 5078">
    <p class='ocr_par' dir='ltr' id='par_1_104' title="bbox 2173 5010 3080 5078">
     <span class='ocr_line' id='line_1_104' title="bbox 2173 5010 3080 5078; baseline 0.002 -13"><span class='ocrx_word' id='word_1_765' title='bbox 2173 5010 2328 5065; x_wconf 89' lang='lat' dir='ltr'><strong>vibus</strong></span> <span class='ocrx_word' id='word_1_766' title='bbox 2350 5011 2714 5078; x_wconf 88' lang='lat' dir='ltr'><strong>spectaculum</strong></span> <span class='ocrx_word' id='word_1_767' title='bbox 2742 5012 3080 5069; x_wconf 79' lang='lat' dir='ltr'><strong>exhibentes.</strong></span> 
     </span>
    </p>
   </div>
   <div class='ocr_carea' id='block_1_105' title="bbox 2177 5124 3755 5198">
    <p class='ocr_par' dir='ltr' id='par_1_105' title="bbox 2177 5124 3755 5198">
     <span class='ocr_line' id='line_1_105' title="bbox 2177 5124 3755 5198; baseline 0 -18"><span class='ocrx_word' id='word_1_768' title='bbox 2177 5126 2264 5196; x_wconf 83' lang='grc' dir='ltr'><strong>(Δ.</strong></span> <span class='ocrx_word' id='word_1_769' title='bbox 2295 5125 2358 5182; x_wconf 88' lang='lat' dir='ltr'><strong>C.</strong></span> <span class='ocrx_word' id='word_1_770' title='bbox 2391 5126 2542 5198; x_wconf 76' lang='grc'><strong>524.)</strong></span> <span class='ocrx_word' id='word_1_771' title='bbox 2569 5124 2693 5181; x_wconf 83' lang='lat' dir='ltr'><strong>Ind.</strong></span> <span class='ocrx_word' id='word_1_772' title='bbox 2724 5143 2791 5193; x_wconf 91' lang='grc' dir='ltr'>ιι,</span> <span class='ocrx_word' id='word_1_773' title='bbox 2817 5127 3023 5182; x_wconf 76' lang='lat' dir='ltr'><strong>Iustino</strong></span> <span class='ocrx_word' id='word_1_774' title='bbox 3051 5127 3182 5198; x_wconf 77' lang='lat' dir='ltr'><strong>Aug.</strong></span> <span class='ocrx_word' id='word_1_775' title='bbox 3216 5142 3254 5181; x_wconf 92' lang='grc' dir='ltr'><strong>ιι</strong></span> <span class='ocrx_word' id='word_1_776' title='bbox 3281 5136 3328 5180; x_wconf 81' lang='lat' dir='ltr'><strong>et</strong></span> <span class='ocrx_word' id='word_1_777' title='bbox 3357 5125 3596 5194; x_wconf 79' lang='lat' dir='ltr'><strong>Opilioue</strong></span> <span class='ocrx_word' id='word_1_778' title='bbox 3624 5142 3755 5180; x_wconf 82' lang='lat' dir='ltr'><strong>coss.</strong></span> 
     </span>
    </p>
   </div>
   <div class='ocr_carea' id='block_1_106' title="bbox 2247 5236 3757 5308">
    <p class='ocr_par' dir='ltr' id='par_1_106' title="bbox 2247 5236 3757 5308">
     <span class='ocr_line' id='line_1_106' title="bbox 2247 5236 3757 5308; baseline -0.001 -17"><span class='ocrx_word' id='word_1_779' title='bbox 2247 5237 2342 5292; x_wconf 90' lang='lat' dir='ltr'><strong>llis</strong></span> <span class='ocrx_word' id='word_1_780' title='bbox 2370 5236 2680 5292; x_wconf 89' lang='lat' dir='ltr'><strong>consulibus</strong></span> <span class='ocrx_word' id='word_1_781' title='bbox 2720 5238 2901 5308; x_wconf 90' lang='lat' dir='ltr'><strong>inopia</strong></span> <span class='ocrx_word' id='word_1_782' title='bbox 2940 5237 3044 5293; x_wconf 88' lang='lat' dir='ltr'><strong>olei</strong></span> <span class='ocrx_word' id='word_1_783' title='bbox 3087 5251 3333 5308; x_wconf 87' lang='lat' dir='ltr'><strong>magnam</strong></span> <span class='ocrx_word' id='word_1_784' title='bbox 3377 5236 3658 5306; x_wconf 88' lang='lat' dir='ltr'><strong>penuriam</strong></span> <span class='ocrx_word' id='word_1_785' title='bbox 3699 5236 3757 5290; x_wconf 91' lang='lat' dir='ltr'><strong>in</strong></span> 
     </span>
    </p>
   </div>
   <div class='ocr_carea' id='block_1_107' title="bbox 2173 5328 2786 5400">
    <p class='ocr_par' dir='ltr' id='par_1_107' title="bbox 2173 5328 2786 5400">
     <span class='ocr_line' id='line_1_107' title="bbox 2173 5328 2786 5400; baseline 0.005 -19"><span class='ocrx_word' id='word_1_786' title='bbox 2173 5328 2425 5399; x_wconf 90' lang='lat' dir='ltr'><strong>populum</strong></span> <span class='ocrx_word' id='word_1_787' title='bbox 2458 5328 2786 5400; x_wconf 90' lang='lat' dir='ltr'><strong>importavit.</strong></span> 
     </span>
    </p>
   </div>
   <div class='ocr_carea' id='block_1_108' title="bbox 2279 5437 3647 5512">
    <p class='ocr_par' dir='ltr' id='par_1_108' title="bbox 2279 5437 3647 5512">
     <span class='ocr_line' id='line_1_108' title="bbox 2279 5437 3647 5512; baseline -0.004 -15"><span class='ocrx_word' id='word_1_788' title='bbox 2279 5442 2376 5512; x_wconf 87' lang='lat' dir='ltr'><strong>(A.</strong></span> <span class='ocrx_word' id='word_1_789' title='bbox 2405 5442 2466 5496; x_wconf 88' lang='lat' dir='ltr'><strong>C.</strong></span> <span class='ocrx_word' id='word_1_790' title='bbox 2494 5441 2644 5512; x_wconf 86' lang='grc'><strong>525.)</strong></span> <span class='ocrx_word' id='word_1_791' title='bbox 2678 5440 2799 5496; x_wconf 82' lang='lat' dir='ltr'><strong>Ind.</strong></span> <span class='ocrx_word' id='word_1_792' title='bbox 2831 5457 2890 5496; x_wconf 87' lang='grc' dir='ltr'><strong>ιιι</strong></span> <span class='ocrx_word' id='word_1_793' title='bbox 2915 5485 2928 5509; x_wconf 90' lang='grc'>,</span> <span class='ocrx_word' id='word_1_794' title='bbox 2963 5440 3218 5496; x_wconf 73' lang='lat' dir='ltr'><strong>Filoxeuo</strong></span> <span class='ocrx_word' id='word_1_795' title='bbox 3242 5448 3287 5495; x_wconf 71' lang='lat' dir='ltr'><strong>et</strong></span> <span class='ocrx_word' id='word_1_796' title='bbox 3315 5437 3488 5493; x_wconf 80' lang='lat' dir='ltr'><strong>Probo</strong></span> <span class='ocrx_word' id='word_1_797' title='bbox 3516 5455 3647 5492; x_wconf 54' lang='lat' dir='ltr'><strong>coss.</strong></span> 
     </span>
    </p>
   </div>
   <div class='ocr_carea' id='block_1_109' title="bbox 2245 5548 3757 5621">
    <p class='ocr_par' dir='ltr' id='par_1_109' title="bbox 2245 5548 3757 5621">
     <span class='ocr_line' id='line_1_109' title="bbox 2245 5548 3757 5621; baseline -0.005 -14"><span class='ocrx_word' id='word_1_798' title='bbox 2245 5551 2482 5608; x_wconf 84' lang='lat' dir='ltr'><strong>Joannes</strong></span> <span class='ocrx_word' id='word_1_799' title='bbox 2522 5553 2779 5608; x_wconf 70' lang='lat' dir='ltr'><strong>Romana:</strong></span> <span class='ocrx_word' id='word_1_800' title='bbox 2806 5552 3066 5608; x_wconf 75' lang='lat' dir='ltr'><strong>Ecclesia:</strong></span> <span class='ocrx_word' id='word_1_801' title='bbox 3097 5565 3231 5621; x_wconf 91' lang='lat' dir='ltr'><strong>papa</strong></span> <span class='ocrx_word' id='word_1_802' title='bbox 3262 5551 3322 5604; x_wconf 83' lang='lat' dir='ltr'><strong>Lf</strong></span> <span class='ocrx_word' id='word_1_803' title='bbox 3361 5563 3502 5602; x_wconf 90' lang='lat' dir='ltr'><strong>anno</strong></span> <span class='ocrx_word' id='word_1_804' title='bbox 3533 5563 3559 5600; x_wconf 89' lang='lat' dir='ltr'><strong>a</strong></span> <span class='ocrx_word' id='word_1_805' title='bbox 3593 5548 3757 5602; x_wconf 83' lang='lat' dir='ltr'><strong>Petro</strong></span> 
     </span>
    </p>
   </div>
   <div class='ocr_carea' id='block_1_110' title="bbox 2175 5643 3756 5717">
    <p class='ocr_par' dir='ltr' id='par_1_110' title="bbox 2175 5643 3756 5717">
     <span class='ocr_line' id='line_1_110' title="bbox 2175 5643 3756 5717; baseline -0.004 -18"><span class='ocrx_word' id='word_1_806' title='bbox 2175 5645 2539 5717; x_wconf 89' lang='lat' dir='ltr'><strong>apostolorum</strong></span> <span class='ocrx_word' id='word_1_807' title='bbox 2585 5645 3005 5716; x_wconf 87' lang='lat' dir='ltr'><strong>pontificumque</strong></span> <span class='ocrx_word' id='word_1_808' title='bbox 3049 5643 3286 5714; x_wconf 70' lang='lat' dir='ltr'><strong>praesule</strong></span> <span class='ocrx_word' id='word_1_809' title='bbox 3329 5655 3597 5697; x_wconf 72' lang='lat' dir='ltr'><strong>ccccsxxv</strong></span> <span class='ocrx_word' id='word_1_810' title='bbox 3643 5653 3756 5695; x_wconf 80' lang='lat' dir='ltr'><strong>ses-</strong></span> 
     </span>
    </p>
   </div>
  </div>
