4064 6190
291 275 386 333 ιιιι

1713 265 2120 325 CHRONICON.

3463 266 3570 321 9m

226 443 236 472 ι
291 387 460 444 sionis
489 384 640 454 ejus,
669 379 1006 439 Theoderico
1036 395 1162 451 rege
1187 393 1286 451 pro
1311 379 1632 436 Arianorum
1660 395 1879 436 suorum
1910 384 1958 441 Α
1987 376 2094 444 gnli
2125 375 2339 446 indigna
2371 376 2666 432 ambitione
2693 376 3051 446 exoptabant,
3078 376 3254 433 idibus
3278 376 3564 446 Januariis,

294 476 628 535 e-erenioniis
650 473 962 545 reparandis
984 474 1286 542 laborante,
1304 473 1453 528 solus
1469 472 1750 526 dumtaxat
1771 471 1877 524 Ro-

298 586 576 628 tnanorum
605 569 822 624 sibimet
849 569 1226 629 deeessorum,
1259 567 1392 620 urbe
1421 566 1699 634 digressus
1736 563 1878 618 Con-

299 661 706 729 stantinopolim
754 662 943 725 venit,
997 659 1134 713 miro
1193 659 1396 712 honore
1438 665 1721 725 susceptus
1771 661 1875 709 est.

301 759 497 812 Dexter
538 756 784 810 dextrum
827 752 1070 806 ecclesia:
1115 750 1310 804 insedit
1348 748 1580 813 solium,
1626 747 1879 813 diemque

300 849 513 903 Domini
564 848 730 900 nostri
784 843 1194 898 resurrccﬁonis
1243 842 1399 912 plena
1447 855 1578 896 vete
1623 839 1880 894 Romanis

299 939 550 1010 precibus
577 934 884 992 celebravit.

515 1050 612 1117 (A.
644 1046 707 1102 C.
739 1044 897 1115 5‘26.)
926 1043 1050 1099 Ind.
1077 1059 1149 1110 tv,
1185 1043 1396 1115 Olybrio
1424 1042 1536 1096 solo
1566 1058 1670 1095 cos.

379 1162 568 1217 Totam
600 1160 815 1230 quidem
844 1158 1180 1213 Antiochiam
1204 1157 1375 1228 Syria:
1397 1155 1666 1212 civitatem
1691 1169 1884 1223 repens

309 1254 449 1308 inter
495 1251 864 1321 prandendum
915 1259 1071 1304 terra:
1118 1258 1298 1303 motus
1347 1247 1584 1302 invasit:
1648 1245 1884 1313 alioquin

307 1345 586 1399 occiduam
621 1342 770 1397 urbis
799 1357 1042 1410 magnam
1072 1339 1190 1409 ejus
1217 1348 1448 1408 partem,
1491 1336 1723 1392 sinistris
1763 1351 1886 1388 mox

307 1436 480 1488 Ventis
524 1433 757 1502 undique
802 1431 1088 1496 ﬂantibus,
1138 1431 1488 1499 ﬂammasque
1534 1428 1883 1498 coquinarutn

310 1540 410 1595 pro
440 1535 680 1593 tempore
710 1531 1001 1577 aestuantes
1035 1521 1239 1576 ruentia
1273 1522 1324 1574 in
1356 1521 1582 1574 aediﬁcia
1615 1518 1890 1572 miscenti-

317 1621 450 1685 bus,
494 1617 688 1686 duplex
734 1615 1104 1684 torridumqtte
1148 1613 1372 1669 exitium
1414 1611 1740 1680 importavit.
1787 1611 1890 1664 Eu-

311 1710 530 1764 frasinm
559 1724 771 1778 quoque
804 1710 966 1763 totius
994 1708 1387 1781 urbis[0nuph.
1415 1708 1516 1761 loci
1548 1706 1702 1776 hujus
1717 1702 1886 1774 urbis]

312 1803 648 1871 episcOpum,
692 1801 941 1870 adempto
995 1800 1114 1869 ejus
1161 1800 1359 1870 capite,
1410 1799 1690 1853 combusto
1735 1796 1893 1850 simul

312 1893 496 1948 obruit
525 1893 773 1963 sepulcro
797 1933 810 1957 ,
841 1893 1081 1948 obelisco
1107 1893 1236 1948 circi
1282 1894 1499 1946 inverso
1539 1901 1593 1945 et
1626 1889 1771 1944 humi
1803 1889 1897 1944 de-

311 1985 482 2040 fosso.

310 2095 407 2169 (Α.
427 2092 488 2150 C.
507 2092 660 2166 527.)
683 2093 807 2148 Ind.
837 2111 888 2162 v,
916 2095 1174 2152 Mubortio
1194 2095 1341 2168 [Sive
1363 2092 1637 2165 Mavortia]
1659 2092 1767 2148 solo
1789 2108 1894 2146 cos.

388 2209 546 2263 Anno
573 2209 734 2278 regite
776 2209 932 2266 Urbis
963 2211 1192 2266 condita:
1218 2227 1414 2274 cxcvtt,
1437 2211 1686 2267 Justinus
1724 2212 1896 2281 impe-

317 2307 465 2352 rator
493 2297 853 2354 Justiniauum
886 2316 953 2354 ex
983 2315 1171 2356 sorore
1216 2317 1312 2356 sua
1356 2311 1637 2371 nepotem,
1688 2302 1900 2370 jamdu-

317 2389 443 2442 dum
501 2404 529 2442 a
583 2405 643 2445 se
701 2390 1092 2447 nobilissimum
1147 2393 1522 2462 designatum,
1582 2393 1896 2462 participem

319 2495 533 2547 quoque
561 2482 712 2551 regni
741 2482 824 2536 sui
854 2497 1328 2554 successoremque
1365 2485 1564 2540 creavit
1603 2483 1711 2539 kal.
1745 2485 1900 2554 Apri-

323 2567 406 2623 lis.
460 2569 576 2639 Ipse
615 2587 747 2626 vero
792 2581 986 2641 quarto
1026 2573 1094 2628 ab
1133 2572 1237 2628 hoc
1279 2589 1462 2630 mense
1490 2574 1599 2630 vita
1627 2575 1898 2642 decessit,

323 2674 464 2714 anno
491 2663 699 2732 imperii
728 2679 785 2718 ιι
806 2706 822 2730 ,
855 2679 1039 2720 mense
1068 2680 1126 2720 ll.

424 2771 512 2842 (Α.
540 2769 599 2825 C.
633 2771 784 2844 528.)
813 2772 932 2829 Ind.
963 2792 1044 2842 Vl,
1072 2775 1365 2832 Iustiniano
1393 2778 1526 2850 Aug.
1559 2779 1670 2833 solo
1697 2759 1800 2832 εδδ.

399 2884 555 2942 Anno
587 2887 746 2956 regite
779 2887 934 2944 Urbis
973 2891 1203 2946 conditae
1241 2907 1437 2946 cxcvut
1461 2932 1476 2957 ,
1511 2892 1712 2961 regium
1742 2893 1906 2947 vesti-

331 2972 549 3040 bulum,
600 2979 938 3047 priscumque
988 2981 1038 3034 in
1083 2996 1150 3036 co
1193 2983 1388 3036 solium
1416 3025 1430 3051 ,
1479 2983 1550 3038 ob
1596 2983 1906 3053 aspicienda

1978 466 2088 535 jam
2119 466 2388 536 plerisque
2419 467 2684 522 nobilium
2713 467 3034 536 conjuratis,
3065 469 3322 537 omnique
3348 470 3572 527 seditio-

1982 572 2164 612 sorum
2194 558 2348 612 turba
2379 559 2836 628 armis'donisque
2864 559 3175 613 ministratis
3201 560 3401 627 illecta,
3427 562 3571 618 dolis

1983 647 2240 702 invadere
2267 657 2642 712 tentaverunt,
2683 658 2845 719 atque
2884 664 2978 717 per
3012 653 3250 720 quinque
3284 651 3570 708 continuos

1981 739 2097 794 dies
2127 740 2316 794 urbem
2347 740 2549 809 regiam
2583 740 2817 810 rapinis,
2853 741 2994 794 ferro
3023 740 3250 810 igneque
3279 757 3374 809 per
3397 746 3571 798 scele-

1984 840 2130 884 ratos
2158 830 2338 898 cives,
2381 831 2500 886 sine
2535 841 2686 887 certo
2726 832 2994 901 interrege
3033 832 3434 900 discursantes,
3473 834 3572 889 hoc

1984 923 2092 978 stili
2127 925 2436 993 impietate,
2475 925 2575 993 ip.~i
2613 940 2669 978 se
2708 924 2893 977 ﬁdeles
2931 924 3241 991 reipublica:
3278 925 3329 979 in
3371 926 3569 994 palatio

1986 1015 2408 1077 dissimulantes.
2452 1016 2759 1085 depopulati
2810 1024 2953 1068 sunt.
2995 1017 3190 1078 Quinta
3235 1032 3365 1070 vero
3405 1016 3572 1086 hujus

1988 1103 2189 1158 infandi
2229 1105 2453 1159 sceleris
2490 1105 2607 1170 die,
2641 1107 2765 1159 dttm
2796 1106 2862 1158 de
2891 1106 3009 1159 loro
3043 1106 3299 1175 llypatius
3337 1107 3574 1161 scelera-

1987 1201 2162 1248 torum
2191 1195 2446 1248 comitum
2480 1195 2725 1248 manibus
2755 1205 2946 1264 torque
2977 1196 3257 1250 redimitus
3293 1211 3486 1261 aureo,
3520 1208 3576 1250 et

1989 1285 2276 1354 Pompeius
2302 1303 2483 1341 comes
2513 1288 2630 1356 ejus
2661 1302 2753 1340 sua
2783 1287 2884 1340 sub
2913 1298 3059 1341 veste
3092 1289 3373 1353 loricatus,
3399 1286 3464 1342 ad
3500 1290 3576 1340 in-

1990 1381 2291 1434 vadendum
2345 1381 2715 1435 conscendunt
2773 1380 3058 1448 palatium;
3102 1390 3326 1448 uterque
3383 1394 3570 1433 eorum

1991 1482 2116 1526 ante
2159 1472 2300 1526 fores
2358 1471 2538 1538 palatii
2591 1481 2776 1538 captus
2835 1480 2954 1535 est,
3008 1472 3294 1538 statimque
3343 1468 3570 1538 piissimi

1993 1563 2248 1633 principis
2291 1564 2459 1618 nostri
2505 1573 2640 1617 nutu
2691 1573 2968 1617 catenatus
3015 1562 3422 1630 trucidatusqtte
3456 1576 3572 1628 pm-

1995 1669 2091 1709 nas
2118 1655 2246 1720 luit,
2276 1663 2330 1709 et
2354 1664 2480 1731 ante
2505 1655 2793 1723 imperium
2824 1653 3090 1722 perdidit,
3124 1668 3279 1721 quam
3311 1653 3574 1716 haberet,

1926 1751 1970 1809 Β
1998 1746 2293 1800 innumeris
2322 1746 2519 1814 passim
2551 1745 2604 1799 in
2633 1746 2778 1799 circo
2811 1745 3022 1814 p0pulis
3053 1745 3334 1797 trucidatis
3361 1784 3374 1807 ,
3407 1751 3462 1797 et
3491 1749 3573 1811 ty-

2001 1850 2293 1890 rannorum
2323 1835 2484 1890 sociis
2514 1836 2771 1889 continuo
2803 1835 3141 1904 proscriptis.
3179 1834 3418 1888 Ecclesia
3449 1841 3575 1886 tunc

2001 1927 2216 1984 incensa
2244 1943 2368 1982 mox
2399 1927 2562 1998 coepit
2592 1927 2660 1983 ab
2690 1927 2880 1982 eodem
2915 1930 3155 1997 Augusto
3186 1925 3456 1980 renovari.

2094 2039 2181 2111 (Α.
2211 2039 2270 2094 C.
2302 2039 2453 2110 553.)
2482 2037 2606 2094 Iud.
2639 2055 2692 2094 xl
2713 2080 2727 2107 ,
2761 2037 3060 2093 Iustiniano
3090 2039 3220 2109 Aug.
3256 2054 3312 2092 Ill
3342 2053 3449 2091 cos.

2069 2151 2198 2207 Post
2225 2152 2534 2208 diuturnum
2567 2151 2966 2220 immanemque
2999 2150 3238 2204 laborem
3261 2156 3449 2203 contra
3472 2145 3583 2200 Me-

1999 2241 2097 2299 dos
2130 2243 2388 2298 Romanis
2415 2253 2624 2314 gestum
2655 2242 2946 2298 sudoribus
2969 2283 2984 2307 ,
3013 2241 3230 2296 tandem
3275 2255 3370 2310 per
3412 2238 3584 2293 Rulli—

2000 2350 2126 2389 num
2184 2335 2506 2405 patricium,
2565 2348 2766 2404 perque
2821 2333 3210 2401 Hermogenem
3264 2329 3578 2399 magistrum

2001 2427 2297 2482 olﬁciorum
2321 2468 2335 2492 ,
2365 2439 2653 2495 utrumque
2676 2412 2902 2494 legatum
2925 2439 2954 2477 a
2978 2423 3218 2492 principe
3239 2430 3424 2475 nostro
3444 2418 3582 2473 mis-

2002 2532 2159 2584 sum,
2214 2533 2315 2588 pax
2361 2532 2482 2573 cum
2532 2516 2745 2572 Parthis
2796 2516 3019 2583 depacta
3064 2523 3166 2568 est.
3216 2511 3575 2581 Spousionem

2005 2611 2242 2678 percussi
2271 2609 2489 2666 foederis
2513 2609 2578 2662 ab
2609 2616 2836 2676 utroque
2868 2606 3191 2674 imperatore
3220 2604 3447 2658 invicem
3478 2599 3584 2655 sibi

2007 2715 2227 2756 munera
2259 2700 2314 2755 in
2342 2700 2688 2754 concordiam
2720 2699 2882 2751 mis.~a
2910 2703 3092 2751 secuta
3119 2703 3266 2748 sunt.

2190 2813 2279 2885 (A.
2309 2812 2367 2868 C.
2403 2811 2555 2882 554.)
2587 2811 2710 2885 Ind.
2746 2826 2842 2885 xit.
2865 2809 3164 2862 Iustiniano
3202 2807 3329 2878 Aug.
3364 2819 3416 2860 ιν

2565 2893 2610 2936 et
2646 2882 2865 2935 Paulino
2893 2898 3039 2934 coss-

2086 2997 2370 3053 Provincia
2397 2997 2576 3053 Africa
2615 3011 2736 3064 quas
2765 2995 2817 3048 itt
2846 2995 3115 3049 divisione
3142 3007 3294 3050 orntst
3329 2999 3592 3045 terrarum

331 3068 710 3180 ξτοὶξυιςιιείίιιιθ
760 3072 811 3174 ίξι
869 3073 1013 3127 Circo
1065 3075 1357 3176 ευξιεδηίίηθ
1398 3085 1695 3141 Sirmium.
1741 3077 1912 3130 ViClOI'
1937 3115 1983 3180 ε
2016 3103 2045 3141 a
2075 3087 2344 3158 plerisque
2376 3087 2428 3142 in
2460 3095 2612 3154 parte
2641 3086 2797 3140 tertia
2839 3085 3008 3153 posita
3052 3093 3171 3149 est,
3219 3082 3434 3136 volente
3481 3080 3594 3135 Deo

333 3157 664 3214 Justinianus
705 3162 992 3232 princeps,
1036 3164 1361 3220 eminentius
1402 3168 1709 3237 clariusque
1751 3184 1908 3237 quam

334 3246 506 3303 fuerat
525 3290 538 3313 ,
563 3259 616 3304 ct
644 3259 924 3320 utramque
945 3266 1255 3308 senatorum
1279 3270 1343 3311 ex
1374 3271 1526 3311 more
1557 3261 1911 3326 spectantium

335 3345 599 3410 porticum
632 3343 788 3397 solita
832 3348 1267 3416 magnanimitate
1306 3350 1714 3421 redintegravit,
1757 3352 1913 3407 bonis

337 3435 551 3501 quidem
581 3437 937 3506 agitatoribus
969 3443 1247 3508 przemium
1271 3481 1287 3507 ,
1318 3442 1528 3511 ignavis
1557 3455 1734 3499 autem
1763 3461 1914 3499 sevc-

339 3527 550 3582 ritatem
584 3529 829 3582 innuens.

575 3618 661 3689 (A.
691 3621 753 3676 C.
786 3620 935 3691 529.)
969 3621 1094 3678 Ind.
1127 3639 1196 3678 \‘tt
1220 3665 1233 3690 ,
1265 3623 1418 3679 Decio
1443 3625 1553 3680 solo
1584 3643 1688 3681 cos.

420 3732 633 3789 Parthis
672 3736 809 3790 bella
852 3738 1189 3792 moventibus
1229 3754 1378 3794 arma
1423 3741 1691 3794 Romanus
1720 3743 1920 3809 paravit

340 3828 642 3895 exercitus,
673 3829 914 3898 ﬁnesque
943 3845 1069 3885 suos
1097 3833 1369 3886 rebellans
1409 3843 1608 3886 tutatus
1646 3845 1746 3886 est.
1795 3834 1921 3888 Haec

341 3918 614 3987 expeditio
642 3928 949 3974 nostrorum
979 3936 1116 3990 pene
1146 3937 1240 3989 per
1266 3923 1691 3992 quinquennium
1722 3925 1917 3988 tenuit,

341 4010 692 4080 digressaque
725 4012 946 4068 Oriente
982 4013 1219 4070 Africam
1261 4015 1430 4083 petit,
1463 4026 1652 4071 contra
1682 4015 1920 4071 Wanda-

345 4102 427 4158 los
455 4101 682 4158 feliciter
709 4103 1050 4159 dimicatura.

417 4218 507 4289 (Α.
535 4217 597 4274 C.
621 4218 773 4281 530.)
802 4217 926 4273 Ind.
960 4235 1088 4290 vni,
1122 4220 1410 4291 Lampadio
1439 4232 1488 4276 et
1520 4221 1696 4278 Oreste
1720 4238 1850 4278 coss.

419 4329 614 4384 Mundo
651 4330 970 4401 lllyricianm
1009 4334 1287 4404 utriusque
1327 4332 1534 4389 militia:
1572 4335 1780 4401 ductor,
1821 4336 1921 4390 du-

342 4420 474 4476 dum
503 4422 654 4478 Getis
683 4424 950 4494 lllyricum
992 4425 1417 4480 discursantibus
1448 4428 1651 4495 primus
1680 4429 1924 4481 onmium

344 4511 716 4570 Romanorum
760 4516 955 4571 ducum
1005 4517 1272 4582 incubuit,
1317 4531 1517 4588 eosque
1556 4517 1695 4571 haud
1739 4519 1925 4587 paucis

345 4605 585 4674 ipsorum
612 4607 950 4678 interemptis
978 4610 1196 4678 iugavit.
1231 4609 1322 4662 llis
1351 4621 1527 4663 autem
1559 4609 1752 4664 deinde
1778 4623 1924 4665 coss.

347 4698 491 4753 idem
531 4698 638 4752 dux
677 4698 912 4753 audaciae
953 4714 1062 4753 suae
1099 4700 1364 4754 secundus
1398 4701 1448 4753 in
1482 4699 1762 4753 Thraciam
1794 4715 1927 4769 quo-

345 4804 454 4856 que
482 4790 760 4854 advolaus,
784 4792 1084 4859 praedantes
1114 4808 1232 4846 eam
1266 4791 1526 4860 Bulgares
1567 4792 1804 4845 feliciure
1836 4808 1928 4859 pu-

347 4897 451 4951 gna
481 4881 705 4949 cecidit,
740 4883 1044 4951 quingentis
1073 4899 1258 4936 eorum
1287 4884 1337 4936 in
1368 4883 1557 4952 praelia
1588 4883 1868 4936 trucidatis

414 4995 503 5073 (λ.
535 4995 595 5051 C.
630 4995 778 5066 55L)
811 4995 932 5049 Ind.
968 5012 1018 5050 lx
1044 5037 1059 5060 ,
1089 5006 1200 5073 post
1230 4999 1553 5073 consulatum
1585 4997 1859 5067 Lampadii

999 5081 1045 5121 et
1079 5067 1290 5121 Orestis.

425 5181 520 5236 llts
567 5196 710 5236 coss.
753 5182 921 5238 codex
966 5183 1298 5238 Justinianus
1344 5181 1552 5254 [Chiﬂl
1600 5183 1929 5254 Justiniani]

349 5272 472 5330 orbi
501 5274 873 5344 promulgatas
904 5282 1006 5329 est.

350 5385 445 5462 (Δ.
476 5386 541 5443 C.
570 5385 731 5456 552.)
765 5385 887 5440 Ind.
920 5402 948 5440 x
971 5427 985 5452 ,
1015 5386 1132 5508 illest
1158 5395 1268 5468 post
1298 5388 1620 5440 consulatum
1648 5387 1924 5455 Lampadii

1002 5473 1028 5508 e
1126 5471 1294 5508 restis.

1002 5471 1046 5509 et
1079 5471 1294 5512 urestts.

424 5569 707 5642 Hypatius,
732 5571 1018 5640 Pompeius
1047 5579 1104 5627 et
1135 5573 1338 5627 Probus
1367 5587 1564 5642 genere
1591 5571 1932 5637 consobrini,

350 5659 571 5727 divique
596 5662 863 5717 Anastasii
892 5672 1146 5731 nepotes,
1177 5664 1458 5732 imperium
1504 5662 1645 5731 quod
1686 5661 1787 5717 sibi
1825 5662 1933 5717 siu-

2015 3177 2279 3232 vindicata
2304 3186 2409 3232 est.
2436 3176 2704 3246 Carthago
2730 3191 2943 3245 quoque
2971 3175 3160 3228 civitas
3188 3173 3304 3242 ejus
3332 3187 3472 3227 anno
3501 3186 3597 3226 ex-

2014 3269 2244 3323 cidionis
2292 3283 2406 3322 suae
2457 3283 2620 3333 xcvt,
2672 3268 2839 3334 pulsis
2889 3265 3225 3335 devictisque
3273 3263 3594 3325 Wandalis.

2016 3358 2290 3413 Galimero
2333 3373 2460 3427 rege
2506 3373 2692 3412 eorum
2733 3365 2926 3426 capto,
2972 3365 3028 3411 et
3073 3354 3594 3422 Constantinopolim

2019 3448 2219 3512 misso,
2253 3459 2442 3516 quarto
2471 3448 2762 3503 Justiuiani
2804 3447 3062 3518 principis
3105 3446 3385 3501 consulatu
3429 3445 3597 3512 ipsius

2021 3541 2388 3596 moderatione
2435 3550 2652 3610 recepta
2700 3549 2818 3606 est,
2869 3555 2963 3594 sua
3004 3554 3124 3593 cum
3176 3536 3346 3607 patria
3393 3534 3600 3588 ﬁrmius

2020 3645 2178 3699 quam
2226 3631 2423 3684 dudum
2478 3631 2694 3694 fuerat,
2752 3630 3129 3697 redintegrata.
3187 3629 3304 3694 Quo
3355 3636 3601 3694 tempore

2021 3722 2411 3776 Theodahatlns
2432 3738 2523 3776 rex
2541 3723 2835 3776 Gothorum
2857 3720 3328 3774 Amalasuenrltam
3353 3719 3593 3786 reginam

2023 3812 2337 3865 creatricem
2367 3827 2516 3864 suam
2546 3811 2612 3865 de
2643 3826 2804 3878 regno
2835 3811 3039 3879 pulsam
3071 3809 3121 3862 itt
3149 3808 3318 3861 insula
3349 3807 3446 3861 laci
3479 3807 3604 3861 Bul-

2024 3901 2278 3955 siniensis
2307 3900 2524 3954 occidit.
2556 3899 2719 3968 Cujus
2762 3909 2987 3953 mortem
3021 3899 3315 3966 imperator
3343 3896 3566 3951 Justinia
3586 3927 3602 3938 -

2024 4007 2126 4046 nus
2170 4001 2227 4045 ut
2253 3991 2419 4046 doluit
2444 4035 2457 4058 ,
2489 3993 2567 4044 sic
2596 4002 2677 4045 est
2708 3991 2852 4043 ultus
2882 3989 3071 4060 [ScaL
3101 3989 3178 4043 sic
3205 3997 3260 4042 et
3284 3988 3426 4043 ultus
3456 3985 3602 4058 est].

2026 4081 2170 4155 [Huc
2200 4099 2356 4152 usque
2387 4081 2722 4136 Marcellinus
2753 4080 2965 4152 comes.)

2189 4191 2279 4262 (Α.
2308 4191 2370 4248 C.
2403 4192 2554 4263 535.)
2587 4190 2710 4246 Ind.
2742 4208 2872 4258 xm,
2905 4191 3156 4250 Belisario
3183 4191 3295 4246 solo
3319 4207 3423 4246 cos.

2097 4305 2386 4376 Postquam
2423 4303 2686 4375 Carthago
2715 4302 2990 4374 Libysque
3019 4317 3118 4357 suo
3144 4316 3265 4356 cum
3305 4314 3430 4369 rege
3469 4299 3609 4355 Seli-

2029 4413 2180 4453 mero
2209 4413 2306 4467 per
2335 4396 2650 4452 Belisariutn
2679 4403 2763 4451 est
2788 4394 3087 4462 subjugata,
3112 4392 3181 4446 de
3219 4392 3386 4444 Roma
3427 4389 3612 4444 Italia-

1955 4486 2005 4546 D
2029 4505 2136 4560 que
2175 4491 2439 4545 deliberat
2473 4490 2766 4556 imperator
2793 4502 2806 4538 :
2839 4483 3143 4552 iterumque
3174 4479 3476 4550 expeditio,
3509 4480 3605 4534 ite-

2034 4596 2260 4650 rumque
2289 4581 2477 4634 classis
2506 4589 2744 4648 paratur,
2779 4575 3023 4643 idemque
3061 4573 3253 4626 ductor
3293 4571 3385 4641 qui
3422 4571 3613 4626 consul

2033 4670 2266 4740 eligitur,
2300 4678 2552 4738 rectoque
2579 4667 2792 4735 navigio
2832 4664 3065 4720 Siciliam
3116 4672 3405 4734 properat,
3449 4662 3613 4716 Cata-

2036 4775 2157 4815 uam
2185 4769 2240 4815 et
2267 4759 2564 4829 Syracusas
2595 4758 2710 4810 sine
2740 4771 2887 4809 mora
2911 4796 2926 4819 ,
2960 4756 3125 4809 immo
3164 4769 3379 4809 omnem
3423 4767 3612 4821 perva-

2035 4852 2114 4906 dit
2142 4851 2497 4905 Trinacriam.
2549 4849 2726 4916 Ibique
2771 4847 3108 4914 comperiens
3152 4844 3292 4914 quod
3336 4843 3389 4897 in
3431 4842 3613 4897 Africa

2043 4942 2199 4997 civile
2227 4941 2423 4996 bellum
2455 4941 2719 5001 exoritur,
2748 4945 2802 4991 et
2827 4938 2980 4990 miles
3009 4936 3060 4989 in
3105 4935 3376 5003 proprium
3422 4931 3616 4986 ducem

2035 5033 2297 5101 insurgit,
2325 5047 2444 5085 cutn
2490 5028 2671 5099 paucis
2709 5028 2778 5081 ad
2820 5027 3050 5082 Africam
3095 5025 3294 5087 tendit,
3337 5022 3619 5077 Solomuni

2032 5124 2123 5192 qui
2151 5133 2374 5192 prmerat
2406 5121 2657 5176 subvenit
2685 5139 2696 5172 :
2729 5120 3025 5175 exercitum
3057 5131 3184 5169 vero
3226 5118 3422 5184 partim
3463 5114 3619 5167 blan-

2034 5214 2262 5277 diendo,
2296 5212 2487 5281 pxrtim
2517 5210 2857 5272 ulciscendo,
2912 5207 3185 5261 inimicum
3218 5216 3500 5271 tyrannum
3537 5205 3617 5258 el-

2036 5302 2305 5372 lttgando,
2340 5303 2649 5373 reipublith
2690 5299 2923 5355 consulit
2962 5296 3215 5364 utilitati,
3263 5309 3621 5366 remensoque

2039 5394 2254 5463 navigio
2299 5395 2629 5448 Trinacriam
2674 5391 2834 5445 redit.
2883 5388 3139 5458 Agapitus
3178 5388 3432 5442 Romana:
3472 5388 3622 5442 urbis

2040 5485 2324 5554 episc0pus
2353 5501 2382 5538 a
2411 5483 2686 5539 Theodato
2715 5495 2839 5549 rege
2864 5481 3160 5544 Gothorum
3203 5480 3257 5534 in
3296 5479 3616 5548 legationem

2045 5574 2280 5629 directus
2307 5572 2831 5640 Constantinopolim
2860 5571 3025 5627 venit.
3059 5570 3228 5624 Tzitta
3274 5570 3529 5639 patricius
3569 5573 3621 5624 in

2048 5663 2213 5732 Mysia
2244 5679 2365 5722 cum
2396 5665 2549 5719 hoste
2577 5662 2866 5732 Belgarum
2911 5661 3263 5733 congrediens
3313 5660 3380 5720 ad
3418 5660 3624 5719 Jatrum
