4064 6190
480 308 582 368 9-53

1756 292 1803 347 Μ
1823 284 2169 343 \RCELLINI
2210 280 2477 340 (ΣΟΜΠΊΞ

3646 262 3762 320 931

481 421 725 493 superior
766 414 1053 473 invenitur.
1087 408 1420 482 Epiphanius
1462 404 1744 474 episcopus
1775 402 1939 471 regia:
1968 415 2061 453 nr—
2090 400 2135 457 Λ
2167 410 2263 451 nes
2311 394 2567 465 magister
2608 387 2838 445 militum
2886 399 3009 441 eum
3060 381 3241 444 Batza,
3284 377 3527 443 Conone,
3585 378 3762 433 Paulo

483 492 566 575 bis
595 523 718 568 ante
747 510 1036 566 adventum
1066 502 1296 560 Romani
1324 499 1575 572 praesulis
1615 496 1844 550 moritur
1872 509 1886 546 :
1915 492 2071 561 cujus

486 605 849 675 episcopatum
898 607 1084 655 contra
1135 607 1377 651 canones
1424 589 1712 646 Anthimus
1758 586 2071 655 Trapezun-

486 706 608 753 tena
641 690 881 748 Ecclesia
912 689 1096 744 relicta
1131 685 1357 740 invadit.

557 808 646 878 (A.
669 806 728 861 C.
763 802 916 871 556.)
947 801 1070 855 Ind.
1107 815 1227 865 xw,
1262 804 1373 866 post
1399 792 1723 849 consulatum
1754 786 2014 843 Belisarii.

563 915 836 971 Ebremud
879 911 1140 966 Theodati
1180 922 1379 978 genere
1418 904 1609 959 relicto
1650 900 1891 955 exercitu
1930 896 2078 966 regio

493 1014 545 1065 in
578 1009 812 1073 Brutiis,
844 1005 908 1059 ad
937 1002 1256 1058 Belisariunt
1290 999 1342 1053 iu
1383 995 1625 1054 Siciliam
1665 990 1988 1046 convolavit.
2021 987 2076 1041 In

496 1102 676 1158 Africa
718 1112 882 1159 vero,
925 1095 1218 1150 Solomone
1259 1090 1439 1144 itidem
1480 1102 1601 1141 eum
1644 1081 1884 1138 exercitu
1923 1079 2083 1132 dlaSi-

496 1196 655 1248 dente
674 1231 691 1257 ,
722 1189 1023 1245 Germanus
1050 1183 1290 1240 succedit
1318 1180 1663 1235 Solomonem
1707 1176 1985 1229 remittens
2015 1168 2082 1223 atl

500 1282 818 1354 principem.
852 1278 1139 1333 Belisarius
1178 1273 1523 1343 Campaniam
1572 1268 1837 1323 transiens
1877 1265 2085 1332 Neapo-

502 1376 593 1426 lim
628 1381 820 1427 vastat.
840 1370 1139 1425 Gothorum
1166 1365 1439 1420 exercitus
1461 1359 1879 1415 Theodahadum
1904 1368 2083 1425 regem

503 1466 708 1519 habens
736 1471 1042 1530 suspectum
1065 1500 1078 1521 ,
1111 1457 1340 1525 Vitigem
1370 1456 1422 1508 in
1452 1468 1674 1521 regnum
1706 1448 1924 1503 asciscit
1951 1463 1963 1497 ε
1997 1444 2086 1513 qui

505 1571 631 1610 mox
661 1556 714 1609 in
744 1565 935 1619 eampo
961 1548 1241 1603 barbarico
1284 1558 1515 1613 regnum
1550 1541 1809 1611 pervasit.
1858 1536 2089 1605 Expedi-

507 1648 653 1701 tione
702 1644 870 1698 soluta
920 1641 1145 1696 Romam
1195 1628 1512 1708 ingreditur,
1565 1633 1655 1688 ubi
1698 1631 1810 1701 jam
1863 1628 2090 1698 Agapito

2174 487 2450 556 Romaque
2492 480 2812 547 illustribus,
2862 490 3161 547 magnoque
3191 473 3430 528 exercitu
3468 478 3760 549 apparatu,

2173 576 2240 630 ad
2260 542 2461 630 Italiam
2489 542 2809 643 properant,
2827 542 3112 635 castraque
3136 562 3202 617 ad
3225 572 3436 630 portum
3451 542 3762 615 Romanum

2173 668 2472 730 collocant,
2540 660 2804 717 laboranti
2864 658 3052 711 Romae
3108 651 3454 707 subveniunt.
3510 651 3761 718 Quorum

2175 759 2463 813 adventurm
2498 754 2700 823 Vitiges
2727 762 2977 813 cernens,
3009 745 3171 799 trium
3198 734 3465 796 mensium
3494 741 3768 811 temporis

2178 864 2301 904 cum
2344 846 2607 902 Belisario
2646 849 2800 912 pacta
2830 837 3141 903 conﬁrmat,
3186 847 3421 902 suosque
3451 832 3655 901 legatos
3687 830 3764 885 ad

2180 942 2562 1007 imperatorem
2622 932 2961 990 transmittit.
3017 929 3072 982 In
3134 941 3236 997 qua
3288 938 3423 995 pace
3470 923 3768 979 Belisarius

2180 1029 2526 1099 Campaniam
2564 1025 2726 1094 redit,
2758 1036 2987 1078 annonae
3015 1019 3226 1088 cupiam
3252 1016 3437 1071 Romae
3464 1014 3718 1069 illaturus
3749 1030 3766 1066 :

2182 1133 2539 1189 reversusque
2582 1115 2876 1184 Campania
2933 1109 3263 1167 contrarium
3308 1105 3410 1160 sibi
3455 1105 3523 1160 de
3576 1104 3762 1159 medio

2184 1211 2359 1266 aufert
2402 1208 2817 1265 Constantinum
2866 1202 3174 1275 patricium.
3228 1198 3463 1255 Joannes
3521 1211 3661 1253 vero
3717 1196 3773 1251 in

2184 1313 2341 1378 portu
2369 1319 2489 1374 qua:
2519 1310 2768 1374 posuerat
2797 1307 2971 1354 castra
3004 1296 3285 1357 deserens,
3325 1290 3627 1348 Samnitum
3678 1304 3772 1344 re-

2188 1399 2400 1467 gionem
2427 1395 2703 1465 ingressus
2724 1400 2840 1455 est,
2880 1393 3188 1456 Aternoquc
3224 1382 3420 1454 oppido
3440 1390 3774 1452 expugnato,

2188 1489 2510 1544 Tremonem
2555 1485 2855 1542 Gethorum
2900 1482 3092 1534 ducem
3143 1492 3266 1531 eum
3297 1476 3409 1530 suis
3452 1473 3771 1544 prosternit.

2190 1580 2448 1635 Ortonam
2484 1591 2698 1647 quoque
2727 1573 2976 1629 similiter
2998 1568 3203 1625 invadit
3237 1585 3249 1620 :
3283 1567 3539 1621 Picenum
3565 1564 3779 1633 deprss-

2194 1671 2350 1733 daus,
2400 1667 2699 1723 Ariminum
2757 1670 3005 1731 occupat.
3060 1660 3178 1729 Quo
3222 1657 3405 1713 audito
3456 1656 3664 1726 Vitigcs
3712 1655 3780 1708 ab

509 1734 968 1803 (ἶοηδίεηῑῖηοροιί
997 1730 1269 1824 καθίμηειο
1292 1770 1308 1795 ν
1349 1726 1742 1824 Τ¹¹ξίξά³¹¹³δ¹¹ῗ
1763 1738 1876 1824 ,ῩΕῙ
1921 1720 2090 1824 ἓῃΪῗῘ
2123 1753 2166 1812 Β
2196 1720 2666 1815 obsidioiienl‘lrhis
2705 1754 2759 1809 in
2789 1720 3105 1824 qua'adhue
3136 1757 3255 1820 post
3291 1720 3777 1815 turbatam'pacem

509 1826 648 1881 rium
677 1823 1006 1895 episcopatui
1040 1822 1361 1890 subrogarat
1381 1860 1396 1884 ,
1430 1817 1609 1886 ibique
1636 1815 1882 1872 residens
1910 1810 2092 1882 dirigit

510 1918 825 1973 Ravennam
846 1956 861 1983 ,
892 1914 1227 1970 'lheodatum
1260 1909 1490 1976 occidit,
1523 1909 1575 1962 in
1607 1907 1726 1962 loco
1766 1905 1857 1975 qui
1895 1903 2094 1967 dicitur

512 2011 741 2078 Quintus
764 2052 779 2077 ,
808 2010 959 2078 juxta
987 2006 1209 2060 ﬂuvium
1253 2004 1581 2060 Santer‘num
1611 2018 1624 2053 :
1655 2008 1711 2054 et
1752 1999 1869 2068 ipse
1905 1996 2094 2051 subse-

514 2104 699 2174 quitur
723 2117 822 2171 per
843 2099 1093 2155 Tusciam
1115 2137 1131 2163 ,
1158 2110 1347 2150 omnes
1372 2108 1504 2163 opes
1525 2090 1787 2146 Theodati
1812 2088 2095 2158 diripiens,

515 2208 649 2265 quas
677 2194 729 2247 in
761 2190 934 2246 Insula
957 2229 974 2257 ,
1004 2188 1089 2243 vel
1119 2188 1173 2241 in
1197 2185 1501 2242 Urbevetus
1523 2189 1964 2265 congregaverat.
1990 2176 2097 2232 Ra-

517 2299 855 2354 vennamque
895 2283 1166 2352 ingressus
1205 2275 1630 2333 Matesuentbam
1674 2258 1891 2344 neptem
1921 2270 2101 2327 Theo-

521 2376 695 2431 dorici
736 2373 839 2429 sibi
881 2373 1103 2461 sociam,
1127 2370 1181 2425 in
1219 2383 1385 2461 regno
1423 2368 1547 2436 plus
1576 2366 1628 2421 vi
1665 2364 1901 2433 copulat,
1936 2376 2098 2433 quam

520 2480 726 2522 amore.
760 2463 1055 2519 Belisarius
1085 2452 1302 2515 favente
1348 2458 1576 2513 Domino
1616 2454 1939 2526 ingreditur.
1971 2452 2103 2508 Ger-

524 2574 713 2615 manus
741 2559 795 2613 in
819 2557 998 2613 Africa
1030 2554 1258 2611 feliciter
1285 2552 1646 2607 administrat.
1684 2550 1939 2620 Agapitus
1968 2547 2106 2603 Con-

521 2651 924 2720 stantinopolim
945 2690 959 2712 ,
992 2656 1050 2703 ut
1075 2647 1344 2712 diximus,
1379 2643 1665 2713 episcopus
1694 2641 1763 2696 de
1803 2639 1970 2695 Roma
2011 2637 2109 2692 ad-

524 2740 747 2795 veniens
767 2780 783 2803 ,
808 2738 1117 2792 Anthimum
1145 2751 1266 2791 mox
1298 2733 1534 2789 Ecclesia
1565 2731 1747 2801 pellit,
1776 2729 1961 2785 dicens
1984 2741 2107 2782 cum

524 2835 677 2901 juxta
723 2826 1146 2884 ecclesiasticam
1192 2824 1436 2895 regulam
1484 2821 1829 2885 adulterum,
1874 2821 1965 2890 qui
2012 2831 2109 2871 sua

532 2924 777 2979 Ecclesia
804 2920 1022 2975 dimissa
1065 2918 1327 2974 ambierat
1365 2915 1596 2971 alienam
1625 2914 1717 2968 :in
1742 2911 1894 2981 cujus
1933 2910 2109 2963 locum

530 3020 778 3074 Hennam
818 3014 1189 3086 presbyterum
1232 3011 1545 3080 episcopum
1582 3005 1888 3066 ordinavit:
1919 3011 1975 3058 et
1996 3001 2113 3072 ipse

2191 1850 2545 1916 consistebat,
2597 1845 2783 1903 relicta
2830 1845 3023 1909 Roma,
3058 1856 3155 1911 per
3190 1838 3394 1896 Clediae
3439 1852 3686 1909 aggerem
3718 1847 3775 1891 et

2195 1940 2549 2001 annonariam
2578 1938 2829 1994 Tusciam
2860 1934 3052 1991 transit
3081 1931 3446 2002 Apenninum,
3474 1938 3529 1984 et
3569 1930 3621 1982 in
3664 1928 3779 1980 Ru-

2198 2034 2406 2091 biconis
2465 2028 2702 2085 fluminis
2748 2029 2865 2097 ripa
2919 2035 3096 2083 eastra
3154 2029 3406 2087 metatus,
3476 2018 3783 2074 Ariminum

2196 2125 2432 2181 obsidet.
2464 2121 2619 2178 Unde
2652 2118 3006 2190 proturbatus
3036 2130 3065 2169 a
3098 2113 3321 2170 Narsete
3359 2112 3427 2166 de
3464 2109 3782 2166 Constanti-

2199 2217 2409 2290 nopoli.
2440 2226 2497 2272 et
2546 2230 2578 2269 a
2623 2208 2890 2270 Belisario
2908 2209 2977 2265 de
3026 2208 3192 2264 Roma
3223 2203 3589 2270 venientibus,
3649 2200 3787 2272 fugit

2200 2311 2540 2367 Ravennam.
2575 2304 2743 2375 Cujus
2796 2315 2967 2372 nepos
3008 2299 3173 2355 Oraio
3214 2294 3579 2352 Mediolanum
3628 2292 3786 2363 longa

2202 2403 2378 2459 inedia
2408 2400 2642 2467 deterit,
2680 2396 2968 2453 blundilam
3002 2393 3336 2461 Paulumque
3364 2388 3537 2443 duces
3581 2386 3655 2439 ibi
3689 2399 3784 2453 po-

2204 2498 2338 2552 sitos
2362 2510 2484 2550 cum
2518 2506 2618 2547 suo
2638 2490 2814 2545 milite
2836 2487 3112 2545 obsidens.
3142 2482 3365 2539 Narsete
3392 2495 3525 2535 vero
3550 2476 3790 2532 Arimino

2209 2585 2503 2648 residente,
2529 2579 2821 2637 Belisarius
2838 2578 3102 2633 accedens
3128 2574 3355 2629 Romam
3383 2569 3451 2625 ad
3474 2569 3789 2625 exhieman-

2207 2678 2359 2740 dum,
2387 2675 2661 2731 deditione
2689 2671 2913 2740 suscipit
2955 2667 3249 2730 Urbinum,
3299 2672 3356 2719 et
3401 2660 3793 2726 Urbemvetus,

2209 2779 2266 2826 et
2294 2763 2524 2825 in’sulam
2548 2766 2650 2821 laci
2685 2760 3042 2819 Bulsinensis.

2410 2879 2500 2949 (A.
2542 2875 2605 2932 C.
2634 2874 2786 2946 559.)
2817 2873 2942 2929 Ind.
2973 2889 3046 2940 tt,
3086 2872 3329 2941 Appiana
3356 2879 3465 2926 solo
3492 2886 3599 2925 cos.

2286 2992 2487 3048 Narses
2542 2988 2836 3045 revertitur
2888 2982 3443 3055 Constantinopolim.
3505 2979 3806 3037 Belisarius

530 3072 835 3165 extremum
865 3072 1009 3160 diem
1037 3102 1174 3159 obiit
1210 3072 1282 3156 in'
1303 3072 1573 3156 Domino:
1604 3097 1659 3152 in
1701 3095 1851 3151 nullo
1895 3101 2074 3150 tamen
2093 3131 2109 3159 ,
2141 3111 2188 3176 ρ
2216 3084 2474 3141 obsidens
2500 3082 2788 3138 Auximum
2821 3080 3055 3149 septimo
3079 3090 3265 3132 mense
3296 3074 3619 3147 ingreditur,
3650 3072 3805 3128 simi-

531 3201 671 3255 sicut
691 3198 740 3254 ei
762 3212 791 3252 a
815 3195 1054 3266 principe
1074 3190 1447 3263 objiciebatur,
1462 3187 1700 3245 sentiens
1718 3192 1909 3241 contra
1929 3182 2113 3239 ﬁdem.

536 3292 657 3356 Ipso
688 3302 920 3357 namque
954 3298 1096 3340 anno
1140 3283 1210 3338 ob
1243 3281 1464 3337 nimiam
1503 3278 1797 3334 siccitatem
1821 3284 2039 3347 pastura
2063 3274 2117 3328 in

537 3378 760 3436 Perside
787 3378 1083 3446 denegata.
1114 3374 1336 3431 circiter
1363 3371 1674 3443 quindecim
1702 3369 1866 3425 millia
1897 3367 2121 3424 Sarace-

540 3486 729 3527 norum
761 3470 829 3524 ab
856 3466 1220 3524 Alamundaro
1258 3480 1381 3520 cum
1421 3462 1606 3518 Chabo
1650 3471 1705 3516 et
1744 3459 1948 3516 ﬂezido
1987 3457 2122 3529 phy-

539 3561 735 3618 larchis
762 3560 967 3615 limites
998 3555 1369 3623 Euphratesiaa
1399 3554 1636 3625 ingressa
1672 3559 1820 3608 sunt.
1857 3548 1960 3605 Ubi
1998 3548 2122 3602 Bat-

540 3668 631 3707 zas
669 3653 775 3707 dux
818 3664 913 3705 eos
953 3648 1149 3719 partim
1191 3646 1499 3710 blanditiis,
1542 3645 1740 3714 partim
1779 3640 2124 3703 distractione

548 3742 672 3816 [Vel
721 3737 1077 3809 districtione]
1107 3737 1328 3808 pacifica
1356 3736 1584 3804 fovit,et
1619 3733 1889 3789 inhiantes
1922 3731 2124 3788 bellare

542 3836 819 3907 repressit.

550 3949 641 4019 (A.
671 3949 735 4005 C.
777 3945 930 4017 557.)
973 3943 1099 3998 Ind.
1133 3959 1221 4007 xv,
1245 3943 1462 4065 “5:52:11:
1501 3947 1615 4011 post
1654 3937 1978 3993 consulatum
2028 3934 2127 3989 Be-

1267 4029 1429 4067 nam.

619 4130 823 4200 Vitiges
863 4135 1125 4199 tyrannus
1164 4124 1406 4181 exercitu
1443 4130 1732 4193 aggregato
1763 4120 1991 4177 Romam
2024 4119 2125 4177 ob-

553 4220 724 4287 s.det,
755 4218 845 4275 cui
881 4227 1010 4272 tunc
1054 4216 1323 4272 faventem
1362 4229 1554 4285 papam
1596 4212 1885 4269 Silverium
1925 4211 2131 4267 Belisa—

553 4315 664 4368 rius
693 4311 760 4367 ab
803 4310 1112 4380 episcopatu
1146 4306 1463 4373 submovit,
1490 4315 1544 4361 et
1569 4305 1689 4360 loco
1731 4304 1850 4374 ejus
1874 4303 2128 4373 Vigilium

556 4408 836 4463 diaconum
898 4401 1190 4458 ordinavit.
1242 4400 1617 4470 Temporeque
1674 4398 1835 4467 longo
1901 4396 2126 4451 Romam

556 4498 836 4553 obsidente
861 4494 1036 4566 Vitige
1055 4534 1072 4559 ,
1122 4492 1423 4548 Belisarius
1458 4491 1599 4545 intus
1625 4489 1802 4546 inedia
1828 4488 2130 4559 vigiliisque
2157 4478 2210 4540 D

558 4591 839 4656 laborans,
872 4587 1125 4643 auxilium
1154 4586 1221 4642 ab
1250 4586 1577 4654 imperatore
1612 4584 1881 4653 deposcit.
1915 4580 2013 4639 Cui
2052 4581 2134 4638 di-

470 4686 473 4689 ’
559 4681 692 4736 recti
719 4688 843 4733 sunt
869 4678 1133 4737 Martinus
1159 4686 1214 4732 et
1250 4676 1589 4741 Valerianus,
1622 4685 1851 4744 uterque
1880 4672 2138 4742 magister

562 4772 766 4828 militia:
800 4789 811 4825 :
846 4784 946 4826 nec
969 4770 1050 4825 sic
1080 4778 1257 4824 tamen
1290 4769 1495 4840 Vitiges
1523 4767 1861 4825 obsidionem
1890 4764 2129 4835 reliquit.

559 4862 619 4919 In
648 4862 825 4919 Africa
854 4860 1155 4918 Germanus
1191 4860 1511 4916 rebelliones
1541 4858 1745 4914 milites
1782 4873 1905 4913 eum
1951 4857 2138 4914 Stotsa

562 4966 787 5030 tyranno
830 4956 971 5010 inter
1016 4954 1321 5009 Maurorum
1362 4954 1573 5030 deserta
1624 4950 1875 5006 bellando
1904 4950 2131 5020 eﬂ'ugat.

562 5024 617 5105 In
644 5048 862 5104 Oriente
888 5060 1100 5116 quoque
1120 5044 1185 5099 Jo
1202 5058 1352 5097 mnes
1372 5024 1617 5099 Couistis
1642 5042 1906 5111 arripiens
1938 5048 2137 5110 tyran-

566 5140 780 5206 nidem,
832 5146 958 5193 ante
991 5152 1149 5207 quam
1195 5134 1405 5189 adversi
1445 5132 1645 5204 aliquid
1682 5140 1935 5198 tentaret,
1974 5131 2142 5186 Daras

566 5234 867 5291 exstinctus
915 5240 1019 5287 est.
1074 5228 1315 5285 Ecclesia
1362 5225 1534 5296 major
1578 5223 2039 5291 Constantinopoli
2072 5224 2140 5279 ab

568 5326 893 5395 imperatore
944 5320 1249 5378 Justiniano
1285 5316 1634 5388 singulariter
1673 5317 1727 5371 in
1776 5314 1975 5371 mundo
2008 5329 2143 5370 eon-

569 5424 773 5472 structa
799 5412 1078 5471 dedicatur
1104 5411 1195 5467 die
1222 5426 1273 5466 vt
1306 5407 1417 5464 kal.
1448 5409 1755 5465 Ianuarias.

571 5525 663 5596 (A.
705 5524 769 5580 C.
812 5522 965 5593 538.)
1006 5520 1131 5579 Ind.
1161 5535 1220 5596 I,_
1242 5518 1447 5596 Joanne
1490 5519 1602 5574 solo
1633 5518 1753 5590 [Vel
1786 5519 2071 5575 Volusiano
2101 5529 2150 5573 et

1188 5590 1220 5644 Ι
1232 5589 1416 5662 uenite]
1437 5606 1541 5645 cos.

606 5745 615 5749 -
647 5700 836 5757 Adhuc
864 5702 1037 5770 Vitige
1063 5702 1116 5756 in
1144 5699 1424 5756 obsidione
1457 5700 1639 5755 Romae
1688 5709 1956 5766 morante,
1986 5691 2153 5754 Joan-

2220 3176 2451 3247 literque
2496 3182 2552 3230 et
2608 3172 2883 3228 Fesulam.
2932 3169 3092 3226 Gothi
3146 3167 3511 3224 Mediolanum
3569 3163 3805 3234 ingrcssi

2220 3282 2403 3323 muros
2430 3267 2670 3332 diruttnt,
2704 3265 3051 3335 praedamque
3078 3261 3259 3331 potiti,
3291 3274 3483 3315 omnes
3522 3257 3808 3312 Romanos

2222 3358 2571 3413 interficiunt.
2622 3356 2915 3411 Mundilam
2961 3353 3296 3423 Paulumque
3336 3350 3504 3405 duces
3530 3348 3811 3404 abducunt

2222 3452 2559 3507 Ravennam.
2599 3448 2993 3504 Theudibertus
3032 3443 3362 3499 Francorum
3404 3458 3502 3497 rex
3536 3456 3661 3495 cum
3697 3455 3813 3495 ma-

2223 3562 2330 3617 gno
2357 3544 2603 3600 exercitu
2641 3542 2955 3606 adveniens,
2991 3539 3266 3610 Liguriam
3296 3546 3574 3609 totamque
3602 3536 3814 3606 deprae-

2224 3637 2317 3691 dat
2361 3635 2660 3692 Emiliam.
2692 3632 2932 3690 Genuam
2964 3629 3221 3701 Oppidum
3272 3628 3327 3683 in
3358 3629 3539 3683 littore
3576 3626 3812 3698 Tyrreni

2226 3729 2391 3785 maris
2425 3728 2588 3784 situm
2613 3726 2809 3783 evertit
2836 3739 2899 3781 ac
2938 3722 3165 3793 prmdat.
3194 3720 3446 3777 Exercitu
3477 3718 3677 3774 dehinc
3711 3732 3811 3771 suo

2230 3820 2427 3887 moer
2453 3818 2769 3882 laborante,
2799 3824 2859 3872 ut
2895 3815 3182 3870 subveniat
3210 3812 3487 3882 paciscens
3514 3825 3638 3866 cum
3668 3807 3809 3863 Beli-

2229 3890 2423 3978 sario,’
2441 3911 2510 3967 ad
2552 3909 2758 3967 Gallias
2803 3906 3117 3964 revertitur.
3164 3904 3468 3961 Germanus
3513 3899 3585 3956 de
3625 3898 3810 3955 Africa

2230 4002 2752 4072 Constantinopolim
2822 4006 3097 4058 evocatur.
3171 3997 3426 4053 Solomon
3483 3994 3558 4050 ibi
3622 4005 3812 4049 rursus

2232 4097 2501 4168 dirigitur.
2538 4095 2725 4151 Calluc
2750 4091 3006 4162 magister
3033 4090 3262 4146 militum
3288 4104 3411 4144 cum
3437 4086 3659 4158 Gepidis
3694 4085 3809 4156 pri-

2235 4205 2383 4246 mum
2413 4187 2646 4243 feliciter
2675 4185 2963 4249 dimicans,
2992 4180 3231 4238 secundo
3258 4179 3544 4254 infeliciter
3570 4178 3702 4235 ruit.

2378 4304 2469 4375 (A.
2498 4301 2560 4358 C.
2592 4299 2742 4371 sse.)
2774 4297 2900 4355 Ind.
2930 4313 3011 4365 ιιι,
3040 4294 3247 4352 Iustino
3270 4295 3386 4360 iun.
3410 4293 3522 4348 solo
3566 4307 3676 4348 cos.

2308 4412 2491 4471 Parthi
2530 4412 2587 4469 in
2628 4410 2840 4483 Syriam
2877 4407 3109 4478 ingressi
3158 4404 3356 4461 multas
3389 4401 3553 4457 nrbes
3593 4399 3819 4456 subver-

2239 4516 2358 4561 tunt
2386 4522 2402 4560 :
2434 4511 2624 4559 contra
2653 4515 2791 4572 quos
2815 4500 3120 4555 Germanus
3140 4510 3288 4551 arma
3319 4493 3621 4563 arripiens.
3650 4490 3819 4546 Justi-

2241 4614 2367 4654 num
2402 4594 2593 4658 lilium,
2622 4593 2982 4661 eumdemque
3005 4589 3304 4652 consulem,
3337 4586 3390 4640 in
3421 4586 3553 4653 ipsis
3578 4582 3822 4639 fascibus

2240 4704 2421 4745 secum
2462 4687 2628 4742 ducit.
2663 4683 2944 4739 Antiochia
2976 4694 3171 4751 magna
3195 4677 3503 4748 depradata
3528 4674 3825 4731 demolitur

2242 4799 2270 4838 a
2296 4780 2501 4838 Persis.
2550 4778 2843 4834 Belisarius
2897 4775 3209 4829 Ravennam
3259 4767 3579 4839 ingreditur,
3636 4781 3821 4838 regem

2247 4875 2477 4943 Vitigem
2524 4882 2578 4927 et
2623 4871 2903 4939 reginam,
2954 4874 3284 4932 cunctasque
3328 4874 3459 4932 opes
3503 4859 3823 4929 Gothosque

2246 4965 2542 5023 nobiliores
2560 4962 2757 5016 tollens
2782 4974 2989 5025 secum,
3012 4957 3078 5012 ad
3099 4957 3480 5026 imperatorem
3500 4950 3822 5011 revertitur,

2246 5066 2508 5117 evocante
2548 5071 2608 5111 se
2655 5054 2911 5110 Marcello
2959 5051 3180 5107 comite.
3224 5050 3482 5109 Solomon
3539 5046 3593 5099 in
3645 5043 3824 5099 Africa

2246 5150 2473 5207 feliciter
2501 5146 2765 5203 dimicans
2794 5143 3125 5200 rebelliones
3148 5139 3451 5210 proturbat.
3480 5134 3647 5193 Gothi
3674 5142 3826 5189 trans

2248 5241 2450 5297 Padum
2472 5237 2795 5300 residentes,
2813 5235 2974 5291 Ora‘io
3003 5232 3193 5301 Vitigis
3224 5238 3421 5299 nepote
3442 5236 3496 5284 et
3519 5225 3829 5281 Reldebado

2253 5330 2618 5397 ductantibus,
2668 5326 2896 5397 Vitigem
2927 5339 3109 5394 regem
3153 5335 3276 5376 cum
3320 5320 3504 5389 regina
3534 5316 3831 5386 opibusque

2249 5421 2460 5493 palatii,
2488 5435 2588 5474 nec
2618 5432 2723 5473 non
2755 5428 2806 5473 et
2827 5415 3038 5473 Gothos
3056 5412 3337 5469 audientes
3361 5408 3580 5465 sedibus
3599 5404 3833 5477 propriis

2254 5515 2461 5586 pulsos,
2507 5511 2892 5581 Orientemque
2934 5522 3032 5579 per
3072 5504 3394 5561 Belisarium
3432 5500 3715 5563 abductos,
3748 5509 3832 5551 re-

2255 5607 2460 5663 bellare
2488 5604 2807 5674 disponunt,
2853 5614 3038 5671 regem
3085 5597 3186 5652 sibi
3223 5602 3523 5651 statuentes
3562 5586 3833 5645 Reldeba-

2257 5697 2386 5754 dum
2432 5713 2446 5749 :
2495 5702 2680 5752 contra
2724 5706 2884 5764 quem
2939 5687 3310 5748 debellaturus
3359 5683 3527 5741 Bessa
3580 5678 3835 5752 patricius
