4032 6186
294 233 396 292 ὕιὸ

1721 242 2123 299 CiIRONICON.

3451 254 3555 306 966

293 343 622 399 Placentiam
657 359 686 397 a
719 345 973 400 Ravenna
1001 347 1333 413 conscendit,
1382 346 1739 404 Constantino
1764 352 1869 404 Ra-
1899 357 1948 412 Α
1976 363 2258 418 evocatur,
2283 363 2338 409 et
2366 354 2723 421 Areobindas,
2752 367 2913 427 nepte
2939 359 3280 428 imperatoris
3310 371 3549 430 accepta,

294 449 521 489 vennam
566 435 634 490 de
684 436 992 505 Dalmatiis,
1047 448 1104 492 ιιι
1151 450 1410 508 prtecsset
1457 441 1750 509 exercitui,
1803 443 1871 496 ab

293 526 618 597 imperatore
650 528 881 583 directo.

510 640 598 710 (Α.
629 641 693 696 C.
718 641 872 712 541.)
904 643 1028 696 Ιηά.
1068 658 1140 707 tv,
1173 644 1368 698 Basilio
1400 647 1508 699 solo
1536 661 1644 699 cos.

363 731 576 788 Parthis
599 734 1012 804 persistentibus
1036 735 1290 803 inimicis,
1319 735 1615 792 Belisarius
1639 737 1871 792 Orientis

291 823 528 892 suscepit
551 824 974 894 expeditionem,
1003 825 1274 881 Germano
1303 841 1555 896 regresso
1579 827 1646 880 ad
1683 828 1869 882 urbem

290 913 519 982 regiam.
568 913 730 968 Gothi
770 914 1071 970 Ileldibado
1098 917 1278 970 occiso
1309 916 1557 970 Erarium
1585 916 1689 971 sibi
1717 917 1869 972 ordi-

289 1014 424 1059 nant
445 1020 648 1074 regem.
674 1005 930 1061 Solomon
964 1008 1018 1060 in
1049 1006 1230 1061 Africa
1257 1008 1582 1062 interﬁcitur
1615 1026 1626 1060 :
1654 1009 1873 1078 Sergius

289 1095 412 1150 loco
454 1096 573 1166 ejus
612 1096 720 1152 dux
769 1098 1032 1153 successit
1079 1098 1238 1164 belli,
1283 1099 1698 1169 moderatorque
1748 1115 1872 1169 pro-

288 1202 502 1244 VIIICIIB.

399 1302 488 1369 (Α.
526 1299 590 1354 C.
621 1297 771 1370 542.)
801 1298 924 1355 Ind.
958 1315 1012 1367 v,
1044 1310 1159 1372 post
1191 1301 1520 1357 consulatum
1551 1301 1763 1357 Basilii.

362 1411 558 1466 Milites
593 1411 731 1466 clam
761 1411 1032 1468 Veronam
1081 1413 1332 1484 ingressi,
1379 1415 1504 1469 dttm
1534 1417 1755 1470 avaritia
1791 1418 1873 1470 in-

290 1502 478 1557 hiante
506 1503 573 1558 de
595 1504 776 1573 prmda
813 1515 1151 1574 concertant,
1177 1521 1208 1560 a
1247 1507 1438 1562 Gothis
1465 1509 1868 1578 egredientibus

287 1594 357 1649 de
407 1595 628 1650 latebris
672 1611 792 1651 cum
843 1611 942 1652 suo
990 1597 1258 1653 dedecore
1303 1599 1521 1654 civitate
1575 1601 1866 1668 pelluntur.

290 1685 456 1740 Gothi
488 1687 679 1742 Erario
724 1701 850 1757 rege
876 1688 1059 1742 occiso
1102 1687 1332 1742 Totilam
1363 1689 1416 1744 in
1460 1705 1685 1760 regnum
1720 1707 1870 1745 man-

292 1779 566 1847 eiparunt.
594 1779 695 1847 Qui
725 1779 870 1834 malo
891 1778 1062 1835 Italiae
1093 1796 1213 1834 mox
1246 1781 1451 1836 Padum
1479 1784 1694 1848 transit,
1727 1793 1782 1839 et
1803 1785 1868 1838 ad

291 1867 603 1924 Faventiam
627 1869 861 1925 i‘Emilim
887 1872 1158 1925 civitatem
1182 1871 1551 1928 Romanorum
1574 1876 1869 1928 exercitum

289 1970 534 2030 superat,
560 1961 722 2018 duces
750 1963 970 2033 eti'ugat,
1004 1962 1281 2019 thsenam
1315 1975 1368 2019 et
1399 1966 1684 2027 Urbinutn,
1717 1968 1871 2020 Mou-

293 2052 622 2109 teml‘eretris
663 2064 716 2109 et
754 2054 1136 2123 Petrapcrtusa
1175 2064 1425 2126 occupat,
1474 2056 1580 2112 huc
1636 2057 1872 2126 illucque

291 2145 601 2200 discurrens
647 2145 894 2201 devastat
943 2147 1171 2201 Italiam.
1217 2147 1424 2203 Rursus
1468 2149 1520 2203 in
1572 2151 1869 2204 annouaria

290 2235 486 2290 Tuscia
509 2237 574 2290 ad
598 2235 854 2292 Mucellos
883 2252 978 2307 per
1003 2238 1247 2305 Ruderit,
1274 2247 1332 2293 et
1349 2238 1596 2303 Viliarid,
1623 2240 1872 2296 Bledam-

289 2341 397 2395 que
439 2325 604 2381 duces
633 2342 763 2382 suos
802 2327 1105 2383 Romanum
1135 2328 1431 2384 exercitum
1478 2339 1722 2398 superat.
1751 2330 1872 2398 Quo

288 2418 474 2484 praelio
516 2417 680 2472 Bessa
733 2418 989 2486 patricius
1032 2419 1350 2475 vulneratus
1398 2420 1581 2478 evadit
1631 2439 1646 2477 :
1690 2423 1871 2478 caeteri

297 2522 427 2563 vero
455 2507 720 2579 fugientes
747 2524 848 2578 per
879 2523 1088 2579 quaqua
1114 2508 1304 2565 salvati
1331 2519 1478 2566 sunt.

288 2623 372 2691 (Α.
400 2622 460 2675 C.
495 2619 646 2691 545.)
679 2619 804 2675 Ind.
831 2636 905 2688 vt,
932 2629 1044 2690 post
1067 2620 1390 2676 consulatum
1427 2621 1612 2676 Basilii
1645 2639 1781 2676 anno
1811 2639 1870 2677 tt.

352 2717 529 2772 Totila
572 2718 820 2773 devastat
869 2719 1255 2786 Campaniam,
1304 2720 1574 2790 urbesque
1629 2730 1864 2773 muratas

288 2819 562 2871 evertens,
597 2823 694 2878 per
725 2821 856 2863 suos
878 2809 1120 2864 Tiburim
1152 2810 1388 2866 obsidet.
1422 2809 1724 2865 Mortalitas
1759 2823 1872 2862 Ina-

285 2911 384 2965 gna
428 2897 594 2952 Italia:
630 2898 808 2953 solum
853 2899 1124 2967 devastat,
1174 2901 1395 2956 Oriente
1425 2900 1540 2968 jam
1573 2909 1629 2954 et
1661 2900 1870 2970 Illyrico

285 3003 537 3060 perthue
566 2991 786 3044 attritis.
819 2990 874 3044 In
903 2992 1126 3046 Oriente
1151 2991 1332 3045 Persis
1351 2991 1528 3045 adhuc
1553 2990 1865 3045 tenentibus

283 3079 594 3136 conﬂictum
615 3095 734 3134 cum
765 3080 988 3144 neatris,
1017 3082 1235 3150 Sergius
1256 3081 1308 3135 in
1335 3079 1516 3135 Africa
1538 3082 1869 3150 inquietator
1897 3091 1941 3151 ρ

284 3187 311 3222 a
347 3169 736 3226 rebellionibus
768 3186 890 3227 cum
919 3170 1107 3227 Stotza
1136 3181 1192 3226 et
1214 3171 1434 3226 Mauris.

285 3283 373 3354 (\.
403 3285 463 3341 C.
492 3285 641 3355 5M.)
667 3283 788 3338 Ind.
813 3301 904 3353 vn,
932 3295 1044 3356 post
1072 3287 1392 3341 consulatum
1413 3287 1598 3341 Basilii
1629 3305 1763 3341 anno
1790 3304 1866 3341 ιιι.

354 3378 528 3432 Tntila
574 3379 783 3434 obsidet
823 3379 1060 3434 Firmum
1099 3389 1154 3434 et
1197 3381 1486 3444 Asculum,
1523 3381 1870 3450 invasamque

284 3469 556 3537 Neapolim
603 3470 809 3525 desolat
838 3481 892 3526 et
914 3471 1101 3526 Tibur.
1144 3471 1311 3527 Roma
1353 3488 1486 3526 vero
1523 3470 1801 3525 obsidetur
1837 3487 1867 3526 a

283 3560 460 3629 longe,
493 3560 544 3613 in
576 3576 678 3628 qua
719 3572 952 3631 praeerat
978 3563 1210 3617 Joannes
1250 3562 1505 3632 magister
1528 3562 1772 3615 militum.
1811 3561 1865 3615 In

283 3651 499 3704 Oriente
543 3650 806 3704 Reli~ario
845 3652 1177 3721 constituto,
1218 3653 1493 3708 exsulatur
1529 3652 1763 3707 Joannes
1803 3669 1866 3706 cx

283 3742 502 3795 consule
524 3741 794 3798 ordinario
824 3744 1077 3812 patricius
1104 3753 1261 3813 atque
1282 3743 1567 3814 praefectus
1593 3743 1868 3812 pra-torio,

283 3843 337 3889 et
358 3833 550 3888 domus
578 3835 694 3904 ejus
721 3835 880 3890 datur
915 3835 1194 3892 Belisario.

283 3945 370 4019 (Λ.
389 3947 430 4002 C
471 3945 622 4017 545.)
648 3945 772 4000 Ind.
800 3963 915 4014 \‘lll,
947 3957 1056 4006 post
1083 3947 1402 4000 consulatum
1430 3945 1609 4000 Basilii
1632 3962 1767 3999 anno
1791 3961 1863 3999 tv.

385 4039 566 4093 'I‘otila
627 4038 866 4092 Firmum
913 4050 965 4092 ct
1017 4039 1267 4092 Asculum
1304 4039 1404 4092 sub
1444 4038 1751 4107 juramento
1781 4039 1861 4091 in-

282 4145 500 4198 gressus
529 4139 612 4185 est
636 4147 650 4182 :
675 4129 842 4184 milite
873 4129 1114 4184 Romano
1141 4145 1260 4183 cunt
1288 4129 1448 4184 rebus
1473 4130 1585 4183 suis
1612 4129 1861 4196 dimiso,

281 4220 658 4276 crudelitatettt
708 4236 860 4274 suam
908 4221 958 4273 in
1010 4221 1282 4274 Romanos
1327 4221 1598 4284 exercuit,
1646 4235 1852 4286 uosque

280 4325 473 4365 omnes
518 4310 684 4364 nudat
730 4319 784 4364 et
810 4319 985 4364 necat.
1036 4309 1090 4363 In
1139 4308 1319 4364 Africa
1351 4309 1596 4364 Joannes
1645 4309 1858 4364 irruens

279 4418 442 4472 super
472 4412 759 4471 tyrannum
790 4403 1029 4458 Stotzam
1051 4442 1066 4468 ,
1101 4402 1364 4455 interimit
1388 4417 1530 4466 eum,
1568 4412 1622 4455 et
1651 4403 1766 4469 ipse
1794 4403 1863 4457 ab

278 4496 395 4564 ejus
437 4495 700 4550 occiditur
742 4495 1034 4563 armigero.
1071 4493 1126 4548 In
1150 4509 1252 4564 qua
1296 4493 1581 4564 tyrannide
1619 4493 1857 4550 Joannes

279 4586 494 4655 quidam
537 4587 738 4640 eleCtus
774 4585 989 4640 Stotzis
1015 4585 1201 4653 junior
1239 4587 1529 4639 Vocitatur.
1563 4585 1858 4640 Belisarius

281 4677 350 4730 dc
379 4676 597 4730 Oriente
628 4686 904 4741 evocatus,
951 4678 1000 4728 in
1031 4675 1288 4730 oﬂ'cnsam
1331 4676 1741 4745 periculumque
1773 4675 1856 4731 in-

280 4782 505 4821 currens
535 4782 721 4836 grave.
767 4779 819 4821 ct
844 4765 1059 4821 invidiae
1100 4767 1409 4835 subjarens,
1445 4781 1634 4822 rursus
1669 4767 1859 4821 remit-

281 4858 409 4910 titur
429 4857 494 4911 ad
521 4855 747 4911 lL-tliam.
775 4857 874 4924 Qui
896 4857 1140 4921 veniens,
1169 4857 1391 4911 Romam
1412 4858 1593 4927 dirigit
1617 4858 1858 4924 Bessam,

280 4947 541 5004 Joannem
600 4951 764 5004 mittit
824 4951 890 5004 ad
957 4951 1361 5020 imperatorem.
1418 4951 1595 5006 Tetila
1652 4959 1863 5007 vastato

235 5066 238 5070 ι
282 5041 496 5107 Piceno,
547 5057 899 5114 pugnamque
949 5044 1014 5099 ad
1061 5044 1350 5100 Auximum
1393 5046 1578 5101 vincit.
1622 5045 1861 5116 Indeque

231 5132 241 5161 τ
280 5135 594 5188 discurrens
624 5149 720 5203 per
749 5136 1022 5202 Tusciam,
1051 5136 1351 5206 Spoletium
1380 5137 1633 5203 destruit,
1659 5146 1714 5193 et
1742 5138 1860 5192 Asi-

279 5224 416 5278 sium
438 5221 792 5296 Clusiumque
812 5226 1002 5296 oppida
1031 5229 1224 5293 tenuit,
1251 5238 1303 5282 et
1323 5227 1530 5283 obsidet
1557 5228 1860 5284 Perusiam.

280 5334 368 5405 (Α.
403 5333 465 5388 C.
497 5332 652 5404 546.)
677 5331 802 5388 Ind.
827 5351 900 5400 tx,
939 5344 1051 5406 post
1081 5337 1402 5392 consulatum
1431 5338 1615 5392 Basilii
1644 5356 1780 5393 anno
1809 5356 1864 5395 v.

350 5423 577 5494 Vigilius
618 5439 752 5494 papa
803 5441 886 5478 ιιι
927 5423 1111 5496 [Forte
1154 5426 1245 5498 ιι]
1277 5429 1344 5483 ab
1387 5429 1633 5498 apostolo
1678 5429 1860 5497 Petro,

285 5528 543 5573 evocatus
572 5516 640 5571 ab
664 5516 994 5584 imperatore
1029 5516 1201 5572 Roma
1229 5519 1526 5590 egreditur,
1560 5531 1615 5576 et
1637 5522 1691 5576 in
1722 5521 1862 5578 Sici-

280 5606 403 5661 liam
429 5608 599 5663 venit.
639 5607 814 5661 'I'otila
846 5614 1107 5676 occupata
1132 5607 1374 5664 Lucania
1407 5620 1464 5665 et
1495 5612 1698 5666 Brutiis
1722 5612 1862 5667 Nea-

282 5695 442 5763 rolim
464 5696 752 5757 subvertit.
782 5696 1008 5754 Romam
1036 5696 1267 5757 obsidet.
1307 5698 1384 5760 De
1411 5699 1596 5780 Atri-ca
1634 5700 1855 5772 Sergius

1977 446 2049 498 ibi
2076 445 2242 514 judex
2278 447 2545 517 dirigitur.
2594 449 2651 502 In
2699 451 2923 506 Oriente
2953 467 3073 505 cum
3119 452 3333 508 Parthis
3381 453 3556 508 fmdus

1978 536 2146 588 initur
2188 551 2286 604 per
2343 535 2787 592 Constantianam
2844 540 3159 609 magistrum
3211 542 3447 608 militiae,
3502 552 3557 598 et

1980 625 2253 679 exercitus
2285 626 2580 681 revertitur
2610 627 3160 698 ConstantinOpolim.

2047 738 2136 809 (Α.
2178 739 2238 794 C.
2270 739 2422 808 547.)
2455 739 2578 797 Ind.
2613 758 2666 809 Χ,
2700 752 2813 810 post
2843 744 3166 797 consulatum
3197 743 3376 798 Basilii
3409 761 3482 800 Vl.

2045 851 2205 905 Gothi
2257 852 2579 921 legationem
2633 855 2851 908 mittunt
2901 855 2967 909 ad
3020 855 3402 924 imperatorem
3460 872 3555 926 per

1975 942 2286 1009 episcopum
2312 943 2548 998 civitatis
2589 945 2964 1012 Asisiuatlum,
2994 947 3211 1001 nomine
3244 948 3550 1000 Aventium.

1974 1031 2210 1087 Joannes
2240 1033 2502 1102 magister
2545 1036 2776 1088 militum
2817 1037 2883 1088 ad
2914 1035 3114 1089 Italiam
3147 1045 3418 1106 properat.
3456 1038 3555 1091 Be-

1977 1122 2191 1175 lisarius
2218 1138 2249 1175 a
2292 1121 2547 1177 Ravenna
2578 1138 2830 1190 egressus
2864 1126 3012 1178 venit
3045 1125 3396 1195 Dyrrachium
3425 1144 3436 1178 :
3476 1127 3556 1178 in—

1976 1212 2151 1280 deque
2194 1212 2402 1266 directo
2435 1215 2646 1268 Joanne
2691 1212 2957 1278 Calabria,
3017 1214 3131 1282 ipse
3175 1231 3269 1282 per
3313 1216 3551 1269 Siciliam

1977 1305 2197 1358 Romam
2231 1308 2486 1373 perrexit.
2531 1306 2675 1374 Papa
2720 1304 2948 1374 Vigilius
2985 1307 3262 1374 ingressus
3299 1318 3381 1360 est
3409 1306 3554 1361 Con-

1975 1395 2383 1464 stantinopolim
2420 1411 2514 1449 vnt
2557 1395 2666 1450 kal.
2698 1397 2858 1451 Febr.
2889 1396 3068 1450 Totila
3098 1396 3222 1451 dolo
3249 1396 3552 1452 Isaurorum

1976 1486 2279 1556 ingreditur
2303 1488 2525 1541 Romam
2548 1487 2636 1542 die
2676 1503 2763 1541 xvt
2798 1487 2910 1542 kal.
2937 1488 3247 1554 Januarias,
3273 1503 3334 1541 ac
3361 1490 3555 1543 evertit

1977 1592 2180 1641 muros,
2212 1580 2403 1632 domos
2432 1579 2731 1647 aliquantus
2772 1581 2878 1648 igni
2909 1580 3255 1645 comburens,
3284 1596 3345 1633 ac
3367 1594 3556 1634 omnes

1979 1667 2339 1720 Romanorum
2379 1683 2469 1721 res
2501 1668 2553 1721 in
2587 1669 2820 1735 praedam
2849 1670 3090 1736 accepit;
3131 1669 3229 1723 hos
3264 1669 3407 1738 ipsos
3447 1672 3554 1721 Ru-

1975 1775 2163 1813 monos
2192 1760 2244 1812 in
2276 1760 2622 1829 Campaniam
2663 1762 2902 1830 captivos
2952 1761 3192 1815 abduxit.
3238 1761 3366 1815 Post
3392 1776 3550 1827 quam

1974 1847 2425 1912 devastationem,
2473 1865 2541 1904 xt.
2593 1860 2685 1904 aut
2723 1851 2954 1920 amplius
2995 1851 3112 1905 dies
3139 1851 3311 1903 Roma
3347 1849 3449 1903 fuit
3479 1851 3551 1903 ita

1974 1940 2234 2004 desolata,
2262 1949 2318 1994 ut
2348 1955 2506 1994 nemo
2532 1941 2603 1994 ibi
2635 1941 2911 1995 hominum
2939 1943 3036 1994 nisi
3063 1941 3249 1996 bestia:
3276 1956 3555 1995 moraren-

1977 2038 2082 2084 tur.
2121 2029 2252 2084 Ilinc
2283 2031 2504 2084 veniens
2550 2032 2840 2086 Belisarius
2884 2049 3156 2086 murorum
3203 2040 3407 2101 partem
3465 2048 3557 2085 1-0·-

1974 2130 2198 2191 staurat,
2233 2123 2589 2190 venienteque
2623 2123 2794 2176 Totila
2827 2123 2892 2176 ad
2923 2139 3153 2193 pugnam
3183 2123 3409 2178 resiSIit.
3453 2124 3556 2176 Eo-

1973 2215 2202 2282 demque
2230 2230 2369 2268 anno
2399 2216 2465 2268 de
2489 2214 2664 2268 Africa
2691 2215 2864 2283 neptis
2896 2215 3234 2282 imperatoris
3257 2223 3550 2268 revertitur

1974 2305 2151 2371 vidua,
2201 2305 2380 2359 occiso
2425 2304 2732 2359 Areobinda
2762 2321 2789 2356 a
2821 2304 3120 2360 Gunthario
3149 2317 3408 2375 tyranno,
3451 2305 3538 2371 qui

1974 2413 2094 2452 cusn
2119 2397 2303 2452 Stotza
2329 2398 2541 2467 juniore
2573 2406 2806 2451 tractans
2836 2412 2956 2451 eum
2983 2397 3272 2450 occiderat.
3307 2396 3410 2448 Sed
3441 2397 3547 2449 Ar-

1976 2489 2200 2545 tabanes
2239 2499 2497 2559 utrosque
2531 2490 2954 2558 comprehensos
3000 2489 3357 2543 Guntharium
3408 2490 3550 2542 occi-

1975 2580 2072 2646 dit,
2103 2581 2368 2636 Joannem
2390 2580 2530 2635 idem
2557 2581 2796 2636 Stotzam
2827 2580 3092 2647 iuniorem
3119 2580 3356 2634 vinctum
3390 2589 3551 2632 trans-

1974 2673 2142 2726 mittit
2198 2674 2265 2727 ad
2307 2671 2634 2742 principem.
2668 2673 2797 2725 Post
2823 2672 3126 2741 aliquantos
3163 2671 3282 2725 dies
3320 2671 3552 2724 mittitur

1978 2766 2031 2816 in
2060 2763 2296 2817 Africam
2325 2763 2580 2830 Joannes,
2614 2773 2667 2818 et
2697 2763 2997 2818 Artabanes
3030 2771 3285 2818 evocatus
3313 2777 3553 2832 praesen-

1977 2854 2087 2910 tale
2115 2855 2325 2923 accepit
2351 2855 2742 2924 magisterium.

1975 2968 2064 3035 (Α.
2106 2968 2167 3022 C.
2200 2969 2354 3037 548.)
2383 2968 2509 3023 Ind.
2557 2984 2644 3034 XI,
2705 2979 2821 3036 post
2863 2970 3188 3022 consulatum
3233 2968 3414 3023 Basilii
3458 2985 3553 3024 vn.

2042 3082 2280 3138 Joannes
2308 3083 2569 3152 magister
2616 3083 2844 3136 militum
2882 3083 2934 3135 in
2976 3083 3272 3152 Campania
3305 3083 3554 3151 prardans

1975 3175 2212 3241 Gothos,
2259 3176 2553 3229 nonnullos
2597 3175 2791 3229 liberat
2839 3185 3122 3230 senatores
3170 3193 3182 3227 :
3236 3175 3327 3244 qui
3367 3186 3554 3243 postea

1976 3263 2174 3332 patitur
2220 3273 2540 3320 nocturnum
2587 3264 2778 3319 Totila:
2820 3276 3211 3336 superventum
3263 3267 3556 3338 Bulgarum

1972 3369 2194 3410 suorum
2231 3356 2702 3424 proditione.......

1972 3447 2062 3515 (Δ.
2102 3445 2164 3501 C.
2211 3446 2364 3517 549.)
2409 3445 2532 3501 Ind.
2565 3464 2658 3514 xtt,
2704 3457 2817 3518 post
2861 3449 3183 3504 consulatum
3226 3449 3413 3503 Basilii
3441 3465 3554 3503 vttt.

1970 3535 2063 3607 (Α.
2099 3534 2162 3591 C.
2208 3537 2361 3609 550.)
2410 3536 2532 3592 Ind.
2566 3554 2682 3603 xttt,
2722 3549 2834 3608 post
2876 3542 3207 3594 consulatum
3236 3539 3420 3593 Basilii
3452 3555 3525 3592 tx.

1969 3628 2058 3697 (Α.
2096 3627 2160 3682 C.
2200 3627 2355 3698 551.)
2397 3626 2522 3680 Ind.
2571 3645 2681 3693 tttv,
2728 3639 2839 3693 post
2877 3633 3203 3683 consulatum
3257 3629 3442 3683 Basilii
3493 3645 3550 3683 x.

2040 3716 2137 3772 His
2165 3717 2501 3786 temporibus
2531 3720 2584 3771 in
2609 3718 2789 3773 Africa
2835 3720 3008 3774 Mauri
3037 3735 3136 3790 per
3160 3720 3426 3775 Joannem
3460 3735 3550 3789 pa-

1972 3810 2188 3864 triclum
2215 3809 2402 3863 domiti
2437 3819 2580 3863 sunt.

1970 3924 2060 3994 (A.
2101 3923 2161 3975 C.
2204 3921 2358 3990 £52.)
2406 3920 2531 3974 Ind.
2577 3937 2668 3990 xv,
2711 3931 2825 3991 post
2869 3923 3195 3976 consulatum
3241 3921 3427 3975 Basilii
3475 3938 3548 3975 xt.

2039 4015 2152 4069 IIoc
2183 4024 2423 4084 tempore
2452 4014 2788 4070 Justinianus
2818 4018 3091 4085 Augustus
3121 4016 3342 4070 Narsem
3371 4030 3544 4070 eunu-

1967 4105 2126 4160 chum
2153 4106 2544 4161 chartularium
2571 4117 2623 4160 et
2653 4107 3040 4160 cubicularium
3072 4121 3225 4160 suum
3257 4107 3551 4176 principem

1968 4198 2170 4253 militiae
2226 4197 2373 4264 fecit,
2426 4206 2481 4252 et
2534 4199 2585 4252 in
2642 4197 2852 4252 Italiam
2910 4198 3075 4251 misit.
3122 4196 3222 4265 Qui
3263 4199 3551 4252 commissa

1971 4305 2144 4360 pugna
2173 4279 2270 4344 Dei
2293 4289 2464 4360 gratia
2509 4289 2682 4343 victor
2711 4288 2943 4343 Totilatn
2980 4289 3201 4353 occidit,
3246 4299 3299 4343 et
3330 4299 3546 4358 gentem

1969 4384 2301 4448 Gothorum,
2357 4383 2746 4436 auxiliantibus
2802 4384 2963 4436 etiam
3029 4381 3443 4450 Langobardis,
3500 4381 3552 4435 in

1969 4475 2116 4531 Italia
2165 4474 2561 4529 exterminavit.
2610 4474 2716 4528 Per
2768 4474 2880 4525 hsce
2924 4481 3193 4540 tempora,
3247 4486 3368 4525 cum
3418 4472 3552 4525 Buc-

1969 4565 2174 4620 celinus
2201 4579 2383 4618 comes
2413 4578 2535 4618 cum
2565 4563 2728 4618 sociis
2758 4579 2786 4616 a
2816 4561 3190 4616 Theodeherto
3218 4578 3347 4632 rege
3379 4563 3547 4617 Fran-

1968 4671 2152 4710 corum
2199 4656 2399 4708 dudum
2453 4657 2673 4723 missus,
2726 4670 2822 4723 per
2856 4668 3027 4708 annos
3080 4655 3287 4725 aliquot
3342 4656 3545 4709 Italiam

1969 4747 2316 4817 Siciliamque
2339 4747 2639 4812 infestaret,
2663 4756 2719 4802 et
2743 4747 3047 4810 Romanum
3081 4762 3225 4817 sazpe
3254 4749 3552 4804 exercitum

1969 4849 2271 4908 superaret,
2320 4839 2534 4894 tandem
2583 4841 2855 4894 exercitus
2884 4840 3003 4909 ejus
3031 4841 3299 4910 prolluvio
3336 4841 3548 4894 ventris

1967 4931 2201 4994 attritus,
2251 4944 2282 4984 a
2322 4928 2493 4984 Narse
2529 4943 2700 4998 pugna
2731 4931 2906 4985 victus
2947 4941 3001 4986 et
3051 4932 3385 5001 proﬂigatus,
3434 4929 3549 4998 ipse

1963 5021 2070 5074 dux
2103 5020 2314 5074 occisus
2341 5027 2447 5074 est.
2478 5018 2589 5074 Nec
2633 5021 2810 5076 multo
2841 5030 2960 5090 post
2989 5023 3167 5074 socius
3210 5021 3330 5087 ejus
3357 5019 3547 5076 Omni-

1966 5127 2131 5182 rugus
2164 5111 2270 5166 dux
2294 5126 2417 5165 cum
2457 5112 2680 5183 reliquis
2705 5114 3004 5170 Gothorum
3036 5113 3228 5180 quibus
3260 5125 3320 5166 se
3346 5108 3537 5181 junxi“

1967 5212 2274 5272 peremptus
2302 5212 2406 5258 est.

1969 5315 2058 5385 (Α.
2101 5313 2164 5368 C.
2197 5314 2350 5385 553.)
2377 5313 2502 5374 Ind.
2535 5332 2574 5382 ι,
2604 5324 2716 5385 post
2746 5314 3070 5368 consulatum
3100 5312 3284 5367 Basilii
3314 5330 3360 5367 υ.
3385 5331 3430 5367 c.
3450 5328 3542 5369 xtl.

2039 5431 2448 5487 Theodchaldus
2480 5433 2810 5488 Francorum
2836 5449 2928 5488 rex
2962 5433 3208 5498 moritur,
3242 5443 3294 5487 et
3323 5447 3546 5503 regnum

1965 5524 2080 5593 ejus
2108 5538 2440 5594 uxoremque
2472 5522 2845 5579 Vanderadam
2892 5523 3166 5580 IIlotarius
3211 5540 3326 5591 rex,
3379 5522 3546 5592 patris

1965 5616 2082 5683 ejus
2107 5614 2463 5670 Theodeherti
2492 5625 2735 5684 patruus,
2753 5616 2979 5685 accepit,
3006 5616 3096 5684 qui
3117 5617 3227 5684 jam
3249 5614 3374 5673 sitv
3393 5615 3547 5669 annis

1963 5705 2240 5772 regnabat.
2295 5704 2412 5774 Quo
2461 5707 2575 5776 ipso
2621 5721 2763 5763 anno
2809 5707 3079 5764 Illotarius
3132 5708 3246 5778 ipse
3299 5709 3545 5768 Saxones
