  <div class='ocr_page' id='page_1' title='image "/cluster/home/n/w/nwhite01/storage/ocr_20150623/51/hvd.32044073501900/018.png"; bbox 0 0 4054 6216; ppageno 0'>
   <div class='ocr_carea' id='block_1_1' title="bbox 338 274 430 332">
    <p class='ocr_par' dir='ltr' id='par_1_1' title="bbox 338 274 430 332">
     <span class='ocr_line' id='line_1_1' title="bbox 338 274 430 332; baseline -0.022 0"><span class='ocrx_word' id='word_1_1' title='bbox 338 274 430 332; x_wconf 66' lang='grc'><strong>17⁸</strong></span> 
     </span>
    </p>
   </div>
   <div class='ocr_carea' id='block_1_2' title="bbox 1019 252 2836 326">
    <p class='ocr_par' dir='ltr' id='par_1_2' title="bbox 1019 252 2836 326">
     <span class='ocr_line' id='line_1_2' title="bbox 1019 252 2836 326; baseline -0.007 -4"><span class='ocrx_word' id='word_1_2' title='bbox 1019 252 1021 254; x_wconf 35' lang='grc'><strong><em>’</em></strong></span> <span class='ocrx_word' id='word_1_3' title='bbox 1075 266 1164 322; x_wconf 86' lang='lat' dir='ltr'><strong>DE</strong></span> <span class='ocrx_word' id='word_1_4' title='bbox 1201 263 1436 326; x_wconf 74' lang='lat' dir='ltr'><strong>DECEM</strong></span> <span class='ocrx_word' id='word_1_5' title='bbox 1472 263 1762 324; x_wconf 72' lang='lat' dir='ltr'><strong>MlLLlUM</strong></span> <span class='ocrx_word' id='word_1_6' title='bbox 1801 256 2098 316; x_wconf 74' lang='lat' dir='ltr'><strong>TALENT.</strong></span> <span class='ocrx_word' id='word_1_7' title='bbox 2143 258 2489 317; x_wconf 82' lang='lat' dir='ltr'><strong>DEBlTORE</strong></span> <span class='ocrx_word' id='word_1_8' title='bbox 2527 255 2836 314; x_wconf 73' lang='lat' dir='ltr'><strong>HOMILIA.</strong></span> 
     </span>
    </p>
   </div>
   <div class='ocr_carea' id='block_1_3' title="bbox 3485 247 3577 304">
    <p class='ocr_par' dir='ltr' id='par_1_3' title="bbox 3485 247 3577 304">
     <span class='ocr_line' id='line_1_3' title="bbox 3485 247 3577 304; baseline 0.011 -1"><span class='ocrx_word' id='word_1_9' title='bbox 3485 247 3577 304; x_wconf 66' lang='lat'><strong>{8&#39;</strong></span> 
     </span>
    </p>
   </div>
   <div class='ocr_carea' id='block_1_4' title="bbox 389 443 3567 486">
    <p class='ocr_par' dir='ltr' id='par_1_4' title="bbox 389 443 3567 486">
     <span class='ocr_line' id='line_1_4' title="bbox 389 443 3567 486; baseline -0.002 -15"><span class='ocrx_word' id='word_1_10' title='bbox 389 443 3567 486; x_wconf 82' lang='lat'><strong>_____________________________________.__..___..</strong></span> 
     </span>
    </p>
   </div>
   <div class='ocr_carea' id='block_1_5' title="bbox 1577 812 2367 928">
    <p class='ocr_par' dir='ltr' id='par_1_5' title="bbox 1577 812 2367 928">
     <span class='ocr_line' id='line_1_5' title="bbox 1577 812 2367 928; baseline -0.005 -32"><span class='ocrx_word' id='word_1_11' title='bbox 1577 817 1688 928; x_wconf 63' lang='grc' dir='ltr'><strong>ΙΝ</strong></span> <span class='ocrx_word' id='word_1_12' title='bbox 1765 812 2367 895; x_wconf 81' lang='lat' dir='ltr'><strong>PABABOLAM</strong></span> 
     </span>
    </p>
   </div>
   <div class='ocr_carea' id='block_1_6' title="bbox 347 1112 3582 1173">
    <p class='ocr_par' dir='ltr' id='par_1_6' title="bbox 347 1112 3582 1173">
     <span class='ocr_line' id='line_1_6' title="bbox 347 1112 3582 1173; baseline -0.003 -4"><span class='ocrx_word' id='word_1_13' title='bbox 347 1121 554 1173; x_wconf 65' lang='lat' dir='ltr'><strong>DECEM</strong></span> <span class='ocrx_word' id='word_1_14' title='bbox 594 1117 854 1169; x_wconf 64' lang='grc' dir='ltr'><strong>ΙΙΙ.ιίοΜ</strong></span> <span class='ocrx_word' id='word_1_15' title='bbox 887 1116 1312 1170; x_wconf 68' lang='lat' dir='ltr'><strong>TALBNTORUH</strong></span> <span class='ocrx_word' id='word_1_16' title='bbox 1348 1116 1710 1172; x_wconf 78' lang='lat' dir='ltr'><strong>DEBITORIS,</strong></span> <span class='ocrx_word' id='word_1_17' title='bbox 1757 1115 1834 1163; x_wconf 82' lang='lat' dir='ltr'><strong>ET</strong></span> <span class='ocrx_word' id='word_1_18' title='bbox 1872 1113 2122 1160; x_wconf 76' lang='lat' dir='ltr'><strong>CENTUM</strong></span> <span class='ocrx_word' id='word_1_19' title='bbox 2167 1113 2479 1161; x_wconf 72' lang='lat' dir='ltr'><strong>DENARIOS</strong></span> <span class='ocrx_word' id='word_1_20' title='bbox 2519 1112 2870 1172; x_wconf 76' lang='lat' dir='ltr'><strong>EXIGENTIS,</strong></span> <span class='ocrx_word' id='word_1_21' title='bbox 2912 1115 2991 1162; x_wconf 77' lang='lat' dir='ltr'><strong>ET</strong></span> <span class='ocrx_word' id='word_1_22' title='bbox 3033 1116 3202 1169; x_wconf 86' lang='lat' dir='ltr'><strong>QUOD</strong></span> <span class='ocrx_word' id='word_1_23' title='bbox 3242 1114 3394 1161; x_wconf 80' lang='lat' dir='ltr'><strong>OMNI</strong></span> <span class='ocrx_word' id='word_1_24' title='bbox 3432 1115 3582 1160; x_wconf 77' lang='lat' dir='ltr'><strong>PEC-</strong></span> 
     </span>
    </p>
   </div>
   <div class='ocr_carea' id='block_1_7' title="bbox 763 1197 1909 1283">
    <p class='ocr_par' dir='ltr' id='par_1_7' title="bbox 763 1219 1909 1274">
     <span class='ocr_line' id='line_1_7' title="bbox 763 1219 1909 1274; baseline -0.007 -4"><span class='ocrx_word' id='word_1_25' title='bbox 763 1222 921 1272; x_wconf 67' lang='grc' dir='ltr'>ατο</span> <span class='ocrx_word' id='word_1_26' title='bbox 961 1221 1274 1274; x_wconf 73' lang='lat' dir='ltr'><strong>DETERIOR</strong></span> <span class='ocrx_word' id='word_1_27' title='bbox 1311 1223 1407 1272; x_wconf 76' lang='grc' dir='ltr'><strong>διτ</strong></span> <span class='ocrx_word' id='word_1_28' title='bbox 1444 1219 1834 1269; x_wconf 66' lang='grc' dir='ltr'><strong>ΙΝΠΙΕῙΔΒΠΜ</strong></span> <span class='ocrx_word' id='word_1_29' title='bbox 1869 1219 1909 1262; x_wconf 82' lang='lat' dir='ltr'><strong><em>R</em></strong></span> 
     </span>
    </p>
   </div>
   <div class='ocr_carea' id='block_1_8' title="bbox 2014 1197 3165 1283">
    <p class='ocr_par' dir='ltr' id='par_1_8' title="bbox 2014 1197 3165 1283">
     <span class='ocr_line' id='line_1_8' title="bbox 2014 1197 3165 1283; baseline 0.002 -22"><span class='ocrx_word' id='word_1_30' title='bbox 2014 1217 2261 1265; x_wconf 69' lang='lat' dir='ltr'><strong>mnum</strong></span> <span class='ocrx_word' id='word_1_31' title='bbox 2299 1198 2562 1280; x_wconf 79' lang='lat' dir='ltr'><strong>(Matth.</strong></span> <span class='ocrx_word' id='word_1_32' title='bbox 2615 1197 2707 1262; x_wconf 90' lang='lat'><strong>18.</strong></span> <span class='ocrx_word' id='word_1_33' title='bbox 2748 1197 2848 1274; x_wconf 81' lang='grc'><strong>23,</strong></span> <span class='ocrx_word' id='word_1_34' title='bbox 2883 1217 3014 1283; x_wconf 83' lang='lat' dir='ltr'><strong>sqq.</strong></span> <span class='ocrx_word' id='word_1_35' title='bbox 3057 1199 3165 1282; x_wconf 92' lang='lat' dir='ltr'><strong>(a).</strong></span> 
     </span>
    </p>
   </div>
   <div class='ocr_carea' id='block_1_9' title="bbox 369 1724 1919 1799">
    <p class='ocr_par' dir='ltr' id='par_1_9' title="bbox 369 1724 1919 1799">
     <span class='ocr_line' id='line_1_9' title="bbox 369 1724 1919 1799; baseline -0.007 -15"><span class='ocrx_word' id='word_1_36' title='bbox 369 1730 396 1784; x_wconf 79' lang='grc' dir='ltr'>ι</span> <span class='ocrx_word' id='word_1_37' title='bbox 409 1769 423 1784; x_wconf 95' lang='grc'><strong>.</strong></span> <span class='ocrx_word' id='word_1_38' title='bbox 441 1729 552 1785; x_wconf 83' lang='lat' dir='ltr'><strong>Sibi</strong></span> <span class='ocrx_word' id='word_1_39' title='bbox 563 1743 590 1783; x_wconf 88' lang='lat' dir='ltr'><strong>e</strong></span> <span class='ocrx_word' id='word_1_40' title='bbox 601 1729 770 1782; x_wconf 86' lang='lat' dir='ltr'><strong>morbo</strong></span> <span class='ocrx_word' id='word_1_41' title='bbox 785 1724 1413 1799; x_wconf 73' lang='lat' dir='ltr'><strong>convaluisse&#39;gratulatur,‘</strong></span> <span class='ocrx_word' id='word_1_42' title='bbox 1433 1724 1629 1778; x_wconf 72' lang='lat' dir='ltr'><strong>dilectio</strong></span> <span class='ocrx_word' id='word_1_43' title='bbox 1645 1737 1919 1789; x_wconf 84' lang='lat' dir='ltr'><strong>numquam</strong></span> 
     </span>
    </p>
   </div>
   <div class='ocr_carea' id='block_1_10' title="bbox 324 1814 1919 1888">
    <p class='ocr_par' dir='ltr' id='par_1_10' title="bbox 324 1814 1919 1888">
     <span class='ocr_line' id='line_1_10' title="bbox 324 1814 1919 1888; baseline -0.004 -13"><span class='ocrx_word' id='word_1_44' title='bbox 324 1821 633 1875; x_wconf 78' lang='lat' dir='ltr'><strong>eatiatur.—</strong></span> <span class='ocrx_word' id='word_1_45' title='bbox 653 1819 812 1887; x_wconf 83' lang='lat' dir='ltr'><strong>Quasi</strong></span> <span class='ocrx_word' id='word_1_46' title='bbox 843 1834 910 1874; x_wconf 80' lang='lat' dir='ltr'><strong>ex</strong></span> <span class='ocrx_word' id='word_1_47' title='bbox 957 1817 1241 1888; x_wconf 87' lang='lat' dir='ltr'><strong>longinqua</strong></span> <span class='ocrx_word' id='word_1_48' title='bbox 1276 1815 1704 1888; x_wconf 87' lang='lat' dir='ltr'><strong>peregrinatione</strong></span> <span class='ocrx_word' id='word_1_49' title='bbox 1731 1814 1797 1868; x_wconf 89' lang='lat' dir='ltr'><strong>ad</strong></span> <span class='ocrx_word' id='word_1_50' title='bbox 1824 1827 1919 1868; x_wconf 83' lang='lat' dir='ltr'><strong>vos</strong></span> 
     </span>
    </p>
   </div>
   <div class='ocr_carea' id='block_1_11' title="bbox 323 1906 1918 1976">
    <p class='ocr_par' dir='ltr' id='par_1_11' title="bbox 323 1906 1918 1976">
     <span class='ocr_line' id='line_1_11' title="bbox 323 1906 1918 1976; baseline -0.006 -8"><span class='ocrx_word' id='word_1_51' title='bbox 323 1924 575 1968; x_wconf 83' lang='lat' dir='ltr'><strong>reversus</strong></span> <span class='ocrx_word' id='word_1_52' title='bbox 603 1926 800 1976; x_wconf 90' lang='lat' dir='ltr'><strong>essem,</strong></span> <span class='ocrx_word' id='word_1_53' title='bbox 845 1910 916 1966; x_wconf 87' lang='lat' dir='ltr'><strong>ita</strong></span> <span class='ocrx_word' id='word_1_54' title='bbox 961 1924 1048 1963; x_wconf 89' lang='lat' dir='ltr'><strong>me</strong></span> <span class='ocrx_word' id='word_1_55' title='bbox 1078 1907 1236 1966; x_wconf 84' lang='lat' dir='ltr'><strong>hodie</strong></span> <span class='ocrx_word' id='word_1_56' title='bbox 1269 1907 1515 1962; x_wconf 82' lang='lat' dir='ltr'><strong>affectum</strong></span> <span class='ocrx_word' id='word_1_57' title='bbox 1543 1906 1717 1961; x_wconf 88' lang='lat' dir='ltr'><strong>sentio</strong></span> <span class='ocrx_word' id='word_1_58' title='bbox 1747 1923 1760 1962; x_wconf 89' lang='lat'><strong>:</strong></span> <span class='ocrx_word' id='word_1_59' title='bbox 1797 1919 1918 1960; x_wconf 92' lang='lat' dir='ltr'><strong>cum</strong></span> 
     </span>
    </p>
   </div>
   <div class='ocr_carea' id='block_1_12' title="bbox 329 1994 1920 2068">
    <p class='ocr_par' dir='ltr' id='par_1_12' title="bbox 329 1994 1920 2068">
     <span class='ocr_line' id='line_1_12' title="bbox 329 1994 1920 2068; baseline -0.004 -11"><span class='ocrx_word' id='word_1_60' title='bbox 329 2000 472 2058; x_wconf 89' lang='lat' dir='ltr'><strong>enim</strong></span> <span class='ocrx_word' id='word_1_61' title='bbox 495 2001 699 2057; x_wconf 89' lang='lat' dir='ltr'><strong>nullum</strong></span> <span class='ocrx_word' id='word_1_62' title='bbox 732 2001 1023 2056; x_wconf 91' lang='lat' dir='ltr'><strong>amicorum</strong></span> <span class='ocrx_word' id='word_1_63' title='bbox 1046 1999 1377 2054; x_wconf 77' lang='lat' dir='ltr'><strong>consortium</strong></span> <span class='ocrx_word' id='word_1_64' title='bbox 1405 2013 1524 2053; x_wconf 89' lang='lat' dir='ltr'><strong>esse</strong></span> <span class='ocrx_word' id='word_1_65' title='bbox 1551 2005 1756 2068; x_wconf 91' lang='lat' dir='ltr'><strong>potest,</strong></span> <span class='ocrx_word' id='word_1_66' title='bbox 1785 1994 1920 2050; x_wconf 82' lang='lat' dir='ltr'><strong>nihil</strong></span> 
     </span>
    </p>
   </div>
   <div class='ocr_carea' id='block_1_13' title="bbox 324 2091 1918 2164">
    <p class='ocr_par' dir='ltr' id='par_1_13' title="bbox 324 2091 1918 2164">
     <span class='ocr_line' id='line_1_13' title="bbox 324 2091 1918 2164; baseline -0.007 -11"><span class='ocrx_word' id='word_1_67' title='bbox 324 2098 594 2153; x_wconf 85' lang='lat' dir='ltr'><strong>commodi</strong></span> <span class='ocrx_word' id='word_1_68' title='bbox 643 2096 794 2152; x_wconf 79' lang='lat' dir='ltr'><strong>aﬂ‘ert</strong></span> <span class='ocrx_word' id='word_1_69' title='bbox 851 2110 1036 2150; x_wconf 91' lang='lat' dir='ltr'><strong>eorum</strong></span> <span class='ocrx_word' id='word_1_70' title='bbox 1087 2093 1391 2164; x_wconf 82' lang='lat' dir='ltr'><strong>praesentia.</strong></span> <span class='ocrx_word' id='word_1_71' title='bbox 1422 2091 1776 2160; x_wconf 81' lang='lat' dir='ltr'><strong>Quamobrem</strong></span> <span class='ocrx_word' id='word_1_72' title='bbox 1819 2103 1918 2143; x_wconf 92' lang='lat' dir='ltr'><strong>nos</strong></span> 
     </span>
    </p>
   </div>
   <div class='ocr_carea' id='block_1_14' title="bbox 323 2178 1920 2258">
    <p class='ocr_par' dir='ltr' id='par_1_14' title="bbox 323 2178 1920 2258">
     <span class='ocr_line' id='line_1_14' title="bbox 323 2178 1920 2258; baseline -0.006 -14"><span class='ocrx_word' id='word_1_73' title='bbox 323 2189 413 2258; x_wconf 90' lang='lat' dir='ltr'><strong>qui</strong></span> <span class='ocrx_word' id='word_1_74' title='bbox 465 2187 614 2243; x_wconf 87' lang='lat' dir='ltr'><strong>domi</strong></span> <span class='ocrx_word' id='word_1_75' title='bbox 670 2186 1017 2241; x_wconf 90' lang='lat' dir='ltr'><strong>versabamur</strong></span> <span class='ocrx_word' id='word_1_76' title='bbox 1075 2199 1298 2255; x_wconf 81' lang='lat' dir='ltr'><strong>peregre</strong></span> <span class='ocrx_word' id='word_1_77' title='bbox 1349 2183 1684 2237; x_wconf 78' lang='lat' dir='ltr'><strong>versantibus</strong></span> <span class='ocrx_word' id='word_1_78' title='bbox 1751 2178 1920 2234; x_wconf 85' lang='lat' dir='ltr'><strong>nihilo</strong></span> 
     </span>
    </p>
   </div>
   <div class='ocr_carea' id='block_1_15' title="bbox 328 2271 1921 2348">
    <p class='ocr_par' dir='ltr' id='par_1_15' title="bbox 328 2271 1921 2348">
     <span class='ocr_line' id='line_1_15' title="bbox 328 2271 1921 2348; baseline -0.006 -16"><span class='ocrx_word' id='word_1_79' title='bbox 328 2278 430 2334; x_wconf 86' lang='lat' dir='ltr'><strong>hac</strong></span> <span class='ocrx_word' id='word_1_80' title='bbox 480 2279 533 2334; x_wconf 88' lang='lat' dir='ltr'><strong>in</strong></span> <span class='ocrx_word' id='word_1_81' title='bbox 569 2284 722 2348; x_wconf 85' lang='lat' dir='ltr'><strong>parte</strong></span> <span class='ocrx_word' id='word_1_82' title='bbox 771 2276 1039 2331; x_wconf 80' lang='lat' dir='ltr'><strong>feliciores</strong></span> <span class='ocrx_word' id='word_1_83' title='bbox 1067 2274 1308 2328; x_wconf 81' lang='lat' dir='ltr'><strong>fuimus:</strong></span> <span class='ocrx_word' id='word_1_84' title='bbox 1349 2273 1596 2327; x_wconf 87' lang='lat' dir='ltr'><strong>nimirum</strong></span> <span class='ocrx_word' id='word_1_85' title='bbox 1630 2271 1719 2341; x_wconf 89' lang='lat' dir='ltr'><strong>qui</strong></span> <span class='ocrx_word' id='word_1_86' title='bbox 1762 2284 1921 2340; x_wconf 56' lang='lat' dir='ltr'><strong>supeé</strong></span> 
     </span>
    </p>
   </div>
   <div class='ocr_carea' id='block_1_16' title="bbox 331 2363 1919 2437">
    <p class='ocr_par' dir='ltr' id='par_1_16' title="bbox 331 2363 1919 2437">
     <span class='ocr_line' id='line_1_16' title="bbox 331 2363 1919 2437; baseline -0.004 -15"><span class='ocrx_word' id='word_1_87' title='bbox 331 2369 475 2424; x_wconf 84' lang='lat' dir='ltr'><strong>riore</strong></span> <span class='ocrx_word' id='word_1_88' title='bbox 526 2379 771 2437; x_wconf 89' lang='lat' dir='ltr'><strong>tempore</strong></span> <span class='ocrx_word' id='word_1_89' title='bbox 799 2367 945 2420; x_wconf 88' lang='lat' dir='ltr'><strong>nulla</strong></span> <span class='ocrx_word' id='word_1_90' title='bbox 974 2365 1252 2420; x_wconf 91' lang='lat' dir='ltr'><strong>vobiscum</strong></span> <span class='ocrx_word' id='word_1_91' title='bbox 1288 2364 1553 2434; x_wconf 87' lang='lat' dir='ltr'><strong>colloquia</strong></span> <span class='ocrx_word' id='word_1_92' title='bbox 1589 2363 1789 2418; x_wconf 86' lang='lat' dir='ltr'><strong>habere</strong></span> <span class='ocrx_word' id='word_1_93' title='bbox 1824 2377 1919 2431; x_wconf 94' lang='lat' dir='ltr'><strong>po-</strong></span> 
     </span>
    </p>
   </div>
   <div class='ocr_carea' id='block_1_17' title="bbox 331 2453 1918 2521">
    <p class='ocr_par' dir='ltr' id='par_1_17' title="bbox 331 2453 1918 2521">
     <span class='ocr_line' id='line_1_17' title="bbox 331 2453 1918 2521; baseline 0 -10"><span class='ocrx_word' id='word_1_94' title='bbox 331 2458 575 2513; x_wconf 85' lang='lat' dir='ltr'><strong>tuimus:</strong></span> <span class='ocrx_word' id='word_1_95' title='bbox 618 2457 713 2512; x_wconf 90' lang='lat' dir='ltr'><strong>sed</strong></span> <span class='ocrx_word' id='word_1_96' title='bbox 758 2456 930 2512; x_wconf 87' lang='lat' dir='ltr'><strong>danda</strong></span> <span class='ocrx_word' id='word_1_97' title='bbox 980 2466 1064 2512; x_wconf 91' lang='lat' dir='ltr'><strong>est</strong></span> <span class='ocrx_word' id='word_1_98' title='bbox 1108 2456 1282 2521; x_wconf 87' lang='lat' dir='ltr'><strong>venia,</strong></span> <span class='ocrx_word' id='word_1_99' title='bbox 1317 2469 1438 2509; x_wconf 91' lang='lat' dir='ltr'><strong>cum</strong></span> <span class='ocrx_word' id='word_1_100' title='bbox 1488 2453 1617 2508; x_wconf 91' lang='lat' dir='ltr'><strong>illud</strong></span> <span class='ocrx_word' id='word_1_101' title='bbox 1642 2470 1746 2508; x_wconf 86' lang='lat' dir='ltr'><strong>non</strong></span> <span class='ocrx_word' id='word_1_102' title='bbox 1775 2454 1918 2512; x_wconf 85' lang='lat' dir='ltr'><strong>incr-</strong></span> 
     </span>
    </p>
   </div>
   <div class='ocr_carea' id='block_1_18' title="bbox 327 2544 1916 2615">
    <p class='ocr_par' dir='ltr' id='par_1_18' title="bbox 327 2544 1916 2615">
     <span class='ocr_line' id='line_1_18' title="bbox 327 2544 1916 2615; baseline -0.001 -13"><span class='ocrx_word' id='word_1_103' title='bbox 327 2550 436 2615; x_wconf 71' lang='lat' dir='ltr'><strong>tize,</strong></span> <span class='ocrx_word' id='word_1_104' title='bbox 485 2548 581 2604; x_wconf 89' lang='lat' dir='ltr'><strong>sed</strong></span> <span class='ocrx_word' id='word_1_105' title='bbox 633 2549 959 2602; x_wconf 75' lang='lat' dir='ltr'><strong>infirmitatis</strong></span> <span class='ocrx_word' id='word_1_106' title='bbox 1001 2546 1271 2602; x_wconf 89' lang='lat' dir='ltr'><strong>silentium</strong></span> <span class='ocrx_word' id='word_1_107' title='bbox 1331 2544 1514 2600; x_wconf 86' lang='lat' dir='ltr'><strong>fuerit.</strong></span> <span class='ocrx_word' id='word_1_108' title='bbox 1564 2545 1916 2604; x_wconf 86' lang='lat' dir='ltr'><strong>Gratulamini</strong></span> 
     </span>
    </p>
   </div>
   <div class='ocr_carea' id='block_1_19' title="bbox 323 2635 1916 2708">
    <p class='ocr_par' dir='ltr' id='par_1_19' title="bbox 323 2635 1916 2708">
     <span class='ocr_line' id='line_1_19' title="bbox 323 2635 1916 2708; baseline -0.001 -15"><span class='ocrx_word' id='word_1_109' title='bbox 323 2639 484 2708; x_wconf 84' lang='lat' dir='ltr'><strong>igitur</strong></span> <span class='ocrx_word' id='word_1_110' title='bbox 536 2652 624 2692; x_wconf 90' lang='lat' dir='ltr'><strong>me</strong></span> <span class='ocrx_word' id='word_1_111' title='bbox 669 2637 738 2691; x_wconf 89' lang='lat' dir='ltr'><strong>ab</strong></span> <span class='ocrx_word' id='word_1_112' title='bbox 789 2652 850 2692; x_wconf 92' lang='lat' dir='ltr'><strong>ea</strong></span> <span class='ocrx_word' id='word_1_113' title='bbox 894 2637 1202 2691; x_wconf 86' lang='lat' dir='ltr'><strong>infirmitate</strong></span> <span class='ocrx_word' id='word_1_114' title='bbox 1249 2635 1607 2701; x_wconf 89' lang='lat' dir='ltr'><strong>convaluisse,</strong></span> <span class='ocrx_word' id='word_1_115' title='bbox 1664 2650 1762 2705; x_wconf 92' lang='lat' dir='ltr'><strong>ego</strong></span> <span class='ocrx_word' id='word_1_116' title='bbox 1789 2651 1916 2691; x_wconf 87' lang='lat' dir='ltr'><strong>vero</strong></span> 
     </span>
    </p>
   </div>
   <div class='ocr_carea' id='block_1_20' title="bbox 330 2727 1918 2803">
    <p class='ocr_par' dir='ltr' id='par_1_20' title="bbox 330 2727 1918 2803">
     <span class='ocr_line' id='line_1_20' title="bbox 330 2727 1918 2803; baseline -0.002 -18"><span class='ocrx_word' id='word_1_117' title='bbox 330 2730 559 2800; x_wconf 91' lang='lat' dir='ltr'><strong>gaudeo,</strong></span> <span class='ocrx_word' id='word_1_118' title='bbox 605 2729 748 2802; x_wconf 88' lang='lat' dir='ltr'><strong>quod</strong></span> <span class='ocrx_word' id='word_1_119' title='bbox 790 2743 888 2784; x_wconf 87' lang='lat' dir='ltr'><strong>vos</strong></span> <span class='ocrx_word' id='word_1_120' title='bbox 940 2728 1246 2803; x_wconf 86' lang='lat' dir='ltr'><strong>carissimos</strong></span> <span class='ocrx_word' id='word_1_121' title='bbox 1272 2728 1402 2782; x_wconf 91' lang='lat' dir='ltr'><strong>mihi</strong></span> <span class='ocrx_word' id='word_1_122' title='bbox 1428 2728 1759 2797; x_wconf 88' lang='lat' dir='ltr'><strong>recuperavi.</strong></span> <span class='ocrx_word' id='word_1_123' title='bbox 1789 2727 1918 2782; x_wconf 86' lang='lat' dir='ltr'><strong>Erat</strong></span> 
     </span>
    </p>
   </div>
   <div class='ocr_carea' id='block_1_21' title="bbox 323 2817 1914 2889">
    <p class='ocr_par' dir='ltr' id='par_1_21' title="bbox 323 2817 1914 2889">
     <span class='ocr_line' id='line_1_21' title="bbox 323 2817 1914 2889; baseline -0.001 -15"><span class='ocrx_word' id='word_1_124' title='bbox 323 2819 455 2874; x_wconf 85' lang='lat' dir='ltr'><strong>mihi</strong></span> <span class='ocrx_word' id='word_1_125' title='bbox 495 2820 635 2874; x_wconf 87' lang='lat' dir='ltr'><strong>inter</strong></span> <span class='ocrx_word' id='word_1_126' title='bbox 686 2817 1050 2889; x_wconf 62' lang='lat' dir='ltr'><strong>aegrotandum</strong></span> <span class='ocrx_word' id='word_1_127' title='bbox 1105 2820 1221 2888; x_wconf 92' lang='lat' dir='ltr'><strong>ipso</strong></span> <span class='ocrx_word' id='word_1_128' title='bbox 1268 2818 1455 2872; x_wconf 89' lang='lat' dir='ltr'><strong>morbo</strong></span> <span class='ocrx_word' id='word_1_129' title='bbox 1493 2819 1742 2888; x_wconf 77' lang='lat' dir='ltr'><strong>gravius,</strong></span> <span class='ocrx_word' id='word_1_130' title='bbox 1774 2819 1914 2888; x_wconf 89' lang='lat' dir='ltr'><strong>quod</strong></span> 
     </span>
    </p>
   </div>
   <div class='ocr_carea' id='block_1_22' title="bbox 327 2911 1912 2983">
    <p class='ocr_par' dir='ltr' id='par_1_22' title="bbox 327 2911 1912 2983">
     <span class='ocr_line' id='line_1_22' title="bbox 327 2911 1912 2983; baseline -0.003 -16"><span class='ocrx_word' id='word_1_131' title='bbox 327 2911 486 2983; x_wconf 80' lang='lat' dir='ltr'><strong>hujus</strong></span> <span class='ocrx_word' id='word_1_132' title='bbox 528 2911 710 2967; x_wconf 88' lang='lat' dir='ltr'><strong>dilecti</strong></span> <span class='ocrx_word' id='word_1_133' title='bbox 754 2919 926 2966; x_wconf 73' lang='lat' dir='ltr'><strong>coetus</strong></span> <span class='ocrx_word' id='word_1_134' title='bbox 973 2911 1236 2981; x_wconf 87' lang='lat' dir='ltr'><strong>particeps</strong></span> <span class='ocrx_word' id='word_1_135' title='bbox 1288 2924 1408 2965; x_wconf 90' lang='lat' dir='ltr'><strong>esse</strong></span> <span class='ocrx_word' id='word_1_136' title='bbox 1457 2925 1564 2964; x_wconf 92' lang='lat' dir='ltr'><strong>non</strong></span> <span class='ocrx_word' id='word_1_137' title='bbox 1635 2919 1912 2979; x_wconf 88' lang='lat' dir='ltr'><strong>poteram:</strong></span> 
     </span>
    </p>
   </div>
   <div class='ocr_carea' id='block_1_23' title="bbox 324 3002 1915 3072">
    <p class='ocr_par' dir='ltr' id='par_1_23' title="bbox 324 3002 1915 3072">
     <span class='ocr_line' id='line_1_23' title="bbox 324 3002 1915 3072; baseline -0.001 -12"><span class='ocrx_word' id='word_1_138' title='bbox 324 3018 465 3061; x_wconf 77' lang='lat' dir='ltr'><strong>nunc</strong></span> <span class='ocrx_word' id='word_1_139' title='bbox 501 3019 630 3060; x_wconf 87' lang='lat' dir='ltr'><strong>vero</strong></span> <span class='ocrx_word' id='word_1_140' title='bbox 671 3004 912 3060; x_wconf 82' lang='lat' dir='ltr'><strong>restituta</strong></span> <span class='ocrx_word' id='word_1_141' title='bbox 961 3003 1290 3068; x_wconf 87' lang='lat' dir='ltr'><strong>valetudine,</strong></span> <span class='ocrx_word' id='word_1_142' title='bbox 1339 3002 1450 3072; x_wconf 91' lang='lat' dir='ltr'><strong>ipsa</strong></span> <span class='ocrx_word' id='word_1_143' title='bbox 1504 3002 1728 3058; x_wconf 81' lang='lat' dir='ltr'><strong>sanitate</strong></span> <span class='ocrx_word' id='word_1_144' title='bbox 1784 3002 1915 3058; x_wconf 91' lang='lat' dir='ltr'><strong>mihi</strong></span> 
     </span>
    </p>
   </div>
   <div class='ocr_carea' id='block_1_24' title="bbox 325 3093 1915 3167">
    <p class='ocr_par' dir='ltr' id='par_1_24' title="bbox 325 3093 1915 3167">
     <span class='ocr_line' id='line_1_24' title="bbox 325 3093 1915 3167; baseline -0.003 -15"><span class='ocrx_word' id='word_1_145' title='bbox 325 3097 606 3167; x_wconf 84' lang='lat' dir='ltr'><strong>optabilius</strong></span> <span class='ocrx_word' id='word_1_146' title='bbox 647 3104 764 3164; x_wconf 91' lang='lat' dir='ltr'><strong>est,</strong></span> <span class='ocrx_word' id='word_1_147' title='bbox 802 3095 944 3166; x_wconf 87' lang='lat' dir='ltr'><strong>quod</strong></span> <span class='ocrx_word' id='word_1_148' title='bbox 997 3104 1188 3149; x_wconf 68' lang='lat' dir='ltr'><strong>vestrae</strong></span> <span class='ocrx_word' id='word_1_149' title='bbox 1217 3094 1452 3149; x_wconf 88' lang='lat' dir='ltr'><strong>caritatis</strong></span> <span class='ocrx_word' id='word_1_150' title='bbox 1479 3093 1685 3148; x_wconf 86' lang='lat' dir='ltr'><strong>delictis</strong></span> <span class='ocrx_word' id='word_1_151' title='bbox 1714 3093 1915 3165; x_wconf 83' lang='lat' dir='ltr'><strong>perfrui</strong></span> 
     </span>
    </p>
   </div>
   <div class='ocr_carea' id='block_1_25' title="bbox 324 3185 1915 3245">
    <p class='ocr_par' dir='ltr' id='par_1_25' title="bbox 324 3185 1915 3245">
     <span class='ocr_line' id='line_1_25' title="bbox 324 3185 1915 3245; baseline -0.003 0"><span class='ocrx_word' id='word_1_152' title='bbox 324 3205 512 3245; x_wconf 81' lang='lat' dir='ltr'><strong>secure</strong></span> <span class='ocrx_word' id='word_1_153' title='bbox 539 3190 714 3245; x_wconf 87' lang='lat' dir='ltr'><strong>liceat.</strong></span> <span class='ocrx_word' id='word_1_154' title='bbox 773 3188 887 3242; x_wconf 85' lang='lat' dir='ltr'><strong>Non</strong></span> <span class='ocrx_word' id='word_1_155' title='bbox 913 3187 1054 3244; x_wconf 90' lang='lat' dir='ltr'><strong>enim</strong></span> <span class='ocrx_word' id='word_1_156' title='bbox 1086 3186 1246 3241; x_wconf 87' lang='lat' dir='ltr'><strong>febris</strong></span> <span class='ocrx_word' id='word_1_157' title='bbox 1266 3195 1467 3240; x_wconf 89' lang='lat' dir='ltr'><strong>tantum</strong></span> <span class='ocrx_word' id='word_1_158' title='bbox 1489 3185 1732 3240; x_wconf 90' lang='lat' dir='ltr'><strong>ardorem</strong></span> <span class='ocrx_word' id='word_1_159' title='bbox 1763 3186 1915 3241; x_wconf 86' lang='lat' dir='ltr'><strong>inve-</strong></span> 
     </span>
    </p>
   </div>
   <div class='ocr_carea' id='block_1_26' title="bbox 323 3276 1916 3347">
    <p class='ocr_par' dir='ltr' id='par_1_26' title="bbox 323 3276 1916 3347">
     <span class='ocr_line' id='line_1_26' title="bbox 323 3276 1916 3347; baseline -0.003 -14"><span class='ocrx_word' id='word_1_160' title='bbox 323 3277 404 3333; x_wconf 74' lang='lat' dir='ltr'><strong>hit</strong></span> <span class='ocrx_word' id='word_1_161' title='bbox 442 3277 859 3333; x_wconf 82' lang='lat' dir='ltr'><strong>febricitantium</strong></span> <span class='ocrx_word' id='word_1_162' title='bbox 911 3276 1240 3347; x_wconf 86' lang='lat' dir='ltr'><strong>corporibus,</strong></span> <span class='ocrx_word' id='word_1_163' title='bbox 1292 3284 1547 3344; x_wconf 89' lang='lat' dir='ltr'><strong>quantum</strong></span> <span class='ocrx_word' id='word_1_164' title='bbox 1573 3289 1765 3330; x_wconf 78' lang='lat' dir='ltr'><strong>animis</strong></span> <span class='ocrx_word' id='word_1_165' title='bbox 1818 3291 1916 3330; x_wconf 85' lang='lat' dir='ltr'><strong>no-</strong></span> 
     </span>
    </p>
   </div>
   <div class='ocr_carea' id='block_1_27' title="bbox 325 3363 1913 3434">
    <p class='ocr_par' dir='ltr' id='par_1_27' title="bbox 325 3363 1913 3434">
     <span class='ocr_line' id='line_1_27' title="bbox 325 3363 1913 3434; baseline -0.003 -11"><span class='ocrx_word' id='word_1_166' title='bbox 325 3369 454 3422; x_wconf 81' lang='lat' dir='ltr'><strong>stris</strong></span> <span class='ocrx_word' id='word_1_167' title='bbox 482 3367 773 3421; x_wconf 85' lang='lat' dir='ltr'><strong>amicorum</strong></span> <span class='ocrx_word' id='word_1_168' title='bbox 803 3367 1097 3422; x_wconf 88' lang='lat' dir='ltr'><strong>absentium</strong></span> <span class='ocrx_word' id='word_1_169' title='bbox 1129 3364 1472 3430; x_wconf 90' lang='lat' dir='ltr'><strong>desiderium,</strong></span> <span class='ocrx_word' id='word_1_170' title='bbox 1501 3374 1555 3418; x_wconf 93' lang='lat' dir='ltr'><strong>et</strong></span> <span class='ocrx_word' id='word_1_171' title='bbox 1587 3364 1736 3418; x_wconf 89' lang='lat' dir='ltr'><strong>utilli</strong></span> <span class='ocrx_word' id='word_1_172' title='bbox 1761 3363 1913 3434; x_wconf 90' lang='lat' dir='ltr'><strong>phia-</strong></span> 
     </span>
    </p>
   </div>
   <div class='ocr_carea' id='block_1_28' title="bbox 327 3455 1910 3527">
    <p class='ocr_par' dir='ltr' id='par_1_28' title="bbox 327 3455 1910 3527">
     <span class='ocr_line' id='line_1_28' title="bbox 327 3455 1910 3527; baseline -0.001 -16"><span class='ocrx_word' id='word_1_173' title='bbox 327 3456 407 3511; x_wconf 85' lang='lat' dir='ltr'><strong>las</strong></span> <span class='ocrx_word' id='word_1_174' title='bbox 450 3465 504 3512; x_wconf 90' lang='lat' dir='ltr'><strong>et</strong></span> <span class='ocrx_word' id='word_1_175' title='bbox 544 3457 732 3527; x_wconf 89' lang='lat' dir='ltr'><strong>pocula</strong></span> <span class='ocrx_word' id='word_1_176' title='bbox 771 3467 824 3512; x_wconf 93' lang='lat' dir='ltr'><strong>et</strong></span> <span class='ocrx_word' id='word_1_177' title='bbox 857 3456 1075 3526; x_wconf 84' lang='lat' dir='ltr'><strong>frigidos</strong></span> <span class='ocrx_word' id='word_1_178' title='bbox 1125 3457 1321 3521; x_wconf 89' lang='lat' dir='ltr'><strong>fontes,</strong></span> <span class='ocrx_word' id='word_1_179' title='bbox 1375 3456 1446 3510; x_wconf 90' lang='lat' dir='ltr'><strong>ita</strong></span> <span class='ocrx_word' id='word_1_180' title='bbox 1485 3455 1570 3509; x_wconf 91' lang='lat' dir='ltr'><strong>isti</strong></span> <span class='ocrx_word' id='word_1_181' title='bbox 1614 3455 1910 3510; x_wconf 83' lang='lat' dir='ltr'><strong>amicorum</strong></span> 
     </span>
    </p>
   </div>
   <div class='ocr_carea' id='block_1_29' title="bbox 322 3547 1908 3618">
    <p class='ocr_par' dir='ltr' id='par_1_29' title="bbox 322 3547 1908 3618">
     <span class='ocr_line' id='line_1_29' title="bbox 322 3547 1908 3618; baseline -0.002 -16"><span class='ocrx_word' id='word_1_182' title='bbox 322 3547 504 3602; x_wconf 78' lang='lat' dir='ltr'><strong>vultus</strong></span> <span class='ocrx_word' id='word_1_183' title='bbox 534 3557 809 3618; x_wconf 81' lang='lat' dir='ltr'><strong>exoptant.</strong></span> <span class='ocrx_word' id='word_1_184' title='bbox 835 3548 1042 3603; x_wconf 77' lang='lat' dir='ltr'><strong>Norunt</strong></span> <span class='ocrx_word' id='word_1_185' title='bbox 1069 3547 1145 3602; x_wconf 89' lang='lat' dir='ltr'><strong>illi</strong></span> <span class='ocrx_word' id='word_1_186' title='bbox 1171 3549 1260 3618; x_wconf 87' lang='lat' dir='ltr'><strong>qui</strong></span> <span class='ocrx_word' id='word_1_187' title='bbox 1294 3562 1474 3602; x_wconf 90' lang='lat' dir='ltr'><strong>amare</strong></span> <span class='ocrx_word' id='word_1_188' title='bbox 1500 3556 1908 3602; x_wconf 86' lang='lat' dir='ltr'><strong>consueverunt.</strong></span> 
     </span>
    </p>
   </div>
   <div class='ocr_carea' id='block_1_30' title="bbox 321 3635 1909 3710">
    <p class='ocr_par' dir='ltr' id='par_1_30' title="bbox 321 3635 1909 3710">
     <span class='ocr_line' id='line_1_30' title="bbox 321 3635 1909 3710; baseline -0.001 -18"><span class='ocrx_word' id='word_1_189' title='bbox 321 3639 433 3710; x_wconf 75' lang='lat' dir='ltr'><strong>Age</strong></span> <span class='ocrx_word' id='word_1_190' title='bbox 477 3639 638 3709; x_wconf 87' lang='lat' dir='ltr'><strong>igitur</strong></span> <span class='ocrx_word' id='word_1_191' title='bbox 689 3639 902 3709; x_wconf 86' lang='lat' dir='ltr'><strong>quando</strong></span> <span class='ocrx_word' id='word_1_192' title='bbox 955 3639 1196 3693; x_wconf 88' lang='lat' dir='ltr'><strong>morbum</strong></span> <span class='ocrx_word' id='word_1_193' title='bbox 1256 3637 1629 3708; x_wconf 90' lang='lat' dir='ltr'><strong>deposuimus,</strong></span> <span class='ocrx_word' id='word_1_194' title='bbox 1684 3635 1909 3691; x_wconf 89' lang='lat' dir='ltr'><strong>invicem</strong></span> 
     </span>
    </p>
   </div>
   <div class='ocr_carea' id='block_1_31' title="bbox 319 3729 1908 3802">
    <p class='ocr_par' dir='ltr' id='par_1_31' title="bbox 319 3729 1908 3802">
     <span class='ocr_line' id='line_1_31' title="bbox 319 3729 1908 3802; baseline -0.001 -16"><span class='ocrx_word' id='word_1_195' title='bbox 319 3731 648 3802; x_wconf 78' lang='lat' dir='ltr'><strong>capleamur,</strong></span> <span class='ocrx_word' id='word_1_196' title='bbox 702 3732 747 3787; x_wconf 90' lang='lat' dir='ltr'><strong>si</strong></span> <span class='ocrx_word' id='word_1_197' title='bbox 795 3731 954 3786; x_wconf 91' lang='lat' dir='ltr'><strong>modo</strong></span> <span class='ocrx_word' id='word_1_198' title='bbox 987 3731 1100 3786; x_wconf 80' lang='lat' dir='ltr'><strong>fieri</strong></span> <span class='ocrx_word' id='word_1_199' title='bbox 1129 3731 1302 3798; x_wconf 88' lang='lat' dir='ltr'><strong>liceat,</strong></span> <span class='ocrx_word' id='word_1_200' title='bbox 1341 3739 1396 3785; x_wconf 91' lang='lat' dir='ltr'><strong>ut</strong></span> <span class='ocrx_word' id='word_1_201' title='bbox 1434 3729 1520 3784; x_wconf 88' lang='lat' dir='ltr'><strong>hic</strong></span> <span class='ocrx_word' id='word_1_202' title='bbox 1559 3729 1718 3784; x_wconf 88' lang='lat' dir='ltr'><strong>ullam</strong></span> <span class='ocrx_word' id='word_1_203' title='bbox 1745 3729 1908 3784; x_wconf 91' lang='lat' dir='ltr'><strong>satie-</strong></span> 
     </span>
    </p>
   </div>
   <div class='ocr_carea' id='block_1_32' title="bbox 321 3822 1907 3889">
    <p class='ocr_par' dir='ltr' id='par_1_32' title="bbox 321 3822 1907 3889">
     <span class='ocr_line' id='line_1_32' title="bbox 321 3822 1907 3889; baseline -0.003 -11"><span class='ocrx_word' id='word_1_204' title='bbox 321 3832 484 3878; x_wconf 81' lang='lat' dir='ltr'><strong>tatem</strong></span> <span class='ocrx_word' id='word_1_205' title='bbox 513 3823 877 3889; x_wconf 81' lang='lat' dir='ltr'><strong>inveniamus;</strong></span> <span class='ocrx_word' id='word_1_206' title='bbox 906 3823 1205 3878; x_wconf 85' lang='lat' dir='ltr'><strong>dilectionis</strong></span> <span class='ocrx_word' id='word_1_207' title='bbox 1230 3823 1372 3877; x_wconf 92' lang='lat' dir='ltr'><strong>enim</strong></span> <span class='ocrx_word' id='word_1_208' title='bbox 1398 3831 1584 3877; x_wconf 86' lang='lat' dir='ltr'><strong>natura</strong></span> <span class='ocrx_word' id='word_1_209' title='bbox 1612 3822 1907 3876; x_wconf 86' lang='lat' dir='ltr'><strong>satietatem</strong></span> 
     </span>
    </p>
   </div>
   <div class='ocr_carea' id='block_1_33' title="bbox 320 3911 1908 3980">
    <p class='ocr_par' dir='ltr' id='par_1_33' title="bbox 320 3911 1908 3980">
     <span class='ocr_line' id='line_1_33' title="bbox 320 3911 1908 3980; baseline -0.001 -14"><span class='ocrx_word' id='word_1_210' title='bbox 320 3926 425 3967; x_wconf 87' lang='lat' dir='ltr'><strong>non</strong></span> <span class='ocrx_word' id='word_1_211' title='bbox 455 3914 623 3979; x_wconf 77' lang='lat' dir='ltr'><strong>novit,</strong></span> <span class='ocrx_word' id='word_1_212' title='bbox 665 3921 721 3969; x_wconf 84' lang='lat' dir='ltr'><strong>et</strong></span> <span class='ocrx_word' id='word_1_213' title='bbox 760 3929 827 3969; x_wconf 77' lang='lat' dir='ltr'><strong>ex</strong></span> <span class='ocrx_word' id='word_1_214' title='bbox 874 3925 975 3968; x_wconf 87' lang='lat' dir='ltr'><strong>usu</strong></span> <span class='ocrx_word' id='word_1_215' title='bbox 1017 3912 1264 3966; x_wconf 74' lang='lat' dir='ltr'><strong>amicitia:</strong></span> <span class='ocrx_word' id='word_1_216' title='bbox 1291 3911 1518 3980; x_wconf 79' lang='lat' dir='ltr'><strong>majores</strong></span> <span class='ocrx_word' id='word_1_217' title='bbox 1540 3911 1779 3964; x_wconf 85' lang='lat' dir='ltr'><strong>flammas</strong></span> <span class='ocrx_word' id='word_1_218' title='bbox 1815 3924 1908 3964; x_wconf 90' lang='lat' dir='ltr'><strong>ac-</strong></span> 
     </span>
    </p>
   </div>
   <div class='ocr_carea' id='block_1_34' title="bbox 318 4002 1906 4075">
    <p class='ocr_par' dir='ltr' id='par_1_34' title="bbox 318 4002 1906 4075">
     <span class='ocr_line' id='line_1_34' title="bbox 318 4002 1906 4075; baseline -0.001 -17"><span class='ocrx_word' id='word_1_219' title='bbox 318 4004 449 4075; x_wconf 82' lang='lat' dir='ltr'><strong>cipit</strong></span> <span class='ocrx_word' id='word_1_220' title='bbox 480 4023 494 4059; x_wconf 87' lang='lat'><strong>:</strong></span> <span class='ocrx_word' id='word_1_221' title='bbox 521 4004 662 4075; x_wconf 88' lang='lat' dir='ltr'><strong>quod</strong></span> <span class='ocrx_word' id='word_1_222' title='bbox 683 4005 798 4075; x_wconf 86' lang='lat' dir='ltr'><strong>ipse</strong></span> <span class='ocrx_word' id='word_1_223' title='bbox 825 4005 1068 4060; x_wconf 89' lang='lat' dir='ltr'><strong>alumnus</strong></span> <span class='ocrx_word' id='word_1_224' title='bbox 1095 4002 1393 4058; x_wconf 88' lang='lat' dir='ltr'><strong>dilectionis</strong></span> <span class='ocrx_word' id='word_1_225' title='bbox 1434 4002 1629 4056; x_wconf 83' lang='lat' dir='ltr'><strong>Paulus</strong></span> <span class='ocrx_word' id='word_1_226' title='bbox 1657 4007 1906 4056; x_wconf 85' lang='lat' dir='ltr'><strong>testatum</strong></span> 
     </span>
    </p>
   </div>
   <div class='ocr_carea' id='block_1_35' title="bbox 318 4094 1909 4167">
    <p class='ocr_par' dir='ltr' id='par_1_35' title="bbox 318 4094 1909 4167">
     <span class='ocr_line' id='line_1_35' title="bbox 318 4094 1909 4167; baseline -0.002 -17"><span class='ocrx_word' id='word_1_227' title='bbox 318 4096 566 4166; x_wconf 81' lang='lat' dir='ltr'><strong>reliquit,</strong></span> <span class='ocrx_word' id='word_1_228' title='bbox 613 4097 705 4167; x_wconf 87' lang='lat' dir='ltr'><strong>qui</strong></span> <span class='ocrx_word' id='word_1_229' title='bbox 757 4097 829 4152; x_wconf 90' lang='lat' dir='ltr'><strong>ita</strong></span> <span class='ocrx_word' id='word_1_230' title='bbox 868 4095 1218 4152; x_wconf 78' lang='lat' dir='ltr'><strong>dixitzNulli</strong></span> <span class='ocrx_word' id='word_1_231' title='bbox 1241 4095 1514 4164; x_wconf 83' lang='lat' dir='ltr'><strong>quidquam</strong></span> <span class='ocrx_word' id='word_1_232' title='bbox 1539 4095 1778 4158; x_wconf 75' lang='lat' dir='ltr'><strong>debeatis,</strong></span> <span class='ocrx_word' id='word_1_233' title='bbox 1810 4094 1909 4148; x_wconf 84' lang='lat' dir='ltr'><strong>nisi</strong></span> 
     </span>
    </p>
   </div>
   <div class='ocr_carea' id='block_1_36' title="bbox 317 4183 1906 4258">
    <p class='ocr_par' dir='ltr' id='par_1_36' title="bbox 317 4183 1906 4258">
     <span class='ocr_line' id='line_1_36' title="bbox 317 4183 1906 4258; baseline -0.001 -18"><span class='ocrx_word' id='word_1_234' title='bbox 317 4195 370 4239; x_wconf 72' lang='lat' dir='ltr'><strong>ut</strong></span> <span class='ocrx_word' id='word_1_235' title='bbox 408 4187 617 4241; x_wconf 80' lang='lat' dir='ltr'><strong>invicem</strong></span> <span class='ocrx_word' id='word_1_236' title='bbox 641 4188 866 4257; x_wconf 77' lang='lat' dir='ltr'><strong>diligatis</strong></span> <span class='ocrx_word' id='word_1_237' title='bbox 894 4188 1070 4258; x_wconf 80' lang='lat' dir='ltr'><strong>(Rom.</strong></span> <span class='ocrx_word' id='word_1_238' title='bbox 1101 4187 1191 4241; x_wconf 73' lang='grc'><strong>15.</strong></span> <span class='ocrx_word' id='word_1_239' title='bbox 1214 4186 1293 4256; x_wconf 85' lang='grc'><strong>8).</strong></span> <span class='ocrx_word' id='word_1_240' title='bbox 1322 4184 1452 4239; x_wconf 90' lang='lat' dir='ltr'><strong>Illud</strong></span> <span class='ocrx_word' id='word_1_241' title='bbox 1501 4185 1643 4239; x_wconf 89' lang='lat' dir='ltr'><strong>enim</strong></span> <span class='ocrx_word' id='word_1_242' title='bbox 1669 4183 1906 4239; x_wconf 86' lang='lat' dir='ltr'><strong>debitum</strong></span> 
     </span>
    </p>
   </div>
   <div class='ocr_carea' id='block_1_37' title="bbox 319 4277 1900 4349">
    <p class='ocr_par' dir='ltr' id='par_1_37' title="bbox 319 4277 1900 4349">
     <span class='ocr_line' id='line_1_37' title="bbox 319 4277 1900 4349; baseline 0 -17"><span class='ocrx_word' id='word_1_243' title='bbox 319 4292 531 4349; x_wconf 81' lang='lat' dir='ltr'><strong>semper</strong></span> <span class='ocrx_word' id='word_1_244' title='bbox 555 4279 767 4348; x_wconf 89' lang='lat' dir='ltr'><strong>quidem</strong></span> <span class='ocrx_word' id='word_1_245' title='bbox 809 4279 1085 4344; x_wconf 89' lang='lat' dir='ltr'><strong>fundatur,</strong></span> <span class='ocrx_word' id='word_1_246' title='bbox 1115 4293 1403 4348; x_wconf 87' lang='lat' dir='ltr'><strong>numquam</strong></span> <span class='ocrx_word' id='word_1_247' title='bbox 1451 4285 1628 4331; x_wconf 89' lang='lat' dir='ltr'><strong>autem</strong></span> <span class='ocrx_word' id='word_1_248' title='bbox 1659 4277 1900 4332; x_wconf 89' lang='lat' dir='ltr'><strong>solvitur.</strong></span> 
     </span>
    </p>
   </div>
   <div class='ocr_carea' id='block_1_38' title="bbox 318 4367 1906 4440">
    <p class='ocr_par' dir='ltr' id='par_1_38' title="bbox 318 4367 1906 4440">
     <span class='ocr_line' id='line_1_38' title="bbox 318 4367 1906 4440; baseline -0.001 -17"><span class='ocrx_word' id='word_1_249' title='bbox 318 4367 416 4423; x_wconf 80' lang='lat' dir='ltr'><strong>llic</strong></span> <span class='ocrx_word' id='word_1_250' title='bbox 467 4379 725 4440; x_wconf 85' lang='lat' dir='ltr'><strong>perpetuo</strong></span> <span class='ocrx_word' id='word_1_251' title='bbox 768 4370 967 4425; x_wconf 87' lang='lat' dir='ltr'><strong>debere</strong></span> <span class='ocrx_word' id='word_1_252' title='bbox 997 4368 1279 4440; x_wconf 87' lang='lat' dir='ltr'><strong>pulchrum</strong></span> <span class='ocrx_word' id='word_1_253' title='bbox 1309 4377 1421 4433; x_wconf 88' lang='lat' dir='ltr'><strong>est,</strong></span> <span class='ocrx_word' id='word_1_254' title='bbox 1470 4377 1524 4424; x_wconf 92' lang='lat' dir='ltr'><strong>et</strong></span> <span class='ocrx_word' id='word_1_255' title='bbox 1552 4369 1602 4422; x_wconf 90' lang='lat' dir='ltr'><strong>in</strong></span> <span class='ocrx_word' id='word_1_256' title='bbox 1628 4368 1782 4424; x_wconf 87' lang='lat' dir='ltr'><strong>laude</strong></span> <span class='ocrx_word' id='word_1_257' title='bbox 1808 4384 1906 4437; x_wconf 80' lang='lat' dir='ltr'><strong>po-</strong></span> 
     </span>
    </p>
   </div>
   <div class='ocr_carea' id='block_1_39' title="bbox 317 4458 1904 4532">
    <p class='ocr_par' dir='ltr' id='par_1_39' title="bbox 317 4458 1904 4532">
     <span class='ocr_line' id='line_1_39' title="bbox 317 4458 1904 4532; baseline 0.003 -19"><span class='ocrx_word' id='word_1_258' title='bbox 317 4461 500 4515; x_wconf 84' lang='lat' dir='ltr'><strong>situm.</strong></span> <span class='ocrx_word' id='word_1_259' title='bbox 543 4458 600 4516; x_wconf 82' lang='lat' dir='ltr'><strong>in</strong></span> <span class='ocrx_word' id='word_1_260' title='bbox 635 4478 694 4518; x_wconf 92' lang='lat' dir='ltr'><strong>re</strong></span> <span class='ocrx_word' id='word_1_261' title='bbox 745 4464 1048 4532; x_wconf 89' lang='lat' dir='ltr'><strong>pecuniaria</strong></span> <span class='ocrx_word' id='word_1_262' title='bbox 1099 4463 1224 4530; x_wconf 81' lang='lat' dir='ltr'><strong>eos&#39;,</strong></span> <span class='ocrx_word' id='word_1_263' title='bbox 1277 4463 1366 4532; x_wconf 89' lang='lat' dir='ltr'><strong>qui</strong></span> <span class='ocrx_word' id='word_1_264' title='bbox 1396 4477 1504 4516; x_wconf 89' lang='lat' dir='ltr'><strong>non</strong></span> <span class='ocrx_word' id='word_1_265' title='bbox 1529 4461 1758 4530; x_wconf 89' lang='lat' dir='ltr'><strong>debent,</strong></span> <span class='ocrx_word' id='word_1_266' title='bbox 1793 4463 1904 4518; x_wconf 88' lang='lat' dir='ltr'><strong>lau-</strong></span> 
     </span>
    </p>
   </div>
   <div class='ocr_carea' id='block_1_40' title="bbox 317 4552 1906 4626">
    <p class='ocr_par' dir='ltr' id='par_1_40' title="bbox 317 4552 1906 4626">
     <span class='ocr_line' id='line_1_40' title="bbox 317 4552 1906 4626; baseline 0.001 -19"><span class='ocrx_word' id='word_1_267' title='bbox 317 4552 521 4610; x_wconf 82' lang='lat' dir='ltr'><strong>dandos</strong></span> <span class='ocrx_word' id='word_1_268' title='bbox 559 4566 808 4626; x_wconf 79' lang='lat' dir='ltr'><strong>putamus</strong></span> <span class='ocrx_word' id='word_1_269' title='bbox 839 4571 856 4609; x_wconf 90' lang='lat'><strong>:</strong></span> <span class='ocrx_word' id='word_1_270' title='bbox 888 4557 940 4611; x_wconf 92' lang='lat' dir='ltr'><strong>in</strong></span> <span class='ocrx_word' id='word_1_271' title='bbox 961 4556 1244 4611; x_wconf 87' lang='lat' dir='ltr'><strong>dilectione</strong></span> <span class='ocrx_word' id='word_1_272' title='bbox 1283 4571 1412 4611; x_wconf 84' lang='lat' dir='ltr'><strong>vero</strong></span> <span class='ocrx_word' id='word_1_273' title='bbox 1441 4565 1724 4624; x_wconf 89' lang='lat' dir='ltr'><strong>perpetuos</strong></span> <span class='ocrx_word' id='word_1_274' title='bbox 1755 4555 1906 4611; x_wconf 88' lang='lat' dir='ltr'><strong>debi-</strong></span> 
     </span>
    </p>
   </div>
   <div class='ocr_carea' id='block_1_41' title="bbox 323 4646 1903 4718">
    <p class='ocr_par' dir='ltr' id='par_1_41' title="bbox 323 4646 1903 4718">
     <span class='ocr_line' id='line_1_41' title="bbox 323 4646 1903 4718; baseline 0.003 -22"><span class='ocrx_word' id='word_1_275' title='bbox 323 4653 467 4699; x_wconf 86' lang='lat' dir='ltr'><strong>tores</strong></span> <span class='ocrx_word' id='word_1_276' title='bbox 494 4646 786 4716; x_wconf 74' lang='lat' dir='ltr'><strong>probamus</strong></span> <span class='ocrx_word' id='word_1_277' title='bbox 829 4656 884 4702; x_wconf 90' lang='lat' dir='ltr'><strong>et</strong></span> <span class='ocrx_word' id='word_1_278' title='bbox 909 4648 1235 4702; x_wconf 86' lang='lat' dir='ltr'><strong>admiramur</strong></span> <span class='ocrx_word' id='word_1_279' title='bbox 1267 4664 1280 4699; x_wconf 88' lang='lat'><strong>:</strong></span> <span class='ocrx_word' id='word_1_280' title='bbox 1313 4655 1365 4701; x_wconf 90' lang='lat' dir='ltr'><strong>et</strong></span> <span class='ocrx_word' id='word_1_281' title='bbox 1392 4647 1532 4718; x_wconf 86' lang='lat' dir='ltr'><strong>quod</strong></span> <span class='ocrx_word' id='word_1_282' title='bbox 1561 4648 1630 4701; x_wconf 91' lang='lat' dir='ltr'><strong>ibi</strong></span> <span class='ocrx_word' id='word_1_283' title='bbox 1658 4648 1903 4716; x_wconf 83' lang='lat' dir='ltr'><strong>maligni—</strong></span> 
     </span>
    </p>
   </div>
   <div class='ocr_carea' id='block_1_42' title="bbox 318 4736 1900 4810">
    <p class='ocr_par' dir='ltr' id='par_1_42' title="bbox 318 4736 1900 4810">
     <span class='ocr_line' id='line_1_42' title="bbox 318 4736 1900 4810; baseline 0.002 -22"><span class='ocrx_word' id='word_1_284' title='bbox 318 4736 460 4801; x_wconf 84' lang='lat' dir='ltr'><strong>tatis,</strong></span> <span class='ocrx_word' id='word_1_285' title='bbox 490 4736 576 4792; x_wconf 92' lang='lat' dir='ltr'><strong>hic</strong></span> <span class='ocrx_word' id='word_1_286' title='bbox 617 4737 961 4809; x_wconf 85' lang='lat' dir='ltr'><strong>benignitatis</strong></span> <span class='ocrx_word' id='word_1_287' title='bbox 1010 4740 1217 4810; x_wconf 85' lang='lat' dir='ltr'><strong>signum</strong></span> <span class='ocrx_word' id='word_1_288' title='bbox 1264 4745 1365 4804; x_wconf 88' lang='lat' dir='ltr'><strong>est,</strong></span> <span class='ocrx_word' id='word_1_289' title='bbox 1398 4746 1456 4792; x_wconf 92' lang='lat' dir='ltr'><strong>ut</strong></span> <span class='ocrx_word' id='word_1_290' title='bbox 1501 4737 1704 4792; x_wconf 87' lang='lat' dir='ltr'><strong>scilicet</strong></span> <span class='ocrx_word' id='word_1_291' title='bbox 1743 4753 1900 4792; x_wconf 88' lang='lat' dir='ltr'><strong>num-</strong></span> 
     </span>
    </p>
   </div>
   <div class='ocr_carea' id='block_1_43' title="bbox 315 4828 1902 4900">
    <p class='ocr_par' dir='ltr' id='par_1_43' title="bbox 315 4828 1902 4900">
     <span class='ocr_line' id='line_1_43' title="bbox 315 4828 1902 4900; baseline 0.004 -21"><span class='ocrx_word' id='word_1_292' title='bbox 315 4842 472 4895; x_wconf 85' lang='lat' dir='ltr'><strong>quam</strong></span> <span class='ocrx_word' id='word_1_293' title='bbox 523 4829 763 4884; x_wconf 76' lang='lat' dir='ltr'><strong>solvatur</strong></span> <span class='ocrx_word' id='word_1_294' title='bbox 809 4831 1046 4886; x_wconf 89' lang='lat' dir='ltr'><strong>caritatis</strong></span> <span class='ocrx_word' id='word_1_295' title='bbox 1113 4831 1373 4886; x_wconf 85' lang='lat' dir='ltr'><strong>debitum.</strong></span> <span class='ocrx_word' id='word_1_296' title='bbox 1425 4829 1504 4884; x_wconf 85' lang='lat' dir='ltr'><strong>Ne</strong></span> <span class='ocrx_word' id='word_1_297' title='bbox 1548 4845 1691 4900; x_wconf 65' lang='lat' dir='ltr'><strong>aegre</strong></span> <span class='ocrx_word' id='word_1_298' title='bbox 1719 4828 1902 4885; x_wconf 88' lang='lat' dir='ltr'><strong>feratis</strong></span> 
     </span>
    </p>
   </div>
   <div class='ocr_carea' id='block_1_44' title="bbox 319 4917 1899 4984">
    <p class='ocr_par' dir='ltr' id='par_1_44' title="bbox 319 4917 1899 4984">
     <span class='ocr_line' id='line_1_44' title="bbox 319 4917 1899 4984; baseline 0.005 -16"><span class='ocrx_word' id='word_1_299' title='bbox 319 4917 674 4984; x_wconf 80' lang='lat' dir='ltr'><strong>prolixitatem</strong></span> <span class='ocrx_word' id='word_1_300' title='bbox 717 4923 976 4977; x_wconf 90' lang='lat' dir='ltr'><strong>orationis</strong></span> <span class='ocrx_word' id='word_1_301' title='bbox 1022 4922 1214 4976; x_wconf 74' lang='lat' dir='ltr'><strong>futuras</strong></span> <span class='ocrx_word' id='word_1_302' title='bbox 1257 4939 1272 4977; x_wconf 93' lang='lat'><strong>:</strong></span> <span class='ocrx_word' id='word_1_303' title='bbox 1320 4920 1717 4976; x_wconf 64' lang='lat' dir='ltr'><strong>citharoedicam</strong></span> <span class='ocrx_word' id='word_1_304' title='bbox 1758 4922 1899 4976; x_wconf 86' lang='lat' dir='ltr'><strong>enim</strong></span> 
     </span>
    </p>
   </div>
   <div class='ocr_carea' id='block_1_45' title="bbox 316 5006 1901 5082">
    <p class='ocr_par' dir='ltr' id='par_1_45' title="bbox 316 5006 1901 5082">
     <span class='ocr_line' id='line_1_45' title="bbox 316 5006 1901 5082; baseline 0.004 -22"><span class='ocrx_word' id='word_1_305' title='bbox 316 5006 600 5063; x_wconf 81' lang='lat' dir='ltr'><strong>melodiam</strong></span> <span class='ocrx_word' id='word_1_306' title='bbox 619 5025 847 5082; x_wconf 88' lang='lat' dir='ltr'><strong>eamque</strong></span> <span class='ocrx_word' id='word_1_307' title='bbox 861 5012 1223 5066; x_wconf 86' lang='lat' dir='ltr'><strong>admirabilem</strong></span> <span class='ocrx_word' id='word_1_308' title='bbox 1253 5026 1350 5066; x_wconf 86' lang='lat' dir='ltr'><strong>vos</strong></span> <span class='ocrx_word' id='word_1_309' title='bbox 1371 5012 1594 5078; x_wconf 90' lang='lat' dir='ltr'><strong>docebo,</strong></span> <span class='ocrx_word' id='word_1_310' title='bbox 1626 5027 1729 5066; x_wconf 90' lang='lat' dir='ltr'><strong>non</strong></span> <span class='ocrx_word' id='word_1_311' title='bbox 1752 5027 1901 5066; x_wconf 88' lang='lat' dir='ltr'><strong>mor-</strong></span> 
     </span>
    </p>
   </div>
   <div class='ocr_carea' id='block_1_46' title="bbox 317 5097 1900 5173">
    <p class='ocr_par' dir='ltr' id='par_1_46' title="bbox 317 5097 1900 5173">
     <span class='ocr_line' id='line_1_46' title="bbox 317 5097 1900 5173; baseline 0.007 -24"><span class='ocrx_word' id='word_1_312' title='bbox 317 5104 460 5154; x_wconf 66' lang='lat' dir='ltr'><strong>atam</strong></span> <span class='ocrx_word' id='word_1_313' title='bbox 492 5097 658 5170; x_wconf 73' lang='lat' dir='ltr'><strong>lyram</strong></span> <span class='ocrx_word' id='word_1_314' title='bbox 699 5103 1053 5168; x_wconf 87' lang='lat' dir='ltr'><strong>attrectando,</strong></span> <span class='ocrx_word' id='word_1_315' title='bbox 1088 5103 1182 5159; x_wconf 87' lang='lat' dir='ltr'><strong>sed</strong></span> <span class='ocrx_word' id='word_1_316' title='bbox 1226 5104 1618 5173; x_wconf 88' lang='lat' dir='ltr'><strong>Scripturarum</strong></span> <span class='ocrx_word' id='word_1_317' title='bbox 1650 5104 1900 5160; x_wconf 78' lang='lat' dir='ltr'><strong>historias</strong></span> 
     </span>
    </p>
   </div>
   <div class='ocr_carea' id='block_1_47' title="bbox 313 5188 1904 5266">
    <p class='ocr_par' dir='ltr' id='par_1_47' title="bbox 313 5188 1904 5266">
     <span class='ocr_line' id='line_1_47' title="bbox 313 5188 1904 5266; baseline 0.004 -23"><span class='ocrx_word' id='word_1_318' title='bbox 313 5198 371 5243; x_wconf 81' lang='lat' dir='ltr'><strong>et</strong></span> <span class='ocrx_word' id='word_1_319' title='bbox 402 5188 496 5244; x_wconf 79' lang='lat' dir='ltr'><strong>Dei</strong></span> <span class='ocrx_word' id='word_1_320' title='bbox 539 5204 802 5265; x_wconf 74' lang='lat' dir='ltr'><strong>prmeepla</strong></span> <span class='ocrx_word' id='word_1_321' title='bbox 833 5211 932 5266; x_wconf 85' lang='lat' dir='ltr'><strong>pro</strong></span> <span class='ocrx_word' id='word_1_322' title='bbox 961 5197 1139 5251; x_wconf 87' lang='lat' dir='ltr'><strong>nervis</strong></span> <span class='ocrx_word' id='word_1_323' title='bbox 1180 5195 1524 5251; x_wconf 84' lang='lat' dir='ltr'><strong>intendendo.</strong></span> <span class='ocrx_word' id='word_1_324' title='bbox 1550 5197 1618 5250; x_wconf 86' lang='lat' dir='ltr'><strong>Et</strong></span> <span class='ocrx_word' id='word_1_325' title='bbox 1644 5195 1904 5266; x_wconf 87' lang='lat' dir='ltr'><strong>quemad-</strong></span> 
     </span>
    </p>
   </div>
   <div class='ocr_carea' id='block_1_48' title="bbox 313 5280 1900 5358">
    <p class='ocr_par' dir='ltr' id='par_1_48' title="bbox 313 5280 1900 5358">
     <span class='ocr_line' id='line_1_48' title="bbox 313 5280 1900 5358; baseline 0.006 -25"><span class='ocrx_word' id='word_1_326' title='bbox 313 5280 532 5338; x_wconf 86' lang='lat' dir='ltr'><strong>modum</strong></span> <span class='ocrx_word' id='word_1_327' title='bbox 575 5285 856 5343; x_wconf 74' lang='lat' dir='ltr'><strong>citbarmdi</strong></span> <span class='ocrx_word' id='word_1_328' title='bbox 897 5289 1122 5357; x_wconf 91' lang='lat' dir='ltr'><strong>arreptis</strong></span> <span class='ocrx_word' id='word_1_329' title='bbox 1145 5288 1522 5358; x_wconf 87' lang='lat' dir='ltr'><strong>discipulorum</strong></span> <span class='ocrx_word' id='word_1_330' title='bbox 1544 5287 1738 5357; x_wconf 87' lang='lat' dir='ltr'><strong>digitis,</strong></span> <span class='ocrx_word' id='word_1_331' title='bbox 1771 5303 1900 5357; x_wconf 83' lang='lat' dir='ltr'><strong>pau-</strong></span> 
     </span>
    </p>
   </div>
   <div class='ocr_carea' id='block_1_49' title="bbox 314 5369 1899 5448">
    <p class='ocr_par' dir='ltr' id='par_1_49' title="bbox 314 5369 1899 5448">
     <span class='ocr_line' id='line_1_49' title="bbox 314 5369 1899 5448; baseline 0.008 -27"><span class='ocrx_word' id='word_1_332' title='bbox 314 5369 464 5426; x_wconf 80' lang='lat' dir='ltr'><strong>latim</strong></span> <span class='ocrx_word' id='word_1_333' title='bbox 508 5387 605 5430; x_wconf 85' lang='lat' dir='ltr'><strong>eos</strong></span> <span class='ocrx_word' id='word_1_334' title='bbox 649 5375 868 5433; x_wconf 88' lang='lat' dir='ltr'><strong>chordis</strong></span> <span class='ocrx_word' id='word_1_335' title='bbox 917 5378 1262 5434; x_wconf 77' lang='lat' dir='ltr'><strong>admoventes</strong></span> <span class='ocrx_word' id='word_1_336' title='bbox 1313 5378 1673 5433; x_wconf 86' lang='lat' dir='ltr'><strong>assuefaciunt</strong></span> <span class='ocrx_word' id='word_1_337' title='bbox 1731 5379 1899 5448; x_wconf 89' lang='lat' dir='ltr'><strong>perite</strong></span> 
     </span>
    </p>
   </div>
   <div class='ocr_carea' id='block_1_50' title="bbox 308 5473 1896 5536">
    <p class='ocr_par' dir='ltr' id='par_1_50' title="bbox 308 5473 1896 5536">
     <span class='ocr_line' id='line_1_50' title="bbox 308 5473 1896 5536; baseline 0.011 -24"><span class='ocrx_word' id='word_1_338' title='bbox 308 5473 667 5536; x_wconf 72' lang='lat' dir='ltr'><strong>contrectare,</strong></span> <span class='ocrx_word' id='word_1_339' title='bbox 714 5479 769 5525; x_wconf 90' lang='lat' dir='ltr'><strong>et</strong></span> <span class='ocrx_word' id='word_1_340' title='bbox 810 5485 876 5528; x_wconf 80' lang='lat' dir='ltr'><strong>ex</strong></span> <span class='ocrx_word' id='word_1_341' title='bbox 929 5473 1088 5527; x_wconf 86' lang='lat' dir='ltr'><strong>mutis</strong></span> <span class='ocrx_word' id='word_1_342' title='bbox 1117 5473 1256 5528; x_wconf 88' lang='lat' dir='ltr'><strong>tonis</strong></span> <span class='ocrx_word' id='word_1_343' title='bbox 1293 5486 1359 5527; x_wconf 90' lang='lat' dir='ltr'><strong>ae</strong></span> <span class='ocrx_word' id='word_1_344' title='bbox 1383 5474 1560 5528; x_wconf 80' lang='lat' dir='ltr'><strong>nervis</strong></span> <span class='ocrx_word' id='word_1_345' title='bbox 1591 5473 1735 5527; x_wconf 82' lang='lat' dir='ltr'><strong>omni</strong></span> <span class='ocrx_word' id='word_1_346' title='bbox 1760 5487 1896 5529; x_wconf 84' lang='lat' dir='ltr'><strong>sono</strong></span> 
     </span>
    </p>
   </div>
   <div class='ocr_carea' id='block_1_51' title="bbox 308 5557 1890 5621">
    <p class='ocr_par' dir='ltr' id='par_1_51' title="bbox 308 5557 1890 5621">
     <span class='ocr_line' id='line_1_51' title="bbox 308 5557 1890 5621; baseline 0.006 -10"><span class='ocrx_word' id='word_1_347' title='bbox 308 5557 620 5612; x_wconf 70' lang='lat' dir='ltr'><strong>suaviorem</strong></span> <span class='ocrx_word' id='word_1_348' title='bbox 666 5569 721 5616; x_wconf 89' lang='lat' dir='ltr'><strong>et</strong></span> <span class='ocrx_word' id='word_1_349' title='bbox 737 5559 1032 5618; x_wconf 84' lang='lat' dir='ltr'><strong>dulciorem</strong></span> <span class='ocrx_word' id='word_1_350' title='bbox 1058 5579 1244 5620; x_wconf 89' lang='lat' dir='ltr'><strong>vocem</strong></span> <span class='ocrx_word' id='word_1_351' title='bbox 1281 5565 1524 5621; x_wconf 87' lang='lat' dir='ltr'><strong>emittere</strong></span> <span class='ocrx_word' id='word_1_352' title='bbox 1557 5564 1751 5620; x_wconf 86' lang='lat' dir='ltr'><strong>docent</strong></span> <span class='ocrx_word' id='word_1_353' title='bbox 1777 5582 1791 5620; x_wconf 91' lang='lat'><strong>:</strong></span> <span class='ocrx_word' id='word_1_354' title='bbox 1819 5565 1890 5620; x_wconf 88' lang='lat' dir='ltr'><strong>ita</strong></span> 
     </span>
    </p>
   </div>
   <div class='ocr_carea' id='block_1_52' title="bbox 377 5667 1916 5744">
    <p class='ocr_par' dir='ltr' id='par_1_52' title="bbox 377 5667 1916 5744">
     <span class='ocr_line' id='line_1_52' title="bbox 377 5667 1916 5744; baseline 0.003 -19"><span class='ocrx_word' id='word_1_355' title='bbox 377 5667 452 5725; x_wconf 64' lang='lat' dir='ltr'><strong>fa)</strong></span> <span class='ocrx_word' id='word_1_356' title='bbox 466 5670 644 5724; x_wconf 74' lang='lat' dir='ltr'><strong>collata</strong></span> <span class='ocrx_word' id='word_1_357' title='bbox 667 5689 777 5726; x_wconf 91' lang='lat' dir='ltr'><strong>cum</strong></span> <span class='ocrx_word' id='word_1_358' title='bbox 792 5677 964 5728; x_wconf 82' lang='lat' dir='ltr'><strong>Codice</strong></span> <span class='ocrx_word' id='word_1_359' title='bbox 987 5676 1136 5744; x_wconf 70' lang='lat' dir='ltr'><strong>Regio</strong></span> <span class='ocrx_word' id='word_1_360' title='bbox 1156 5680 1274 5733; x_wconf 78' lang='grc'><strong>1967</strong></span> <span class='ocrx_word' id='word_1_361' title='bbox 1299 5687 1348 5732; x_wconf 84' lang='lat' dir='ltr'><strong>et</strong></span> <span class='ocrx_word' id='word_1_362' title='bbox 1369 5693 1478 5732; x_wconf 79' lang='lat' dir='ltr'><strong>cum</strong></span> <span class='ocrx_word' id='word_1_363' title='bbox 1499 5679 1788 5734; x_wconf 81' lang='lat' dir='ltr'><strong>Coisliniano</strong></span> <span class='ocrx_word' id='word_1_364' title='bbox 1805 5680 1916 5732; x_wconf 66' lang='grc' dir='ltr'><strong>ΞΜ.</strong></span> 
     </span>
    </p>
   </div>
   <div class='ocr_carea' id='block_1_53' title="bbox 2028 1717 3609 1790">
    <p class='ocr_par' dir='ltr' id='par_1_53' title="bbox 2028 1717 3609 1790">
     <span class='ocr_line' id='line_1_53' title="bbox 2028 1717 3609 1790; baseline 0 -16"><span class='ocrx_word' id='word_1_365' title='bbox 2028 1733 2127 1775; x_wconf 92' lang='lat' dir='ltr'><strong>nos</strong></span> <span class='ocrx_word' id='word_1_366' title='bbox 2155 1733 2369 1790; x_wconf 90' lang='lat' dir='ltr'><strong>quoque</strong></span> <span class='ocrx_word' id='word_1_367' title='bbox 2389 1717 2642 1774; x_wconf 85' lang='lat' dir='ltr'><strong>faciemus</strong></span> <span class='ocrx_word' id='word_1_368' title='bbox 2660 1759 2675 1785; x_wconf 95' lang='lat'><strong>,</strong></span> <span class='ocrx_word' id='word_1_369' title='bbox 2705 1727 2760 1774; x_wconf 90' lang='lat' dir='ltr'><strong>et</strong></span> <span class='ocrx_word' id='word_1_370' title='bbox 2786 1719 2904 1774; x_wconf 91' lang='lat' dir='ltr'><strong>loco</strong></span> <span class='ocrx_word' id='word_1_371' title='bbox 2929 1718 3215 1790; x_wconf 90' lang='lat' dir='ltr'><strong>digitorum</strong></span> <span class='ocrx_word' id='word_1_372' title='bbox 3237 1727 3466 1774; x_wconf 90' lang='lat' dir='ltr'><strong>mentem</strong></span> <span class='ocrx_word' id='word_1_373' title='bbox 3515 1734 3609 1774; x_wconf 89' lang='lat' dir='ltr'><strong>ve-</strong></span> 
     </span>
    </p>
   </div>
   <div class='ocr_carea' id='block_1_54' title="bbox 2024 1811 3609 1882">
    <p class='ocr_par' dir='ltr' id='par_1_54' title="bbox 2024 1811 3609 1882">
     <span class='ocr_line' id='line_1_54' title="bbox 2024 1811 3609 1882; baseline -0.001 -16"><span class='ocrx_word' id='word_1_374' title='bbox 2024 1820 2186 1866; x_wconf 90' lang='lat' dir='ltr'><strong>stram</strong></span> <span class='ocrx_word' id='word_1_375' title='bbox 2209 1817 2554 1867; x_wconf 88' lang='lat' dir='ltr'><strong>attrectantes</strong></span> <span class='ocrx_word' id='word_1_376' title='bbox 2602 1811 2880 1882; x_wconf 59' lang='lat' dir='ltr'><strong>praeceptis</strong></span> <span class='ocrx_word' id='word_1_377' title='bbox 2923 1811 3016 1867; x_wconf 88' lang='lat' dir='ltr'><strong>Dei</strong></span> <span class='ocrx_word' id='word_1_378' title='bbox 3041 1811 3482 1876; x_wconf 89' lang='lat' dir='ltr'><strong>admovebimus,</strong></span> <span class='ocrx_word' id='word_1_379' title='bbox 3524 1812 3609 1882; x_wconf 84' lang='lat' dir='ltr'><strong>ju-</strong></span> 
     </span>
    </p>
   </div>
   <div class='ocr_carea' id='block_1_55' title="bbox 2024 1901 3608 1973">
    <p class='ocr_par' dir='ltr' id='par_1_55' title="bbox 2024 1901 3608 1973">
     <span class='ocr_line' id='line_1_55' title="bbox 2024 1901 3608 1973; baseline 0 -17"><span class='ocrx_word' id='word_1_380' title='bbox 2024 1901 2371 1972; x_wconf 88' lang='lat' dir='ltr'><strong>bcbimusque</strong></span> <span class='ocrx_word' id='word_1_381' title='bbox 2421 1917 2485 1956; x_wconf 89' lang='lat' dir='ltr'><strong>ea</strong></span> <span class='ocrx_word' id='word_1_382' title='bbox 2533 1901 2666 1958; x_wconf 89' lang='lat' dir='ltr'><strong>scite</strong></span> <span class='ocrx_word' id='word_1_383' title='bbox 2710 1910 2766 1958; x_wconf 92' lang='lat' dir='ltr'><strong>et</strong></span> <span class='ocrx_word' id='word_1_384' title='bbox 2793 1902 3066 1973; x_wconf 85' lang='lat' dir='ltr'><strong>eleganter</strong></span> <span class='ocrx_word' id='word_1_385' title='bbox 3098 1901 3378 1973; x_wconf 88' lang='lat' dir='ltr'><strong>attingere,</strong></span> <span class='ocrx_word' id='word_1_386' title='bbox 3412 1918 3517 1958; x_wconf 87' lang='lat' dir='ltr'><strong>non</strong></span> <span class='ocrx_word' id='word_1_387' title='bbox 3547 1913 3608 1958; x_wconf 89' lang='lat' dir='ltr'><strong>ut</strong></span> 
     </span>
    </p>
   </div>
   <div class='ocr_carea' id='block_1_56' title="bbox 2025 1994 3610 2067">
    <p class='ocr_par' dir='ltr' id='par_1_56' title="bbox 2025 1994 3610 2067">
     <span class='ocr_line' id='line_1_56' title="bbox 2025 1994 3610 2067; baseline 0 -18"><span class='ocrx_word' id='word_1_388' title='bbox 2025 1994 2299 2049; x_wconf 86' lang='lat' dir='ltr'><strong>hominum</strong></span> <span class='ocrx_word' id='word_1_389' title='bbox 2326 1995 2628 2064; x_wconf 87' lang='lat' dir='ltr'><strong>theatrum,</strong></span> <span class='ocrx_word' id='word_1_390' title='bbox 2657 1995 2752 2052; x_wconf 88' lang='lat' dir='ltr'><strong>sed</strong></span> <span class='ocrx_word' id='word_1_391' title='bbox 2792 2004 2849 2051; x_wconf 92' lang='lat' dir='ltr'><strong>ut</strong></span> <span class='ocrx_word' id='word_1_392' title='bbox 2877 1996 3187 2067; x_wconf 89' lang='lat' dir='ltr'><strong>angelorum</strong></span> <span class='ocrx_word' id='word_1_393' title='bbox 3225 1995 3475 2066; x_wconf 72' lang='lat' dir='ltr'><strong>ponttlum</strong></span> <span class='ocrx_word' id='word_1_394' title='bbox 3512 2011 3610 2065; x_wconf 85' lang='lat' dir='ltr'><strong>per</strong></span> 
     </span>
    </p>
   </div>
   <div class='ocr_carea' id='block_1_57' title="bbox 2027 2084 3610 2156">
    <p class='ocr_par' dir='ltr' id='par_1_57' title="bbox 2027 2084 3610 2156">
     <span class='ocr_line' id='line_1_57' title="bbox 2027 2084 3610 2156; baseline 0.003 -19"><span class='ocrx_word' id='word_1_395' title='bbox 2027 2084 2164 2139; x_wconf 89' lang='lat' dir='ltr'><strong>hanc</strong></span> <span class='ocrx_word' id='word_1_396' title='bbox 2189 2085 2513 2156; x_wconf 88' lang='lat' dir='ltr'><strong>voluptatem</strong></span> <span class='ocrx_word' id='word_1_397' title='bbox 2543 2086 2805 2142; x_wconf 82' lang='lat' dir='ltr'><strong>excitetis.</strong></span> <span class='ocrx_word' id='word_1_398' title='bbox 2832 2085 2950 2140; x_wconf 88' lang='lat' dir='ltr'><strong>Non</strong></span> <span class='ocrx_word' id='word_1_399' title='bbox 2976 2086 3117 2142; x_wconf 88' lang='lat' dir='ltr'><strong>enim</strong></span> <span class='ocrx_word' id='word_1_400' title='bbox 3156 2087 3289 2142; x_wconf 89' lang='lat' dir='ltr'><strong>satis</strong></span> <span class='ocrx_word' id='word_1_401' title='bbox 3312 2094 3395 2141; x_wconf 87' lang='lat' dir='ltr'><strong>est</strong></span> <span class='ocrx_word' id='word_1_402' title='bbox 3429 2087 3472 2141; x_wconf 92' lang='lat' dir='ltr'><strong>si</strong></span> <span class='ocrx_word' id='word_1_403' title='bbox 3495 2085 3610 2141; x_wconf 88' lang='lat' dir='ltr'><strong>elo-</strong></span> 
     </span>
    </p>
   </div>
   <div class='ocr_carea' id='block_1_58' title="bbox 2024 2176 3604 2247">
    <p class='ocr_par' dir='ltr' id='par_1_58' title="bbox 2024 2176 3604 2247">
     <span class='ocr_line' id='line_1_58' title="bbox 2024 2176 3604 2247; baseline 0.001 -18"><span class='ocrx_word' id='word_1_404' title='bbox 2024 2176 2144 2246; x_wconf 90' lang='lat' dir='ltr'><strong>quia</strong></span> <span class='ocrx_word' id='word_1_405' title='bbox 2189 2177 2364 2232; x_wconf 83' lang='lat' dir='ltr'><strong>divina</strong></span> <span class='ocrx_word' id='word_1_406' title='bbox 2405 2192 2738 2247; x_wconf 88' lang='lat' dir='ltr'><strong>percenseas,</strong></span> <span class='ocrx_word' id='word_1_407' title='bbox 2767 2176 2869 2232; x_wconf 91' lang='lat' dir='ltr'><strong>nisi</strong></span> <span class='ocrx_word' id='word_1_408' title='bbox 2907 2192 2970 2232; x_wconf 91' lang='lat' dir='ltr'><strong>ea</strong></span> <span class='ocrx_word' id='word_1_409' title='bbox 3014 2192 3226 2247; x_wconf 86' lang='lat' dir='ltr'><strong>quoque</strong></span> <span class='ocrx_word' id='word_1_410' title='bbox 3260 2179 3418 2232; x_wconf 88' lang='lat' dir='ltr'><strong>rebus</strong></span> <span class='ocrx_word' id='word_1_411' title='bbox 3465 2192 3604 2247; x_wconf 84' lang='lat' dir='ltr'><strong>prae-</strong></span> 
     </span>
    </p>
   </div>
   <div class='ocr_carea' id='block_1_59' title="bbox 2022 2269 3605 2339">
    <p class='ocr_par' dir='ltr' id='par_1_59' title="bbox 2022 2269 3605 2339">
     <span class='ocr_line' id='line_1_59' title="bbox 2022 2269 3605 2339; baseline 0.001 -17"><span class='ocrx_word' id='word_1_412' title='bbox 2022 2276 2132 2323; x_wconf 90' lang='lat' dir='ltr'><strong>stes</strong></span> <span class='ocrx_word' id='word_1_413' title='bbox 2173 2278 2272 2323; x_wconf 90' lang='lat' dir='ltr'><strong>:et</strong></span> <span class='ocrx_word' id='word_1_414' title='bbox 2307 2270 2754 2339; x_wconf 90' lang='lat' dir='ltr'><strong>quemadmodum</strong></span> <span class='ocrx_word' id='word_1_415' title='bbox 2797 2270 2848 2324; x_wconf 90' lang='lat' dir='ltr'><strong>in</strong></span> <span class='ocrx_word' id='word_1_416' title='bbox 2901 2269 3102 2324; x_wconf 85' lang='lat' dir='ltr'><strong>cithara</strong></span> <span class='ocrx_word' id='word_1_417' title='bbox 3156 2283 3352 2324; x_wconf 89' lang='lat' dir='ltr'><strong>nervos</strong></span> <span class='ocrx_word' id='word_1_418' title='bbox 3394 2269 3605 2338; x_wconf 87' lang='lat' dir='ltr'><strong>attingit</strong></span> 
     </span>
    </p>
   </div>
   <div class='ocr_carea' id='block_1_60' title="bbox 2023 2358 3606 2431">
    <p class='ocr_par' dir='ltr' id='par_1_60' title="bbox 2023 2358 3606 2431">
     <span class='ocr_line' id='line_1_60' title="bbox 2023 2358 3606 2431; baseline 0.002 -19"><span class='ocrx_word' id='word_1_419' title='bbox 2023 2358 2239 2426; x_wconf 78' lang='lat' dir='ltr'><strong>artifex,</strong></span> <span class='ocrx_word' id='word_1_420' title='bbox 2290 2360 2500 2430; x_wconf 85' lang='lat' dir='ltr'><strong>attingit</strong></span> <span class='ocrx_word' id='word_1_421' title='bbox 2538 2376 2748 2431; x_wconf 88' lang='lat' dir='ltr'><strong>quoque</strong></span> <span class='ocrx_word' id='word_1_422' title='bbox 2783 2371 2836 2416; x_wconf 88' lang='lat' dir='ltr'><strong>et</strong></span> <span class='ocrx_word' id='word_1_423' title='bbox 2865 2359 3171 2430; x_wconf 88' lang='lat' dir='ltr'><strong>imperitus,</strong></span> <span class='ocrx_word' id='word_1_424' title='bbox 3197 2375 3382 2414; x_wconf 89' lang='lat' dir='ltr'><strong>verum</strong></span> <span class='ocrx_word' id='word_1_425' title='bbox 3422 2359 3516 2427; x_wconf 82' lang='lat' dir='ltr'><strong>ita,</strong></span> <span class='ocrx_word' id='word_1_426' title='bbox 3546 2369 3606 2415; x_wconf 84' lang='lat' dir='ltr'><strong>ut</strong></span> 
     </span>
    </p>
   </div>
   <div class='ocr_carea' id='block_1_61' title="bbox 2022 2451 3607 2522">
    <p class='ocr_par' dir='ltr' id='par_1_61' title="bbox 2022 2451 3607 2522">
     <span class='ocr_line' id='line_1_61' title="bbox 2022 2451 3607 2522; baseline 0.001 -17"><span class='ocrx_word' id='word_1_427' title='bbox 2022 2451 2122 2506; x_wconf 91' lang='lat' dir='ltr'><strong>iste</strong></span> <span class='ocrx_word' id='word_1_428' title='bbox 2164 2451 2460 2507; x_wconf 89' lang='lat' dir='ltr'><strong>auditorem</strong></span> <span class='ocrx_word' id='word_1_429' title='bbox 2507 2459 2684 2519; x_wconf 85' lang='lat' dir='ltr'><strong>vexet,</strong></span> <span class='ocrx_word' id='word_1_430' title='bbox 2723 2453 2810 2507; x_wconf 90' lang='lat' dir='ltr'><strong>ille</strong></span> <span class='ocrx_word' id='word_1_431' title='bbox 2853 2452 3213 2522; x_wconf 83' lang='lat' dir='ltr'><strong>voluptatibus</strong></span> <span class='ocrx_word' id='word_1_432' title='bbox 3260 2459 3315 2507; x_wconf 87' lang='lat' dir='ltr'><strong>et</strong></span> <span class='ocrx_word' id='word_1_433' title='bbox 3373 2452 3607 2507; x_wconf 86' lang='lat' dir='ltr'><strong>oblecta-</strong></span> 
     </span>
    </p>
   </div>
   <div class='ocr_carea' id='block_1_62' title="bbox 2024 2543 3606 2615">
    <p class='ocr_par' dir='ltr' id='par_1_62' title="bbox 2024 2543 3606 2615">
     <span class='ocr_line' id='line_1_62' title="bbox 2024 2543 3606 2615; baseline 0.001 -19"><span class='ocrx_word' id='word_1_434' title='bbox 2024 2544 2166 2598; x_wconf 85' lang='lat' dir='ltr'><strong>tione</strong></span> <span class='ocrx_word' id='word_1_435' title='bbox 2193 2545 2416 2614; x_wconf 84' lang='lat' dir='ltr'><strong>repleat,</strong></span> <span class='ocrx_word' id='word_1_436' title='bbox 2466 2545 2564 2600; x_wconf 89' lang='lat' dir='ltr'><strong>etsi</strong></span> <span class='ocrx_word' id='word_1_437' title='bbox 2594 2545 2875 2615; x_wconf 86' lang='lat' dir='ltr'><strong>utrobique</strong></span> <span class='ocrx_word' id='word_1_438' title='bbox 2917 2545 3154 2614; x_wconf 85' lang='lat' dir='ltr'><strong>ejnsdem</strong></span> <span class='ocrx_word' id='word_1_439' title='bbox 3197 2545 3409 2615; x_wconf 89' lang='lat' dir='ltr'><strong>generis</strong></span> <span class='ocrx_word' id='word_1_440' title='bbox 3457 2543 3606 2614; x_wconf 90' lang='lat' dir='ltr'><strong>digiti</strong></span> 
     </span>
    </p>
   </div>
   <div class='ocr_carea' id='block_1_63' title="bbox 2021 2635 3607 2707">
    <p class='ocr_par' dir='ltr' id='par_1_63' title="bbox 2021 2635 3607 2707">
     <span class='ocr_line' id='line_1_63' title="bbox 2021 2635 3607 2707; baseline 0.002 -19"><span class='ocrx_word' id='word_1_441' title='bbox 2021 2642 2076 2689; x_wconf 92' lang='lat' dir='ltr'><strong>ct</strong></span> <span class='ocrx_word' id='word_1_442' title='bbox 2142 2635 2300 2691; x_wconf 86' lang='lat' dir='ltr'><strong>iidem</strong></span> <span class='ocrx_word' id='word_1_443' title='bbox 2355 2639 2504 2692; x_wconf 89' lang='lat' dir='ltr'><strong>nervi</strong></span> <span class='ocrx_word' id='word_1_444' title='bbox 2553 2637 2700 2703; x_wconf 90' lang='lat' dir='ltr'><strong>sint,</strong></span> <span class='ocrx_word' id='word_1_445' title='bbox 2753 2637 2847 2692; x_wconf 90' lang='lat' dir='ltr'><strong>sed</strong></span> <span class='ocrx_word' id='word_1_446' title='bbox 2891 2653 2997 2692; x_wconf 92' lang='lat' dir='ltr'><strong>non</strong></span> <span class='ocrx_word' id='word_1_447' title='bbox 3039 2637 3225 2692; x_wconf 84' lang='lat' dir='ltr'><strong>eadem</strong></span> <span class='ocrx_word' id='word_1_448' title='bbox 3268 2635 3500 2707; x_wconf 89' lang='lat' dir='ltr'><strong>peritia:</strong></span> <span class='ocrx_word' id='word_1_449' title='bbox 3536 2637 3607 2691; x_wconf 86' lang='lat' dir='ltr'><strong>ita</strong></span> 
     </span>
    </p>
   </div>
   <div class='ocr_carea' id='block_1_64' title="bbox 2021 2726 3607 2797">
    <p class='ocr_par' dir='ltr' id='par_1_64' title="bbox 2021 2726 3607 2797">
     <span class='ocr_line' id='line_1_64' title="bbox 2021 2726 3607 2797; baseline 0.002 -20"><span class='ocrx_word' id='word_1_450' title='bbox 2021 2740 2233 2796; x_wconf 81' lang='lat' dir='ltr'><strong>quoque</strong></span> <span class='ocrx_word' id='word_1_451' title='bbox 2272 2726 2324 2780; x_wconf 91' lang='lat' dir='ltr'><strong>in</strong></span> <span class='ocrx_word' id='word_1_452' title='bbox 2369 2727 2536 2781; x_wconf 90' lang='lat' dir='ltr'><strong>sacris</strong></span> <span class='ocrx_word' id='word_1_453' title='bbox 2584 2727 2908 2797; x_wconf 86' lang='lat' dir='ltr'><strong>Scriptnris,</strong></span> <span class='ocrx_word' id='word_1_454' title='bbox 2972 2727 3123 2782; x_wconf 90' lang='lat' dir='ltr'><strong>multi</strong></span> <span class='ocrx_word' id='word_1_455' title='bbox 3164 2727 3362 2782; x_wconf 90' lang='lat' dir='ltr'><strong>adeunt</strong></span> <span class='ocrx_word' id='word_1_456' title='bbox 3398 2726 3607 2796; x_wconf 84' lang='lat' dir='ltr'><strong>eloquia</strong></span> 
     </span>
    </p>
   </div>
   <div class='ocr_carea' id='block_1_65' title="bbox 2020 2815 3605 2883">
    <p class='ocr_par' dir='ltr' id='par_1_65' title="bbox 2020 2815 3605 2883">
     <span class='ocr_line' id='line_1_65' title="bbox 2020 2815 3605 2883; baseline 0 -14"><span class='ocrx_word' id='word_1_457' title='bbox 2020 2815 2229 2883; x_wconf 86' lang='lat' dir='ltr'><strong>divina,</strong></span> <span class='ocrx_word' id='word_1_458' title='bbox 2283 2817 2377 2872; x_wconf 89' lang='lat' dir='ltr'><strong>sed</strong></span> <span class='ocrx_word' id='word_1_459' title='bbox 2429 2833 2534 2873; x_wconf 92' lang='lat' dir='ltr'><strong>non</strong></span> <span class='ocrx_word' id='word_1_460' title='bbox 2576 2833 2764 2874; x_wconf 88' lang='lat' dir='ltr'><strong>omnes</strong></span> <span class='ocrx_word' id='word_1_461' title='bbox 2805 2819 3009 2873; x_wconf 90' lang='lat' dir='ltr'><strong>lucrum</strong></span> <span class='ocrx_word' id='word_1_462' title='bbox 3059 2817 3182 2873; x_wconf 88' lang='lat' dir='ltr'><strong>inde</strong></span> <span class='ocrx_word' id='word_1_463' title='bbox 3226 2817 3459 2883; x_wconf 85' lang='lat' dir='ltr'><strong>faciunt,</strong></span> <span class='ocrx_word' id='word_1_464' title='bbox 3510 2826 3605 2870; x_wconf 85' lang='lat' dir='ltr'><strong>aut</strong></span> 
     </span>
    </p>
   </div>
   <div class='ocr_carea' id='block_1_66' title="bbox 2019 2907 3605 2980">
    <p class='ocr_par' dir='ltr' id='par_1_66' title="bbox 2019 2907 3605 2980">
     <span class='ocr_line' id='line_1_66' title="bbox 2019 2907 3605 2980; baseline 0.001 -17"><span class='ocrx_word' id='word_1_465' title='bbox 2019 2908 2248 2964; x_wconf 91' lang='lat' dir='ltr'><strong>fructum</strong></span> <span class='ocrx_word' id='word_1_466' title='bbox 2299 2910 2570 2978; x_wconf 88' lang='lat' dir='ltr'><strong>referunt;</strong></span> <span class='ocrx_word' id='word_1_467' title='bbox 2609 2913 2662 2966; x_wconf 91' lang='lat' dir='ltr'><strong>in</strong></span> <span class='ocrx_word' id='word_1_468' title='bbox 2708 2927 2867 2967; x_wconf 89' lang='lat' dir='ltr'><strong>causa</strong></span> <span class='ocrx_word' id='word_1_469' title='bbox 2912 2920 3013 2976; x_wconf 90' lang='lat' dir='ltr'><strong>est,</strong></span> <span class='ocrx_word' id='word_1_470' title='bbox 3067 2910 3206 2980; x_wconf 88' lang='lat' dir='ltr'><strong>quod</strong></span> <span class='ocrx_word' id='word_1_471' title='bbox 3247 2925 3419 2980; x_wconf 89' lang='lat' dir='ltr'><strong>neque</strong></span> <span class='ocrx_word' id='word_1_472' title='bbox 3463 2907 3605 2964; x_wconf 83' lang='lat' dir='ltr'><strong>dicta</strong></span> 
     </span>
    </p>
   </div>
   <div class='ocr_carea' id='block_1_67' title="bbox 2021 3002 3604 3074">
    <p class='ocr_par' dir='ltr' id='par_1_67' title="bbox 2021 3002 3604 3074">
     <span class='ocr_line' id='line_1_67' title="bbox 2021 3002 3604 3074; baseline 0 -18"><span class='ocrx_word' id='word_1_473' title='bbox 2021 3002 2150 3056; x_wconf 86' lang='lat' dir='ltr'><strong>satis</strong></span> <span class='ocrx_word' id='word_1_474' title='bbox 2192 3012 2516 3069; x_wconf 88' lang='lat' dir='ltr'><strong>scrutentur,</strong></span> <span class='ocrx_word' id='word_1_475' title='bbox 2546 3020 2721 3074; x_wconf 89' lang='lat' dir='ltr'><strong>neque</strong></span> <span class='ocrx_word' id='word_1_476' title='bbox 2764 3020 2883 3059; x_wconf 86' lang='lat' dir='ltr'><strong>eum</strong></span> <span class='ocrx_word' id='word_1_477' title='bbox 2927 3002 3154 3059; x_wconf 78' lang='lat' dir='ltr'><strong>artificio</strong></span> <span class='ocrx_word' id='word_1_478' title='bbox 3183 3003 3442 3058; x_wconf 89' lang='lat' dir='ltr'><strong>citharam</strong></span> <span class='ocrx_word' id='word_1_479' title='bbox 3482 3003 3604 3074; x_wconf 88' lang='lat' dir='ltr'><strong>pul-</strong></span> 
     </span>
    </p>
   </div>
   <div class='ocr_carea' id='block_1_68' title="bbox 2019 3093 3606 3164">
    <p class='ocr_par' dir='ltr' id='par_1_68' title="bbox 2019 3093 3606 3164">
     <span class='ocr_line' id='line_1_68' title="bbox 2019 3093 3606 3164; baseline 0.001 -16"><span class='ocrx_word' id='word_1_480' title='bbox 2019 3103 2138 3148; x_wconf 87' lang='lat' dir='ltr'><strong>sent</strong></span> <span class='ocrx_word' id='word_1_481' title='bbox 2171 3094 2348 3163; x_wconf 87' lang='lat' dir='ltr'><strong>:qnod</strong></span> <span class='ocrx_word' id='word_1_482' title='bbox 2400 3095 2540 3149; x_wconf 89' lang='lat' dir='ltr'><strong>enim</strong></span> <span class='ocrx_word' id='word_1_483' title='bbox 2588 3096 2639 3149; x_wconf 91' lang='lat' dir='ltr'><strong>in</strong></span> <span class='ocrx_word' id='word_1_484' title='bbox 2685 3111 2742 3150; x_wconf 91' lang='lat' dir='ltr'><strong>re</strong></span> <span class='ocrx_word' id='word_1_485' title='bbox 2785 3095 3125 3150; x_wconf 69' lang='lat' dir='ltr'><strong>citharmdiea</strong></span> <span class='ocrx_word' id='word_1_486' title='bbox 3168 3110 3276 3160; x_wconf 90' lang='lat' dir='ltr'><strong>ars,</strong></span> <span class='ocrx_word' id='word_1_487' title='bbox 3305 3093 3406 3150; x_wconf 92' lang='lat' dir='ltr'><strong>hoc</strong></span> <span class='ocrx_word' id='word_1_488' title='bbox 3431 3095 3606 3164; x_wconf 87' lang='lat' dir='ltr'><strong>ipsum</strong></span> 
     </span>
    </p>
   </div>
   <div class='ocr_carea' id='block_1_69' title="bbox 2019 3184 3600 3255">
    <p class='ocr_par' dir='ltr' id='par_1_69' title="bbox 2019 3184 3600 3255">
     <span class='ocr_line' id='line_1_69' title="bbox 2019 3184 3600 3255; baseline 0.001 -17"><span class='ocrx_word' id='word_1_489' title='bbox 2019 3185 2073 3238; x_wconf 91' lang='lat' dir='ltr'><strong>in</strong></span> <span class='ocrx_word' id='word_1_490' title='bbox 2128 3184 2220 3238; x_wconf 88' lang='lat' dir='ltr'><strong>Dei</strong></span> <span class='ocrx_word' id='word_1_491' title='bbox 2265 3184 2468 3254; x_wconf 88' lang='lat' dir='ltr'><strong>legibus</strong></span> <span class='ocrx_word' id='word_1_492' title='bbox 2519 3200 2738 3255; x_wconf 88' lang='lat' dir='ltr'><strong>operum</strong></span> <span class='ocrx_word' id='word_1_493' title='bbox 2769 3184 3044 3239; x_wconf 82' lang='lat' dir='ltr'><strong>exhibitio.</strong></span> <span class='ocrx_word' id='word_1_494' title='bbox 3081 3185 3189 3239; x_wconf 87' lang='lat' dir='ltr'><strong>Nos</strong></span> <span class='ocrx_word' id='word_1_495' title='bbox 3236 3193 3413 3240; x_wconf 90' lang='lat' dir='ltr'><strong>autem</strong></span> <span class='ocrx_word' id='word_1_496' title='bbox 3440 3200 3600 3240; x_wconf 89' lang='lat' dir='ltr'><strong>unam</strong></span> 
     </span>
    </p>
   </div>
   <div class='ocr_carea' id='block_1_70' title="bbox 2018 3273 3600 3349">
    <p class='ocr_par' dir='ltr' id='par_1_70' title="bbox 2018 3273 3600 3349">
     <span class='ocr_line' id='line_1_70' title="bbox 2018 3273 3600 3349; baseline 0.001 -21"><span class='ocrx_word' id='word_1_497' title='bbox 2018 3277 2271 3328; x_wconf 85' lang='lat' dir='ltr'><strong>choraam</strong></span> <span class='ocrx_word' id='word_1_498' title='bbox 2300 3274 2628 3344; x_wconf 87' lang='lat' dir='ltr'><strong>puisavimus</strong></span> <span class='ocrx_word' id='word_1_499' title='bbox 2657 3291 2753 3345; x_wconf 92' lang='lat' dir='ltr'><strong>per</strong></span> <span class='ocrx_word' id='word_1_500' title='bbox 2771 3283 2935 3330; x_wconf 89' lang='lat' dir='ltr'><strong>totam</strong></span> <span class='ocrx_word' id='word_1_501' title='bbox 2962 3273 3441 3349; x_wconf 78' lang='lat' dir='ltr'><strong>quadragesimam,</strong></span> <span class='ocrx_word' id='word_1_502' title='bbox 3473 3275 3600 3330; x_wconf 88' lang='lat' dir='ltr'><strong>dum</strong></span> 
     </span>
    </p>
   </div>
   <div class='ocr_carea' id='block_1_71' title="bbox 2017 3364 3602 3436">
    <p class='ocr_par' dir='ltr' id='par_1_71' title="bbox 2017 3364 3602 3436">
     <span class='ocr_line' id='line_1_71' title="bbox 2017 3364 3602 3436; baseline 0.001 -17"><span class='ocrx_word' id='word_1_503' title='bbox 2017 3365 2188 3435; x_wconf 87' lang='lat' dir='ltr'><strong>legem</strong></span> <span class='ocrx_word' id='word_1_504' title='bbox 2237 3364 2388 3420; x_wconf 90' lang='lat' dir='ltr'><strong>vobis</strong></span> <span class='ocrx_word' id='word_1_505' title='bbox 2426 3365 2493 3420; x_wconf 94' lang='lat' dir='ltr'><strong>de</strong></span> <span class='ocrx_word' id='word_1_506' title='bbox 2517 3366 2834 3436; x_wconf 71' lang='lat' dir='ltr'><strong>iuramentis</strong></span> <span class='ocrx_word' id='word_1_507' title='bbox 2877 3368 3234 3434; x_wconf 88' lang='lat' dir='ltr'><strong>recitavimus,</strong></span> <span class='ocrx_word' id='word_1_508' title='bbox 3276 3375 3329 3422; x_wconf 89' lang='lat' dir='ltr'><strong>et</strong></span> <span class='ocrx_word' id='word_1_509' title='bbox 3359 3366 3451 3420; x_wconf 89' lang='lat' dir='ltr'><strong>Dei</strong></span> <span class='ocrx_word' id='word_1_510' title='bbox 3477 3380 3602 3436; x_wconf 87' lang='lat' dir='ltr'><strong>gra-</strong></span> 
     </span>
    </p>
   </div>
   <div class='ocr_carea' id='block_1_72' title="bbox 2019 3455 3602 3530">
    <p class='ocr_par' dir='ltr' id='par_1_72' title="bbox 2019 3455 3602 3530">
     <span class='ocr_line' id='line_1_72' title="bbox 2019 3455 3602 3530; baseline 0.001 -20"><span class='ocrx_word' id='word_1_511' title='bbox 2019 3455 2089 3511; x_wconf 85' lang='lat' dir='ltr'><strong>tia</strong></span> <span class='ocrx_word' id='word_1_512' title='bbox 2145 3457 2389 3513; x_wconf 84' lang='lat' dir='ltr'><strong>ell&#39;cctum</strong></span> <span class='ocrx_word' id='word_1_513' title='bbox 2434 3466 2554 3526; x_wconf 90' lang='lat' dir='ltr'><strong>est,</strong></span> <span class='ocrx_word' id='word_1_514' title='bbox 2603 3468 2662 3513; x_wconf 87' lang='lat' dir='ltr'><strong>ut</strong></span> <span class='ocrx_word' id='word_1_515' title='bbox 2708 3459 2962 3530; x_wconf 87' lang='lat' dir='ltr'><strong>pleraque</strong></span> <span class='ocrx_word' id='word_1_516' title='bbox 3010 3459 3310 3513; x_wconf 87' lang='lat' dir='ltr'><strong>auditorum</strong></span> <span class='ocrx_word' id='word_1_517' title='bbox 3365 3473 3399 3514; x_wconf 86' lang='lat' dir='ltr'><strong>a</strong></span> <span class='ocrx_word' id='word_1_518' title='bbox 3446 3458 3602 3514; x_wconf 87' lang='lat' dir='ltr'><strong>nobis</strong></span> 
     </span>
    </p>
   </div>
   <div class='ocr_carea' id='block_1_73' title="bbox 2017 3549 3600 3621">
    <p class='ocr_par' dir='ltr' id='par_1_73' title="bbox 2017 3549 3600 3621">
     <span class='ocr_line' id='line_1_73' title="bbox 2017 3549 3600 3621; baseline 0.001 -18"><span class='ocrx_word' id='word_1_519' title='bbox 2017 3564 2108 3604; x_wconf 90' lang='lat' dir='ltr'><strong>ora</strong></span> <span class='ocrx_word' id='word_1_520' title='bbox 2144 3550 2197 3604; x_wconf 92' lang='lat' dir='ltr'><strong>in</strong></span> <span class='ocrx_word' id='word_1_521' title='bbox 2248 3549 2348 3605; x_wconf 92' lang='lat' dir='ltr'><strong>hac</strong></span> <span class='ocrx_word' id='word_1_522' title='bbox 2399 3550 2530 3621; x_wconf 91' lang='lat' dir='ltr'><strong>legis</strong></span> <span class='ocrx_word' id='word_1_523' title='bbox 2582 3550 2809 3607; x_wconf 77' lang='lat' dir='ltr'><strong>melodia</strong></span> <span class='ocrx_word' id='word_1_524' title='bbox 2838 3549 2908 3606; x_wconf 90' lang='lat' dir='ltr'><strong>ita</strong></span> <span class='ocrx_word' id='word_1_525' title='bbox 2946 3550 3181 3606; x_wconf 90' lang='lat' dir='ltr'><strong>instituta</strong></span> <span class='ocrx_word' id='word_1_526' title='bbox 3229 3551 3355 3617; x_wconf 88' lang='lat' dir='ltr'><strong>sint,</strong></span> <span class='ocrx_word' id='word_1_527' title='bbox 3405 3557 3464 3604; x_wconf 86' lang='lat' dir='ltr'><strong>nt</strong></span> <span class='ocrx_word' id='word_1_528' title='bbox 3501 3549 3600 3604; x_wconf 85' lang='lat' dir='ltr'><strong>de-</strong></span> 
     </span>
    </p>
   </div>
   <div class='ocr_carea' id='block_1_74' title="bbox 2017 3639 3602 3714">
    <p class='ocr_par' dir='ltr' id='par_1_74' title="bbox 2017 3639 3602 3714">
     <span class='ocr_line' id='line_1_74' title="bbox 2017 3639 3602 3714; baseline 0 -18"><span class='ocrx_word' id='word_1_529' title='bbox 2017 3643 2166 3712; x_wconf 86' lang='lat' dir='ltr'><strong>pulsa</strong></span> <span class='ocrx_word' id='word_1_530' title='bbox 2214 3658 2373 3712; x_wconf 90' lang='lat' dir='ltr'><strong>prava</strong></span> <span class='ocrx_word' id='word_1_531' title='bbox 2419 3644 2826 3708; x_wconf 89' lang='lat' dir='ltr'><strong>consuetudine,</strong></span> <span class='ocrx_word' id='word_1_532' title='bbox 2858 3658 2954 3713; x_wconf 92' lang='lat' dir='ltr'><strong>pro</strong></span> <span class='ocrx_word' id='word_1_533' title='bbox 2976 3658 3042 3698; x_wconf 93' lang='lat' dir='ltr'><strong>eo</strong></span> <span class='ocrx_word' id='word_1_534' title='bbox 3077 3641 3218 3714; x_wconf 92' lang='lat' dir='ltr'><strong>quod</strong></span> <span class='ocrx_word' id='word_1_535' title='bbox 3248 3652 3402 3697; x_wconf 86' lang='lat' dir='ltr'><strong>antea</strong></span> <span class='ocrx_word' id='word_1_536' title='bbox 3429 3639 3602 3696; x_wconf 87' lang='lat' dir='ltr'><strong>Deum</strong></span> 
     </span>
    </p>
   </div>
   <div class='ocr_carea' id='block_1_75' title="bbox 2009 3731 3601 3806">
    <p class='ocr_par' dir='ltr' id='par_1_75' title="bbox 2009 3731 3601 3806">
     <span class='ocr_line' id='line_1_75' title="bbox 2009 3731 3601 3806; baseline -0.003 -17"><span class='ocrx_word' id='word_1_537' title='bbox 2009 3733 2280 3804; x_wconf 89' lang='lat' dir='ltr'><strong>jurabant,</strong></span> <span class='ocrx_word' id='word_1_538' title='bbox 2304 3736 2413 3806; x_wconf 88' lang='lat' dir='ltr'><strong>jam</strong></span> <span class='ocrx_word' id='word_1_539' title='bbox 2441 3735 2570 3791; x_wconf 88' lang='lat' dir='ltr'><strong>nihil</strong></span> <span class='ocrx_word' id='word_1_540' title='bbox 2594 3736 2694 3790; x_wconf 89' lang='lat' dir='ltr'><strong>nisi</strong></span> <span class='ocrx_word' id='word_1_541' title='bbox 2723 3736 2836 3801; x_wconf 86' lang='lat' dir='ltr'><strong>Est,</strong></span> <span class='ocrx_word' id='word_1_542' title='bbox 2867 3735 2982 3790; x_wconf 86' lang='lat' dir='ltr'><strong>Non</strong></span> <span class='ocrx_word' id='word_1_543' title='bbox 3011 3743 3122 3801; x_wconf 89' lang='lat' dir='ltr'><strong>est,</strong></span> <span class='ocrx_word' id='word_1_544' title='bbox 3155 3743 3210 3790; x_wconf 85' lang='lat' dir='ltr'><strong>ct</strong></span> <span class='ocrx_word' id='word_1_545' title='bbox 3246 3732 3418 3790; x_wconf 85' lang='lat' dir='ltr'><strong>Crede</strong></span> <span class='ocrx_word' id='word_1_546' title='bbox 3445 3731 3601 3800; x_wconf 87' lang='lat' dir='ltr'><strong>mihi,</strong></span> 
     </span>
    </p>
   </div>
   <div class='ocr_carea' id='block_1_76' title="bbox 2014 3825 3594 3898">
    <p class='ocr_par' dir='ltr' id='par_1_76' title="bbox 2014 3825 3594 3898">
     <span class='ocr_line' id='line_1_76' title="bbox 2014 3825 3594 3898; baseline 0.001 -18"><span class='ocrx_word' id='word_1_547' title='bbox 2014 3825 2066 3880; x_wconf 92' lang='lat' dir='ltr'><strong>in</strong></span> <span class='ocrx_word' id='word_1_548' title='bbox 2099 3827 2275 3898; x_wconf 79' lang='lat' dir='ltr'><strong>lingua</strong></span> <span class='ocrx_word' id='word_1_549' title='bbox 2303 3841 2397 3882; x_wconf 90' lang='lat' dir='ltr'><strong>sua</strong></span> <span class='ocrx_word' id='word_1_550' title='bbox 2441 3829 2838 3896; x_wconf 81' lang='lat' dir='ltr'><strong>circumferant,</strong></span> <span class='ocrx_word' id='word_1_551' title='bbox 2872 3827 3032 3898; x_wconf 88' lang='lat' dir='ltr'><strong>idque</strong></span> <span class='ocrx_word' id='word_1_552' title='bbox 3061 3829 3114 3883; x_wconf 92' lang='lat' dir='ltr'><strong>in</strong></span> <span class='ocrx_word' id='word_1_553' title='bbox 3135 3827 3280 3882; x_wconf 90' lang='lat' dir='ltr'><strong>omni</strong></span> <span class='ocrx_word' id='word_1_554' title='bbox 3306 3826 3594 3896; x_wconf 88' lang='lat' dir='ltr'><strong>colloquio,</strong></span> 
     </span>
    </p>
   </div>
   <div class='ocr_carea' id='block_1_77' title="bbox 2011 3919 3670 3992">
    <p class='ocr_par' dir='ltr' id='par_1_77' title="bbox 2011 3919 3670 3992">
     <span class='ocr_line' id='line_1_77' title="bbox 2011 3919 3670 3992; baseline 0.001 -19"><span class='ocrx_word' id='word_1_555' title='bbox 2011 3919 2145 3973; x_wconf 87' lang='lat' dir='ltr'><strong>adeo</strong></span> <span class='ocrx_word' id='word_1_556' title='bbox 2175 3928 2234 3973; x_wconf 92' lang='lat' dir='ltr'><strong>ut</strong></span> <span class='ocrx_word' id='word_1_557' title='bbox 2272 3921 2410 3976; x_wconf 90' lang='lat' dir='ltr'><strong>inter</strong></span> <span class='ocrx_word' id='word_1_558' title='bbox 2451 3921 2593 3976; x_wconf 86' lang='lat' dir='ltr'><strong>mille</strong></span> <span class='ocrx_word' id='word_1_559' title='bbox 2622 3923 2955 3992; x_wconf 89' lang='lat' dir='ltr'><strong>negotiorum</strong></span> <span class='ocrx_word' id='word_1_560' title='bbox 3007 3919 3353 3976; x_wconf 88' lang='lat' dir='ltr'><strong>necessitates</strong></span> <span class='ocrx_word' id='word_1_561' title='bbox 3374 3919 3599 3975; x_wconf 84' lang='lat' dir='ltr'><strong>ulterius</strong></span> <span class='ocrx_word' id='word_1_562' title='bbox 3656 3931 3670 3936; x_wconf 84' lang='lat'><strong>&quot;</strong></span> 
     </span>
    </p>
   </div>
   <div class='ocr_carea' id='block_1_78' title="bbox 2011 4012 2732 4082">
    <p class='ocr_par' dir='ltr' id='par_1_78' title="bbox 2011 4012 2732 4082">
     <span class='ocr_line' id='line_1_78' title="bbox 2011 4012 2732 4082; baseline 0 -18"><span class='ocrx_word' id='word_1_563' title='bbox 2011 4012 2258 4082; x_wconf 88' lang='lat' dir='ltr'><strong>progredi</strong></span> <span class='ocrx_word' id='word_1_564' title='bbox 2287 4027 2390 4066; x_wconf 89' lang='lat' dir='ltr'><strong>non</strong></span> <span class='ocrx_word' id='word_1_565' title='bbox 2417 4013 2732 4067; x_wconf 89' lang='lat' dir='ltr'><strong>sustineant.</strong></span> 
     </span>
    </p>
   </div>
   <div class='ocr_carea' id='block_1_79' title="bbox 2079 4101 3594 4174">
    <p class='ocr_par' dir='ltr' id='par_1_79' title="bbox 2079 4101 3594 4174">
     <span class='ocr_line' id='line_1_79' title="bbox 2079 4101 3594 4174; baseline 0.001 -18"><span class='ocrx_word' id='word_1_566' title='bbox 2079 4102 2418 4158; x_wconf 77' lang='lat' dir='ltr'><strong>2.Caeternm</strong></span> <span class='ocrx_word' id='word_1_567' title='bbox 2448 4102 2568 4174; x_wconf 90' lang='lat' dir='ltr'><strong>quia</strong></span> <span class='ocrx_word' id='word_1_568' title='bbox 2611 4117 2716 4157; x_wconf 92' lang='lat' dir='ltr'><strong>non</strong></span> <span class='ocrx_word' id='word_1_569' title='bbox 2746 4101 2944 4158; x_wconf 77' lang='lat' dir='ltr'><strong>sufﬁcit</strong></span> <span class='ocrx_word' id='word_1_570' title='bbox 2992 4101 3058 4158; x_wconf 89' lang='lat' dir='ltr'><strong>ad</strong></span> <span class='ocrx_word' id='word_1_571' title='bbox 3084 4102 3328 4168; x_wconf 89' lang='lat' dir='ltr'><strong>salutem,</strong></span> <span class='ocrx_word' id='word_1_572' title='bbox 3360 4101 3406 4157; x_wconf 85' lang='lat' dir='ltr'><strong>si</strong></span> <span class='ocrx_word' id='word_1_573' title='bbox 3431 4118 3594 4158; x_wconf 83' lang='lat' dir='ltr'><strong>unum</strong></span> 
     </span>
    </p>
   </div>
   <div class='ocr_carea' id='block_1_80' title="bbox 2011 4191 3592 4264">
    <p class='ocr_par' dir='ltr' id='par_1_80' title="bbox 2011 4191 3592 4264">
     <span class='ocr_line' id='line_1_80' title="bbox 2011 4191 3592 4264; baseline 0 -16"><span class='ocrx_word' id='word_1_574' title='bbox 2011 4203 2332 4264; x_wconf 68' lang='lat' dir='ltr'><strong>prazceptum</strong></span> <span class='ocrx_word' id='word_1_575' title='bbox 2370 4194 2737 4260; x_wconf 87' lang='lat' dir='ltr'><strong>observemus,</strong></span> <span class='ocrx_word' id='word_1_576' title='bbox 2785 4209 2883 4264; x_wconf 89' lang='lat' dir='ltr'><strong>age</strong></span> <span class='ocrx_word' id='word_1_577' title='bbox 2932 4208 3028 4249; x_wconf 90' lang='lat' dir='ltr'><strong>vos</strong></span> <span class='ocrx_word' id='word_1_578' title='bbox 3069 4191 3228 4248; x_wconf 90' lang='lat' dir='ltr'><strong>hodie</strong></span> <span class='ocrx_word' id='word_1_579' title='bbox 3270 4191 3338 4248; x_wconf 90' lang='lat' dir='ltr'><strong>ad</strong></span> <span class='ocrx_word' id='word_1_580' title='bbox 3366 4192 3592 4249; x_wconf 84' lang='lat' dir='ltr'><strong>alterum</strong></span> 
     </span>
    </p>
   </div>
   <div class='ocr_carea' id='block_1_81' title="bbox 2010 4284 3594 4355">
    <p class='ocr_par' dir='ltr' id='par_1_81' title="bbox 2010 4284 3594 4355">
     <span class='ocr_line' id='line_1_81' title="bbox 2010 4284 3594 4355; baseline 0 -15"><span class='ocrx_word' id='word_1_581' title='bbox 2010 4285 2347 4341; x_wconf 89' lang='lat' dir='ltr'><strong>traducamus</strong></span> <span class='ocrx_word' id='word_1_582' title='bbox 2393 4288 2541 4342; x_wconf 88' lang='lat' dir='ltr'><strong>:etsi</strong></span> <span class='ocrx_word' id='word_1_583' title='bbox 2586 4286 2728 4342; x_wconf 91' lang='lat' dir='ltr'><strong>enim</strong></span> <span class='ocrx_word' id='word_1_584' title='bbox 2778 4301 2884 4341; x_wconf 89' lang='lat' dir='ltr'><strong>non</strong></span> <span class='ocrx_word' id='word_1_585' title='bbox 2933 4300 3119 4340; x_wconf 90' lang='lat' dir='ltr'><strong>omnes</strong></span> <span class='ocrx_word' id='word_1_586' title='bbox 3159 4284 3497 4355; x_wconf 89' lang='lat' dir='ltr'><strong>profecerunt</strong></span> <span class='ocrx_word' id='word_1_587' title='bbox 3541 4287 3594 4340; x_wconf 89' lang='lat' dir='ltr'><strong>in</strong></span> 
     </span>
    </p>
   </div>
   <div class='ocr_carea' id='block_1_82' title="bbox 2008 4375 3596 4450">
    <p class='ocr_par' dir='ltr' id='par_1_82' title="bbox 2008 4375 3596 4450">
     <span class='ocr_line' id='line_1_82' title="bbox 2008 4375 3596 4450; baseline -0.002 -19"><span class='ocrx_word' id='word_1_588' title='bbox 2008 4378 2187 4448; x_wconf 87' lang='lat' dir='ltr'><strong>priore</strong></span> <span class='ocrx_word' id='word_1_589' title='bbox 2235 4379 2388 4450; x_wconf 89' lang='lat' dir='ltr'><strong>lege,</strong></span> <span class='ocrx_word' id='word_1_590' title='bbox 2438 4389 2673 4433; x_wconf 90' lang='lat' dir='ltr'><strong>attamen</strong></span> <span class='ocrx_word' id='word_1_591' title='bbox 2725 4377 2980 4447; x_wconf 87' lang='lat' dir='ltr'><strong>temporis</strong></span> <span class='ocrx_word' id='word_1_592' title='bbox 3017 4389 3302 4446; x_wconf 84' lang='lat' dir='ltr'><strong>progressu</strong></span> <span class='ocrx_word' id='word_1_593' title='bbox 3330 4375 3418 4444; x_wconf 92' lang='lat' dir='ltr'><strong>qui</strong></span> <span class='ocrx_word' id='word_1_594' title='bbox 3447 4383 3596 4429; x_wconf 88' lang='lat' dir='ltr'><strong>retro</strong></span> 
     </span>
    </p>
   </div>
   <div class='ocr_carea' id='block_1_83' title="bbox 2009 4464 3588 4539">
    <p class='ocr_par' dir='ltr' id='par_1_83' title="bbox 2009 4464 3588 4539">
     <span class='ocr_line' id='line_1_83' title="bbox 2009 4464 3588 4539; baseline -0.002 -16"><span class='ocrx_word' id='word_1_595' title='bbox 2009 4480 2318 4525; x_wconf 83' lang='lat' dir='ltr'><strong>manserunt</strong></span> <span class='ocrx_word' id='word_1_596' title='bbox 2363 4484 2480 4539; x_wconf 87' lang='lat' dir='ltr'><strong>eos,</strong></span> <span class='ocrx_word' id='word_1_597' title='bbox 2529 4470 2618 4539; x_wconf 92' lang='lat' dir='ltr'><strong>qui</strong></span> <span class='ocrx_word' id='word_1_598' title='bbox 2669 4467 2995 4538; x_wconf 72' lang='lat' dir='ltr'><strong>prmcedunt,</strong></span> <span class='ocrx_word' id='word_1_599' title='bbox 3044 4475 3416 4535; x_wconf 89' lang='lat' dir='ltr'><strong>assequentur.</strong></span> <span class='ocrx_word' id='word_1_600' title='bbox 3484 4464 3588 4520; x_wconf 64' lang='lat' dir='ltr'><strong>Dec</strong></span> 
     </span>
    </p>
   </div>
   <div class='ocr_carea' id='block_1_84' title="bbox 2008 4558 3591 4633">
    <p class='ocr_par' dir='ltr' id='par_1_84' title="bbox 2008 4558 3591 4633">
     <span class='ocr_line' id='line_1_84' title="bbox 2008 4558 3591 4633; baseline -0.003 -16"><span class='ocrx_word' id='word_1_601' title='bbox 2008 4563 2268 4633; x_wconf 88' lang='lat' dir='ltr'><strong>prehendi</strong></span> <span class='ocrx_word' id='word_1_602' title='bbox 2314 4567 2457 4619; x_wconf 90' lang='lat' dir='ltr'><strong>enim</strong></span> <span class='ocrx_word' id='word_1_603' title='bbox 2507 4572 2705 4617; x_wconf 88' lang='lat' dir='ltr'><strong>tantam</strong></span> <span class='ocrx_word' id='word_1_604' title='bbox 2754 4575 2877 4615; x_wconf 89' lang='lat' dir='ltr'><strong>esse</strong></span> <span class='ocrx_word' id='word_1_605' title='bbox 2906 4559 3061 4627; x_wconf 86' lang='lat' dir='ltr'><strong>hujus</strong></span> <span class='ocrx_word' id='word_1_606' title='bbox 3105 4558 3181 4612; x_wconf 88' lang='lat' dir='ltr'><strong>rei</strong></span> <span class='ocrx_word' id='word_1_607' title='bbox 3229 4573 3433 4624; x_wconf 87' lang='lat' dir='ltr'><strong>curam,</strong></span> <span class='ocrx_word' id='word_1_608' title='bbox 3464 4567 3591 4614; x_wconf 85' lang='lat' dir='ltr'><strong>utet</strong></span> 
     </span>
    </p>
   </div>
   <div class='ocr_carea' id='block_1_85' title="bbox 2006 4647 3594 4713">
    <p class='ocr_par' dir='ltr' id='par_1_85' title="bbox 2006 4647 3594 4713">
     <span class='ocr_line' id='line_1_85' title="bbox 2006 4647 3594 4713; baseline -0.003 -7"><span class='ocrx_word' id='word_1_609' title='bbox 2006 4653 2228 4706; x_wconf 90' lang='lat' dir='ltr'><strong>domiet</strong></span> <span class='ocrx_word' id='word_1_610' title='bbox 2259 4653 2310 4706; x_wconf 94' lang='lat' dir='ltr'><strong>in</strong></span> <span class='ocrx_word' id='word_1_611' title='bbox 2349 4667 2530 4706; x_wconf 90' lang='lat' dir='ltr'><strong>mensa</strong></span> <span class='ocrx_word' id='word_1_612' title='bbox 2565 4651 2663 4705; x_wconf 92' lang='lat' dir='ltr'><strong>viri</strong></span> <span class='ocrx_word' id='word_1_613' title='bbox 2715 4665 2838 4704; x_wconf 91' lang='lat' dir='ltr'><strong>cum</strong></span> <span class='ocrx_word' id='word_1_614' title='bbox 2891 4647 3231 4713; x_wconf 90' lang='lat' dir='ltr'><strong>mulieribus,</strong></span> <span class='ocrx_word' id='word_1_615' title='bbox 3279 4647 3419 4702; x_wconf 88' lang='lat' dir='ltr'><strong>servi</strong></span> <span class='ocrx_word' id='word_1_616' title='bbox 3468 4662 3594 4702; x_wconf 92' lang='lat' dir='ltr'><strong>cum</strong></span> 
     </span>
    </p>
   </div>
   <div class='ocr_carea' id='block_1_86' title="bbox 2007 4737 3590 4814">
    <p class='ocr_par' dir='ltr' id='par_1_86' title="bbox 2007 4737 3590 4814">
     <span class='ocr_line' id='line_1_86' title="bbox 2007 4737 3590 4814; baseline -0.002 -17"><span class='ocrx_word' id='word_1_617' title='bbox 2007 4742 2250 4814; x_wconf 84' lang='lat' dir='ltr'><strong>ingenuis</strong></span> <span class='ocrx_word' id='word_1_618' title='bbox 2300 4752 2571 4798; x_wconf 88' lang='lat' dir='ltr'><strong>certamen</strong></span> <span class='ocrx_word' id='word_1_619' title='bbox 2618 4740 2686 4795; x_wconf 90' lang='lat' dir='ltr'><strong>de</strong></span> <span class='ocrx_word' id='word_1_620' title='bbox 2730 4740 2888 4810; x_wconf 84' lang='lat' dir='ltr'><strong>hujus</strong></span> <span class='ocrx_word' id='word_1_621' title='bbox 2919 4737 3168 4810; x_wconf 65' lang='lat' dir='ltr'><strong>praecepti</strong></span> <span class='ocrx_word' id='word_1_622' title='bbox 3212 4737 3590 4794; x_wconf 87' lang='lat' dir='ltr'><strong>observatione</strong></span> 
     </span>
    </p>
   </div>
   <div class='ocr_carea' id='block_1_87' title="bbox 2007 4828 3590 4902">
    <p class='ocr_par' dir='ltr' id='par_1_87' title="bbox 2007 4828 3590 4902">
     <span class='ocr_line' id='line_1_87' title="bbox 2007 4828 3590 4902; baseline -0.004 -13"><span class='ocrx_word' id='word_1_623' title='bbox 2007 4833 2350 4898; x_wconf 88' lang='lat' dir='ltr'><strong>contendant,</strong></span> <span class='ocrx_word' id='word_1_624' title='bbox 2401 4841 2456 4888; x_wconf 89' lang='lat' dir='ltr'><strong>et</strong></span> <span class='ocrx_word' id='word_1_625' title='bbox 2496 4833 2679 4886; x_wconf 86' lang='lat' dir='ltr'><strong>beatos</strong></span> <span class='ocrx_word' id='word_1_626' title='bbox 2708 4831 2860 4897; x_wconf 79' lang='lat' dir='ltr'><strong>dixi,</strong></span> <span class='ocrx_word' id='word_1_627' title='bbox 2912 4830 3000 4902; x_wconf 88' lang='lat' dir='ltr'><strong>qni</strong></span> <span class='ocrx_word' id='word_1_628' title='bbox 3058 4828 3126 4884; x_wconf 89' lang='lat' dir='ltr'><strong>ad</strong></span> <span class='ocrx_word' id='word_1_629' title='bbox 3175 4829 3334 4885; x_wconf 89' lang='lat' dir='ltr'><strong>istum</strong></span> <span class='ocrx_word' id='word_1_630' title='bbox 3375 4829 3590 4885; x_wconf 86' lang='lat' dir='ltr'><strong>modum</strong></span> 
     </span>
    </p>
   </div>
   <div class='ocr_carea' id='block_1_88' title="bbox 2005 4919 3590 4991">
    <p class='ocr_par' dir='ltr' id='par_1_88' title="bbox 2005 4919 3590 4991">
     <span class='ocr_line' id='line_1_88' title="bbox 2005 4919 3590 4991; baseline -0.004 -10"><span class='ocrx_word' id='word_1_631' title='bbox 2005 4926 2249 4981; x_wconf 89' lang='lat' dir='ltr'><strong>convivia</strong></span> <span class='ocrx_word' id='word_1_632' title='bbox 2276 4925 2628 4980; x_wconf 86' lang='lat' dir='ltr'><strong>celebrarent.</strong></span> <span class='ocrx_word' id='word_1_633' title='bbox 2669 4923 2805 4991; x_wconf 83' lang='lat' dir='ltr'><strong>Quid</strong></span> <span class='ocrx_word' id='word_1_634' title='bbox 2847 4923 2988 4978; x_wconf 89' lang='lat' dir='ltr'><strong>enim</strong></span> <span class='ocrx_word' id='word_1_635' title='bbox 3027 4937 3089 4978; x_wconf 89' lang='lat' dir='ltr'><strong>ca</strong></span> <span class='ocrx_word' id='word_1_636' title='bbox 3126 4936 3309 4977; x_wconf 89' lang='lat' dir='ltr'><strong>mensa</strong></span> <span class='ocrx_word' id='word_1_637' title='bbox 3336 4919 3590 4989; x_wconf 85' lang='lat' dir='ltr'><strong>sanctius,</strong></span> 
     </span>
    </p>
   </div>
   <div class='ocr_carea' id='block_1_89' title="bbox 2004 5013 3593 5083">
    <p class='ocr_par' dir='ltr' id='par_1_89' title="bbox 2004 5013 3593 5083">
     <span class='ocr_line' id='line_1_89' title="bbox 2004 5013 3593 5083; baseline -0.003 -11"><span class='ocrx_word' id='word_1_638' title='bbox 2004 5018 2145 5072; x_wconf 86' lang='lat' dir='ltr'><strong>unde</strong></span> <span class='ocrx_word' id='word_1_639' title='bbox 2173 5026 2226 5072; x_wconf 89' lang='lat' dir='ltr'><strong>et</strong></span> <span class='ocrx_word' id='word_1_640' title='bbox 2251 5017 2480 5072; x_wconf 88' lang='lat' dir='ltr'><strong>ebrietas</strong></span> <span class='ocrx_word' id='word_1_641' title='bbox 2525 5026 2580 5071; x_wconf 89' lang='lat' dir='ltr'><strong>et</strong></span> <span class='ocrx_word' id='word_1_642' title='bbox 2608 5015 2871 5071; x_wconf 87' lang='lat' dir='ltr'><strong>voracitas</strong></span> <span class='ocrx_word' id='word_1_643' title='bbox 2921 5014 3202 5082; x_wconf 89' lang='lat' dir='ltr'><strong>omnisque</strong></span> <span class='ocrx_word' id='word_1_644' title='bbox 3246 5013 3593 5083; x_wconf 82' lang='lat' dir='ltr'><strong>prodigalitas</strong></span> 
     </span>
    </p>
   </div>
   <div class='ocr_carea' id='block_1_90' title="bbox 2004 5101 3590 5174">
    <p class='ocr_par' dir='ltr' id='par_1_90' title="bbox 2004 5101 3590 5174">
     <span class='ocr_line' id='line_1_90' title="bbox 2004 5101 3590 5174; baseline -0.007 -10"><span class='ocrx_word' id='word_1_645' title='bbox 2004 5118 2217 5164; x_wconf 75' lang='lat' dir='ltr'><strong>extrusa</strong></span> <span class='ocrx_word' id='word_1_646' title='bbox 2267 5118 2369 5174; x_wconf 90' lang='lat' dir='ltr'><strong>est,</strong></span> <span class='ocrx_word' id='word_1_647' title='bbox 2423 5116 2478 5162; x_wconf 88' lang='lat' dir='ltr'><strong>et</strong></span> <span class='ocrx_word' id='word_1_648' title='bbox 2517 5105 2634 5160; x_wconf 91' lang='lat' dir='ltr'><strong>loco</strong></span> <span class='ocrx_word' id='word_1_649' title='bbox 2680 5105 2888 5160; x_wconf 82' lang='lat' dir='ltr'><strong>illarum</strong></span> <span class='ocrx_word' id='word_1_650' title='bbox 2941 5102 3266 5159; x_wconf 85' lang='lat' dir='ltr'><strong>admirabilis</strong></span> <span class='ocrx_word' id='word_1_651' title='bbox 3292 5101 3590 5156; x_wconf 86' lang='lat' dir='ltr'><strong>introducta</strong></span> 
     </span>
    </p>
   </div>
   <div class='ocr_carea' id='block_1_91' title="bbox 2004 5191 3592 5270">
    <p class='ocr_par' dir='ltr' id='par_1_91' title="bbox 2004 5191 3592 5270">
     <span class='ocr_line' id='line_1_91' title="bbox 2004 5191 3592 5270; baseline -0.004 -17"><span class='ocrx_word' id='word_1_652' title='bbox 2004 5199 2288 5270; x_wconf 73' lang='lat' dir='ltr'><strong>pnestandi</strong></span> <span class='ocrx_word' id='word_1_653' title='bbox 2334 5197 2496 5252; x_wconf 89' lang='lat' dir='ltr'><strong>divini</strong></span> <span class='ocrx_word' id='word_1_654' title='bbox 2543 5196 2792 5267; x_wconf 68' lang='lat' dir='ltr'><strong>praecepti</strong></span> <span class='ocrx_word' id='word_1_655' title='bbox 2820 5194 3186 5250; x_wconf 85' lang='lat' dir='ltr'><strong>concertatio?</strong></span> <span class='ocrx_word' id='word_1_656' title='bbox 3221 5193 3356 5246; x_wconf 89' lang='lat' dir='ltr'><strong>Dum</strong></span> <span class='ocrx_word' id='word_1_657' title='bbox 3387 5191 3469 5246; x_wconf 90' lang='lat' dir='ltr'><strong>vir</strong></span> <span class='ocrx_word' id='word_1_658' title='bbox 3497 5191 3592 5247; x_wconf 88' lang='lat' dir='ltr'><strong>ob-</strong></span> 
     </span>
    </p>
   </div>
   <div class='ocr_carea' id='block_1_92' title="bbox 2004 5281 3591 5356">
    <p class='ocr_par' dir='ltr' id='par_1_92' title="bbox 2004 5281 3591 5356">
     <span class='ocr_line' id='line_1_92' title="bbox 2004 5281 3591 5356; baseline -0.006 -12"><span class='ocrx_word' id='word_1_659' title='bbox 2004 5297 2183 5345; x_wconf 85' lang='lat' dir='ltr'><strong>servat</strong></span> <span class='ocrx_word' id='word_1_660' title='bbox 2229 5303 2474 5354; x_wconf 78' lang='lat' dir='ltr'><strong>uxorem,</strong></span> <span class='ocrx_word' id='word_1_661' title='bbox 2505 5303 2643 5342; x_wconf 83' lang='lat' dir='ltr'><strong>uxor</strong></span> <span class='ocrx_word' id='word_1_662' title='bbox 2679 5289 2871 5352; x_wconf 88' lang='lat' dir='ltr'><strong>virum,</strong></span> <span class='ocrx_word' id='word_1_663' title='bbox 2909 5301 2977 5341; x_wconf 89' lang='lat' dir='ltr'><strong>ne</strong></span> <span class='ocrx_word' id='word_1_664' title='bbox 2998 5285 3049 5339; x_wconf 93' lang='lat' dir='ltr'><strong>in</strong></span> <span class='ocrx_word' id='word_1_665' title='bbox 3071 5281 3361 5356; x_wconf 70' lang='lat' dir='ltr'><strong>przecipitia</strong></span> <span class='ocrx_word' id='word_1_666' title='bbox 3406 5281 3591 5353; x_wconf 79' lang='lat' dir='ltr'><strong>per-jn-</strong></span> 
     </span>
    </p>
   </div>
   <div class='ocr_carea' id='block_1_93' title="bbox 2007 5375 3592 5449">
    <p class='ocr_par' dir='ltr' id='par_1_93' title="bbox 2007 5375 3592 5449">
     <span class='ocr_line' id='line_1_93' title="bbox 2007 5375 3592 5449; baseline -0.006 -13"><span class='ocrx_word' id='word_1_667' title='bbox 2007 5381 2072 5436; x_wconf 89' lang='lat' dir='ltr'><strong>rii</strong></span> <span class='ocrx_word' id='word_1_668' title='bbox 2121 5389 2260 5447; x_wconf 87' lang='lat' dir='ltr'><strong>ruat,</strong></span> <span class='ocrx_word' id='word_1_669' title='bbox 2312 5389 2365 5435; x_wconf 88' lang='lat' dir='ltr'><strong>et</strong></span> <span class='ocrx_word' id='word_1_670' title='bbox 2389 5379 2586 5435; x_wconf 86' lang='lat' dir='ltr'><strong>mulcta</strong></span> <span class='ocrx_word' id='word_1_671' title='bbox 2615 5378 2930 5449; x_wconf 84' lang='lat' dir='ltr'><strong>gravissima</strong></span> <span class='ocrx_word' id='word_1_672' title='bbox 2966 5375 3252 5432; x_wconf 83' lang='lat' dir='ltr'><strong>constituta</strong></span> <span class='ocrx_word' id='word_1_673' title='bbox 3277 5383 3362 5432; x_wconf 78' lang='lat' dir='ltr'><strong>est</strong></span> <span class='ocrx_word' id='word_1_674' title='bbox 3387 5389 3592 5444; x_wconf 58' lang='lat' dir='ltr'><strong>prava.</strong></span> 
     </span>
    </p>
   </div>
   <div class='ocr_carea' id='block_1_94' title="bbox 2001 5464 3589 5542">
    <p class='ocr_par' dir='ltr' id='par_1_94' title="bbox 2001 5464 3589 5542">
     <span class='ocr_line' id='line_1_94' title="bbox 2001 5464 3589 5542; baseline -0.006 -14"><span class='ocrx_word' id='word_1_675' title='bbox 2001 5472 2246 5538; x_wconf 87' lang='lat' dir='ltr'><strong>ricatori,</strong></span> <span class='ocrx_word' id='word_1_676' title='bbox 2299 5485 2404 5527; x_wconf 89' lang='lat' dir='ltr'><strong>non</strong></span> <span class='ocrx_word' id='word_1_677' title='bbox 2431 5469 2618 5542; x_wconf 90' lang='lat' dir='ltr'><strong>pudori</strong></span> <span class='ocrx_word' id='word_1_678' title='bbox 2645 5478 2728 5525; x_wconf 88' lang='lat' dir='ltr'><strong>est</strong></span> <span class='ocrx_word' id='word_1_679' title='bbox 2750 5467 3026 5524; x_wconf 86' lang='lat' dir='ltr'><strong>dominum</strong></span> <span class='ocrx_word' id='word_1_680' title='bbox 3049 5481 3079 5520; x_wconf 87' lang='lat' dir='ltr'><strong>a</strong></span> <span class='ocrx_word' id='word_1_681' title='bbox 3103 5466 3272 5524; x_wconf 85' lang='lat' dir='ltr'><strong>servis</strong></span> <span class='ocrx_word' id='word_1_682' title='bbox 3302 5464 3549 5536; x_wconf 74' lang='lat' dir='ltr'><strong>redargui</strong></span> <span class='ocrx_word' id='word_1_683' title='bbox 3571 5502 3589 5530; x_wconf 91' lang='lat'><strong>,</strong></span> 
     </span>
    </p>
   </div>
   <div class='ocr_carea' id='block_1_95' title="bbox 2007 5553 3657 5631">
    <p class='ocr_par' dir='ltr' id='par_1_95' title="bbox 2007 5553 3657 5631">
     <span class='ocr_line' id='line_1_95' title="bbox 2007 5553 3657 5631; baseline -0.005 -12"><span class='ocrx_word' id='word_1_684' title='bbox 2007 5573 2100 5620; x_wconf 85' lang='lat' dir='ltr'><strong>aut</strong></span> <span class='ocrx_word' id='word_1_685' title='bbox 2150 5576 2335 5621; x_wconf 87' lang='lat' dir='ltr'><strong>servos</strong></span> <span class='ocrx_word' id='word_1_686' title='bbox 2387 5575 2418 5616; x_wconf 83' lang='lat' dir='ltr'><strong>a</strong></span> <span class='ocrx_word' id='word_1_687' title='bbox 2459 5559 2693 5618; x_wconf 80' lang='lat' dir='ltr'><strong>dominis</strong></span> <span class='ocrx_word' id='word_1_688' title='bbox 2747 5556 3038 5631; x_wconf 71' lang='lat' dir='ltr'><strong>castigari?</strong></span> <span class='ocrx_word' id='word_1_689' title='bbox 3079 5556 3244 5614; x_wconf 78' lang='lat' dir='ltr'><strong>Recte</strong></span> <span class='ocrx_word' id='word_1_690' title='bbox 3279 5554 3444 5626; x_wconf 70' lang='lat' dir='ltr'><strong>igitur</strong></span> <span class='ocrx_word' id='word_1_691' title='bbox 3468 5553 3588 5629; x_wconf 76' lang='lat' dir='ltr'><strong>quis</strong></span> <span class='ocrx_word' id='word_1_692' title='bbox 3652 5578 3657 5583; x_wconf 89' lang='lat'><strong><em>-</em></strong></span> 
     </span>
    </p>
   </div>
  </div>
