4054 6216
399 279 464 343 19
1141 269 1198 326 S.
1239 262 1514 325 JOANNIS
1549 240 2022 316 CllRYSOSTOMl
2063 243 2381 302 ARCIIIEP.
2422 226 2963 300 CONSTANTIINOi’.

395 394 691 457 istiusmodi
714 392 930 448 domum
962 386 1053 442 Dei
1098 381 1390 439 Ecclesiam
1431 373 1684 446 appellet.
1718 367 1819 424 Ubi
1843 363 1986 457 enim

397 455 543 549 tanta
597 485 856 544 modestia
879 522 896 550 ,
941 489 1000 535 ut
1054 477 1330 547 epularum
1363 480 1605 538 tempore
1633 458 1850 518 solliciti
1879 455 1988 511 sint

393 583 638 642 conviva:
668 579 734 634 de
761 575 959 632 divinis
989 570 1194 641 legibus
1214 609 1228 633 ,
1279 564 1520 632 aliusque
1545 572 1665 613 cum
1696 554 1800 609 alio
1827 562 1986 620 super

399 679 502 732 hoc
545 670 836 730 contendat
867 686 880 720 :
914 673 1118 720 certum
1151 668 1230 714 est
1255 658 1554 712 daemonem
1582 648 1705 704 inde
1731 655 1784 701 et
1803 656 1990 714 quam-

398 771 524 822 lihet
550 765 742 820 malam
770 757 1060 830 potentiam
1099 751 1426 807 eliminatam
1444 758 1584 806 esse,
1609 739 1991 803 Christumque

397 860 608 923 adesse,
633 856 814 910 lmtum
844 865 907 903 ac
935 847 1159 901 hilarem
1185 842 1252 895 de
1281 839 1368 892 illa
1396 833 1616 906 pulchra
1640 831 1779 884 inter
1799 839 1988 882 servos

395 964 522 1003 suos
576 945 936 1008 :emulatinne,
983 948 1303 1003 omnemque
1347 931 1451 985 illis
1493 924 1707 996 elargiri
1764 918 1986 976 benedi-

395 1041 651 1094 etionem.
676 1037 1012 1104 QuaprOpter
1038 1028 1237 1084 omisso
1264 1025 1373 1093 jam
1403 1019 1505 1075 hoc
1531 1023 1796 1088 praecepto
1826 1009 1991 1085 (novi

398 1132 543 1184 enim
575 1128 668 1183 Dei
693 1126 863 1198 gratia
889 1123 942 1178 id
970 1137 1066 1191 per
1091 1119 1392 1173 universam
1421 1114 1606 1166 urbem
1641 1113 1990 1178 propagatum

402 1224 486 1288 iri,
521 1237 643 1277 cum
673 1220 807 1274 adeo
851 1217 1118 1271 ferventes
1153 1212 1205 1266 in
1256 1205 1550 1279 principiis,
1599 1201 1839 1269 adeoque
1861 1211 1994 1252 cou-

404 1327 609 1372 stantes
644 1329 738 1368 vos
780 1307 1118 1377 exhibeatis),
1164 1303 1231 1356 ad
1278 1299 1421 1357 aliud
1447 1303 1769 1368 praeceptum
1813 1301 1989 1345 trans-

404 1408 514 1472 ibo,
545 1405 686 1477 quod
714 1411 796 1459 est
834 1402 902 1457 de
931 1405 1237 1466 contemptu
1277 1394 1389 1448 ira}.
1429 1390 1497 1446 Ut
1534 1387 1675 1443 enim
1708 1387 1760 1439 in
1787 1381 1991 1438 cithara

410 1515 518 1555 non
550 1499 678 1553 satis
723 1504 806 1551 est
855 1494 1011 1548 unico
1041 1504 1209 1544 nervo
1238 1485 1502 1542 conﬁcere
1528 1479 1812 1535 melodiam
1837 1517 1852 1542 ,
1896 1473 1992 1530 sed

401 1604 591 1644 omnes
642 1583 986 1658 percurrendi
1026 1590 1189 1646 sunt,
1233 1575 1592 1633 concinnitate
1634 1566 1989 1639 congruenti:

403 1679 474 1734 ita
520 1654 731 1748 quoque
780 1675 834 1730 in
881 1671 1043 1726 animi
1090 1669 1313 1732 virtute,
1361 1680 1469 1720 non
1516 1676 1620 1716 una
1659 1659 1746 1714 lex
1795 1654 1994 1713 sufﬁcit

403 1769 560 1824 nobis
589 1767 655 1822 ad
697 1767 943 1832 salutem,
994 1772 1051 1817 ut
1081 1761 1224 1831 prius
1269 1758 1401 1824 dixi,
1435 1754 1531 1810 sed
1574 1766 1761 1807 omnes
1807 1758 1993 1804 exacte

403 1858 720 1931 prtestanda:
749 1866 893 1922 sunt,
927 1855 971 1910 si
998 1852 1212 1923 quidem
1255 1849 1479 1904 velimus
1522 1845 1667 1899 omni
1715 1838 1991 1895 harmonia

404 1951 672 2006 dulciores
724 1957 779 2004 et
811 1947 1051 2002 utiliores
1099 1941 1344 1998 modulos
1394 1939 1677 1994 conﬁcere.
1710 1933 1898 1988 Didicit
1933 1945 1994 1986 os

405 2054 554 2098 tuum
584 2057 692 2097 non
722 2038 949 2111 jurare?
974 2035 1161 2092 edoeta
1191 2041 1274 2089 est
1322 2041 1410 2085 tua
1440 2031 1636 2099 lingua,
1665 2025 1762 2088 lla,
1782 2034 1834 2078 et
1855 2021 1991 2087 Non,

404 2135 599 2204 ubique
627 2131 855 2188 sonare?
889 2131 1066 2185 Discat
1104 2127 1262 2182 etiam
1295 2122 1593 2179 convicium
1636 2132 1794 2173 omne
1839 2131 1995 2168 aver-

403 2225 532 2292 sari,
585 2222 948 2294 majoremqne
993 2234 1174 2278 curam
1211 2216 1274 2273 ad
1323 2214 1425 2272 hoc
1469 2224 1794 2288 prreceptuni
1839 2207 1994 2265 adhi.

403 2317 553 2387 bere,
599 2316 1028 2390 quandoquidem
1059 2323 1113 2370 et
1135 2312 1335 2382 majore
1355 2310 1538 2364 labore
1565 2319 1699 2376 Opus
1728 2312 1829 2357 est.
1864 2301 1996 2354 Nam

406 2413 518 2468 illic
581 2409 912 2467 consuetudo
965 2407 1076 2463 sola
1126 2403 1386 2461 vincenda
1433 2401 1532 2456 fuit
1573 2417 1586 2453 :
1633 2400 1686 2453 in
1737 2398 1814 2450 ira
1867 2409 1998 2448 vero

409 2505 716 2559 nervosiore
765 2501 1026 2556 industria
1069 2512 1204 2567 opus
1231 2504 1340 2560 est;
1373 2493 1639 2547 violentus
1674 2489 1816 2543 enim
1863 2485 1997 2540 aﬁ‘e-

411 2605 526 2648 ctus
547 2603 648 2658 est,
681 2601 736 2648 et
762 2590 1088 2662 tyrannicus,
1111 2596 1166 2643 et
1192 2583 1420 2640 subinde
1457 2579 1654 2649 abripit
1679 2577 1761 2634 vel
1788 2591 1882 2633 eos
1909 2574 2000 2646 qui

411 2683 630 2754 vigilant
660 2683 700 2750 ⁸,
750 2691 803 2738 et
828 2680 895 2736 ad
921 2677 1232 2736 barathrum
1262 2678 1434 2746 ipsum
1484 2671 1794 2743 perditionis
1828 2667 1998 2723 dedu-

411 2777 503 2832 cit.
551 2775 708 2846 Ferte
755 2774 914 2845 igitur
955 2771 1314 2844 prolixitatem
1365 2765 1649 2823 sermonis.
1695 2761 1999 2818 Absurdum

411 2869 608 2939 quippe
633 2875 716 2923 est
757 2881 879 2922 cum
926 2851 1480 2936 quotidie'vulnereris
1508 2859 1563 2912 in
1608 2855 1747 2920 foro,
1782 2855 1836 2909 in
1861 2853 1993 2908 tedi-

414 2963 536 3030 bus,
574 2961 642 3017 ab
685 2959 892 3025 amicis,
925 2974 956 3013 a
993 2956 1252 3026 cognatis,
1285 2953 1352 3008 ab
1381 2949 1631 3013 inimicis,
1669 2964 1701 3002 a
1740 2947 1948 3010 vicinis,
1971 2959 2002 2999 a

414 3053 604 3116 servis,
659 3052 729 3106 ab
777 3064 962 3116 uxore,
993 3063 1025 3102 a
1056 3046 1189 3111 ﬁlio,
1220 3059 1251 3100 a
1301 3042 1530 3114 propriis
1571 3036 2001 3109 cogitationibus,

416 3160 490 3200 ne
513 3143 680 3200 semel
705 3141 921 3214 quidem
952 3140 1003 3194 in
1033 3139 1281 3194 universa
1314 3132 1645 3191 hebdomada
1672 3129 1740 3185 de
1765 3125 2005 3184 remedio

417 3239 627 3294 illorum
679 3236 956 3292 vulnerum
981 3248 1163 3289 curam
1203 3230 1484 3285 admittere
1513 3245 1527 3281 :
1561 3225 1856 3296 praesertim
1884 3235 2002 3276 cum

417 3331 648 3386 sciamus
669 3330 828 3384 istum
858 3324 1079 3382 curandi
1123 3322 1341 3378 modum
1379 3334 1479 3375 nec
1518 3325 1752 3387 sumptu,
1781 3328 1880 3369 nec
1911 3310 2008 3367 do-

419 3421 536 3478 lore
580 3430 849 3476 constare.
894 3419 1009 3474 Non
1051 3417 1194 3472 enim
1229 3429 1370 3469 nunc
1420 3412 1619 3466 ferrum
1664 3410 1717 3463 in
1764 3404 2009 3462 manibus

422 3512 593 3567 habeo
618 3529 631 3564 :
660 3511 751 3565 sed
783 3508 1002 3563 verbum
1021 3521 1118 3577 pro
1141 3505 1300 3571 ferro,
1325 3503 1511 3574 quovis
1529 3511 1702 3555 tamen
1720 3498 1864 3552 ferro
1883 3511 2010 3552 acu-

425 3605 551 3667 tius,
570 3612 624 3659 et
669 3601 905 3672 cujusvis
932 3598 1134 3670 peccati
1153 3596 1488 3667 putredinem
1511 3590 1864 3655 exscindens;
1893 3588 2010 3643 sine

427 3695 613 3751 dolore
642 3704 820 3748 tamen
861 3691 996 3761 ejus,
1030 3689 1115 3744 cui
1141 3689 1241 3744 ista
1283 3685 1469 3741 incisio
1499 3684 1577 3738 ﬁt.
1607 3682 1724 3737 Non
1755 3681 1926 3751 ignem
1959 3678 2010 3734 in

426 3785 612 3841 dextra
661 3782 856 3847 habeo,
906 3779 1000 3835 sed
1025 3778 1320 3834 doctrinam
1380 3775 1502 3843 igne
1536 3770 2010 3834 vehementiorem,

375 3905 393 3927 .
427 3891 656 3946 eamque
683 3889 788 3929 non
827 3871 1169 3927 adhibentem
1195 3866 1508 3931 eauterium,
1541 3863 1636 3920 sed
1665 3873 1840 3917 tamen
1861 3859 2012 3915 cohi-

430 3968 644 4023 beutem
676 3965 890 4022 malitia:
917 3969 1317 4035 proserpentem
1335 3959 1658 4022 erosionem,
1689 3964 1744 4011 et
1773 3967 1868 4024 pro
1896 3967 2020 4008 eru-

429 4060 567 4116 ciatu
599 4058 883 4129 plurimam
899 4055 969 4122 ei,
991 4055 1082 4127 qui
1111 4053 1369 4110 liberatur
1388 4066 1419 4106 a
1441 4048 1640 4105 malitia
1662 4089 1676 4116 ,
1705 4044 2017 4101 offerentem

432 4151 780 4219 voluptatem.

514 4239 654 4296 Velle
680 4240 802 4294 satis
823 4247 918 4302 est;
952 4236 1224 4290 auctoritas
1238 4233 1463 4305 jubentis
1489 4233 1706 4286 excitare
1724 4230 1896 4298 debet;
1923 4228 2023 4284 Pe-

437 4335 500 4389 tri
521 4335 572 4388 in
593 4347 790 4387 scenam
808 4330 1067 4403 paulisper
1087 4326 1277 4381 inducti
1305 4325 1552 4396 primatus
1577 4332 1622 4378 et
1651 4322 1878 4377 studium
1902 4337 2023 4392 erga

439 4427 720 4482 doctrinam
769 4423 956 4481 Christi
1009 4419 1445 4493 prwdicantttr.—
1465 4415 1582 4471 Non
1610 4413 1696 4470 hic
1743 4428 1877 4485 opus
1942 4421 2027 4468 est

441 4528 701 4587 tempore,
735 4529 842 4570 non
871 4512 1144 4570 laboribus
1164 4553 1180 4579 ,
1215 4525 1322 4565 non
1369 4505 1607 4578 pecuniis
1640 4521 1653 4558 :
1681 4504 1855 4559 solum
1889 4503 2028 4560 velle

441 4608 570 4664 satis
598 4615 701 4670 est,
737 4615 792 4660 et
817 4605 992 4659 statim
1021 4601 1277 4674 quidquid
1308 4601 1465 4670 hujus
1509 4596 1717 4652 virtutis
1746 4604 1830 4652 est
1883 4610 2028 4666 prm-

444 4697 759 4756 stiterimus.
788 4696 940 4764 Quod
973 4696 1019 4750 si
1058 4695 1372 4764 cogitemus,
1423 4699 1618 4763 quanta
1643 4690 1713 4745 sit
1745 4688 2031 4744 auctoritas

449 4789 547 4847 Dei
571 4786 844 4859 jubentis,
875 4793 931 4841 et
948 4784 1242 4839 conditoris
1269 4784 1422 4838 istius
1463 4782 1618 4853 legis,
1650 4780 1779 4835 satis
1805 4795 1871 4834 ex
1892 4793 1957 4833 eo
1980 4784 2036 4833 et

444 4877 656 4936 abunde
704 4876 948 4932 instructi
974 4883 1027 4930 et
1053 4873 1310 4929 admoniti
1340 4873 1632 4937 fuerimus;
1684 4884 1859 4940 neque
1889 4869 2032 4923 enim

446 4985 476 5024 a
506 4969 660 5026 nobis
688 4967 818 5038 ipsis
847 4966 1046 5021 monita
1069 4964 1222 5020 vobis
1242 4963 1551 5029 adferimus,
1581 4960 1678 5018 sed
1717 4959 1785 5014 ad
1824 4959 2039 5029 legisla-

449 5071 620 5117 torem
645 5073 743 5115 vos
769 5071 958 5114 omnes
1006 5054 1340 5111 adducimus.
1378 5052 1674 5124 Sequimini
1724 5050 1917 5122 igitur,
1981 5056 2040 5104 et

448 5154 658 5210 divinas
694 5152 838 5222 leges
863 5148 1063 5204 audite.
1100 5147 1200 5204 Ubi
1220 5162 1347 5202 vero
1375 5145 1442 5202 de
1465 5146 1538 5200 ira
1564 5155 1617 5200 et
1641 5142 1907 5199 simultate
1929 5139 2042 5195 dis-

453 5255 694 5318 putatum
739 5245 857 5302 est?
908 5242 1242 5300 Multifariam
1273 5239 1487 5311 quidem
1535 5238 1588 5292 in
1636 5236 1817 5291 multis
1865 5233 2036 5300 locis,

455 5338 684 5395 maxime
724 5344 902 5391 autem
944 5336 995 5389 in
1041 5331 1292 5404 parabola
1338 5331 1425 5385 illa
1449 5372 1464 5398 ,
1506 5344 1664 5400 quam
1702 5328 1769 5384 ad
1807 5325 2043 5396 discipu-

455 5431 534 5486 los
564 5430 786 5500 loquens
832 5425 901 5481 ad
945 5424 1106 5480 istum
1160 5421 1331 5478 ferme
1379 5419 1595 5476 modum
1635 5433 1855 5474 exorsus
1910 5424 2038 5472 est:

460 5520 586 5575 Ideo
623 5520 959 5577 assimilatum
993 5527 1066 5575 est
1110 5532 1321 5590 regnum
1379 5514 1620 5570 calorum
1667 5511 1862 5568 homini
1912 5510 2042 5582 regi,

457 5731 488 5768 ο
489 5657 713 5771 01);;qu
739 5656 914 5720 abripit
938 5670 1018 5709 eos
1040 5669 1121 5720 qut
1139 5667 1233 5707 non
1253 5652 1465 5719 vigilant,
1485 5665 1596 5717 quae
1621 5650 1767 5703 lectio
1782 5663 1880 5702 non
1901 5661 2039 5713 sper-

2096 361 2183 432 qui
2230 361 2387 414 voluit
2424 361 2672 414 rationem
2701 375 2887 430 ponere
2933 375 3046 412 cum
3093 359 3249 413 servis
3293 376 3418 415 suis.
3452 361 3518 416 Et
3564 381 3680 417 cum

2099 452 2327 525 cmpisset
2361 453 2607 505 rationem
2639 466 2840 520 ponere,
2870 449 3069 504 oblatus
3091 459 3161 504 est
3191 450 3238 503 ei
3279 469 3409 506 unus
3429 455 3512 522 qui
3535 453 3678 507 debe-

2095 539 2179 592 bat
2208 539 2251 590 ei
2293 537 2461 591 decem
2491 537 2651 590 millia
2691 536 2879 589 talenta
2909 550 2928 588 :
2955 551 3070 587 cum
3107 543 3276 588 autem
3318 552 3419 589 non
3459 537 3677 600 haberet,

2094 629 2228 682 unde
2259 629 2508 694 redderet,
2547 629 2702 698 jussit
2735 638 2781 682 et
2825 629 2992 699 ipsum
3035 629 3348 695 venumdari,
3402 639 3446 683 et
3475 647 3684 686 uxorem

2095 721 2222 791 ejus,
2257 730 2300 774 et
2342 720 2543 784 liberos,
2575 731 2622 774 et
2649 721 2818 774 omnia
2852 737 2964 788 qua:
2993 721 3237 789 habebat,
3279 733 3325 777 et
3362 725 3526 777 reddi.
3554 723 3687 778 Pro-

2096 813 2270 881 lapsus
2309 812 2460 884 igitur
2497 828 2669 866 servus
2704 810 2791 865 ille
2818 812 2886 865 ad
2916 814 3066 882 pedes
3095 815 3234 882 ejus,
3264 815 3439 867 orabat
3469 831 3582 868 eum
3607 816 3686 869 liis

2096 902 2294 956 verbis:
2329 902 2561 969 Domine,
2587 903 2879 973 patientiam
2910 903 3036 961 habe
3076 905 3128 957 in
3154 921 3253 971 me,
3301 914 3345 960 et
3374 907 3544 959 omnia
3563 908 3685 959 red-

2095 995 2215 1048 dam
2248 995 2355 1048 tibi.
2385 996 2623 1050 Misertus
2651 1006 2818 1051 autem
2859 998 3093 1052 dominus
3129 1000 3256 1053 servi
3295 1000 3463 1064 illius,
3497 1000 3690 1053 dimisit

2096 1102 2229 1151 eum,
2262 1097 2309 1140 et
2351 1087 2571 1140 debitum
2595 1089 2784 1142 dimisit
2812 1089 2877 1142 ei.
2928 1088 3177 1159 Egressus
3209 1099 3373 1144 autem
3393 1092 3480 1145 ille
3500 1092 3692 1148 invenit

2096 1194 2255 1232 unum
2285 1178 2348 1232 de
2376 1181 2630 1234 conservis
2653 1181 2777 1244 suis,
2817 1183 2904 1250 qui
2930 1181 3029 1251 ipsi
3071 1180 3276 1235 debebat
3299 1193 3497 1236 centum
3526 1185 3684 1236 dena-

2095 1269 2232 1336 rios,
2277 1278 2323 1324 et
2353 1273 2525 1324 tenens
2562 1269 2842 1338 sulfocabat
2888 1289 3025 1339 eum,
3077 1272 3248 1327 dicens
3272 1316 3287 1341 ,
3336 1274 3513 1329 Redde
3553 1273 3688 1343 quod

2096 1359 2276 1424 debes;
2329 1361 2658 1432 procumbens
2698 1380 2816 1434 ergo
2860 1380 3125 1418 conservus
3173 1364 3261 1418 ille
3303 1365 3372 1417 ad
3403 1364 3554 1435 pedes
3581 1366 3689 1436 ejus

2095 1454 2306 1524 rogabat
2331 1453 2523 1521 dicens,
2553 1454 2859 1509 Patientiam
2881 1456 3006 1510 habe
3025 1458 3077 1510 in
3103 1475 3202 1521 me,
3233 1468 3281 1512 et
3301 1460 3469 1512 omnia
3497 1460 3692 1514 solvam

2097 1544 2184 1598 tibi
2216 1560 2234 1597 :
2263 1545 2349 1598 ille
2375 1554 2540 1600 autem
2561 1547 2754 1613 noluit,
2783 1552 2871 1601 sed
2890 1564 3003 1602 eum
3023 1548 3142 1603 inde
3167 1549 3436 1602 abductum
3478 1551 3690 1620 confecit

2095 1635 2148 1688 in
2176 1651 2425 1689 carcerem
2449 1677 2464 1703 ,
2515 1638 2673 1692 donec
2702 1638 2924 1692 debitum
2967 1639 3240 1694 redderet:
3276 1640 3496 1696 videntes
3523 1651 3691 1695 autem

2097 1728 2318 1780 conservi
2350 1728 2512 1798 ipsius
2536 1728 2787 1800 indignati
2817 1739 2955 1796 sunt,
2991 1740 3040 1785 et
3085 1734 3333 1786 venientes
3363 1745 3691 1790 narraverunt

2097 1817 2301 1872 domino
2351 1836 2463 1872 suo.
2499 1819 2640 1874 Tunc
2665 1822 2855 1876 vocavit
2901 1821 3046 1876 illum
3088 1823 3322 1877 dominus
3351 1839 3490 1889 suus,
3531 1833 3578 1878 et
3621 1826 3692 1877 ait

2101 1911 2180 1964 illi
2205 1928 2224 1965 :
2257 1911 2413 1966 Serve
2437 1928 2670 1982 nequam,
2699 1930 2846 1968 omne
2868 1913 3089 1968 debitum
3119 1914 3288 1969 dimisi
3319 1915 3427 1980 tibi,
3452 1917 3691 1986 quoniam

2097 2003 2287 2072 rogasti
2314 2019 2390 2056 me
2413 2020 2432 2055 :
2462 2020 2629 2057 nonne
2653 2019 2770 2075 ergo
2792 2004 3014 2074 aportuit
3040 2013 3086 2059 et
3136 2014 3183 2058 te
3221 2004 3449 2058 misereri
3470 2006 3694 2059 conservi

2098 2096 2189 2158 tui,
2218 2097 2344 2150 sicut
2378 2107 2424 2151 et
2451 2114 2540 2168 ego
2587 2098 2660 2151 tui
2708 2099 2939 2152 misertus
2967 2099 3122 2152 sum?
3167 2097 3310 2152 Tunc
3345 2100 3555 2153 tradidit
3579 2117 3695 2155 eum

2101 2187 2392 2253 tortoribus,
2417 2189 2739 2258 quoadusque
2754 2188 2984 2242 redderet
3012 2189 3302 2244 universum
3327 2189 3567 2244 debitum.
3606 2191 3697 2247 Sic

2101 2296 2146 2339 et
2181 2285 2336 2339 Pater
2374 2301 2512 2340 meus
2541 2283 2752 2341 cwlestis
2783 2281 2933 2352 faciet
2969 2282 3105 2336 vobis
3130 2325 3144 2348 ,
3193 2282 3234 2336 si
3275 2299 3375 2336 non
3405 2284 3698 2338 remiseritis

2103 2379 2444 2450 unusquisque
2471 2380 2621 2450 fratri
2667 2394 2759 2435 suo
2798 2375 2859 2434 de
2907 2374 3139 2434 cardibus
3164 2376 3336 2436 vestris
3364 2373 3576 2453 (Matt/1.
3613 2375 3697 2435 18.

2101 2468 2314 2540 23-55).

2175 2561 2229 2615 5.
2284 2560 2427 2615 Talis
2486 2559 2702 2631 quidem
2755 2561 3007 2631 parabola
3079 2562 3198 2616 ista.
3262 2561 3553 2616 Dicendum
3595 2559 3702 2618 est

2105 2665 2266 2721 porro
2305 2692 2319 2718 ,
2373 2666 2537 2721 quare
2614 2667 2734 2706 eum
2807 2651 3105 2721 adjectione
3174 2667 3347 2708 causze
3401 2651 3545 2709 illam
3600 2671 3695 2724 pa-

2104 2743 2342 2798 rabolam
2410 2744 2682 2814 proposuit
2732 2761 2746 2796 :
2796 2759 2901 2799 non
2984 2745 3129 2799 enim
3179 2746 3493 2815 simpliciter
3542 2746 3702 2812 dixit,

2106 2835 2455 2890 assimilatum
2508 2845 2593 2890 est
2635 2851 2855 2906 regnum
2886 2835 3136 2892 cmlorum
3171 2879 3186 2903 ,
3218 2836 3311 2892 sed
3332 2879 3349 2904 ,
3406 2837 3535 2893 Ideo
3567 2841 3699 2894 assi-

2107 2929 2335 2982 ntilatum
2382 2938 2455 2982 est
2511 2945 2718 2999 regnum
2756 2929 3015 2983 cas/orum.
3071 2928 3179 2984 Cur
3229 2945 3356 2999 ergo
3395 2945 3554 2986 causa
3601 2932 3698 2986 ad-

2103 3022 2288 3090 juncta
2317 3020 2435 3074 est?
2476 3019 2550 3075 De
2580 3020 2858 3075 tolerantia
2883 3020 3158 3089 discipulis
3197 3035 3500 3078 sermonem
3545 3023 3704 3080 facie-

2109 3113 2202 3169 bat
2225 3156 2238 3179 ,
2271 3112 2472 3169 docens
2497 3155 2510 3179 ,
2543 3112 2810 3184 quomodo
2837 3113 2916 3166 ira
2947 3111 3262 3168 refrenanda
3291 3123 3434 3169 esset
3459 3125 3703 3174 eontem-

2110 3206 2407 3278 netidteque
2434 3207 2640 3277 injuria:
2671 3207 2822 3261 nobis
2845 3207 3020 3273 illatae,
3075 3206 3230 3277 idque
3257 3206 3340 3262 his
3368 3208 3544 3263 verbis
3577 3227 3592 3263 :
3641 3206 3708 3262 Si

2115 3299 2397 3370 peccaverit
2428 3299 2479 3351 in
2513 3308 2559 3352 te
2587 3301 2744 3370 frater
2769 3307 2883 3352 tuus
2907 3340 2922 3364 ,
2962 3298 3117 3364 vade,
3165 3308 3211 3352 et
3250 3300 3558 3370 reprehende
3595 3315 3709 3354 eum

2113 3392 2243 3445 inter
2270 3402 2316 3445 te
2340 3401 2385 3445 et
2414 3393 2582 3460 ipsum
2610 3391 2791 3445 solum.
2841 3389 2903 3445 Si
2938 3391 3293 3444 auscultaverit
3329 3390 3450 3455 tibi,
3486 3391 3709 3444 lucratus

2114 3498 2165 3537 es
2195 3482 2404 3552 fratrem
2437 3491 2579 3536 tuum
2618 3481 2840 3554 (Matth.
2882 3481 2965 3536 18.
3000 3481 3128 3551 15).
3169 3480 3294 3536 Haec
3315 3489 3370 3536 et
3413 3480 3512 3534 alia
3560 3481 3710 3550 ejus-

2117 3577 2259 3634 modi
2280 3577 2494 3633 Christo
2522 3577 2774 3648 loquente
2814 3576 2880 3630 ad
2915 3574 3201 3644 discipulos
3239 3588 3401 3640 suos,
3448 3573 3711 3642 istamque

2118 3667 2512 3739 philosophiam
2578 3667 2803 3722 docente
2831 3709 2845 3733 ,
2913 3667 3103 3720 Petrus
3149 3664 3298 3720 chori
3347 3663 3710 3732 apostolorum

2121 3762 2372 3834 princeps
2392 3803 2406 3826 ,
2439 3775 2500 3814 os
2529 3758 2912 3829 discipulorum
2939 3799 2954 3826 ,
3002 3758 3250 3812 columna
3288 3754 3544 3811 Ecclesiae
3564 3796 3580 3821 ,
3624 3755 3718 3808 ﬁr-

2123 3863 2452 3911 mamentum
2503 3851 2662 3920 ﬁdei,
2710 3849 3062 3906 confessionis
3091 3847 3522 3914 fundamentum,
3568 3845 3715 3900 orhis

2125 3954 2388 4002 terrarum
2432 3945 2686 4015 piscator,
2727 3942 2815 4014 qui
2856 3955 3024 4011 genus
3069 3949 3308 3994 nostrum
3345 3953 3408 3994 ex
3443 3935 3716 4008 profundis

2124 4052 2370 4093 errorum
2411 4035 2464 4089 in
2510 4035 2698 4089 caelum
2736 4032 2992 4096 adduxit,
3038 4030 3128 4099 qui
3172 4030 3367 4098 ubique
3407 4026 3638 4082 fervidus
3665 4035 3720 4080 ct

2126 4127 2375 4182 libertate
2408 4124 2627 4194 plenus,
2655 4123 2762 4176 imo
2791 4121 2969 4192 potius
3011 4120 3233 4173 caritate
3260 4133 3416 4186 quam
3445 4116 3718 4182 libertate,

2131 4217 2427 4275 tacentibus
2461 4214 2707 4270 omnibus
2735 4254 2750 4278 ,
2795 4211 3054 4266 accedens
3081 4209 3146 4263 ad
3178 4210 3491 4279 magistrum
3537 4207 3670 4262 dixit
3703 4225 3716 4261 :

2135 4311 2340 4380 Quoties
2369 4307 2588 4380 peccabit
2624 4306 2676 4360 in
2707 4322 2784 4359 me
2830 4308 2986 4376 frater
3013 4318 3152 4356 meus
3173 4342 3188 4367 ,
3238 4312 3285 4357 et
3329 4301 3580 4355 remittam
3605 4299 3724 4354 illi!

2131 4417 2289 4472 usque
2335 4399 2518 4468 septies
2563 4395 2741 4470 (Ibid.
2792 4411 2841 4449 v.
2894 4395 2958 4450 21
2985 4395 3046 4465 )?
3077 4392 3235 4448 simul
3263 4401 3319 4448 et
3346 4391 3642 4462 interrogat
3669 4399 3726 4446 et

2137 4495 2438 4566 pollicetur,
2473 4499 2528 4548 et
2560 4490 2862 4561 priusquam
2892 4487 3100 4551 discat,
3147 4500 3394 4556 magnum
3435 4483 3537 4539 hac
3570 4483 3622 4537 in
3666 4496 3728 4538 re

2137 4587 2369 4646 studium
2411 4600 2520 4656 prae
2563 4599 2622 4640 se
2677 4581 2798 4638 fert.
2846 4580 2983 4636 Cum
3021 4579 3163 4635 enim
3207 4586 3441 4632 mentem
3489 4573 3726 4644 magistri

2139 4682 2308 4754 probe
2337 4678 2599 4749 cognitam
2632 4675 2888 4740 haberet,
2929 4687 3086 4742 quam
3115 4669 3202 4724 illa
3240 4667 3306 4722 ad
3346 4667 3725 4721 humanitatem

2141 4789 2310 4844 prona
2343 4779 2485 4826 esset
2509 4807 2524 4834 ,
2553 4775 2608 4822 et
2636 4765 2780 4835 quod
2807 4765 2894 4819 ille
2923 4762 3188 4832 praecipue
3215 4759 3437 4830 gratiam
3463 4771 3584 4810 cum
3614 4754 3728 4824 ipso

2141 4866 2319 4929 iniret,
2363 4862 2452 4932 qui
2497 4860 2549 4913 in
2587 4857 2953 4914 condonandis
2991 4855 3208 4910 otl'ensis
3244 4850 3536 4922 promptior
3562 4856 3727 4913 esset,

2143 4971 2316 5026 neque
2355 4954 2406 5008 in
2439 4950 2730 5006 istiusmodi
2768 4949 2929 5004 rebus
2972 4947 3222 5002 acerbum
3264 4958 3323 4998 se
3343 4949 3398 4996 et
3425 4954 3602 4994 acrem
3633 4955 3740 4994 ex.—

2147 5051 2356 5105 hiberet
2373 5089 2388 5114 ,
2415 5045 2602 5100 volens
2625 5045 2838 5115 placere
2859 5039 3148 5112 legislatnri
3177 5032 3520 5104 interrogavit
3547 5073 3561 5100 ,
3604 5046 3737 5088 num

2146 5158 2315 5214 usque
2342 5140 2537 5211 septies
2570 5139 2720 5193 venia
2751 5134 2990 5191 iteranda
3017 5139 3176 5187 esset.
3221 5126 3422 5183 Deinde
3458 5133 3518 5182 ut
3561 5123 3737 5182 discas

2149 5236 2321 5307 qualis
2348 5235 2508 5290 homo
2528 5273 2544 5300 ,
2569 5230 2742 5301 qualis
2770 5244 2898 5284 vero
2926 5227 3063 5281 Deus
3089 5224 3178 5287 sit,
3211 5219 3490 5292 qualisque
3519 5217 3634 5289 ejus
3657 5217 3738 5271 in-

2151 5327 2444 5399 dulgentia,
2476 5333 2530 5380 et
2549 5321 2816 5394 quomodo
2841 5319 3068 5374 humana
3097 5313 3416 5384 benignitas,
3435 5312 3478 5366 si
3507 5309 3573 5365 ad
3595 5307 3737 5362 illius

2152 5420 2410 5492 largitatis
2435 5417 2756 5489 opulentiam
2800 5414 2986 5470 collata
3023 5411 3134 5475 sit,
3183 5407 3370 5479 quavis
3421 5409 3734 5475 paupertate

2152 5511 2508 5580 contemptior
2532 5507 2844 5578 reperiatur,
2877 5512 2931 5558 et
2956 5501 3205 5572 quantula
3230 5497 3373 5554 stilla
3414 5495 3484 5549 sit
3501 5493 3567 5548 ad
3593 5505 3742 5545 mare

2158 5606 2498 5668 immensum,
2526 5606 2724 5654 tantam
2757 5603 2991 5653 nostram
3021 5592 3313 5650 bonitatem
3339 5585 3406 5642 ad
3431 5583 3573 5640 illius
3599 5580 3741 5638 inef-

2159 5696 2370 5754 fabilem
2417 5690 2797 5749 humanitatem
2848 5684 3214 5745 aestimandam
3265 5697 3280 5739 ς
3329 5672 3526 5735 dicenti
3580 5671 3740 5732 Petro
