4054 6216
352 321 441 380 »ιο
1133 311 1224 368 οε
1260 311 1489 370 pacm:
1529 310 1820 368 MILLlUM
1856 310 2154 369 TALE-NT.
2197 310 2544 367 mammas
2587 307 2891 366 namus.
3544 292 3618 366 9’0

370 437 519 496 σθαι,
550 431 673 487 οὐδὲ
699 429 822 493 τοὺς
853 427 1066 492 οἰκέτας
1091 429 1255 483 αὐτοῦ
1283 428 1376 482 ἐπὶ
1420 428 1626 493 τούτοις
1658 428 1932 499 διορθοῦν;

373 521 489 574 οὐκ
525 518 591 572 ἄν
620 532 703 580 τις
746 514 976 585 ἁμάρτοι
1008 512 1104 585 τὴν
1157 514 1409 585 τοιαύτην
1444 514 1619 568 οἰκίαν
1650 512 1945 583 ἐκκλησίαν

372 600 511 655 Θεοῦ
566 598 897 670 προσειπών.
939 597 1112 651 Ὅπου
1156 596 1261 668 γὰρ
1313 597 1631 667 σωφροσύνη
1685 595 1941 667 τοσαύτη,

373 683 449 747 ὡς
475 683 532 735 ἐν
550 679 725 752 καιρῷ
743 679 955 751 τρυφῆς
980 682 1248 751 μεριμνᾷν
1270 679 1408 750 ὐπέρ
1432 680 1540 733 τῶν
1564 680 1722 733 θείων
1743 680 1942 750 νόμων,

373 765 465 819 καὶ
490 764 612 838 τοὺς
646 763 915 834 παρόντας
944 762 1189 824 ἅπαντας
1220 763 1360 832 ὑπὲρ
1381 761 1570 814 τούτου
1601 761 1735 832 πρὸς
1778 760 1944 831 ἀλλή-

371 847 491 910 λους
520 846 882 915 ἀγωνίζεσθαι
910 847 1003 899 καὶ
1034 845 1387 916 φιλονεικεῖν,
1429 844 1650 914 εὔδηλον
1674 884 1687 907 ,
1721 845 1803 898 ὅτι
1832 843 1947 897 δαί-

371 947 486 1000 μων
513 929 612 1000 μὲν
640 930 785 993 ἅπας
812 930 908 983 καὶ
940 929 1150 1000 πονηρὰ
1176 928 1406 998 δύναμις
1440 928 1790 999 ἀπελήλαται,
1820 930 1948 1000 Χρι-

368 1011 491 1074 στδς
517 1011 573 1065 δέ
602 1012 831 1083 πάρεστι
856 1011 1062 1083 χαίρων
1096 1012 1189 1064 ἐπὶ
1218 1013 1282 1081 τῇ
1306 1011 1439 1081 καλῇ
1468 1010 1575 1063 τῶν
1620 1010 1820 1065 δούλων
1854 1029 1946 1080 φιο

365 1093 609 1166 λονεικία
638 1135 653 1161 ,
689 1096 870 1148 πᾶσαν
918 1096 1098 1159 αὐτοῖς
1132 1094 1640 1165 ἐπιδαψιλευόμενος
1672 1095 1943 1163 εὐλογίαν.

368 1178 468 1230 Διά
492 1177 558 1249 δὴ
582 1177 757 1231 ταῦτα
784 1177 986 1249 ταύτην
1006 1178 1162 1247 ἀφεὶς
1192 1177 1375 1230 λοιπὸν
1422 1176 1519 1248 τὴν
1548 1177 1764 1249 ἐντολὴν
1793 1173 1946 1249 (οἶδα

369 1258 480 1332 γὰρ
512 1261 594 1314 ὅτι
628 1259 761 1314 Θεοῦ
814 1261 995 1332 χάριτι
1032 1262 1209 1313 πᾶσαν
1240 1260 1622 1331 ἐπιδραμεῖται
1658 1260 1755 1331 τὴν
1794 1261 1947 1314 πόλιν

372 1342 502 1414 ὑμῖν
529 1342 707 1415 θερμά
729 1344 989 1415 προοίμια
1012 1342 1339 1397 άναλαϐοῦσι
1363 1343 1454 1395 καὶ
1477 1342 1650 1414 ἀρχὴν
1675 1344 1944 1415 ἰσχυράν),

373 1428 459 1495 ἐφ’
490 1426 682 1498 ἑτέραν
712 1427 1109 1499 μεταϐήσομαι’
1142 1427 1241 1496 τὴν
1270 1426 1370 1495 τῆς
1410 1426 1579 1497 ὀργῆς
1624 1426 1945 1498 ὑπεροψίαν.

374 1508 586 1580 Ὠσπερ
635 1508 745 1581 γάρ
776 1509 869 1563 ἐπ)⁵
906 1511 1005 1579 τῆς
1032 1509 1264 1582 κιθάρας
1295 1511 1395 1563 οὐκ
1442 1511 1602 1581 ἀρκεῖ
1645 1511 1803 1581 μόνον
1840 1511 1949 1564 ἀπὸ

374 1591 503 1663 μιᾶς
534 1593 733 1665 νευρᾶς
758 1592 859 1664 τὴν
892 1594 1158 1665 μελῳδίαν
1192 1593 1525 1664 ἐργάσασθαι
1552 1635 1566 1659 ,
1601 1595 1737 1649 ἀλλὰ
1770 1595 1950 1658 πάσας

372 1673 587 1728 ἐπιέναι
614 1674 697 1729 δεῖ
731 1675 869 1746 μετά
896 1676 1101 1747 ῥυθμοῦ
1139 1676 1232 1730 τοῦ
1263 1678 1629 1748 προσήκοντος
1648 1695 1661 1710 ο
1687 1677 1830 1731 οὕτω
1858 1679 1951 1731 καὶ

374 1755 468 1810 ἐπὶ
496 1756 598 1827 τῆς
635 1757 775 1811 κατὰ
788 1758 980 1831 ,ψυχὴν
1001 1760 1200 1831 ἀρετῆς
1227 1760 1325 1814 οὐκ
1354 1762 1512 1832 ἀρκεῖ
1540 1761 1697 1832 μόνος
1718 1762 1847 1832 ἡμῖν
1871 1762 1951 1825 εἰς

375 1840 652 1912 σωτηρίαν
673 1834 754 1904 εἷς
782 1841 945 1912 νόμος
967 1882 981 1907 ,
1007 1842 1257 1913 καθάπερ
1280 1842 1446 1915 ἔφθην
1479 1842 1668 1910 εἰπὼν,
1702 1843 1836 1897 ἀλλά
1876 1843 1953 1897 δεῖ

374 1921 583 1985 πάντας
605 1922 804 1988 αὐτοὺς
828 1924 968 1995 μετά
1002 1925 1285 1998 ἀκριϐείας
1312 1927 1617 1996 φυλάττειν,
1652 1929 1699 1981 εἰ
1724 1926 1788 1999 δὴ
1820 1926 1952 1998 μέλ-

370 2002 558 2076 λοιμεν
577 2005 676 2076 τὴν
712 2007 931 2079 ἀπάσης
958 2009 1220 2080 ἁρμονίας
1254 2009 1384 2080 ἡδίω
1405 2011 1496 2064 καὶ
1529 2010 1951 2081 χρησιμωτέραν

375 2088 642 2160 μελῳδίαν
702 2086 1052 2162 ἐργάξεσθαι.
1111 2092 1322 2164 Ἔμαθέ
1383 2109 1477 2146 σου
1527 2094 1589 2146 τὸ
1648 2094 1822 2164 στόμα
1876 2092 1951 2164 μὴ

373 2170 605 2243 ὀμνύναι
626 2190 641 2237 ;
669 2173 964 2245 ἐπαιδεύθη
992 2178 1025 2247 ἡ
1052 2175 1269 2245 γλῶττα
1289 2176 1395 2230 Ναὶ
1416 2177 1510 2231 καὶ
1532 2176 1605 2231 Οὐ
1629 2176 1807 2246 λέγειν
1824 2194 1956 2231 παν-

374 2253 541 2326 ταχοῦ
558 2272 573 2321 ;
593 2256 716 2309 Μαθ
726 2256 831 2310 έτω
850 2258 945 2310 καὶ
965 2258 1231 2331 λοιδορίαν
1256 2259 1690 2331 ἀποστρέφεσθαι
1712 2261 1950 2325 ἃπασαν,

380 2339 476 2392 καὶ
518 2338 741 2392 πλείονα
791 2340 919 2411 περὶ
964 2342 1061 2411 τὴν
1096 2353 1122 2381 α
1157 2342 1374 2412 ἐντολὴν
1422 2343 1627 2415 ταύτην
1681 2345 1952 2416 εἰσφέρειν

384 2422 640 2493 σπουδὴν.
672 2423 859 2494 ἐπειδὴ
888 2425 981 2478 καὶ
1010 2424 1251 2489 πλείονος
1287 2428 1415 2497 ἡμῖν
1434 2426 1602 2481 δεῖται
1641 2430 1731 2482 καὶ
1767 2430 1951 2484 πόνου.

392 2508 541 2563 Ἐκεῖ
571 2507 669 2579 μέν
711 2507 820 2577 γὰρ
867 2507 1153 2579 συνηθείας
1187 2510 1563 2580 περιγενέσθαι
1614 2514 1774 2583 μόνον
1824 2513 1952 2578 ἔδει,

376 2592 468 2645 ἐπὶ
496 2590 554 2644 δὲ
594 2590 694 2660 τῆς
724 2590 894 2662 ὀργῆς
924 2590 1286 2663 εὐτονωτέρας
1321 2592 1402 2646 δεῖ
1431 2593 1528 2664 τῆς
1568 2595 1837 2665 σπουδῆς·
1862 2613 1955 2648 τυ-

378 2673 630 2743 ραννικὸν
682 2673 793 2745 γὰρ
834 2674 894 2729 τὸ
951 2674 1157 2739 πάθος,
1211 2676 1304 2729 καὶ
1347 2676 1606 2741 πολλάκις
1649 2676 1954 2749 παρασύρει

375 2759 503 2821 τοὺς
526 2758 798 2828 νήφοντας
819 2758 871 2824 δ,
897 2759 990 2811 καὶ
1020 2758 1154 2829 πρὸς
1180 2758 1240 2811 τὺ
1269 2758 1539 2830 βάραθρον
1567 2760 1697 2812 αὐτὸ
1727 2759 1957 2828 κατάγει

375 2840 478 2910 τῆς
524 2839 821 2905 ἀπωλείας.
871 2841 1193 2911 ’Δνάο-χεσθε
1224 2841 1403 2894 τοίνυν
1442 2840 1536 2894 τοῦ
1593 2844 1801 2912 μήκους
1847 2843 1957 2896 τῶν

377 2922 573 2993 λόγων.
608 2922 713 2977 Καὶ
754 2924 864 2992 γάρ
891 2923 1089 2977 ἄτοπον
1117 2921 1238 2977 καθ’
1277 2922 1516 2994 ἑκάστην
1547 2925 1760 2995 ἡμέραν
1792 2943 1957 2996 τραυ-

380 3006 774 3081 ματιζομένους
811 3007 869 3059 ἐν
923 3008 1186 3078 ἀγοραῖς,
1222 3008 1280 3060 ἐν
1331 3007 1564 3074 οἰκίαις,
1621 3009 1725 3061 61:6
1765 3009 1954 3076 φίλων,

380 3092 487 3146 61:6
512 3088 807 3160 συγγενῶν,
839 3090 943 3144 61:6
968 3090 1198 3161 ἐχθρῶν,
1235 3091 1341 3145 61:6
1372 3092 1648 3161 γειτόνων,
1676 3094 1781 3147 61:6
1814 3097 1957 3149 οἰκε-

379 3178 489 3232 τῶν
512 3217 528 3242 ,
569 3177 672 3231 61:6
696 3174 953 3245 γυναικὸς
973 3216 987 3240 ,
1012 3174 1116 3227 61:6
1150 3174 1359 3227 παιδίου
1382 3216 1397 3240 ,
1426 3175 1531 3229 61:6
1561 3176 1778 3230 οἰκείων
1814 3179 1963 3247 λογι-

386 3259 572 3330 σμῶν,
614 3260 749 3331 μηδέ
801 3257 947 3325 ἅπαξ
994 3257 1094 3328 τῆς
1134 3258 1424 3329 ἑϐδομάδος
1456 3259 1674 3331 ἀπάσης
1697 3261 1835 3334 ὑπὲρ
1859 3263 1961 3334 τῆς

387 3342 677 3414 θεραπείας
709 3342 815 3395 τῶν
860 3341 1190 3415 τραυμάτων
1230 3341 1453 3396 ἐκείνων
1487 3346 1790 3416 φροντίζειν
1812 3388 1825 3407 .
1870 3349 1961 3402 καὶ

386 3418 558 3480 ταῦτα
590 3425 793 3487 εἰδότας
837 3426 911 3489 ὼς
939 3426 1208 3489 ἀδάπανός
1255 3443 1315 3479 τε
1369 3426 1464 3481 καὶ
1516 3426 1781 3492 ἀνώδυνος
1806 3423 1961 3496 οὗτος

383 3509 483 3580 τῆς
514 3507 806 3581 θεραπείας
827 3509 857 3563 ὁ
889 3508 1103 3581 τρόπος.
1141 3508 1274 3564 Οὐδέ
1305 3510 1415 3581 γάρ
1451 3510 1512 3564 τὸ
1538 3512 1775 3583 σιδήριον
1804 3516 1862 3567 ἐν
1892 3517 1957 3587 τῇ

382 3592 528 3663 χειρὶ
556 3592 771 3663 κατέχω
797 3591 915 3655 νῦν,
957 3592 1091 3646 ἀλλά
1113 3592 1269 3662 λόγον
1296 3594 1415 3647 ἀντὶ
1438 3594 1675 3666 σιδηρίου
1709 3613 1961 3668 μεταχει-

386 3675 605 3748 ρίζομαι
628 3712 643 3737 ,
680 3674 922 3745 σιδηρίου
974 3675 1072 3745 μὲν
1101 3675 1299 3739 παντὸς
1331 3674 1459 3729 ὄντα
1485 3677 1795 3748 τομώτερον
1814 3718 1829 3742 ,
1869 3680 1961 3735 καὶ

385 3759 569 3813 πᾶσαν
599 3757 699 3828 τῆς
745 3759 1020 3830 ἁμαρτίας
1047 3758 1382 3813 ἐκκύπτοντα
1423 3758 1520 3831 τὴν
1550 3760 1819 3832 σηπεδόνα
1841 3801 1857 3825 ,
1897 3762 1958 3815 οὐ

384 3841 690 3913 παρέχοντα
710 3841 767 3894 δὲ
784 3840 976 3911 ὀδύνην
1004 3838 1081 3911 τῷ
1106 3842 1441 3913 τεμνομένῳ.
1475 3841 1592 3897 Οὐκ
1628 3843 1736 3915 ἔχω
1761 3844 1870 3915 πῦρ
1903 3847 1960 3898 ἐν

382 3928 452 3997 τῇ
488 3924 638 3996 δεξιᾷ
659 3966 674 3992 ,
704 3923 818 3978 ἀλλ’
860 3923 967 3995 ἔχω
994 3923 1345 3977 διδασκαλίαν
1375 3924 1544 3993 πυρὸς
1572 3926 1957 3997 σφοδροτέραν,

385 4007 449 4061 οὐ
473 4008 720 4079 καυτῆρα
743 4007 1052 4076 ἐπάγουσαν
1069 4045 1085 4071 ,
1117 4005 1231 4058 ἀλλ’
1263 4006 1691 4061 ἀναστέλλουσαν
1738 4008 1837 4078 μὲν
1864 4010 1960 4081 τὴν

383 4093 560 4167 νομὴν
583 4093 683 4163 τῆς
728 4091 956 4157 κακίας,
986 4092 1108 4146 ἀντὶ
1137 4091 1194 4145 δὲ
1223 4089 1302 4164 [4]
1338 4089 1625 4161 ἀλγηδόνος
1661 4090 1860 4164 πολλὴν
1884 4093 1961 4166 τῷ

382 4175 486 4248 τῆς
543 4177 741 4241 κακίας
791 4174 1249 4247 ἀπαλλαττομένῳ
1296 4173 1642 4245 παρέχουσαν
1685 4173 1784 4247 τὴν
1840 4176 1960 4245 ἡδο·

383 4262 506 4332 τήν.

356 4330 357 4333 η
440 4330 535 4395 ‘06
564 4342 721 4414 χρεία
767 4339 975 4413 χρόνων
1023 4340 1289 4406 ἐνταῦθα,
1334 4338 1395 4395 οὐ
1429 4342 1587 4413 χρεία
1640 4341 1852 4409 πόνων,
1899 4343 1959 4399 οὐ

384 4424 544 4497 χρεία
566 4425 867 4496 χρημάτων
891 4440 903 4453 ·
937 4425 1100 4495 ἀρκεῖ
1145 4424 1363 4496 θελῆσαι
1401 4425 1559 4494 μόνον
1582 4466 1598 4491 ,
1632 4427 1726 4479 καὶ
1784 4428 1961 4483 πάντα

384 4508 455 4561 τά
487 4510 586 4579 τῆς
618 4508 820 4578 ἀρετῆς
862 4509 995 4579 ἡμῖν
1034 4505 1422 4579 κατώρθωται·
1472 4506 1577 4561 κᾶν
1620 4508 1962 4580 ἐννοήσωμεν

384 4591 449 4646 τὸ
471 4591 691 4662 ἀξίωμα
727 4591 823 4645 τοῦ
848 4590 1162 4653 κελεύοντος
1204 4588 1340 4643 Θεοῦ
1391 4590 1483 4643 καὶ
1526 4590 1962 4659 νομοθετοῦντος,

389 4673 579 4745 ίκανὴν
609 4674 892 4745 ληψόμεθα
924 4671 1269 4727 διδασκαλίαν
1315 4673 1407 4725 καὶ
1455 4671 1775 4743 παραίνεσιν
1800 4690 1814 4704 ·
1841 4674 1962 4727 οὐδέ

386 4758 496 4829 γάρ
547 4756 758 4811 οἴκοθεν
793 4754 1179 4827 φθεγγόμεθα,
1213 4755 1328 4808 ἀλλ’
1378 4755 1471 4807 ἐπὶ
1527 4754 1618 4808 τὸν
1667 4755 1963 4826 νομοθέτην

386 4839 633 4903 ἅπαντας
682 4840 827 4911 ὑμᾶς
863 4839 1086 4910 ἄγομεν.
1122 4835 1357 4892 Ἔπεσθε
1410 4838 1586 4891 τοίνυν
1610 4877 1625 4905 ,
1664 4837 1773 4891 τῶν
1805 4837 1964 4893 θείων

388 4924 619 4978 ἀκούετε
645 4923 847 4994 νόμων.
878 4922 989 4976 Ποῦ
1025 4922 1204 4976 τοίνυν
1236 4923 1364 4993 περὶ
1388 4921 1561 4993 ὀργῆς
1589 4924 1682 4977 καὶ⁵
1701 4923 1795 4977 τοῦ
1830 4940 1969 4995 μνη-

392 5010 639 5060 σικακεῖν
673 5005 952 5078 διελέχθη;
989 5003 1262 5075 Πολλαχοῦ
1300 5004 1402 5075 μὲν
1429 5006 1522 5059 καί⁸
1554 5005 1788 5077 ἀλλαχοῦ
1810 5047 1824 5068 ,
1857 5007 1967 5077 μά-

390 5086 546 5146 λιστα
579 5089 637 5144 δέ
668 5089 755 5144 διά
795 5092 895 5162 τῆς
940 5089 1254 5162 παραϐολῆς
1283 5090 1498 5161 ἐκείνης
1521 5132 1536 5156 ,
1569 5093 1633 5163 ἢν
1673 5091 1810 5162 πρὸς
1841 5093 1968 5157 τοὺς

395 5174 642 5246 μαθητάς
669 5174 856 5243 ελεγεν
878 5215 894 5238 ,
920 5174 1118 5229 οὑτωσί
1152 5191 1268 5237 πως
1293 5173 1595 5245 ἀρξάμενος
1620 5192 1634 5206 σ
1657 5175 1761 5229 Διὰ
1792 5175 1967 5229 τοῦτο

390 5256 651 5326 ὡμοιώθη
690 5259 728 5327 ἡ
757 5260 1050 5324 ,ϐασιλεία
1093 5258 1211 5311 τῶν
1237 5256 1507 5325 οὐρανῶν
1538 5256 1826 5325 ἀνθρώπῳ
1847 5260 1967 5324 ,Βα-

391 5341 551 5395 σιλεῖ
575 5353 624 5401 ε.
652 5342 823 5407 ὅστις
850 5341 1113 5410 ἠθέλησε
1148 5338 1407 5408 συνᾶραι
1442 5341 1629 5410 λόγον
1660 5341 1810 5410 μετὰ
1850 5341 1969 5395 τῶν

460 5550 486 5616 _‘
510 5552 633 5616 BPg.
658 5557 774 5616 πρὸς
795 5553 897 5612 τήν.

452 5608 486 5678 ἒ
508 5608 635 5678 ἓνὲν
657 5608 771 5669 vi“):
788 5608 852 5678 μῆ
865 5617 1106 5678 νήφονταςσ

457 5671 632 5744 (κισ.
660 5671 1255 5740 θάνθρίἕιτῳόἰκοδεσπὸτη,
1295 5679 1443 5735 alque
1485 5673 1548 5723 ita
1576 5673 1695 5735 legit
1735 5675 1965 5727 Nannius.

402 5727 549 5784 83h}.
576 5691 776 5784 ἔασι).εῄ

639 5739 776 5786 σιλεξ.

2049 426 2284 481 δούλων
2320 424 2526 481 αὑτοῦ.
2576 422 2938 495 Ἀρξαμένου
2978 420 3046 474 δὲ
3087 419 3272 475 αὐτοῦ
3310 419 3621 480 συναίρειν

2048 507 2438 578 προσηνέχθη
2481 505 2641 572 αὐτῷ
2671 502 2758 573 εἷς
2803 504 3116 575 ὀφειλέτης
3149 504 3378 573 μυρίων
3402 505 3622 558 tam».

2046 609 2183 645 των.
2208 591 2303 659 Μὴ
2334 591 2583 660 ἔχοντος
2604 589 2672 643 δὲ
2694 588 2880 643 αὐτοῦ
2908 586 3263 649 ἀποδοῦναι,
3292 584 3623 640 ἐκέλευσεν⁹

2046 673 2233 728 αὑτὸν
2263 673 2561 742 πραθῆναι
2592 673 2691 726 καί
2723 672 2837 740 τὴν
2872 670 3130 741 γυναῖκα
3166 670 3353 725 αὐτοῦ
3373 711 3387 735 ,
3419 671 3515 724 καὶ
3552 671 3623 724 τὰ

2040 755 2246 818 τέκνα,
2277 757 2373 811 καί
2402 755 2600 809 πάντα
2626 755 2741 810 ὅσα
2772 752 2917 823 εἶχε,
2958 754 3055 809 καί
3086 752 3477 821 ἀποδοθῆναι.
3511 756 3618 807 Πε-

2047 840 2176 894 σὼν
2201 835 2316 894 οὖν
2342 843 2374 893 ό
2405 838 2625 903 δοῦλος
2647 837 2877 904 ἐκεῖνος
2902 839 2989 902 εἰς
3022 836 3163 901 τοὺς
3196 835 3387 901 πόδας
3412 835 3622 899 αὐτοῦ,

2048 920 2371 991 παρεκάλει
2409 922 2625 985 αὑτὸν,
2658 920 2883 991 λέγων·
2920 920 3117 988 Κύριε,
3152 920 3624 988 μακροθύμησον

2046 1006 2137 1059 ἐπ’
2163 1004 2312 1075 ἐμοὶ,
2339 1006 2436 1059 καί
2465 1003 2661 1058 πάντα
2689 1019 2785 1058 σοι
2816 1001 3127 1056 ἀποδώσω.
3149 1000 3627 1072 Σπλαγχνίσθείς

2048 1087 2115 1141 δὲ
2138 1092 2170 1142 ό
2190 1089 2393 1156 κύριος
2414 1088 2520 1141 τοῦ
2548 1088 2769 1141 δούλου
2798 1086 3053 1150 ἐκείνου,
3082 1084 3391 1139 ἀπέλυσεν
3414 1085 3624 1147 αὑτὸν,

2046 1171 2146 1225 καί
2173 1172 2239 1224 τὸ
2277 1170 2518 1225 δάνειον
2548 1168 2785 1239 ἀφῆκεν
2820 1166 2999 1233 αὐτῷ.
3045 1167 3337 1232 Ἑξελθὼν
3364 1166 3432 1219 δὲ
3476 1166 3627 1219 ἐκεῒο

2047 1270 2156 1319 νος
2179 1249 2357 1315 εὗρεν
2382 1252 2491 1307 ἕνα
2522 1251 2639 1307 τῶν
2665 1252 3026 1307 συνδούλων
3043 1249 3249 1314 αὐτοῦ,
3278 1250 3345 1315 ὃς
3372 1250 3627 1319 ὠφειλεν

2050 1335 2211 1401 αὐτῷ
2257 1334 2478 1390 ἑκατὸν
2530 1333 2819 1404 δηνάρια,
2876 1333 2975 1388 καί
3027 1331 3336 1402 κρατήσας
3381 1332 3628 1401 ἔπνιγεν

2049 1420 2237 1473 αὐτόν
2274 1419 2489 1488 λέγων’
2541 1418 2782 1484 Ἀπόδος
2812 1435 2915 1487 μοι
2940 1417 2974 1471 6
3008 1435 3062 1471 τι
3101 1417 3382 1486 ὀφείλεις.
3416 1415 3628 1470 Πεσὼν

2051 1498 2165 1557 οὖν
2212 1505 2246 1556 ό
2288 1500 2630 1567 σύνδουλος
2655 1500 2843 1555 αὑτοῦ
2885 1503 2973 1567 εἰς
3017 1500 3158 1566 τοὺς
3182 1500 3373 1565 πόδας
3414 1498 3625 1560 αὐτοῦ,

2051 1584 2373 1653 παρεκάλει
2405 1584 2591 1640 αὐτόν
2615 1586 2828 1652 λέγων’
2856 1585 3334 1653 Μακροθύμησον
3360 1582 3452 1636 ἐπ’
3473 1582 3625 1650 ἐμοὶ,

2052 1664 2150 1716 καί
2189 1662 2386 1717 πάντα
2415 1680 2513 1717 σοι
2532 1661 2845 1717 ἀποδώσω.
2886 1664 2940 1715 '0
2960 1662 3029 1716 δὲ
3060 1665 3169 1716 οὐκ
3204 1661 3443 1728 ἤθελεν,
3466 1662 3629 1715 ἀλλὰ

2051 1741 2331 1795 ἀπελθὼν
2378 1742 2595 1795 ἔϐαλεν
2654 1743 2843 1796 αὐτόν
2890 1745 2980 1807 εὶς
3015 1741 3335 1811 φυλακὴν,
3393 1741 3503 1807 ἕως
3554 1736 3629 1796 οὗ

2052 1823 2256 1889 ἀποδῷ
2285 1824 2351 1877 τὸ
2387 1825 2797 1894 ὀφειλόμενον.
2842 1825 3090 1891 Ἰδόντες
3120 1824 3188 1878 δὲ
3217 1827 3273 1880 οἰ
3300 1824 3632 1879 σύνδουλοι

2053 1907 2240 1960 αὐτοῦ
2271 1907 2706 1976 ἠγανάκτησαν
2729 1948 2744 1970 ,
2791 1908 2889 1962 καί
2935 1907 3217 1973 ἐλθόντες
3248 1907 3634 1978 διεσάφησαν

2054 1988 2134 2054 τῷ
2173 1990 2357 2057 κυρίῳ
2392 1989 2609 2045 αὐτῶν.
2652 1991 2788 2044 Τότε
2828 1991 3094 2058 καλέσας
3128 1991 3316 2045 αὑτὸν
3343 1995 3377 2046 ό
3427 1992 3631 2058 κύίιος

2054 2073 2241 2127 αὐτοῦ
2270 2070 2400 2126 εἷπε
2423 2089 2438 2103 ⁸
2478 2073 2665 2127 Δοῦλε
2694 2072 2919 2143 πονηρέ
2937 2114 2955 2138 ,
3002 2071 3208 2129 πᾶσαν
3237 2073 3352 2142 τὴν
3378 2072 3634 2143 ὀφειλὴν

2054 2155 2299 2223 ἐκείνην
2339 2154 2545 2225 ἀφῆκά
2573 2170 2707 2221 σοι,
2738 2156 2867 2209 ἐπεὶ
2906 2155 3324 2223 παρεκάλεσάς
3374 2171 3481 2225 με·
3517 2158 3630 2211 οὐκ

2055 2236 2175 2290 ἔδει
2205 2237 2304 2290 καί
2336 2236 2411 2291 σὲ
2436 2237 2687 2305 ἐλεῆσαι
2713 2236 2821 2291 τὸν
2853 2237 3199 2292 σύνδουλόν
3225 2254 3343 2293 σου
3366 2277 3380 2302 ,
3424 2240 3503 2303 ὡς
3531 2238 3630 2291 καί

2054 2320 2169 2390 ἐγώ
2197 2335 2272 2374 σε
2303 2319 2575 2387 ήλέησα;
2612 2324 2749 2375 Τότε
2770 2320 3109 2388 παρέδωκεν
3139 2321 3324 2375 αὐτὸν
3361 2320 3485 2387 τοῖς
3526 2323 3634 2386 βα-

2057 2402 2415 2468 σανισταῖς,
2446 2402 2557 2467 ἕως
2607 2398 2677 2458 οὗ
2724 2400 2927 2467 ἀποδῷ
2958 2400 3081 2456 πᾶν
3130 2402 3193 2456 τὸ
3241 2404 3637 2472 ὀφειλόμενον

2056 2484 2232 2552 αὐτῷ.
2259 2485 2424 2539 Οὕτω
2466 2486 2564 2539 καί
2598 2489 2630 2540 ό
2668 2485 2870 2554 Πατήρ
2888 2502 3008 2556 μου
3031 2489 3063 2542 ό
3086 2485 3362 2555 οὐράνιος
3395 2489 3635 2554 ποιήσει

2056 2571 2199 2641 ὑμῖν
2220 2611 2235 2635 ,
2267 2569 2378 2625 ἐὰν
2420 2567 2507 2640 μὴ
2540 2568 2731 2638 ἀφῆτε
2780 2569 3037 2636 ἕκαστος
3075 2568 3157 2635 τῷ
3182 2569 3423 2641 ἀδελφῷ
3448 2572 3636 2627 αὐτοῦ

2059 2653 2178 2709 ἀπὸ
2268 2653 2390 2709 τῶν
2470 2652 2734 2721 καρδιῶν
2807 2652 2975 2722 ὑμῶν
3045 2653 3117 2707 τὰ
3196 2654 3639 2726 παραπτώματα

2057 2735 2276 2794 αὐτῶν.

2114 2907 2185 2972 γ’.
2204 2902 2269 2956 Ἡ
2293 2902 2390 2974 μέν
2418 2900 2703 2973 παραϐολὴ
2720 2901 2875 2971 αῦτη·
2904 2901 2985 2955 δεῖ
3002 2901 3057 2956 δέ
3074 2904 3267 2966 εἰπεῖν,
3294 2902 3440 2967 τίνος
3455 2905 3639 2959 ἕνεκεν

2065 2986 2203 3057 μετά
2224 2985 2403 3049 αἰτίας
2424 2985 2595 3055 αὐτὴν
2622 2985 2968 3056 προτέθεικεν
2989 3004 3004 3017 ’
3036 2988 3096 3041 οὐ
3120 2987 3229 3059 γὰρ
3258 2988 3443 3052 ἁπλῶς
3464 2984 3637 3049 εἶπεν,

2073 3066 2341 3139 Ὡμοιώθη
2366 3070 2399 3138 ἡ
2440 3066 2682 3137 βασιλεία
2709 3068 2816 3121 τῶν
2845 3069 3116 3140 οὐρανῶν,
3149 3069 3302 3135 ἀλλὰ,
3330 3072 3432 3125 Διὰ
3465 3072 3641 3128 τοῦτο

2061 3158 2327 3230 ὡμοιώθη
2355 3159 2395 3226 ἠ
2420 3159 2712 3224 ,ϐασιλεία
2731 3159 2849 3212 τῶν
2862 3161 3149 3229 οίφανῶν.
3165 3162 3321 3226 Τίνος
3345 3158 3437 3216 οὖν
3453 3162 3643 3217 ἕνεκεν

2064 3246 2097 3315 ἡ
2125 3243 2275 3297 αἰτία
2309 3241 2665 3312 πρόσκειται;
2691 3242 2827 3315 Περὶ
2851 3243 3201 3309 ἀνεξικακίας
3226 3248 3338 3307 τοῖς
3371 3246 3641 3317 μαθηταῖς

2063 3326 2363 3397 διελέγετο,
2413 3326 2508 3379 καὶ
2540 3328 2762 3397 κρατεῖν
2795 3326 2965 3397 ὀργῆς
3012 3327 3208 3390 αὐτοὺς
3245 3327 3516 3387 ἐπαίδευε,
3546 3331 3643 3383 καὶ

2065 3411 2173 3466 τῶν
2227 3411 2360 3482 παρ’
2398 3410 2602 3481 ἐτέρων
2642 3410 2723 3473 εἰς
2767 3411 2914 3481 ἡμᾶς
2951 3409 3253 3481 γινομένων
3287 3409 3643 3481 ἀδικημάτων

2070 3496 2145 3568 μὴ
2168 3494 2337 3548 πολὺν
2368 3492 2641 3547 ποιεῖσθαι
2671 3492 2850 3561 λόγον,
2875 3491 3018 3546 οὕτω
3046 3492 3249 3561 λέγων’
3294 3492 3436 3547 Ἐὰν
3455 3493 3640 3564 ἀμάρ-

2066 3597 2137 3648 τῃ
2159 3580 2246 3646 εἷς
2274 3577 2350 3632 σὲ
2370 3581 2402 3632 ό
2422 3576 2684 3647 ἀδελφός
2710 3594 2847 3640 σου,
2867 3576 3057 3647 ὕπαγε
3072 3576 3167 3630 καί
3190 3576 3442 3647 ἔλεγξον
3456 3579 3643 3633 αὑτὸν

2061 3659 2289 3732 μεταξὺ
2306 3659 2424 3715 σοῦ
2439 3659 2538 3715 καί
2555 3659 2741 3714 αὑτοῦ
2753 3660 2965 3729 μόνου·
2983 3659 3091 3712 ἐάν
3104 3676 3219 3713 σου
3236 3660 3468 3727 ἀκούσῃ
3483 3660 3643 3728 ἐκέρ-

2066 3743 2260 3810 δησας
2304 3742 2413 3796 τόν
2454 3741 2721 3811 ἀδελφόν
2748 3758 2884 3797 σου.
2917 3741 3102 3796 Ταῦτα
3122 3742 3179 3795 δὲ
3210 3742 3302 3795 καὶ
3326 3741 3394 3796 τά
3418 3742 3644 3797 τοιαῦτα

2065 3825 2157 3879 τοῦ
2189 3824 2425 3897 Χριστοῦ
2479 3824 2857 3895 διαλεγομένου
2896 3827 3009 3887 τοῖς
3044 3826 3310 3896 μαθηταῖς
3344 3824 3437 3878 καὶ
3487 3824 3641 3894 φιλο-

2067 3913 2252 3979 σοφεῖν
2284 3908 2648 3974 διδάσκοντος,
2698 3907 2925 3976 Πέτρος,
2961 3908 2990 3959 6
3037 3906 3129 3959 τοῦ
3160 3907 3321 3978 χοροῦ
3359 3907 3467 3961 τῶν
3506 3909 3644 3963 ἀπο-

2069 3992 2271 4044 στόλων
2304 3992 2619 4061 κορυφαῖος,
2658 3988 2718 4039 τὺ
2743 3988 2914 4056 στόμα
2954 3988 3062 4040 τῶν
3086 3988 3363 4059 μαθητῶν,
3399 3992 3427 4043 6
3454 3989 3644 4055 στῦλος

2066 4077 2168 4147 τῆς
2203 4072 2551 4143 Ἑκκλησίας,
2601 4068 2664 4123 τὸ
2711 4070 3001 4141 στερέωμα
3027 4070 3125 4140 τῆς
3154 4070 3425 4137 πίστεως,
3467 4074 3497 4126 6
3542 4073 3643 4143 τῆς

2068 4157 2358 4230 ὁμολογίας
2390 4153 2663 4226 θεμέλιος,
2690 4154 2718 4206 6
2751 4153 2850 4224 τῆς
2878 4154 3204 4225 οἰκουμένης
3252 4154 3435 4220 ἀλιεύς
3458 4197 3474 4222 ,
3518 4156 3547 4208 ό
3580 4157 3644 4209 τὸ

2067 4244 2224 4313 γένος
2278 4240 2434 4312 ήμῶν
2481 4238 2591 4294 ἀπὸ
2633 4236 2729 4291 τοῦ
2788 4235 2950 4308 βυθοῦ
3006 4239 3107 4309 τῆς
3157 4238 3366 4309 πλάνης
3419 4240 3498 4304 εἰς
3552 4238 3642 4293 τὸν

2066 4325 2292 4398 οὐρανὸν
2322 4318 2645 4392 ἀναγαγὼν,
2686 4323 2716 4375 6
2750 4322 3024 4392 πανταχοῦ
3053 4320 3253 4393 θερμὸς
3281 4321 3374 4375 καὶ
3422 4324 3641 4394 παρρη-

2070 4409 2189 4474 σίας
2220 4407 2405 4479 γέμων
2432 4447 2447 4472 ,
2507 4404 2705 4478 μᾶλλον
2754 4403 2811 4457 δέ
2842 4404 3083 4474 ἀγάπης,
3116 4403 3148 4475 η
3191 4402 3519 4481 παρρησίας,
3559 4420 3642 4457 σι-

2068 4491 2288 4561 γώντων
2319 4489 2573 4545 ἀπάντων
2603 4484 3004 4559 προσελθὼντῷ
3030 4484 3333 4555 διδασκάλῳ
3375 4484 3454 4557 [5]
3474 4486 3609 4557 φησί
3625 4504 3640 4521 ο

2070 4573 2334 4638 Ποσὰκις
2362 4568 2690 4640 ἁμαρτήσει
2735 4570 2822 4632 εἰς
2877 4565 2982 4635 ἐμὲ
3011 4570 3043 4621 ό
3070 4566 3332 4637 ἁδελφός
3357 4586 3502 4637 μου,
3543 4570 3643 4623 καί

2069 4652 2284 4724 ἀφήσω
2311 4651 2505 4717 αὐτῷ;
2546 4651 2657 4716 ἕως
2700 4649 2981 4716 ἐπτάκις;
3015 4649 3151 4721 όμοῦ
3183 4651 3276 4704 καὶ
3322 4652 3503 4724 ἐρωτᾷ
3550 4654 3645 4707 καὶ

2071 4738 2432 4807 ὑπισχνεῖται,
2464 4734 2560 4788 καὶ
2590 4735 2719 4807 πρὶν
2749 4734 2918 4807 μάθῃ,
2957 4734 3343 4805 φιλοτιμεῖται.
3385 4736 3497 4808 Τὴν
3533 4736 3642 4808 γάρ

2069 4818 2294 4890 γνώμην
2348 4817 2442 4872 τοῦ
2495 4816 2814 4871 διδασκάλου
2881 4817 3067 4886 σαφῶς
3121 4817 3313 4883 εἰδὼς,
3372 4818 3455 4872 δτι
3507 4818 3643 4890 πρὸς

2072 4901 2480 4976 φιλανθρωπίαν
2528 4901 2717 4972 ῥέπει,
2775 4901 2869 4953 καὶ
2909 4899 3071 4954 πλέον
3135 4903 3339 4966 ἐκεῖνος
3406 4900 3645 4974 μάλιστα

2072 4987 2290 5042 πάντων
2309 4982 2457 5054 αὐτῷ
2491 4984 2769 5054 χαρίζεται
2802 4984 2830 5036 6
2856 4983 3091 5053 μάλιστα
3120 4984 3335 5039 πάντων
3363 4985 3431 5039 τά
3458 4986 3644 5056 ἀμαρ-

2072 5071 2294 5140 τήματα
2341 5067 2451 5121 τῶν
2500 5065 2725 5137 πλησίον
2765 5066 3122 5138 παρατρέχων
3177 5067 3269 5120 καὶ
3320 5066 3395 5138 μὴ
3430 5068 3642 5139 πικρῶς

2074 5151 2364 5219 ἐξετάζων,
2397 5148 2720 5221 βουλόμενος
2765 5149 2959 5220 ἀρέσαι
3007 5147 3084 5218 τῷ
3134 5146 3416 5219 νομοθέτῃ,
3453 5149 3640 5220 φησίνο

2076 5237 2225 5302 Ἕως
2260 5232 2539 5301 ﬁnding;
2588 5229 2718 5286 Εἶτα
2752 5233 2837 5285 ἶνα
2869 5230 3075 5302 μάθῃς,
3109 5230 3162 5284 τί
3204 5231 3300 5300 μὲν
3336 5229 3641 5303 ἄνθρωπος,

2074 5319 2126 5373 τί
2170 5319 2227 5373 δέ
2265 5318 2425 5383 Θεὸς,
2477 5317 2571 5370 καὶ
2601 5317 2719 5379 πῶς
2752 5317 2785 5386 ἡ
2827 5315 3017 5369 τούτου
3052 5313 3359 5385 φιλοτιμία,
3400 5317 3644 5389 ὅπουπερ

2076 5403 2142 5458 ἂν
2164 5400 2445 5472 ἀφίκηται,
2484 5400 2618 5471 πρὸς
2644 5399 2743 5470 τὴν
2772 5398 3032 5470 εὐπορίαν
3055 5398 3150 5469 τὴν
3184 5397 3392 5451 ἐκείνου
3423 5414 3648 5471 συγκρι-

2075 5485 2297 5556 νομένη,
2355 5483 2545 5546 πενίας
2589 5484 2734 5536 ἐστὶν
2764 5482 2984 5553 ἀπάσης
3037 5478 3415 5551 εὐτελεστέρα,
3441 5482 3538 5536 καὶ
3564 5482 3647 5536 ὅτι

2075 5568 2197 5621 ὅσον
2229 5565 2441 5635 σταγὼν
2475 5564 2610 5636 πρὸς
2637 5563 2872 5632 πέλαγος
2891 5563 3137 5634 ἄπειρον,
3163 5559 3416 5617 τοσοῦτον
3436 5563 3591 5636 ἡμῶν
3612 5565 3648 5636 ἠ

2077 5651 2351 5721 ἀγαθότης
2374 5649 2509 5721 1:96;
2538 5648 2639 5721 τὴν
2674 5646 2881 5715 ἄφατον
2913 5644 3079 5702 αὐτοῦ
3112 5643 3547 5720 φιλανθρωπίαν,
3579 5648 3649 5700 εἰ·

2087 5735 2275 5799 πόντος
2307 5732 2501 5802 αὐτοῦ,
2531 5733 2681 5801 Ἕως
2708 5730 2991 5802 ἐ.ττάκις;
3014 5733 3110 5790 καὶ
3137 5724 3456 5802 νομίσαντος
3486 5726 3649 5787 αὐτοῦ
