4054 6216
285 258 355 313 21
1073 255 1174 311 UE
1207 254 1442 312 DECEM
1473 253 1767 312 'M'ILLIUM
1807 253 2105 312 TALENT.
2149 257 2489 317 DEBITORE
2529 259 2831 317 IIOMILIA.
3507 253 3579 308 23
3663 241 3666 244 ’

287 369 705 441 septemplieem
721 368 897 424 venia:
925 368 1259 424 iterationem
1281 379 1335 425 et
1356 371 1679 426 existimanti
1698 385 1757 426 se
1779 386 1892 426 ma-

302 463 497 532 gnifice
518 470 571 516 et
602 461 813 531 largiter
833 459 1052 526 dixisse,
1080 459 1201 514 audi
1221 461 1344 529 quid
1370 461 1690 531 reSpondeat
1712 479 1725 517 :
1748 461 1889 529 Non,

310 555 483 625 inquit
505 595 520 622 ,
545 571 696 625 usque
723 554 904 624 septies
926 593 942 619 ,
983 553 1072 608 sed
1097 569 1252 624 usque
1276 555 1562 625 septuagies
1587 555 1788 624 septies.
1822 553 1892 607 ll-

306 645 397 700 lud
428 655 601 699 autem
627 646 923 716 septuagies
942 647 1138 716 septies
1157 645 1369 715 quidam
1397 656 1600 715 septem
1619 657 1671 700 et
1690 654 1893 715 septua-

299 739 441 805 ginta
468 738 846 791 arbitrantur:
880 745 1130 790 caeterum
1164 737 1233 790 ita
1264 752 1369 791 non
1410 747 1493 791 est
1522 754 1534 790 :
1573 736 1731 791 habet
1751 737 1891 791 enim

302 831 385 884 hic
409 845 668 884 numerus
712 827 881 884 ferme
923 829 1209 898 quingenta
1235 841 1251 882 :
1285 829 1481 898 septies
1505 828 1646 882 enim
1675 836 1859 896 septua
1879 856 1893 864 -

307 922 442 988 ginta
478 922 862 992 quadringenta
894 931 948 976 et
1000 921 1285 990 nonaginta
1315 920 1622 975 coniiciunt.
1659 919 1737 974 Ne
1778 919 1891 973 cxi-

303 1013 489 1066 stimes
513 1011 731 1066 difficile
776 1027 898 1067 esse
939 1011 1042 1066 hoc
1085 1022 1437 1081 praeceptum,
1493 1013 1808 1065 carissime:
1851 1009 1892 1064 si

301 1103 448 1158 enim
478 1104 647 1160 semel
673 1147 687 1170 ,
724 1105 915 1159 iterum
940 1145 953 1169 ,
997 1118 1060 1158 ac
1097 1105 1286 1168 tertio,
1327 1103 1463 1158 intra
1485 1104 1622 1158 diem
1657 1103 1893 1172 peet‘aut’i

299 1198 520 1251 veniam
559 1197 915 1267 impartieris,
953 1197 1111 1252 etiam
1138 1199 1180 1252 si
1204 1197 1488 1251 admodum
1522 1197 1760 1266 lapideus
1787 1198 1848 1249 sit
1875 1239 1893 1264 ,

293 1288 471 1340 etiam
514 1289 558 1342 si
601 1288 729 1358 ipsis
772 1289 1103 1343 daemonibus
1138 1289 1407 1343 efferatior
1449 1291 1516 1343 sit
1544 1290 1665 1353 ille,
1717 1289 1804 1356 qui
1847 1299 1898 1343 te

293 1377 473 1444 laesit,
503 1393 608 1432 non
637 1381 738 1434 erit
765 1379 835 1434 ita
862 1394 1050 1434 sensus
1068 1395 1278 1448 expers,
1309 1390 1365 1434 ut
1391 1380 1565 1434 denuo
1587 1379 1652 1434 ad
1678 1378 1896 1434 easdem

294 1466 542 1523 aoﬂ‘ensas
571 1469 771 1524 recidat
803 1487 816 1524 :
845 1471 942 1525 sed
968 1471 1258 1540 frequentia
1291 1471 1511 1526 indultae
1537 1472 1704 1526 veniae
1734 1471 1900 1526 casti-

297 1569 500 1626 gatus,
550 1563 740 1616 melior
783 1564 885 1617 erit
909 1606 923 1629 ,
979 1573 1032 1618 et
1071 1565 1289 1633 probior
1323 1581 1335 1616 :
1372 1575 1531 1634 tuque
1556 1565 1597 1619 si
1631 1563 1794 1617 fueris
1821 1563 1900 1618 in-

298 1660 547 1707 structus
569 1655 636 1708 ad
661 1657 1543 1726 totiescontemnendaminiuriam
1566 1658 1656 1712 tibi
1675 1657 1898 1723 illatam,

301 1757 416 1794 una
449 1754 607 1814 atque
634 1747 835 1809 altera,
866 1757 919 1800 et
949 1747 1101 1801 tertia
1132 1748 1523 1802 condonatione
1552 1749 1721 1817 culpa:
1747 1763 1904 1803 exei-

301 1834 537 1899 citatus,
585 1835 714 1889 nihil
742 1836 1069 1892 difﬁcultatis
1114 1839 1312 1893 senties
1342 1839 1392 1891 in
1421 1847 1691 1908 posterum
1724 1838 1774 1892 in
1800 1837 1903 1893 hoc

299 1941 510 1995 genere
540 1927 886 1997 philosophia:
913 1945 925 1981 :
959 1930 1156 1999 quippe
1185 1930 1272 1998 qui
1305 1929 1543 1984 iteranda
1567 1929 1725 1984 toties
1745 1928 1902 1983 venia

297 2031 430 2070 eum
449 2017 558 2086 jam
583 2035 731 2072 usum
755 2021 1035 2090 collegeris
1056 2063 1070 2087 ,
1101 2031 1155 2074 ut
1179 2021 1310 2074 nihil
1336 2030 1384 2074 te
1413 2022 1703 2091 percellant
1723 2020 1904 2091 proxi-

299 2123 522 2162 morum
550 2109 775 2179 injuriae.
820 2111 1022 2179 Quibus
1068 2112 1265 2166 auditis
1305 2113 1535 2179 Petrus,
1587 2128 1679 2167 ore
1722 2113 1903 2166 hiante

297 2206 533 2268 stupens
559 2202 794 2254 constitit
831 2219 843 2254 :
872 2218 974 2255 non
1003 2203 1070 2257 de
1106 2218 1164 2257 se
1207 2203 1575 2258 tantummodo
1611 2203 1866 2257 sollicitus
1886 2245 1899 2266 ,

287 2289 405 2342 sed
442 2299 498 2342 et
531 2291 597 2343 de
620 2291 756 2355 illis,
789 2291 875 2359 qui
899 2294 1013 2359 ejus
1045 2293 1163 2346 ﬁdei
1198 2293 1562 2347 committendi
1611 2302 1781 2347 erant.
1826 2293 1904 2348 Ne

304 2381 484 2449 igitur
527 2381 662 2434 idem
695 2381 932 2447 faceret,
964 2384 1102 2452 quod
1135 2385 1184 2437 in
1210 2385 1328 2438 aliis
1373 2387 1634 2440 mandatis
1668 2384 1899 2450 fecerat,

298 2473 696 2540 anticipatione
717 2474 942 2527 exclusit
961 2474 1010 2528 ei
1035 2490 1246 2529 omnem
1273 2478 1744 2544 percontationem.
1765 2479 1900 2545 Quid

293 2573 494 2616 autem
525 2563 720 2616 inaliis
774 2564 1036 2618 mandatis
1091 2564 1257 2620 fecit?
1301 2566 1356 2621 Si
1399 2567 1611 2636 quando
1663 2569 1904 2625 Christus

281 2653 613 2708 istiusmodi
652 2654 850 2724 aliquid
891 2656 1210 2724 imperaret,
1239 2658 1379 2728 quod
1410 2658 1774 2715 difficultatem
1799 2662 1897 2715 ali-

1999 379 2160 430 cente
2183 415 2198 439 ,
2233 373 2294 430 Si
2319 375 2430 445 quis
2455 375 2735 444 repudiarit
2763 388 2972 428 uxorem
2995 413 3009 437 ,
3057 379 3265 440 excepta
3297 365 3588 440 fornicatio-

2000 465 2078 519 nis
2103 479 2275 529 causa,
2301 465 2424 535 facit
2447 482 2555 518 eam
2588 464 2825 518 iniec/tari
2847 460 3130 534 (dlattlt.5.
3148 457 3242 526 '52)
3271 477 3284 513 :
3307 466 3360 512 et
3376 469 3589 510 omnem

2003 556 2259 609 malitiam
2305 555 2486 610 uxoris
2531 556 2804 612 ferendam
2846 569 2966 610 esse
2996 553 3353 616 admonente,
3397 555 3593 620 przeter

1996 647 2202 701 crimen
2231 647 2612 712 fornicationis,
2648 649 2837 703 Petrus
2862 647 2976 701 aliis
3003 645 3250 700 omnibus
3272 641 3590 704 tacentibus,

2000 739 2270 792 Christum
2302 739 2625 808 alloquitur:
2653 739 2714 795 Si
2743 739 3020 794 istiusmodi
3043 736 3261 791 conditio
3283 744 3352 788 est
3375 730 3596 785 hominis

1997 846 2115 882 cum
2131 846 2303 896 uxore,
2325 848 2424 885 non
2442 831 3030 901 expeditmatrimonium
3061 828 3188 881 inire
3216 824 3330 896 (Id.
3362 823 3449 878 i9.
3478 820 3592 892 10).

2076 922 2258 978 Petrus
2283 924 2344 976 de
2369 925 2586 977 aliorum
2607 926 2770 978 salute
2797 923 3062 978 sollicitus.
3089 920 3292 991 Accepti
3316 927 3363 972 et
3387 917 3595 986 expensi

2002 1014 2132 1066 ratio
2187 1013 2291 1066 Deo
2331 1002 2607 1068 reddenda.
2633 1045 2701 1055 —
2728 1015 2794 1069 Et
2820 1013 2907 1068 hic
2935 1028 3148 1084 quoque
3177 1008 3298 1065 vide
3325 1006 3596 1079 quomodo

2003 1105 2280 1161 decentem
2306 1109 2560 1177 magistro
2587 1107 2939 1163 reverentiam
2968 1104 3342 1167 conservavit,
3379 1109 3434 1155 et
3471 1099 3597 1153 reli-

2003 1213 2228 1267 quorum
2257 1198 2444 1252 salutis
2469 1213 2648 1253 curam
2672 1197 2868 1264 gessit,
2911 1211 2979 1250 ne
3018 1195 3137 1248 istic
3177 1193 3390 1263 quidem
3422 1190 3488 1244 de
3511 1205 3595 1243 re-

2006 1289 2104 1343 bus
2131 1291 2241 1345 suis
2268 1290 2547 1346 sollicitus.
2574 1289 2650 1344 Ne
2677 1300 2852 1343 autem
2884 1288 2969 1342 hic
3000 1284 3295 1342 istiusmodi
3323 1280 3592 1352 quidpiam

2005 1381 2182 1448 dicat,
2216 1383 2510 1450 anticipans
2547 1398 2641 1452 per
2671 1379 2971 1452 parabolam
2999 1420 3012 1442 ,
3051 1378 3166 1447 ejus
3213 1373 3592 1431 contradictio-

2009 1489 2128 1529 nem
2148 1474 2448 1528 autevertit.
2480 1473 2588 1528 liae
2625 1472 2692 1527 dc
2718 1487 2874 1527 causa
2897 1468 3220 1539 evangelista
3251 1466 3420 1529 dixit,
3469 1461 3596 1516 Ideo

2006 1565 2341 1619 assimilatum
2365 1575 2436 1619 est
2461 1582 2667 1636 regnum
2697 1565 2935 1618 striarum
2959 1561 3146 1616 homini
3177 1559 3302 1630 regi,
3333 1557 3418 1628 qui
3443 1553 3597 1610 uoluit

2007 1675 2190 1730 ponere
2214 1661 2457 1711 rationem
2496 1675 2608 1711 cum
2646 1657 2797 1711 servis
2822 1656 2924 1710 suis
2951 1670 2969 1708 :
3000 1650 3324 1715 ostendens,
3372 1663 3432 1704 se
3475 1646 3596 1702 ideo

2011 1752 2315 1823 parabolam
2343 1751 2481 1805 hanc
2509 1751 2686 1806 dicere
2707 1792 2722 1816 ,
2768 1759 2824 1803 ut
2848 1747 3024 1804 discas
3050 1755 3101 1800 te
3121 1787 3136 1812 ,
3168 1743 3268 1798 etsi
3293 1739 3598 1811 septuagies

2008 1844 2206 1914 septies
2237 1844 2288 1898 in
2313 1845 2401 1898 die
2428 1842 2578 1898 fratri
2609 1852 2823 1914 peccata
2849 1837 3160 1903 remiseris,
3192 1835 3323 1890 nihil
3353 1829 3598 1902 magniﬁ-

2006 1954 2128 1993 cum
2157 1938 2374 2005 fecisse,
2421 1939 2517 1994 sed
2546 1938 2768 1992 multum
2811 1935 2986 1990 adhuc
3011 1942 3065 1988 et
3090 1932 3408 1986 immensum
3437 1943 3465 1979 a
3496 1925 3600 1979 Do-

2011 2031 2141 2084 mini
2166 2032 2451 2086 clementia
2478 2032 2690 2097 abesse,
2722 2044 2784 2084 ac
2805 2043 2910 2083 non
2941 2034 3144 2080 tantum
3172 2021 3409 2086 dedisse,
3432 2032 3600 2090 quan-

1955 2146 1960 2150 ι
2007 2129 2118 2176 tum
2148 2123 2432 2190 receperis.

2081 2213 2134 2267 4.
2159 2213 2448 2266 Audiamus
2470 2211 2633 2281 igitur
2662 2208 2966 2281 parabolam
2987 2249 3002 2272 ,
3035 2220 3155 2276 qua:
3199 2199 3408 2256 tametsi
3452 2197 3596 2253 clara

2009 2305 2267 2368 videatur,
2291 2303 2448 2358 habet
2473 2315 2645 2357 tamen
2675 2301 2942 2356 occultum
2968 2295 3248 2368 quemdam
3277 2302 3330 2346 ct
3357 2287 3600 2346 ineliahio

2007 2396 2111 2450 lem
2140 2395 2521 2450 sententiarum
2564 2391 2890 2446 thesaurum.
2919 2386 3263 2443 Assimilatunt
3293 2389 3362 2436 est
3390 2396 3599 2451 regnum

2010 2494 2252 2542 ca'torum
2283 2486 2475 2540 homini
2503 2483 2644 2556 regi,
2689 2482 2777 2553 qui
2823 2482 2979 2534 voluit
3008 2479 3252 2532 rationem
3280 2489 3462 2544 ponere
3482 2487 3600 2525 cum

2000 2580 2161 2634 servis
2185 2580 2307 2632 suis.
2350 2576 2426 2631 Ne
2451 2575 2580 2631 mihi
2619 2583 2994 2644 prmtcrcurras
3019 2568 3332 2638 simpliciter
3373 2564 3471 2618 has
3505 2577 3601 2616 vo-

2007 2686 2118 2737 ces,
2150 2669 2244 2725 sed
2267 2669 2450 2724 evolve
2479 2677 2532 2723 et
2558 2667 2764 2736 explica
2795 2673 3036 2719 naturam
3059 2661 3174 2730 ejus
3197 2657 3402 2730 judicii.
3428 2663 3601 2710 tuam-

2010 2778 2113 2832 que
2139 2761 2514 2816 conscientiam
2557 2759 2860 2828 ingressus,
2907 2761 3154 2824 computa
3199 2746 3452 2821 quidquid
3490 2763 3518 2800 a
3548 2753 3600 2800 to

2007 2851 2206 2906 factum
2238 2861 2320 2907 est
2346 2867 2439 2921 per
2473 2865 2686 2905 omnem
2713 2848 2872 2903 vitam
2895 2889 2910 2915 ,
2954 2853 3001 2901 et
3027 2860 3146 2899 cum
3174 2841 3404 2897 audieris
3431 2837 3599 2892 ratio-

278 2761 469 2814 quam
514 2745 710 2800 habere
760 2747 1080 2813 videretur,
1116 2753 1394 2818 prosiliens
1426 2763 1546 2807 ante
1575 2754 1709 2808 alios
1740 2755 1903 2810 inter-

277 2839 536 2908 rogabat
584 2849 637 2894 et
690 2839 1060 2895 sciscitabatur
1111 2842 1178 2898 de
1225 2855 1509 2913 praecepto.
1580 2847 1712 2901 Cum
1760 2850 1902 2903 enim

278 2929 600 2998 .prodiisset
627 2929 794 2997 dives,
821 2931 887 2985 de
910 2943 1110 2987 mterna
1138 2936 1240 2987 vita
1269 2935 1534 2990 Christum
1562 2950 1900 3008 percontans,

291 3029 350 3072 et
392 3021 630 3088 cognitis
659 3021 799 3088 illis,
832 3038 950 3090 qum
981 3023 1191 3092 pariunt
1227 3024 1648 3094 beatitudinem,
1683 3043 1904 3084 incestus

285 3109 370 3162 ob
399 3111 662 3179 pecunias
690 3110 929 3178 abiissct,
977 3113 1189 3170 dicente
1226 3115 1474 3183 Christo,
1523 3119 1661 3188 quod
1703 3119 1906 3175 facilius

287 3213 454 3255 esset
481 3204 741 3258 camelum
764 3207 996 3260 transire
1021 3223 1115 3276 per
1138 3207 1375 3264 furanien
1404 3226 1552 3277 acus,
1585 3229 1741 3282 quam
1769 3216 1906 3269 dixi-

293 3301 417 3345 tem
458 3293 662 3347 intrare
693 3295 741 3348 in
767 3312 981 3365 regnum
1007 3299 1254 3353 cmlorum
1291 3301 1478 3372 (.llarc.
1516 3305 1596 3360 l0.
1628 3307 1733 3375 2:3)
1769 3325 1781 3360 :
1810 3309 1907 3361 Pe-

297 3393 433 3437 trus
465 3385 676 3439 tametsi
721 3402 778 3440 se
819 3390 1064 3444 omnibus
1093 3391 1399 3448 nudavisset
1423 3437 1439 3461 ,
1490 3412 1663 3466 neque
1685 3399 1793 3466 jam
1824 3401 1905 3454 vel

290 3475 538 3530 hamum
563 3477 854 3543 retineret,
881 3481 1077 3552 quippe
1107 3483 1195 3551 qui
1235 3493 1286 3536 ct
1334 3495 1497 3540 totum
1529 3499 1789 3557 qurestum
1832 3492 1907 3558 pi-

292 3565 624 3633 scatorium,
645 3579 698 3624 et
715 3586 900 3625 navem
932 3582 1346 3642 contempserat,
1375 3578 1640 3633 accedens
1663 3581 1727 3634 ad
1752 3581 1905 3634 Chri-

294 3666 460 3712 stum
509 3659 579 3713 ita
627 3660 878 3729 loquutus
903 3671 1017 3717 cst:
1047 3662 1116 3717 Et
1145 3667 1256 3733 quis
1285 3678 1443 3737 potest
1469 3672 1635 3723 salvus
1660 3671 1770 3738 ﬁeri
1801 3671 1904 3742 (Ib.

291 3768 348 3804 ν.
379 3751 548 3822 Ξ6)ἒ³
582 3753 710 3809 Vide
757 3757 1072 3822 probitatem
1105 3768 1158 3813 ct
1195 3760 1453 3816 fervorem
1481 3764 1724 3833 discipuli
1756 3784 1768 3819 :
1803 3781 1907 3821 non

293 3844 468 3899 enim
499 3845 703 3915 inquit,
746 3846 1096 3917 lmpossibilia
1139 3853 1402 3923 injungis,
1441 3871 1602 3924 grave
1630 3858 1729 3912 hoc
1757 3875 1909 3912 man-

293 3937 505 3992 datum
533 3979 548 4002 ,
579 3939 808 3994 dillicilis
836 3941 933 3995 ista
964 3943 1043 3996 lex
1073 3961 1084 3996 :
1117 3960 1289 4013 neque
1317 3946 1367 3998 in
1396 3946 1605 4000 silentio
1637 3949 1863 4015 perstitit
1888 3966 1906 4004 :

298 4029 410 4084 sed
443 4045 629 4084 curam
657 4047 804 4085 suam
833 4075 846 4099 ,
883 4049 1040 4104 quam
1073 4035 1140 4091 de
1169 4037 1415 4091 onmibus
1437 4036 1697 4104 habebat,
1725 4050 1908 4095 osten-

291 4119 422 4186 dit,
475 4129 533 4174 et
574 4127 885 4193 prmceptori
915 4142 943 4180 a
975 4126 1236 4198 discipulo
1275 4127 1504 4184 debitam
1552 4132 1908 4187 I‘chrctlliam

297 4213 636 4281 impartivit,
661 4214 846 4269 dicens
876 4234 888 4269 :
914 4212 981 4269 Et
1001 4218 1110 4287 quis
1137 4228 1296 4288 potest
1316 4221 1480 4272 safvus
1501 4221 1655 4288 ﬁeri?
1678 4222 1909 4277 nondum

297 4303 495 4360 factus
523 4316 721 4375 pastor,
757 4311 983 4377 pastoris
1005 4311 1240 4364 animum
1281 4311 1544 4366 habebat:
1577 4313 1808 4367 nondum
1861 4317 1912 4371 in

298 4400 555 4470 imperio
584 4410 636 4456 et
665 4403 963 4472 principatu
990 4403 1308 4457 conStitutus
1327 4446 1342 4469 ,
1373 4404 1594 4473 principi
1619 4422 1916 4475 congluen-

301 4502 431 4548 tem
457 4507 639 4546 curant
667 4495 915 4548 servabat
941 4535 956 4560 ,
990 4493 1056 4550 de
1083 4494 1333 4548 universo
1360 4495 1491 4548 orbe
1531 4497 1810 4549 sollicitus.
1858 4497 1914 4551 Si

299 4588 469 4641 ciiim
515 4586 666 4641 dives
710 4586 896 4642 fuisset
921 4630 935 4654 ,
988 4597 1041 4642 et
1066 4587 1246 4641 multis
1267 4587 1504 4657 pecuniis
1525 4587 1914 4654 circumfusus,

299 4680 535 4734 diceret
571 4677 799 4732 fortasse
839 4680 1102 4750 quispiam
1125 4720 1140 4745 ,
1172 4692 1294 4733 eum
1324 4691 1427 4731 non
1455 4676 1521 4731 de
1551 4678 1790 4748 reliquis,
1823 4679 1918 4733 sed

299 4775 381 4826 de
412 4773 597 4838 seipso
620 4773 835 4842 suisth
858 4775 1018 4827 rebus
1038 4773 1252 4828 anxium
1273 4771 1424 4826 iStam
1451 4770 1916 4840 interregationem

305 4865 661 4933 protulisse:
695 4881 833 4918 nunc
864 4874 1040 4920 autem
1083 4875 1369 4935 paupertas
1411 4865 1582 4934 ipsum
1623 4865 1814 4920 liberat
1853 4866 1922 4921 ab

306 4960 433 5013 hac
464 4959 800 5025 suspicione,
834 4958 1171 5028 ostenditque
1209 4974 1331 5014 eum
1373 4958 1440 5014 de
1485 4959 1708 5013 aliorum
1753 4959 1922 5014 salute

307 5048 554 5103 anxium
577 5091 592 5114 ,
623 5050 1036 5106 sollicitudinem
1071 5051 1224 5104 istam
1253 5060 1301 5105 et
1331 5065 1513 5104 curam
1537 5052 1786 5122 gessisse,
1819 5062 1870 5107 et
1893 5067 1923 5107 a

308 5140 592 5208 magistro
609 5157 933 5212 cognoscere
954 5143 1093 5195 viam
1112 5141 1297 5196 salutis
1322 5142 1571 5197 voluisse.
1593 5143 1927 5212 Quapropter

307 5243 380 5288 et
407 5231 657 5287 Christus
683 5236 730 5287 ei
757 5234 1002 5288 fiduciam
1037 5232 1224 5287 indcns
1254 5233 1387 5286 dixit
1409 5276 1424 5300 ,
1457 5233 1583 5300 Qua:
1603 5233 1742 5302 apud
1767 5233 1928 5289 Immi-

306 5340 424 5377 ηας
466 5323 797 5392 impossibilia
841 5334 995 5386 sunt,
1043 5339 1101 5376 ea
1145 5322 1284 5392 apud
1323 5320 1485 5374 Deum
1513 5321 1771 5391 possibilia
1813 5334 1929 5378 sunt

313 5414 465 5486 (Ib.
500 5432 549 5470 υ.
594 5417 724 5486 27).
784 5416 850 5470 Et
896 5431 963 5470 ne
1021 5425 1172 5486 putes
1200 5457 1214 5482 ,
1288 5414 1490 5484 inquit,
1541 5431 1635 5471 vos
1689 5415 1930 5474 desertos

311 5507 568 5576 relinqui
595 5549 608 5571 ,
641 5521 742 5577 ego
789 5507 841 5563 in
889 5507 988 5561 hoc
1016 5506 1226 5576 negotio
1254 5505 1414 5561 etiam
1447 5521 1594 5562 meas
1619 5523 1808 5563 manus
1832 5508 1929 5564 ad-

313 5599 571 5653 movebo
596 5641 611 5663 ,
641 5609 695 5652 ct
723 5597 886 5652 ardua
916 5597 1085 5651 facilia
1114 5610 1168 5652 et
1193 5595 1438 5669 expedita
1467 5597 1676 5653 faciam.
1727 5597 1932 5656 Rursus

315 5693 410 5747 de
464 5689 802 5744 ti‘il‘l'iltltlltio
847 5700 898 5744 et
943 5703 1106 5744 uxore
1153 5687 1454 5761 disputante
1479 5688 1692 5744 Christo
1732 5703 1795 5747 ac
1843 5692 1926 5750 di—

2011 2962 2131 2999 nem
2160 2945 2432 2998 domiuum
2464 2943 2708 2997 conferre
2736 2957 2855 2996 cum
2881 2939 3050 2994 servis
3076 2937 3207 3002 suis,
3237 2933 3410 3005 cogita
3434 2931 3484 2985 ἰιι
3514 2929 3600 2984 his

2011 3036 2186 3090 verbis
2227 3051 2380 3105 reges
2421 3041 2476 3088 et
2504 3034 2705 3099 duces,
2745 3041 2798 3087 et
2840 3029 3092 3100 pra-sides
3119 3067 3134 3091 ,
3189 3037 3244 3081 et
3280 3024 3504 3087 divites,
3544 3027 3602 3074 ot

2011 3141 2272 3199 pauperes
2292 3168 2306 3191 ,
2339 3134 2392 3179 et
2420 3141 2604 3179 servos
2626 3166 2640 3190 ,
2673 3132 2726 3178 et
2757 3123 2951 3176 liberos
2972 3161 2986 3185 ,
3031 3129 3083 3172 ct
3112 3115 3362 3186 quidquid
3388 3123 3470 3168 est
3501 3113 3600 3167 ho-

2011 3223 2214 3275 minum
2233 3259 2248 3284 ,
2297 3219 2512 3286 intelligi
2539 3236 2551 3271 :
2586 3215 2771 3270 Omnes
2795 3214 2925 3267 enim
2954 3228 3042 3265 nos
3069 3208 3380 3278 ntanifestari
3405 3214 3602 3273 oportet

2011 3321 2129 3362 ante
2155 3307 2375 3361 tribunal
2399 3307 2587 3362 Christi
2615 3307 2700 3380 (2.
2726 3303 2844 3359 Cor.
2874 3304 2928 3359 5.
2955 3303 3067 3373 lO).
3093 3300 3242 3368 Quod
3269 3300 3312 3353 si
3333 3298 3482 3351 dives
3503 3295 3600 3360 sis,

2011 3402 2182 3471 cogita
2209 3398 2348 3469 ηυοά
2371 3400 2630 3453 rationem
2659 3395 2810 3450 dabis
2829 3437 2844 3461 ,
2873 3405 3050 3448 utrum
3084 3393 3138 3447 in
3163 3388 3503 3452 meretrices,
3532 3399 3600 3440 an

2012 3495 2066 3548 in
2103 3510 2380 3564 pauperes,
2417 3494 2664 3564 pecunias
2695 3489 3042 3559 iusumpseris
3073 3505 3084 3542 :
3111 3495 3285 3540 utrum
3318 3484 3368 3539 in
3399 3481 3602 3553 parasi-

2015 3594 2098 3639 tos
2124 3595 2176 3640 ct
2200 3594 2597 3651 assentatores,
2645 3599 2711 3637 an
2745 3581 2796 3636 in
2827 3590 3044 3652 egentes
3075 3597 3088 3633 :
3123 3585 3296 3632 utrum
3330 3576 3380 3628 in
3423 3572 3602 3629 libidi~

2016 3693 2138 3731 nem
2161 3720 2175 3743 ,
2205 3693 2272 3730 an
2302 3677 2354 3730 in
2384 3676 2769 3731 humanitatem
2795 3691 2808 3727 :
2843 3682 3018 3727 utrum
3049 3670 3103 3724 in
3133 3668 3348 3723 delicias
3367 3707 3381 3729 ,
3419 3663 3602 3736 prodi-

2015 3771 2285 3837 galitatcm
2308 3810 2322 3834 ,
2355 3767 2668 3823 ebrietatem
2690 3807 2705 3830 ,
2743 3781 2811 3819 an
2842 3765 2894 3818 in
2925 3763 3241 3818 afﬂictorum
3281 3756 3603 3814 subsidium.

2016 3859 2130 3912 Non
2181 3861 2249 3912 de
2287 3860 2536 3929 expensis
2582 3855 2953 3918 solummodo,
2995 3852 3088 3907 sed
3137 3851 3203 3906 de
3243 3845 3607 3920 acquisitionis

2019 3951 2178 4002 modo
2205 3949 2464 4001 rationem
2497 3947 2853 4016 postul'aberis
2882 3963 2896 3998 :
2926 3953 3100 3997 utrum
3126 3941 3286 4010 justis
3311 3937 3606 4002 laboribus,

2017 4055 2084 4093 an
2119 4039 2314 4108 rapinis
2340 4046 2392 4091 et
2423 4038 2643 4091 avaritia
2668 4035 2944 4106 pecuniam
2988 4031 3269 4102 eollegeris
3294 4047 3308 4084 :
3336 4037 3509 4082 utrum
3537 4027 3609 4082 sit

2019 4130 2320 4202 patrimonii
2349 4127 2635 4194 hereditas,
2663 4143 2729 4182 an
2756 4127 2805 4181 id
2834 4134 3075 4180 coactum
3099 4124 3168 4179 sit
3192 4137 3256 4177 ex
3290 4117 3607 4192 pupillorum

2019 4223 2221 4279 eversis
2257 4222 2525 4287 domibus,
2551 4231 2604 4276 et
2644 4217 3049 4290 spoliatiouibus
3086 4215 3384 4270 viduarum.
3412 4209 3612 4278 Quem-

2021 4317 2306 4372 admodum
2351 4330 2450 4370 nos
2483 4330 2589 4369 non
2639 4315 2811 4368 solum
2851 4327 2881 4365 a
2927 4309 3095 4365 servis
3125 4307 3321 4362 nostris
3348 4305 3610 4359 rationem

2021 4409 2174 4463 elatae
2204 4407 2442 4476 pecunia:
2463 4447 2479 4472 ,
2521 4404 2614 4460 sed
2645 4405 2806 4458 etiam
2839 4402 3001 4456 illata:
3032 4398 3404 4468 exposcimus,
3445 4407 3610 4446 excu-

2023 4503 2217 4557 tientcs
2262 4501 2402 4556 unde
2443 4495 2724 4569 pecunias,
2778 4510 2806 4548 a
2846 4493 3076 4564 quibus,
3123 4500 3178 4545 et
3214 4484 3516 4559 quomodo,
3557 4493 3614 4540 ct

2023 4604 2244 4664 quantas
2273 4591 2578 4660 acceperint
2605 4607 2619 4643 :
2653 4590 2723 4643 ita
2765 4597 2820 4642 et
2847 4587 2986 4642 Deus
3015 4600 3118 4640 non
3149 4583 3321 4639 solum
3352 4579 3611 4652 expensi,

2023 4685 2116 4740 sed
2146 4684 2304 4737 etiam
2336 4681 2538 4752 accepti
2587 4688 2641 4736 et
2679 4677 2921 4748 acquisiti
2964 4677 3195 4731 rationes
3217 4673 3468 4746 postulat.
3496 4669 3613 4726 Non

2025 4778 2196 4834 stilum
2225 4791 2351 4830 vero
2377 4774 2560 4841 dives,
2605 4773 2699 4828 sed
2727 4782 2780 4826 et
2823 4786 3023 4843 pauper
3056 4769 3290 4824 rationes
3328 4766 3411 4822 vel
3450 4765 3618 4836 ipsius

2027 4868 2353 4941 paupertatis
2393 4867 2536 4921 subit
2568 4885 2581 4920 :
2612 4880 2678 4920 an
2705 4879 2968 4936 generoso
2996 4871 3052 4918 et
3074 4871 3226 4934 grato
3263 4859 3443 4914 animo
3480 4872 3616 4929 pau-

2030 4969 2290 5032 pertatem
2313 4959 2492 5014 tulerit
2516 5000 2530 5025 ,
2565 4974 2632 5011 an
2678 4973 2782 5012 non
2813 4971 2954 5025 mgre
2985 4953 3198 5018 tulerit,
3243 4968 3310 5006 an
3338 4965 3445 5006 non
3475 4947 3619 5003 indi-

2029 5065 2221 5128 gnatus
2251 5054 2439 5120 fuerit,
2469 5069 2534 5108 an
2579 5068 2684 5107 non
2713 5048 3031 5106 iucusaverit
3060 5047 3150 5102 Dei
3188 5042 3578 5117 providentiam
3603 5081 3619 5105 ,

2031 5167 2151 5205 cum
2179 5149 2385 5204 videret
2430 5148 2592 5201 alium
2633 5145 2687 5199 in
2729 5141 3089 5213 voluptatibus
3133 5137 3472 5193 deliciantem
3498 5174 3513 5197 ,
3560 5147 3621 5186 se

2033 5221 2251 5298 autem‘
2295 5243 2346 5298 in
2395 5250 2631 5310 egestate
2665 5237 2890 5294 versari.
2923 5235 2992 5292 Ut
3016 5233 3158 5288 enim
3195 5247 3224 5284 a
3269 5229 3434 5284 divite
3478 5227 3624 5282 elec-

2037 5350 2294 5407 qusyute,
2326 5333 2397 5387 ita
2432 5347 2461 5384 a
2495 5346 2731 5402 paupere
2779 5327 3078 5384 tolerantia:
3121 5322 3410 5394 requiritur
3439 5318 3574 5374 ratio
3603 5333 3618 5369 :

2037 5428 2144 5482 imo
2173 5441 2278 5481 non
2304 5424 2473 5481 solum
2502 5423 2797 5477 tolerantire
2820 5460 2836 5486 ,
2863 5418 2955 5474 sed
2982 5417 3141 5472 etiam
3187 5415 3352 5486 Ipsius
3390 5411 3627 5464 eleemo-

2039 5535 2185 5592 synrc
2215 5539 2227 5571 :
2261 5534 2364 5574 non
2394 5517 2535 5571 enim
2563 5514 2722 5570 habet
2750 5511 3184 5580 impedimentum
3226 5505 3292 5560 ad
3323 5503 3625 5574 eleemosy-

2075 5638 2123 5746 αἱ
2159 5642 2298 5698 ueg.,
2318 5629 2623 5684 detisimztem
2653 5643 2740 5681 nec
2771 5634 2930 5679 tamen
2970 5623 3160 5676 divitias
3181 5620 3556 5681 ἱηιηιίηκεηιωι.
3578 5636 3630 5677 se

2125 5708 2216 5746 em.

2041 5708 2216 5748 autem.
