4054 6216
443 247 515 301 εὖ
1197 258 1256 316 S.
1290 256 1570 316 JOANNIS
1607 258 2076 318 CllRYSOSTOMl
2113 258 2429 317 ARCHIEP.
2468 259 3008 320 CONSTANTINOP.
3653 262 3721 320 ll

442 384 564 427 nam
591 378 893 441 paupertas.
942 367 1115 424 Testis
1144 378 1226 425 est
1249 370 1407 432 vidua
1441 387 1560 442 qua:
1606 371 1713 427 duo
1742 371 1944 427 minuta
1970 372 2024 427 in

440 461 878 540 gazophylacium
901 460 1095 532 dejecit
1115 504 1132 526 ,
1165 471 1217 518 et
1243 479 1339 521 eos
1363 464 1451 534 qui
1480 464 1706 535 plurima
1730 464 2026 532 dederant,

448 565 640 622 magno
671 550 949 609 intervallo
975 555 1278 624 superavit,
1307 553 1467 625 idque
1509 567 1616 611 tam
1656 558 1855 612 minuta
1877 558 2027 614 obla-

443 645 676 700 tiuncula
705 643 910 717 (Marc.
935 643 1021 699 12.
1051 645 1178 716 42).
1208 643 1325 703 Non
1364 648 1537 703 solum
1564 659 1740 704 autem
1767 649 1957 704 divites
1977 657 2032 704 et

446 750 710 806 pauperes
730 777 744 799 ,
773 735 866 790 sed
896 735 1153 806 przesides
1173 738 1446 808 etjudiees
1471 754 1590 794 cum
1616 741 1780 794 multa
1802 738 2029 810 diligen-

444 831 513 883 tia
543 830 915 884 examinantur
940 846 1006 885 an
1038 847 1146 885 non
1178 831 1270 901 jus
1297 833 1672 902 corruperint,
1718 848 1784 886 an
1814 847 1920 888 non
1963 832 2029 887 ad

436 922 663 990 gratiam
695 921 776 975 vel
813 921 993 976 odium
1025 922 1261 978 calculos
1282 925 1333 977 in
1361 920 1548 977 litibus
1573 918 2027 999 deprompserint,

441 1026 507 1064 an
552 1027 655 1064 non
709 1013 899 1066 molliti
938 1011 1286 1079 adulatione,
1347 1022 1536 1068 contra
1581 1028 1742 1083 quam
1792 1028 1888 1082 par
1916 1021 2032 1067 erat

442 1102 763 1156 sententiam
791 1102 1057 1168 dederint,
1085 1120 1151 1158 an
1178 1120 1280 1159 non
1306 1119 1571 1160 memores
1591 1103 1910 1159 oll‘ensarum
1938 1119 2032 1162 eos

444 1196 750 1249 vt'xavcrint
774 1236 787 1257 ,
821 1196 912 1265 qui
938 1196 1066 1250 nihil
1096 1204 1404 1265 peccaram.

521 1285 647 1349 Qua!
681 1286 810 1339 ratio
841 1287 1098 1340 reddenda
1136 1298 1205 1341 est
1242 1287 1586 1342 ecclesiasticis
1614 1287 1932 1358 prtesulibus.
1960 1316 2033 1328 ~—

441 1371 558 1430 Non
592 1377 763 1431 solum
794 1387 972 1432 autem
1015 1377 1299 1434 Saeculares
1341 1380 1683 1449 magistratus
1703 1421 1721 1447 ,
1762 1381 1855 1436 sed
1880 1390 1935 1436 et
1959 1380 2031 1435 illi

441 1468 528 1536 qui
564 1468 811 1522 Ecclesiis
844 1479 1108 1538 prmsunt,
1159 1484 1269 1525 sua:
1314 1470 1645 1541 prtefectnra:
1668 1473 1903 1528 rationes
1940 1471 2032 1527 da-

438 1555 572 1613 bunt
595 1598 609 1624 ,
640 1569 694 1613 et
718 1560 987 1631 praecipue
1018 1558 1109 1616 isti
1134 1570 1294 1628 sunt,
1336 1562 1427 1634 qui
1464 1563 1696 1634 majores
1719 1606 1735 1632 ,
1785 1564 2030 1620 acerbio-

444 1668 533 1707 res
562 1694 577 1718 ,
610 1664 662 1707 et
684 1654 962 1723 graviores
992 1669 1179 1724 pteuas
1206 1657 1565 1712 sustinebunt.
1593 1656 1688 1712 Cui
1718 1658 1859 1711 enim
1883 1657 2030 1713 verbi

443 1743 832 1798 administratio
859 1747 1142 1799 commissa
1174 1754 1257 1800 est
1281 1787 1294 1811 ,
1344 1746 1627 1817 diligenter
1656 1747 1724 1803 ibi
1755 1749 2030 1804 examina-

440 1832 604 1901 bitur,
635 1851 700 1890 an
751 1853 853 1889 non
903 1836 1145 1906 segnitie,
1183 1846 1267 1892 aut
1314 1838 1508 1893 invidia
1555 1840 1753 1911 aliquid
1792 1839 2032 1896 omiserit

442 1939 629 1979 eorum
656 1968 671 1991 ,
705 1943 822 1997 qtne
848 1926 1070 2001 dicenda
1095 1937 1277 1993 erant,
1304 1936 1357 1983 et
1388 1944 1482 1998 per
1520 1945 1680 1998 opera
1705 1928 2027 1998 exhibuerit,

442 2031 510 2069 an
542 2018 719 2071 omnia
750 2019 1089 2087 explicuerit,
1121 2017 1361 2091 nihilque
1380 2021 1446 2075 ab
1474 2021 1563 2076 illo
1592 2021 1910 2077 occubatum
1937 2020 2026 2091 sit,

441 2109 583 2177 quod
615 2109 756 2164 dictu
785 2126 963 2180 opera:
995 2112 1221 2181 pretium
1247 2121 1380 2167 erat.
1413 2112 1620 2168 Rursus
1646 2114 1733 2185 qui
1757 2114 2032 2185 cpiscOpa-

442 2208 552 2253 tum
580 2199 802 2270 adeptus
829 2210 930 2266 est,
958 2212 1161 2271 quanto
1183 2202 1248 2256 ad
1277 2202 1536 2272 majorem
1562 2204 1815 2258 verticem
1845 2219 2032 2260 ascen-

443 2289 559 2358 dit,
606 2300 754 2347 tanto
793 2293 1084 2365 majoribus
1122 2294 1383 2350 obnoxius
1412 2296 1513 2350 erit
1542 2296 1874 2361 rationibus,
1923 2311 2028 2352 non

442 2384 617 2437 solum
644 2384 710 2438 de
738 2384 981 2439 doctrina
1010 2396 1063 2439 ct
1088 2401 1380 2455 pauperum
1409 2388 1727 2456 patrocinio,
1754 2386 1848 2442 sed
1869 2387 2029 2442 etiam

445 2475 513 2529 dc
558 2477 950 2532 examinatione
990 2477 1404 2532 ordinandornm
1431 2519 1446 2544 ,
1491 2477 1713 2548 aliisque
1742 2479 2026 2533 sexcentis.

444 2563 512 2620 Et
557 2565 670 2620 lucc
717 2566 998 2622 declarans
1042 2567 1241 2621 Paulus
1286 2566 1351 2622 ad
1397 2567 1735 2622 Timotheum
1773 2568 2026 2637 scripsit:

447 2656 635 2712 Manus
669 2660 766 2713 cito
793 2660 979 2713 nemini
1006 2660 1336 2731 itnposueris,
1382 2676 1536 2731 neque
1564 2660 1895 2715 communices
1916 2677 2032 2730 pec-

445 2750 570 2804 catis
609 2751 787 2805 alienis
818 2752 865 2822 (l
905 2750 1035 2807 Tim.
1068 2752 1121 2807 5.
1147 2750 1254 2821 22)
1283 2770 1296 2807 :
1326 2761 1379 2807 et
1408 2752 1475 2806 ad
1513 2752 1766 2808 Hebrreos
1793 2754 2032 2810 scribens

443 2840 512 2897 de
539 2842 724 2897 iisdem
765 2843 1050 2914 praefectis,
1083 2844 1182 2898 alia
1216 2844 1421 2900 ratione
1464 2844 1750 2900 terrefacit.
1788 2845 2028 2912 Obedite,

442 2934 647 3003 inquit,
697 2936 982 3005 praepositis
1019 2937 1225 3003 vestris,
1258 2945 1304 2989 et
1335 2936 1585 3007 subjacete
1624 2939 1695 2992 eis
1725 2953 1744 2991 :
1773 2937 1871 3008 ipsi
1898 2938 2031 2991 enim

439 3028 648 3098 vigilant
690 3045 841 3097 super
880 3029 1142 3085 animabus
1196 3032 1370 3084 vestris
1398 3072 1414 3098 ,
1465 3040 1521 3085 ut
1567 3032 1811 3086 rationem
1860 3031 2031 3086 daturi

442 3123 461 3188 (
479 3121 635 3176 Hebr.
671 3123 751 3177 l5.
788 3122 906 3195 17).
937 3122 1069 3176 Tum
1090 3136 1214 3178 vero
1237 3138 1340 3177 non
1364 3124 1620 3179 factorum
1641 3125 1946 3191 solum,scd
1976 3135 2030 3180 et

449 3215 733 3268 verborum
762 3214 996 3269 rationes
1022 3214 1338 3271 subibimns.
1381 3216 1841 3281 Quemadmodum
1886 3217 2027 3272 enim

437 3320 538 3359 nos
558 3322 676 3360 cuzu
720 3311 973 3376 pecunias
1021 3307 1192 3361 servis
1219 3307 1591 3363 concredimns
1615 3350 1630 3373 ,
1672 3307 1908 3363 omnium
1940 3326 2028 3364 rc-

440 3395 708 3465 poscimus
737 3397 971 3452 rationes
994 3438 1009 3464 ,
1044 3398 1112 3451 ita
1145 3414 1356 3469 quoque
1402 3399 1542 3454 Deus
1569 3400 1635 3454 de
1673 3401 1849 3455 verbis
1877 3402 2028 3456 nobis

436 3487 764 3541 concreditis
796 3489 1032 3557 requiret
1056 3490 1325 3558 quomodo
1353 3490 1441 3544 illa
1467 3491 1898 3561 expcndcrimus.
1925 3493 2029 3550 lte-

438 3577 712 3644 poscimur
747 3577 889 3631 enim
938 3586 990 3631 et
1033 3578 1400 3634 cxaminamur
1428 3596 1681 3651 perquam
1722 3582 2022 3653 diligenter,

438 3682 564 3721 num
611 3674 846 3733 temere,
901 3684 1025 3722 num
1054 3667 1245 3724 frustra
1273 3686 1334 3725 ea
1378 3671 1817 3743 insumpserimus
1859 3692 1872 3727 :
1920 3692 2024 3731 non

436 3760 577 3815 enim
606 3777 855 3816 nummus
883 3772 1082 3818 temere
1107 3764 1379 3833 expositus
1410 3766 1479 3820 ita
1507 3766 1650 3821 laedit
1673 3777 1730 3821 ut
1753 3769 1911 3823 verba
1945 3779 2022 3824 leo

437 3865 585 3907 mere
627 3861 680 3905 et
720 3851 915 3907 frustra
943 3852 1079 3909 elata
1100 3894 1114 3921 ,
1145 3870 1264 3910 cum
1290 3854 1416 3909 nihil
1444 3870 1576 3925 opus
1606 3866 1740 3912 erat.
1767 3855 2024 3913 Nummus

434 3944 580 3999 enim
607 3944 797 3999 frustra
832 3947 1128 4017 insumptns
1157 3948 1396 4018 pecunia:
1438 3948 1724 4019 aliquando
1768 3949 2021 4005 damnum

434 4035 608 4103 affert,
640 4053 818 4092 sermo
847 4049 1022 4093 autem
1065 4038 1429 4110 imprudenter
1453 4042 1759 4097 enuntiatus
1789 4043 2023 4114 integras

434 4125 623 4182 domos
649 4129 880 4195 evertit,
925 4138 981 4184 et
1022 4132 1252 4185 animam
1287 4134 1459 4201 perdit
1487 4152 1500 4185 :
1533 4136 1877 4202 pecuniarum
1905 4138 2023 4207 qui-

432 4217 554 4272 dem
585 4219 836 4274 damnum
865 4223 1121 4278 resarcire
1145 4224 1289 4290 licet,
1321 4225 1539 4280 verbum
1562 4242 1689 4281 vero
1715 4228 1854 4297 quod
1881 4228 2022 4283 exsi-

432 4308 569 4363 lierit
598 4311 794 4377 semel,
828 4327 1076 4367 revocare
1105 4329 1210 4368 non
1242 4313 1381 4368 licet.

515 4400 786 4456 Verborum
812 4404 960 4457 etiam
983 4406 1165 4459 luenda
1200 4422 1365 4475 ptena.
1395 4406 1543 4460 Ratio
1565 4407 1766 4463 delendi
1792 4419 2017 4480 peccata.

433 4492 764 4564 Imputantur
798 4496 868 4548 ad
917 4499 1109 4550 veniam
1149 4508 1469 4567 peccatorum
1502 4499 1721 4555 actiones
1750 4501 1912 4554 bonce.
1948 4517 2048 4541 —'

429 4587 695 4639 Cmtcrum
744 4596 801 4640 ut
847 4588 1022 4642 discas
1055 4590 1337 4643 verborum
1381 4605 1565 4659 poenas
1604 4591 1829 4646 luituros
1860 4607 2013 4660 esse,

429 4674 553 4729 audi
596 4676 721 4745 quid
765 4675 1009 4731 Christus
1037 4677 1180 4733 dicat
1209 4695 1221 4730 :
1253 4679 1380 4732 Dico
1418 4691 1583 4735 autem
1622 4683 1778 4751 vobis,
1804 4685 1939 4755 quod
1957 4686 2020 4740 de

428 4765 569 4818 omni
594 4766 740 4819 verba
765 4767 945 4835 otiosa,
973 4770 1316 4834 quodcumque
1344 4769 1536 4845 loqauti
1569 4775 1757 4843 fuerint
1789 4776 2017 4831 homines

426 4856 481 4910 in
509 4865 661 4922 terra,
687 4858 896 4912 reddent
921 4861 1163 4915 rationem
1185 4861 1247 4915 de
1266 4879 1323 4916 eo
1348 4864 1399 4916 in
1426 4865 1508 4918 die
1520 4866 1707 4936 judicii
1728 4882 1748 4921 :
1772 4884 1835 4922 ea:
1856 4868 2014 4921 verbis

423 4950 561 5005 enim
586 4951 685 5006 tuis
720 4953 1084 5023 justi/icaberis
1103 4995 1119 5022 ,
1162 4965 1207 5011 et
1241 4973 1303 5011 ea:
1330 4957 1489 5012 verbis
1519 4960 1617 5013 tuis
1646 4960 2013 5014 condemnabe-

422 5044 494 5098 ris
522 5043 747 5114 (Matth.
775 5045 860 5099 12.
896 5047 983 5101 56.
1012 5047 1079 5101 57
1101 5047 1143 5120 ).
1188 5046 1304 5103 Non
1334 5050 1506 5103 solum
1537 5059 1710 5104 autem
1747 5048 2009 5118 dictorum

422 5135 683 5190 rationem
712 5135 1015 5206 reddemus,
1041 5139 1133 5193 sed
1165 5148 1216 5193 et
1246 5139 1546 5193 auditurum
1575 5156 1785 5210 quoque
1810 5156 1825 5205 ;
1848 5138 2010 5194 veluti

421 5225 468 5280 si
499 5227 778 5282 admiseris
810 5228 995 5283 falsam
1018 5232 1442 5285 criminationem
1465 5243 1649 5285 contra
1674 5231 1887 5287 fratrem
1918 5247 2009 5286 ca-

421 5319 685 5376 lumni0sc
729 5322 1018 5378 iusti‘utam
1055 5341 1068 5376 :
1102 5324 1419 5377 Auditiouem
1467 5327 1607 5379 enim
1661 5342 1875 5390 canam,
1929 5324 2010 5378 itt-

420 5410 533 5480 quit
562 5410 869 5480 Scriptura,
916 5430 979 5468 ne
1025 5413 1270 5483 receperis
1298 5414 1317 5486 (
1342 5413 1505 5467 Exod.
1536 5414 1625 5470 25.
1660 5417 1680 5469 1
1712 5416 1752 5486 ).
1777 5414 1929 5482 Quod
1961 5414 2007 5469 si

424 5502 520 5563 illi,
551 5505 637 5573 qui
666 5506 929 5575 recipiunt
958 5521 1145 5560 vanam
1174 5507 1522 5574 auditionem,
1549 5510 1757 5564 veniam
1786 5524 1889 5563 non
1913 5507 2006 5562 ba-

419 5594 566 5659 bent,
596 5601 684 5663 qui
714 5601 1105 5656 calumniantur
1134 5611 1185 5656 et
1214 5602 1582 5672 criminantur,
1604 5618 1885 5674 quamnam
1912 5602 2005 5658 ha-

422 5688 616 5742 bebunt
649 5692 1075 5751 excusationem?

2207 371 2261 427 5.
2305 373 2369 427 At
2399 371 2524 443 quid
2554 372 2673 428 dico
2698 373 2766 429 de
2794 373 2970 429 verbis
3000 379 3054 427 et
3079 371 3260 428 auditu
3285 414 3299 437 ,
3331 372 3418 429 ubi
3442 375 3606 433 etiam
3632 393 3722 435 co-

2134 464 2447 534 gitationum
2473 480 2660 535 poenas
2686 465 3051 521 sustinemus?
3078 466 3144 521 Et
3182 465 3287 521 hoc
3318 467 3490 537 ipsum
3528 469 3723 529 Paulus

2135 554 2432 621 declarans,
2449 554 2580 610 dixit
2611 574 2624 610 :
2658 556 2992 621 Quamobrem
3013 573 3075 611 ne
3102 566 3220 610 ante
3244 567 3441 627 tempus
3458 559 3719 629 judicetis,

2136 645 2295 699 donec
2321 646 2484 699 veniat
2513 646 2760 700 Dominus
2784 649 2870 718 qui
2910 647 3215 702 illuminabit
3249 650 3447 704 occulta
3490 653 3721 708 tenebra-

2136 755 2269 804 rum,
2306 748 2351 791 et
2374 739 2711 809 manifestabit
2752 741 2965 793 consilia
3006 740 3233 794 cordium
3259 741 3353 814 (1.
3385 742 3505 797 Cor.
3534 744 3589 798 4.
3622 745 3655 800 5
3680 746 3721 812 ).

2136 826 2229 882 llle
2265 843 2476 898 quoque
2503 829 2824 899 psalmorum
2863 839 3049 883 cautor
3077 829 3183 892 ait,
3221 829 3467 901 Cogitatio
3504 832 3723 889 hominis

2137 920 2453 988 conﬁtebitur
2479 921 2567 974 tibi
2593 921 2610 991 (
2633 919 2780 976 Psal.
2804 922 2890 977 75.
2924 923 2981 976 li
3006 920 3048 992 ).
3076 921 3212 988 Quid
3233 933 3409 977 autem
3439 923 3565 979 illud
3596 934 3679 979 est
3700 966 3716 989 ,

2135 1009 2385 1080 Cogitatio
2424 1012 2639 1067 hominis
2666 1012 2983 1082 conﬁtebitur
3012 1013 3147 1067 tibi?
3179 1012 3349 1069 Veluti
3378 1014 3422 1068 si
3448 1029 3566 1069 cum
3596 1014 3721 1069 dolo

2135 1111 2189 1158 et
2208 1103 2345 1157 mala
2371 1114 2550 1159 mente
2578 1102 2797 1160 fratrem
2825 1104 3112 1174 alloquaris
3138 1121 3151 1158 :
3175 1104 3220 1158 si
3239 1119 3334 1159 ore
3362 1104 3512 1160 illum
3541 1114 3596 1160 et
3620 1105 3722 1160 lin-

2133 1210 2234 1259 gua
2264 1196 2533 1263 celebres,
2561 1205 2737 1252 mente
2762 1205 2941 1252 autem
2970 1196 3109 1251 mala
3138 1197 3339 1268 cogites
3357 1237 3370 1262 ,
3399 1197 3554 1269 eique
3578 1197 3717 1253 invi-

2135 1286 2282 1342 deas.
2312 1286 2443 1343 lllud
2464 1288 2606 1343 enim
2621 1290 2803 1359 ipsum
2823 1287 3069 1343 Christus
3092 1287 3432 1343 subindieans
3450 1331 3465 1356 ,
3495 1302 3593 1343 nos
3615 1303 3720 1343 non

2134 1378 2307 1433 solum
2348 1377 2605 1434 factorum
2632 1419 2649 1445 ,
2694 1378 2788 1434 sed
2826 1388 2881 1434 et
2916 1380 3295 1450 cogitationum
3326 1394 3540 1450 ptenam
3571 1380 3717 1437 luere

2134 1469 2305 1526 dixit:
2332 1470 2433 1536 Qui
2451 1471 2722 1541 inspexerit
2749 1472 3008 1527 mulierem
3028 1472 3096 1525 ad
3112 1473 3564 1542 concupiscendum
3584 1491 3717 1540 eam,

2126 1561 2241 1632 jam
2268 1562 2541 1617 moechatus
2563 1573 2638 1617 est
2659 1578 2770 1616 eam
2788 1562 2842 1617 in
2862 1563 3014 1617 corde
3033 1580 3125 1618 suo
3148 1563 3167 1635 (
3188 1563 3377 1618 Matth.
3407 1565 3460 1620 5.
3485 1563 3605 1637 28).
3624 1567 3719 1620 At-

2135 1652 2222 1721 qui
2250 1668 2354 1707 non
2385 1653 2558 1722 erupit
2584 1653 2636 1707 in
2662 1668 2797 1723 opus
2825 1654 2996 1724 ipsum
3024 1665 3319 1725 peccatum,
3342 1655 3437 1711 sed
3464 1656 3719 1712 hactenus

2135 1738 2190 1798 in
2212 1743 2328 1798 solo
2345 1745 2524 1799 animo
2544 1746 2788 1801 consistit
2816 1764 2829 1801 :
2854 1762 3035 1802 verum
3064 1763 3131 1802 ne
3156 1748 3224 1802 ita
3245 1748 3458 1818 quidem
3482 1749 3722 1819 inculpa-

2135 1842 2217 1889 tus
2247 1850 2461 1891 manere
2486 1845 2680 1906 potest,
2709 1837 2799 1908 qui
2828 1837 2947 1892 ideo
2972 1838 3363 1909 contemplatur
3389 1838 3587 1895 formas
3611 1855 3720 1894 mu-

2134 1924 2323 1981 lierum
2353 1968 2368 1994 ,
2415 1936 2472 1983 ut
2512 1927 2758 1983 incendat
2800 1927 3168 1984 fornicationis
3209 1931 3716 1999 concupiscentiam.

2134 2015 2265 2071 Cum
2297 2018 2454 2088 igitur
2483 2018 2751 2073 audiveris
2791 2034 2912 2075 eum
2945 2019 3203 2074 rationem
3248 2034 3368 2074 cum
3411 2022 3580 2076 servis
3609 2021 3719 2078 suis

2134 2106 2378 2163 conferre
2403 2148 2418 2175 ,
2450 2125 2517 2164 ne
2541 2108 2672 2164 mihi
2700 2110 3026 2181 negligenter
3054 2119 3336 2180 praetereas
3367 2110 3509 2165 illam
3535 2109 3724 2171 dictio.

2136 2213 2255 2254 nem
2287 2217 2300 2253 :
2332 2200 2428 2256 sed
2456 2201 2559 2257 hoc
2582 2202 2817 2273 intelligo
2845 2203 2911 2257 de
2932 2203 3077 2257 omni
3104 2201 3324 2269 ordine,
3354 2204 3498 2258 omni
3526 2211 3709 2268 aetate,

2135 2277 2366 2365 utroque
2389 2309 2541 2360 sexu,
2569 2305 2623 2351 et
2650 2296 2883 2351 virorum
2908 2304 2963 2351 et
2989 2295 3301 2351 feminarum
3328 2313 3343 2350 :
3370 2295 3541 2366 cogita
3566 2295 3722 2364 quale

2135 2383 2263 2440 illud
2290 2384 2547 2454 judicium
2577 2388 2665 2453 sit,
2698 2388 2913 2442 revolvo
2934 2395 3190 2458 perpetuo
3212 2394 3297 2441 tua
3327 2396 3557 2457 peccata.
3589 2384 3712 2439 Nam

2134 2476 2233 2532 etsi
2284 2476 2398 2546 ipse
2447 2477 2645 2532 oblitus
2695 2478 2857 2532 fueris
2912 2488 3118 2532 tuorum
3170 2478 3530 2545 delictorum,
3581 2476 3721 2531 Deus

2134 2582 2420 2639 numquam
2451 2567 2793 2623 obliviscetur
2815 2609 2830 2632 ,
2871 2578 2925 2623 et
2953 2568 3131 2622 omnia
3161 2578 3285 2623 ante
3311 2569 3495 2623 oculos
3522 2567 3720 2621 consti-

2136 2671 2267 2731 tuet,
2300 2663 2399 2717 nisi
2424 2663 2532 2732 jam
2561 2671 2767 2718 mature
2795 2678 2856 2719 ea
2886 2662 3300 2718 exstinxerimus
3328 2677 3423 2732 per
3452 2661 3718 2730 paeniten-

2136 2755 2259 2809 tiam
2289 2764 2342 2810 et
2370 2754 2759 2811 confessionem
2779 2796 2794 2821 ,
2825 2761 2881 2809 et
2910 2768 3004 2823 per
3027 2752 3346 2808 oblivionem
3375 2751 3716 2806 od‘eusarum.

2135 2843 2247 2911 Qua
2275 2860 2403 2900 vero
2441 2846 2509 2902 de
2545 2860 2704 2901 causa
2729 2846 2988 2901 rationem
3018 2844 3254 2915 repetit?
3283 2843 3398 2898 Non
3424 2842 3634 2913 quidem
3662 2850 3718 2898 ut

2135 2936 2333 2991 inscius
2357 2937 2642 3009 (quomodo
2659 2938 2799 2992 enim
2820 2936 3037 3002 inscius,
3061 2935 3145 2990 cui
3163 2934 3339 2989 omnia
3361 2934 3568 3004 cognita
3594 2942 3719 2987 sunt

2134 3037 2415 3097 antequam
2449 3028 2636 3094 fiant?(
2653 3027 2788 3083 Dan.
2814 3029 2897 3082 i5.
2922 3027 2991 3083 42
3025 3025 3068 3097 ),
3098 3026 3193 3082 sed
3222 3035 3275 3081 ut
3303 3025 3393 3081 tibi
3419 3040 3574 3080 servo
3601 3039 3719 3095 per-

2133 3120 2387 3185 suadeat,
2410 3120 2533 3190 jure
2563 3129 2613 3175 te
2638 3119 2834 3176 debere
2861 3119 3235 3191 quodcumque
3259 3118 3423 3173 debes
3436 3136 3463 3180 ,ί
3492 3117 3596 3170 imo
3623 3131 3718 3185 po-

2134 3210 2256 3275 tius,
2290 3222 2345 3264 ut
2372 3227 2480 3266 non
2507 3211 2678 3266 solum
2708 3211 2903 3275 discas,
2934 3210 3028 3267 sed
3055 3218 3113 3265 ut
3137 3208 3410 3279 abstergas
3438 3226 3452 3264 :
3483 3206 3716 3278 quando-

2132 3301 2344 3371 quidem
2372 3312 2424 3355 ct
2454 3303 2727 3372 prophetae
2775 3317 2837 3357 ea
2880 3302 2949 3357 de
2992 3316 3151 3357 causa
3191 3299 3459 3355 mandavit
3502 3307 3719 3369 peccata

2131 3389 2439 3447 Judaeorutn
2469 3409 2739 3449 enarrare.
2770 3393 2865 3446 Dic
2889 3434 2904 3459 ,
2934 3393 3136 3463 inquit,
3162 3392 3451 3463 iniquitates
3477 3407 3595 3447 suas
3622 3389 3718 3444 ds-

2132 3487 2234 3539 mui
2255 3485 2435 3554 Iacob,
2457 3496 2505 3540 et
2530 3496 2733 3556 peccata
2757 3501 2849 3539 sua
2870 3484 3041 3538 domui
3068 3483 3235 3537 Israel
3262 3483 3286 3557 (
3309 3483 3438 3536 Isai.
3470 3483 3560 3538 58.
3591 3483 3615 3536 ί
3647 3481 3666 3551 )
3699 3498 3715 3534 :

2132 3592 2236 3633 non
2260 3588 2315 3632 ut
2334 3578 2553 3633 audiant
2570 3578 2763 3645 solum,
2787 3578 2879 3633 sed
2905 3576 3323 3645 utcorrigantur.
3340 3574 3536 3628 Exorso
3546 3582 3715 3626 autem

2129 3686 2187 3725 eo
2217 3672 2444 3740 conferre
2469 3675 2685 3725 rationes
2702 3712 2716 3731 .
2749 3670 2995 3724 adductus
3020 3676 3091 3721 est
3115 3668 3161 3721 ei
3182 3666 3372 3720 debitor
3395 3680 3526 3718 unus
3552 3663 3715 3717 decies

2130 3761 2267 3815 mille
2293 3762 2595 3815 talentorum
2624 3760 2848 3831 (Matt/1.
2879 3760 2965 3815 18.
2993 3759 3064 3813 24
3085 3758 3121 3830 ).
3154 3756 3418 3827 Quidquid
3457 3756 3599 3810 enim
3638 3753 3712 3808 illi

2129 3853 2390 3909 creditum
2420 3863 2568 3921 erat,
2617 3854 2668 3908 id
2700 3868 2862 3908 omne
2906 3852 3319 3920 absumpserat:
3362 3862 3551 3919 magna
3592 3845 3715 3900 aeris

2127 3946 2286 4002 alieni
2319 3946 2486 4002 moles
2510 3964 2523 4001 :
2549 3955 2604 4002 et
2634 3963 2738 4001 non
2766 3945 2937 4001 solum
2969 3945 3023 4000 in
3048 3943 3149 3998 hac
3176 3959 3235 3999 re
3261 3941 3550 4014 periculum
3575 3948 3711 4004 erat,

2127 4037 2220 4092 sed
2249 4037 2300 4092 in
2329 4053 2394 4093 eo
2422 4053 2633 4108 quoque
2658 4036 2798 4107 quod
2827 4036 3031 4105 primus
3058 4034 3264 4091 oblatus
3286 4040 3368 4088 est
3388 4030 3624 4086 domino.
3643 4028 3711 4083 ‘Si

2125 4130 2265 4184 enim
2298 4138 2417 4198 post
2458 4129 2653 4181 multos
2683 4128 2735 4181 in
2776 4126 3034 4181 solvendo
3073 4124 3340 4178 studiosos
3376 4122 3475 4175 iste
3504 4121 3713 4175 oblatus

2126 4220 2330 4287 fuisset,
2353 4234 2457 4274 non
2479 4220 2547 4274 ita
2572 4218 2764 4273 mirum
2793 4216 2999 4284 fuisset,
3031 4215 3074 4269 si
3095 4213 3340 4269 dominus
3364 4212 3494 4266 nihil
3520 4210 3713 4265 adver-

2124 4327 2215 4369 sus
2242 4328 2364 4367 eum
2393 4310 2741 4366 exacerbatus
2770 4308 2957 4363 fuisset
2989 4325 3002 4361 :
3036 4308 3270 4376 priorum
3302 4304 3444 4359 enim
3475 4302 3711 4372 probitas

2124 4403 2379 4472 improbis
2393 4402 2646 4472 deinceps
2662 4399 2906 4454 omnibus
2921 4397 3261 4471 placatiorem
3284 4410 3404 4451 eum
3424 4393 3707 4449 eﬂ'ecissot.

2122 4493 2385 4550 Caeterum
2430 4495 2657 4563 primum
2700 4507 2820 4547 cum
2874 4491 2962 4561 qui
3011 4489 3301 4562 productus
3350 4488 3556 4554 fuerat,
3603 4495 3709 4539 tam

2123 4590 2407 4660 malignum
2462 4588 2514 4643 in
2562 4586 2817 4643 solvendo
2862 4600 3141 4656 apparere,
3184 4592 3238 4638 et
3281 4592 3556 4652 postquam
3602 4588 3707 4633 tam

2121 4683 2385 4754 malignus
2432 4681 2803 4752 apparuisset,
2859 4677 3133 4733 dominum
3174 4684 3508 4729 mansuetum
3552 4670 3705 4724 inve-

2122 4774 2237 4828 nire
2263 4816 2277 4838 ,
2307 4772 2357 4828 id
2387 4772 2653 4842 praecipue
2692 4771 3110 4838 inexspectatum
3150 4774 3205 4818 ct
3233 4761 3563 4817 admirabile.
3596 4759 3693 4813 llo-

2121 4866 2291 4920 mines
2310 4865 2451 4918 enim
2480 4864 2564 4917 ubi
2587 4862 2856 4917 debitores
2881 4860 3056 4928 adepti
3078 4867 3221 4919 sunt,
3247 4870 3353 4909 non
3370 4854 3525 4908 aliter
3546 4866 3703 4924 quam

2118 4956 2161 5011 si
2204 4953 2484 5019 venando,
2524 4960 2616 5007 aut
2643 4949 2958 5020 aucupando
2997 4946 3265 5018 quidpiam
3296 4946 3597 5014 cepissent,
3630 4943 3706 4999 ita

2117 5046 2423 5110 exsultant,
2454 5052 2507 5097 et
2533 5043 2708 5097 omnia
2750 5041 2945 5096 faciunt
2969 5079 2984 5106 ,
3017 5047 3075 5094 ut
3113 5038 3418 5092 universum
3445 5036 3698 5105 exigant:

2116 5137 2255 5209 quod
2287 5137 2330 5192 si
2359 5136 2409 5191 id
2440 5151 2542 5190 non
2572 5133 2777 5204 possint
2806 5132 2877 5187 ob
2903 5139 3194 5201 egestatem
3223 5127 3545 5194 debitorum,
3569 5128 3700 5183 iram

2115 5227 2518 5284 defmndatione
2548 5224 2891 5294 pecuniarum
2935 5221 3213 5276 collectam
3252 5219 3303 5273 in
3344 5232 3701 5273 a:rnmnosum

2116 5321 2431 5375 miserorum
2459 5332 2652 5387 corpus
2678 5314 2956 5372 ell'uudunt
2978 5354 2991 5378 ,
3024 5311 3265 5368 vexando
3285 5352 3300 5378 ,
3329 5309 3661 5368 verberando
3684 5350 3700 5373 ,
3746 5309 3759 5327 ’·

2113 5423 2271 5485 atque
2324 5415 2424 5467 alia
2479 5421 2725 5471 sexcenta
2777 5409 2916 5464 mala
2969 5405 3276 5476 inﬂigendo.
3328 5407 3467 5461 Deus
3515 5409 3703 5457 contra

2113 5508 2289 5562 omnia
2335 5514 2550 5569 movet,
2599 5504 2650 5558 in
2698 5501 2943 5557 omnibus
2991 5500 3219 5571 satagit,
3262 5506 3320 5551 ut
3348 5512 3467 5553 eum
3508 5493 3704 5548 liberet

2112 5613 2219 5652 :erc
2247 5597 2442 5658 alieno.
2474 5594 2529 5648 ln
2563 5593 2716 5648 nobis
2753 5593 2895 5648 enim
2933 5590 3228 5647 debitorum
3259 5587 3466 5645 exactio
3491 5582 3706 5651 divitias.

2116 5691 2239 5747 facit
2263 5707 2276 5744 :
2307 5689 2446 5745 Deus
2469 5698 2645 5743 autem
2672 5686 2722 5740 in
2751 5684 3084 5741 remitteudis
3110 5680 3340 5756 peccatis
3366 5675 3596 5733 maxime
3621 5673 3703 5730 di-
