4054 6216
354 304 430 362 23
1123 289 1211 346 DE
1255 288 1486 347 DECEM
1528 280 1820 344 MILLIUM
1859 279 1934 334 TA

2034 272 2158 329 INT.
2202 274 2545 333 DEBITORE
2586 273 2890 332 HOMILIA.
3534 282 3604 338 21

230 436 239 443 ~
357 418 394 486 ἡ
424 411 610 467 πενία.
638 390 749 465 Kal
785 408 990 481 μάρτυς
1027 412 1061 479 η
1086 409 1234 482 χήρα
1263 410 1296 480 ή
1330 409 1401 462 τά
1430 406 1524 461 δύο
1556 402 1938 459 καταϐαλοῦσα

365 504 563 569 λεπτά,
592 502 683 557 καὶ
708 504 834 566 τοὺς
860 500 1030 555 πολλά
1076 499 1417 564 καταθέντας
1464 495 1941 569 ὑπερακοντίσασα

366 595 457 651 διά
497 595 595 665 τῆς
620 594 820 665 μικρᾶς
848 592 1065 664 ἐκείνης
1098 591 1425 662 καταϐολῆς.
1476 591 1551 644 Οὐ
1603 588 1851 642 πλούσιοι
1884 585 1940 639 66

367 686 464 742 καὶ
488 686 714 753 πένητες
752 683 932 755 μόνον,
984 683 1119 736 ἀλλά
1150 683 1245 736 καὶ
1275 679 1662 756 ἀρχοντεςθκαὶ
1688 676 1941 731 δικασταὶ

362 776 507 847 μετὰ
538 773 738 844 πολλῆς
792 771 1138 838 ἐξετάζονται
1175 773 1278 843 τῆς
1311 771 1617 841 ἀκριϐείας,
1661 770 1711 821 εί
1752 768 1827 840 μὴ
1862 768 1941 821 δι-

362 865 620 936 έφθειραν
651 865 714 918 τὸ
749 864 978 932 δίκαιον,
1028 866 1077 917 εί
1121 864 1196 936 μὴ
1240 864 1378 933 πρὸς
1403 864 1586 934 χάριν,
1612 864 1660 915 εἰ
1695 861 1769 932 μὴ
1801 859 1940 931 πρὸς

355 952 659 1023 ἀπέχθειαν
689 952 1030 1023 ἐψηφίσαντο
1061 954 1174 1015 τοῖς
1217 950 1615 1021 δικαζομένοις,
1661 949 1710 1000 εί
1741 945 1815 1017 μὴ
1848 961 1941 998 κο-

358 1041 722 1105 λακευθέντες
770 1041 979 1094 ἐδωκαν
1026 1039 1178 1110 παρά
1223 1038 1286 1091 τὸ
1322 1038 1442 1092 δέον
1485 1036 1584 1108 τὴν
1629 1034 1836 1105 ψῆφον,
1886 1031 1937 1084 εί

361 1133 438 1203 μὴ
503 1129 971 1203 μνησικακοῦντες
1019 1129 1331 1200 ἐπηρέασαν
1382 1129 1496 1184 τοῖς
1548 1125 1700 1179 οὐδὲν
1749 1124 1939 1199 ηδικη-

359 1222 517 1278 κόσιν

434 1317 545 1385 οὐχ
572 1317 622 1369 οἱ
644 1314 843 1382 ἔξωθεν
869 1314 925 1368 δὲ
958 1314 1117 1386 μόνον
1150 1313 1432 1385 ἄρχοντες,
1464 1316 1599 1371 ἀλλά
1622 1313 1718 1369 καὶ
1741 1313 1791 1368 οί
1828 1306 1935 1361 τῶν

376 1405 712 1477 Ἐκκλησιῶν
734 1406 1077 1479 προεστῶτες
1101 1406 1201 1476 τῆς
1232 1406 1439 1468 οἰκείας
1465 1403 1643 1475 ἀρχῆς
1677 1400 1936 1471 ὑφέξουσι

362 1497 453 1551 τὸν
485 1498 644 1566 λόγον
668 1513 683 1528 °
716 1499 809 1552 καὶ
833 1498 1069 1570 μάλιστα
1090 1494 1235 1553 οὗτοί
1262 1499 1399 1551 εἰσιν
1438 1498 1488 1549 οί
1517 1496 1611 1548 ἐπὶ⁵
1645 1494 1808 1547 πλέον
1840 1491 1939 1555 τάς

361 1587 561 1659 πικρὰς
583 1589 678 1642 καὶ
694 1587 916 1660 βαρείας
943 1587 1175 1652 εὐθύνας
1197 1588 1507 1658 ὑπέχοντες.
1537 1585 1646 1639 Kal
1673 1582 1783 1655 γὰρ
1801 1584 1829 1636 6
1845 1580 1937 1636 τοῦ

357 1677 518 1749 λόγου
556 1680 653 1751 τὴν
689 1678 965 1735 διακονίαν
1004 1679 1479 1752 ἐγκεχειρισμένος
1516 1676 1938 1748 ἐξετασθήσεται

360 1768 505 1838 μετά
537 1768 822 1840 ἀκριϐείας
875 1772 1010 1834 ἐκεῖ,
1070 1771 1117 1822 εί
1176 1770 1312 1840 μήτε
1361 1768 1524 1839 ὄκνῳ,
1565 1770 1703 1838 μήτε
1757 1766 1938 1837 φθόνῳ

363 1860 585 1933 παρεῖδέ
618 1878 669 1915 τι
702 1861 811 1915 τῶν
843 1860 1071 1915 δεόντων
1098 1862 1295 1927 εἰπεῖν,
1330 1860 1424 1913 καὶ
1472 1859 1560 1912 διὰ
1611 1857 1721 1913 τῶν
1758 1856 1938 1929 ἔργων

357 1953 652 2023 ἐπέδειξεν,
685 1955 768 2009 ὅτι
800 1953 977 2008 πάντα
1015 1952 1363 2018 διεστείλατο,
1397 1951 1492 2006 καὶ
1536 1950 1688 2004 οὐδὲν
1730 1949 1937 2021 ἔκρυψε

357 2043 466 2094 τῶν
516 2043 927 2114 συμφερόντων.
974 2042 1147 2097 Πάλιν
1178 2044 1206 2096 6
1256 2042 1355 2113 τὴν
1394 2040 1701 2112 ἐπισκοπὴν
1730 2038 1935 2110 λαχὼν,

355 2133 467 2204 ὅσῳ
497 2134 630 2205 πρὸς
655 2134 875 2204 μείζονα
892 2134 1055 2202 ὄγκον
1083 2133 1413 2204 ἀναϐέϐηκε,
1443 2131 1683 2203 τοσούτῳ
1713 2130 1937 2185 πλείονα

358 2223 796 2294 άπαιτηθήσεται
847 2224 1024 2292 λόγον,
1080 2224 1200 2293 οὐχ)⁸
1258 2216 1609 2285 διδασκαλῖας
1652 2223 1811 2293 μόνον
1844 2222 1937 2275 xal

362 2315 615 2385 πενήτων
645 2315 1001 2384 προστασίας,
1029 2314 1165 2368 ἀλλά
1196 2315 1290 2367 καὶ
1322 2314 1669 2383 χειροτονιῶν
1706 2315 1930 2384 δοκιμα-

363 2403 483 2467 σίας
512 2404 605 2458 xal
639 2404 847 2475 μυρίων
886 2404 1106 2476 ἐτέρων.
1139 2406 1246 2459 Καὶ
1274 2405 1447 2459 ταῦτα
1467 2405 1642 2476 δηλῶν
1668 2406 1697 2458 6
1728 2404 1936 2469 Παῦλος

357 2493 438 2564 τῷ
472 2495 722 2566 Τιμοθέῳ
752 2496 958 2565 ἔγραφε
980 2513 993 2527 ο
1045 2495 1258 2564 Χεῖρας
1289 2495 1517 2564 ταχέως
1541 2495 1755 2565 μηδενί
1808 2496 1935 2550 ἐπι-

356 2585 521 2651 τίθει,
568 2585 726 2655 μηδέ
752 2586 1024 2639 κοινώνει
1056 2587 1369 2655 ἁμαρτίαις
1421 2587 1770 2656 ἁλμίοτρίαις
1795 2604 1808 2619 ·
1841 2588 1936 2641 καὶ
1979 2604 1982 2607 λ

367 2675 644 2747 Ἑϐραίοις
680 2676 735 2731 66
765 2678 894 2750 περὶ
924 2677 1031 2733 τῶν
1074 2677 1252 2733 αὐτῶν
1304 2679 1583 2750 ἀρχόντων
1622 2678 1931 2751 παραινῶν,

352 2767 555 2840 ἑτέρως
592 2768 778 2838 ἐφόϐει
810 2769 952 2824 οῦτω
983 2766 1189 2839 λέγων’
1217 2774 1501 2827 Πείθεσθε
1537 2771 1662 2838 τοῖς
1687 2771 1936 2842 ἡγουμέ-

353 2876 484 2927 νοις
519 2859 685 2929 ὑμῶν
705 2862 802 2915 καί
832 2863 1136 2917 ὐπείκετε’
1174 2862 1345 2917 αὐτοὶ
1372 2863 1482 2933 γὰρ
1515 2863 1936 2934 ἀγρυπνοῦσιν

353 2951 508 3022 ὑπὲρ
534 2951 651 3007 τῶν
680 2952 897 3024 ψυχῶν
925 2954 1112 3024 ὑμῶν,
1137 2955 1217 3023 ὡς
1239 2955 1429 3027 λόγον
1480 2956 1928 3025 ἀποδώσοντες.

357 3045 491 3099 Τότε
529 3046 651 3118 οὐχὶ
682 3048 1024 3119 πραγμάτων
1052 3048 1109 3102 δέ
1145 3049 1345 3121 μόνων,
1377 3049 1512 3105 ἀλλά
1536 3051 1633 3104 xal
1672 3052 1933 3124 ῥημάτων

364 3138 664 3210 παρέξομεν
687 3139 934 3204 εὐθύνας.
959 3139 1229 3213 Καθάπερ
1261 3142 1370 3213 γάρ
1392 3144 1485 3196 καὶ
1509 3145 1671 3214 ήμεῖς
1696 3144 1934 3215 ἀργύρια

356 3233 470 3295 τοῖς
494 3232 730 3293 οἰκέταις
767 3232 1257 3302 ἐμπιστεύσαντες,
1293 3234 1547 3288 ἁπάντων
1593 3236 1933 3311 ἀπαιτοῦμεν

357 3323 556 3386 αὐτοῦς
583 3323 760 3391 λόγον,
797 3324 938 3378 οὕτω
964 3325 1058 3378 καὶ
1086 3327 1114 3378 6
1136 3324 1290 3389 Θεὸς,
1331 3327 1554 3398 ῥήματα
1582 3329 1716 3399 ήμίν
1762 3333 1932 3401 ἐμπι-

360 3412 610 3479 στεύσας,
643 3414 865 3487 ζητήσει
897 3416 997 3487 τῆς
1056 3415 1302 3487 δαπάνης
1337 3418 1516 3471 αὐτῶν
1567 3418 1660 3474 τὸν
1710 3422 1929 3493 τρόπον.

368 3505 772 3576 Ἀπαιτούμεθα
800 3507 857 3560 66
897 3510 990 3562 καὶ
1022 3507 1388 3580 ἐξεταζόμεθα
1442 3510 1580 3582 μετὰ
1610 3511 1895 3584 ἀκριϐείας
1914 3554 1930 3578 ,

356 3601 405 3655 ει
434 3595 507 3668 μὴ
540 3597 663 3669 είκῆ
697 3598 833 3669 μηδὲ
889 3599 1066 3670 μάτην
1098 3601 1237 3654 αὐτά
1267 3601 1623 3673 ἀναλώσαμεν
1644 3620 1657 3634 ·
1706 3604 1768 3657 οὐ
1826 3606 1932 3679 γὰρ

358 3689 528 3754 οὕτως
562 3690 824 3769 ἀργύριον
874 3692 1062 3757 ἁπλῶς
1119 3694 1396 3751 ἀναλωθὲν
1446 3695 1527 3770 [8]
1568 3698 1819 3770 ἔϐλαψεν,
1855 3701 1933 3766 ὡς

357 3783 576 3854 ῥήματα
611 3786 730 3856 είκῆ
791 3786 887 3839 καὶ
922 3787 1099 3859 μάτην
1124 3789 1474 3861 ἐξενεχθέντα
1519 3791 1613 3845 καὶ
1666 3795 1748 3859 είς
1780 3795 1931 3847 οὐδὲν

355 3868 491 3930 δέον,
535 3874 820 3947 ⁹Δργύριον
847 3877 946 3948 μέν
994 3878 1104 3951 γὰρ
1152 3882 1331 3951 μάτην
1358 3881 1665 3954 δαπανηθὲν
1696 3886 1755 3937 ἐν
1791 3886 1930 3956 χρή-

358 3979 496 4031 μασι
525 3965 782 4031 πολλάκις
807 3967 904 4039 τὴν
947 3970 1151 4041 ζημίαν
1205 3972 1426 4043 ἤνεγκε,
1462 3972 1621 4039 λόγος
1655 3973 1712 4027 δέ
1743 3975 1932 4039 ἁπλῶς

356 4056 709 4127 προενεχθεὶς
731 4059 1057 4132 ὁλοκλήρους
1091 4061 1388 4135 ἀνέτρεψεν
1413 4063 1611 4129 οἰκίας,
1635 4063 1729 4117 καὶ
1751 4062 1932 4135 ψυχὰς

240 4196 253 4205 ,
354 4146 604 4202 ἀπώλεσε
634 4151 730 4204 καὶ
771 4152 1068 4206 κατέλυσεο
1111 4154 1207 4207 καὶ
1239 4154 1345 4208 τῶν
1371 4155 1470 4225 μὲν
1501 4155 1797 4228 χρημάτων
1831 4156 1930 4229 τὴν

351 4235 558 4308 ζημίαν
593 4239 882 4312 διορθῶσαι
922 4244 1083 4299 πάλιν
1122 4243 1222 4311 ενι,
1258 4245 1415 4317 λόγον
1446 4248 1504 4302 δὲ
1547 4248 1931 4322 ἐκπηδήσαντα

350 4329 607 4398 καθάπαξ
631 4333 1042 4403 ἀνακτήσασθαι
1068 4337 1228 4392 πάλιν
1255 4340 1356 4393 οὐκ
1388 4340 1486 4394 ἔνι.

422 4423 534 4476 Kal
556 4424 638 4476 ὃτι
659 4423 834 4492 λόγων
864 4426 1080 4499 δίδομεν
1110 4428 1285 4494 δίκας,
1314 4431 1547 4486 ἄκουσον
1597 4433 1652 4486 τί
1693 4451 1860 4506 φησιν
1902 4439 1931 4491 6

352 4511 618 4582 Χριστός·
650 4513 812 4584 Λέγω
845 4516 914 4570 δὲ
954 4518 1114 4587 ὑμῖν,
1170 4519 1259 4573 ὅτι
1292 4516 1417 4575 πᾶν
1434 4519 1603 4591 ῥῆμα
1654 4523 1861 4593 ἀργόν,
1897 4525 1928 4578 ὃ

341 4603 460 4658 ἐὰν
491 4607 855 4677 λαλήσωσιν
878 4613 933 4665 οἱ
960 4611 1256 4681 ἅνθρωποι
1289 4612 1387 4666 ἐπὶ
1436 4613 1549 4682 τῆς
1596 4614 1731 4684 γῆς,
1781 4618 1931 4671 ἀπο-

332 4696 617 4753 δώσουσι
646 4700 834 4772 λόγον
863 4704 993 4771 περὶ
1025 4704 1209 4759 αὐτοῦ
1243 4705 1313 4757 ἐν
1338 4703 1526 4774 ἡμέρᾳ
1550 4706 1834 4774 κρίσεωςο
1859 4709 1930 4764 ἐκ

329 4790 458 4858 ,ίάρ
490 4787 613 4843 τῶν
648 4794 849 4862 λόγων
893 4810 1010 4849 σου
1069 4794 1473 4863 δικαιωθήσῃ,
1525 4795 1625 4850 καὶ
1682 4796 1751 4851 ἐκ
1810 4795 1930 4853 τῶν

334 4881 549 4950 λόγων
593 4897 711 4937 σου
754 4884 1184 4954 κατακριθήσῃ.
1235 4888 1310 4941 Οὐ
1357 4888 1617 4959 ῥημάτων
1661 4890 1718 4945 δέ
1767 4892 1929 4962 μόνον

346 4974 353 4979 ’
378 4968 563 5040 ίδομεν
590 4972 843 5041 εὐθύνας,
874 4976 1007 5031 ἀλλά
1032 4978 1125 5032 xal
1148 4978 1531 5049 ἀκουσμάτων·
1565 4977 1677 5035 οἷον
1710 4984 1760 5035 εί
1788 5001 1928 5057 παρ-

348 5060 519 5128 .δέξω
549 5068 891 5140 κατηγορίαν
922 5071 1062 5125 κατὰ
1100 5071 1194 5125 τοῦ
1234 5072 1461 5143 πλησίον
1491 5076 1661 5147 ψευδῆ
1700 5074 1928 5148 λεγομέ-

340 5172 448 5227 νην
467 5173 483 5187 ·
526 5159 740 5237 Ἀκοὴν
759 5162 891 5234 γὰρ,
927 5164 1080 5234 φησὶ,
1103 5166 1365 5234 ματαίαν
1382 5168 1469 5236 μὴ
1501 5166 1831 5236 παραδέξῃ.
1863 5169 1926 5223 Εἰ

340 5248 400 5302 δέ
435 5249 487 5301 οί
532 5248 813 5323 δεχόμενοι
847 5256 1085 5325 ματαίαν
1117 5255 1285 5327 ἀκοὴν
1324 5257 1424 5310 οὐκ
1452 5257 1517 5311 ἂν
1547 5257 1761 5330 τύχοιεν
1795 5276 1926 5328 συγ-

343 5338 606 5413 γνώμης.
666 5347 715 5398 οἱ
748 5345 1124 5408 διαϐάλλοντες
1163 5348 1257 5401 καὶ
1290 5351 1721 5422 κατηγοροῦντες
1769 5352 1926 5406 ποίαν

342 5430 560 5498 ἐξουσιν
580 5436 875 5507 ἀπολογίαν
898 5456 912 5503 ;

416 5587 481 5640 ε’.
506 5584 617 5639 Kal
633 5586 685 5641 τί
705 5588 850 5657 λέγω
871 5591 1090 5662 ῥήματα
1106 5597 1197 5651 καὶ
1217 5595 1408 5667 ἀκοὴν,
1433 5599 1566 5654 ὅπου
1580 5612 1640 5667 γε
1658 5598 1753 5654 καὶ
1768 5596 1918 5652 ἐνθυ-

352 5678 621 5745 μημάτων
649 5680 876 5747 εὐθύνας
903 5683 1204 5758 ὐπέγομενς
1237 5688 1346 5746 Kal
1368 5690 1525 5744 τοῦτο
1552 5685 1685 5741 αὐτὸ
1716 5692 1744 5746 6
1766 5689 1915 5746 Παῦο

2043 398 2132 462 λος
2158 399 2333 468 δηλῶν
2354 399 2536 468 ἔλεγεν
2555 415 2568 430 ·
2606 398 2785 451 Ὥστε
2807 397 2892 466 μὴ
2914 395 3024 465 πρὸ
3053 392 3259 463 καιροῦ
3282 409 3336 447 τι
3359 391 3612 463 κρίνετε.

2040 481 2150 548 ἕως
2184 482 2261 536 ἀν
2279 484 2430 551 ἔλθῃ
2462 486 2493 538 ό
2516 483 2749 549 Κύριος,
2773 479 2841 546 ὃς
2869 478 2966 532 καί
2992 477 3238 547 φωτίσει
3272 476 3344 530 τὰ
3383 479 3616 544 κρυπτά

2040 565 2149 620 τοῦ
2196 566 2492 632 σκότους,
2543 564 2643 619 καὶ
2686 562 3018 633 φανερώσει
3070 559 3176 627 τὰς
3213 559 3451 626 ,βουλὰς
3496 556 3617 612 τῶν

2040 648 2317 718 καρδιῶν.
2350 650 2460 703 Kal
2491 651 2519 702 6
2546 647 2850 719 Ψαλμῳδὸς
2876 646 2931 699 δέ
2964 662 3152 716 φησιν,
3183 645 3267 698 ὅτι
3305 644 3618 713 Ἑνθύμιον

2039 731 2354 801 ἀνθρώπου
2396 730 2904 802 ἐξομολογήσεται
2942 745 3061 784 σοι.
3093 728 3158 782 Τί
3192 731 3362 793 ἐστιν,
3407 728 3617 784 Ἑνθύ-

2036 833 2180 885 μιον
2197 814 2512 884 ἀνθρώπου
2539 812 3047 884 ἐξομολογήσεται
3067 828 3195 876 σοι;
3221 809 3368 875 Οἷον,
3396 813 3445 866 εί
3476 812 3615 883 μετά

2038 897 2192 951 δόλου
2233 898 2327 951 καὶ
2365 899 2609 968 πονηρᾶς
2640 895 2866 967 γνώμης
2896 896 3032 967 πρὸς
3066 895 3158 948 τὸν
3189 895 3416 964 ἀδελφὸν
3448 896 3617 949 διελέ-

2039 982 2205 1052 χθης,
2235 984 2284 1034 εί
2331 982 2419 1036 διὰ
2455 980 2550 1034 τοῦ
2580 981 2847 1051 στόματος
2894 979 3055 1033 αὐτὸν
3094 978 3332 1032 ἐπαινῶν
3376 979 3472 1032 καὶ
3514 979 3615 1050 τῆς

2039 1063 2314 1136 γλώττης,
2367 1064 2507 1119 κατά
2555 1064 2793 1117 διάνοιαν
2848 1062 3133 1127 ἐκάκωσας
3176 1062 3271 1116 καὶ
3312 1062 3615 1133 ἐφθόνησας

2040 1147 2209 1218 αὐτῷ.
2240 1147 2409 1202 Πάλιν
2430 1148 2539 1219 γὰρ
2566 1145 2723 1201 τοῦτο
2748 1146 2881 1200 αὐτὸ
2907 1148 2936 1200 ὁ
2963 1145 3197 1217 Χριστὸς
3229 1145 3614 1215 αἰνιττόμενος,

1973 1234 1987 1241 “
2040 1229 2121 1284 δτι
2150 1231 2271 1301 οὐχὶ
2303 1230 2481 1303 ἔργων
2526 1230 2684 1301 μόνον
2704 1271 2719 1297 ,
2752 1229 2889 1284 ἀλλά
2928 1228 3023 1283 καὶ
3055 1227 3452 1299 ἐνθυμημάτων
3482 1228 3618 1281 δίδο-

2042 1330 2142 1384 μεν
2167 1315 2355 1384 δίκην,
2394 1315 2609 1383 ἔλεγεν·
2655 1315 2720 1367 ’0
2753 1312 3061 1383 ἐμϐλέψας
3098 1310 3333 1381 γυναικί
3375 1309 3525 1380 πρὸς
3549 1309 3621 1364 τὰ

2038 1395 2410 1465 ἐπιθυμῆσαι
2440 1396 2652 1466 αὐτῆς,
2678 1396 2795 1465 ἤδη
2820 1397 3181 1466 ἐμοίχευσεν
3213 1396 3327 1447 αὐτ
3332 1391 3409 1459 ἦν
3445 1393 3516 1446 ἐν
3542 1389 3621 1461 τῆ

2038 1478 2254 1547 καρδίᾳ
2302 1480 2511 1537 αὑτοῦ.
2563 1481 2759 1534 Καίτοι
2804 1482 2866 1533 οὐ
2920 1478 3189 1551 προῆλθεν
3243 1480 3323 1540 είς
3367 1477 3527 1546 ἔργον
3581 1478 3616 1547 ἠ

2039 1561 2305 1631 ἁμαρτία,
2344 1562 2457 1615 ἀλλ’
2488 1564 2548 1615 ἐν
2578 1563 2787 1634 διανοίᾳ.
2831 1562 2972 1627 τέως
3001 1562 3178 1615 ἐστίν’
3214 1561 3328 1614 ἀλλ’
3357 1560 3478 1613 οὐδὲ
3523 1558 3618 1614 οῦ·

2036 1661 2147 1708 τως
2198 1645 2528 1715 ἀνέγκλητος
2563 1645 2786 1700 δύναται
2836 1649 3016 1717 μεῖναι
3048 1648 3078 1698 6
3118 1644 3206 1697 διά
3248 1644 3406 1697 τοῦτο
3456 1658 3615 1713 περι-

2041 1729 2260 1782 σκοπῶν
2288 1729 2458 1801 κάλλη
2484 1730 2780 1798 γυναικῶν,
2808 1731 2898 1784 ἵνα
2930 1729 3110 1801 ἀνάψῃ
3144 1728 3403 1799 πορνείας
3429 1725 3618 1780 ἐπιθυ-

2044 1811 2191 1882 μίαν.
2228 1812 2399 1866 Ὅταν
2437 1808 2531 1866 οὖν
2568 1813 2827 1887 ἀκούσῃς,
2863 1814 2944 1867 ὅτι
2979 1812 3224 1883 συναίρει
3273 1810 3432 1878 λόγον
3480 1808 3619 1879 μετά

2038 1894 2149 1947 τῶν
2176 1894 2377 1949 δούλων
2415 1895 2614 1963 αὐτοῦ,
2648 1897 2722 1969 μὴ
2757 1896 3033 1969 παρέλθῃς
3075 1894 3262 1959 ἁπλῶς
3296 1894 3394 1964 τὴν
3423 1893 3615 1964 ῥῆσιν,

2040 1979 2156 2033 ἀλλ’
2185 1981 2438 2053 ἐννόησον
2466 1984 2644 2035 πᾶσαν
2667 1982 2845 2047 ἀξίαν.
2876 1982 3058 2035 πᾶσαν
3082 1978 3314 2051 ἡλικίαν,
3346 1977 3616 2048 ἑκατέραν

2037 2064 2137 2137 τὴν
2166 2064 2327 2134 φύσιν
2347 2108 2361 2131 ,
2408 2066 2515 2120 τῶν
2549 2083 2609 2120 τε
2654 2066 2864 2137 ἀνδρῶν
2884 2107 2900 2131 ,
2942 2065 3052 2119 τῶν
3092 2082 3152 2118 τε
3179 2062 3455 2133 γυναικῶν
3475 2078 3492 2094 ⁸
3532 2063 3618 2114 ἐν·

2037 2150 2231 2219 νόησον
2269 2146 2381 2203 οἷον
2427 2150 2579 2204 ἔσται
2621 2150 2743 2202 τότε
2791 2149 2854 2201 τὸ
2882 2148 3261 2219 δικαστήριον,
3297 2145 3614 2213 ἀναλόγισαι

2035 2233 2108 2286 τά
2152 2233 2517 2305 ἡμαρτημένα
2553 2250 2635 2286 σοι
2666 2232 2864 2286 πάντα.
2896 2231 3017 2285 Κᾶν
3040 2232 3149 2302 γάρ
3184 2229 3346 2292 αὐτὸς
3379 2227 3613 2298 ἐπιλάϐῃ

2036 2316 2143 2369 τῶν
2182 2316 2767 2387 πεπλημμελημένων,
2811 2315 2945 2379 Θεὸς
2976 2315 3232 2369 οὐδέποτε
3263 2312 3617 2384 ἐπιλήσεται,

2036 2399 2173 2453 ἀλλά
2211 2400 2388 2454 πάντα
2431 2399 2538 2470 πρὸ
2583 2398 2690 2453 τῶν
2746 2398 3042 2469 ὀφθαλμῶν
3101 2399 3291 2468 στήσει
3320 2396 3427 2450 τῶν
3476 2398 3619 2466 ήμε-

2034 2485 2229 2555 τέρων,
2280 2484 2346 2538 ἂν
2382 2483 2457 2557 μὴ
2505 2484 2866 2556 προλαϐόντες
2904 2483 3043 2537 αὐτὰ
3093 2481 3489 2552 καταλύσωμεν
3520 2479 3617 2535 νῦν

2035 2567 2122 2622 διὰ
2153 2568 2438 2640 μετανοίας
2480 2571 2575 2623 καὶ
2603 2569 3061 2641 ἐξομολογήσεως,
3098 2569 3194 2622 καὶ
3220 2566 3316 2621 τοῦ
3349 2565 3617 2638 μηδέποτε

2040 2655 2400 2722 μνησικακεῖν
2450 2655 2562 2717 τοῖς
2602 2653 2851 2722 πλησίον.
2888 2653 3046 2716 Τίνος
3074 2650 3132 2704 δέ
3160 2650 3347 2705 ἕνεκεν
3390 2652 3536 2703 ποιεῖ
3558 2648 3619 2702 τὸ

2035 2732 2374 2802 λογοθέσιον;
2422 2735 2533 2806 Οὐχ
2579 2732 2655 2797 ὡς
2674 2731 2833 2794 αὐτὸς
2855 2732 3082 2802 ἀγνοῶν,
3116 2734 3269 2803 (πῶς
3299 2732 3409 2805 γάρ
3429 2774 3445 2798 ,
3483 2734 3512 2786 6
3540 2733 3618 2785 εί-

2034 2815 2141 2881 δὼς
2176 2818 2245 2871 τά
2294 2819 2473 2872 πάντα
2518 2818 2648 2890 πρὶν
2694 2818 2964 2887 γενέσεως
2991 2816 3233 2885 αὐτῶν;)
3291 2816 3406 2870 ἀλλ’
3438 2815 3527 2869 ἵνα
3554 2831 3617 2867 σε

2036 2900 2199 2971 πείσῃ
2245 2900 2338 2955 τὸν
2382 2902 2634 2973 οἰκέτην,
2667 2902 2749 2955 ὅτι
2787 2901 3012 2964 δικαίως
3058 2900 3326 2971 ὀφείλεις,
3377 2899 3518 2970 ὅπερ
3550 2898 3618 2951 ἂν

2035 2983 2288 3056 όφείλῃςο
2330 2984 2530 3055 μᾶλλον
2580 2986 2638 3039 δέ
2679 2986 2779 3057 οὐχ
2810 2986 2898 3039 ἵνα
2942 2984 3120 3057 μάθῃς
3175 2984 3355 3057 μόνον,
3382 2982 3496 3037 ἀλλ’
3528 2981 3618 3035 ἵνα

2035 3066 2130 3119 καὶ
2169 3067 2406 3139 ἀπονίψῃ
2429 3086 2443 3097 ·
2476 3070 2598 3122 ἐπεὶ
2643 3069 2737 3123 καὶ
2769 3068 2847 3138 τῷ
2892 3069 3147 3141 προφήτῃ
3191 3067 3280 3121 διὰ
3309 3065 3470 3121 τοῦτο
3499 3064 3619 3119 ἐκέ-

2033 3148 2192 3202 λευσε
2225 3149 2294 3203 τὰ
2342 3151 2717 3222 ἁμαρτήματα
2760 3151 2939 3219 λέγειν
2972 3152 3080 3204 τῶν
3139 3150 3428 3204 Ἰουδαίων.
3471 3148 3620 3217 Λέγε

2034 3231 2168 3303 γάρ,
2201 3234 2365 3304 φησὶ,
2407 3233 2515 3301 τὰς
2558 3234 2810 3303 ἀνομίας
2856 3231 3054 3287 αὐτῶν
3081 3231 3161 3297 τῷ
3207 3233 3350 3296 οἴκῳ
3388 3231 3615 3295 Ἰακὼϐ,

2034 3316 2133 3370 καί
2180 3318 2287 3383 τὰς
2318 3317 2607 3385 ἁμαρτίας
2642 3314 2842 3371 αὐτῶν
2884 3315 2965 3382 τῷ
3010 3317 3156 3380 οἷκῳ
3197 3314 3479 3383 Ἰσραή.ι’
3519 3316 3618 3386 οὐχ

2036 3400 2122 3452 ἵνα
2154 3398 2430 3453 ἀκούσωσι
2460 3400 2652 3471 μόνον,
2680 3399 2795 3452 ἀλλ’
2832 3400 2920 3453 ἵνα
2951 3394 3374 3470 διορθὼσωνται.
3420 3398 3618 3466 Ἀρξα-

2027 3482 2217 3553 μένου
2248 3483 2317 3536 δὲ
2341 3483 2527 3539 αὑτοῦ
2556 3484 2889 3553 avra/patr,
2922 3481 3307 3553 προσηνέχθη
3340 3479 3499 3548 αὑτῷ
3530 3476 3618 3549 εἷς

2034 3566 2347 3637 ὀφειλέτης
2504 3570 2735 3638 μυρίων
2775 3567 3107 3622 ταλάντων.
3163 3562 3310 3638 τΑρα
3344 3567 3486 3620 πόσα
3532 3567 3620 3619 ἐν-

2033 3646 2365 3719 επιστεύθη,
2418 3649 2500 3701 ὃτι
2544 3646 2783 3703 τοσαῦτα
2833 3649 3147 3717 κατέφαγες
3194 3647 3384 3717 Μέγας
3430 3646 3459 3697 6
3508 3643 3618 3700 τῶν

2034 3728 2364 3801 ὀφλημάτων
2397 3731 2561 3801 ϐγκος
2585 3748 2600 3762 °
2648 3733 2742 3785 καὶ
2768 3732 2888 3802 οὐχὶ
2936 3732 3093 3803 μόνον
3131 3731 3290 3785 τοῦτο
3320 3726 3387 3801 ἦν
3430 3729 3489 3783 τὸ
3518 3746 3619 3801 χα-

2034 3812 2217 3879 λεπὸν,
2242 3814 2358 3868 ἀλλ’
2389 3816 2471 3869 ὅτι
2501 3816 2595 3869 καὶ
2621 3816 2836 3886 πρῶτος
2864 3815 3210 3886 προσηνέχθη
3242 3814 3320 3885 τῷ
3358 3814 3613 3886 δεσπότῃ.

2034 3896 2097 3949 Et
2132 3897 2233 3965 μὲν
2261 3898 2371 3969 γάρ
2403 3898 2540 3968 μετά
2572 3899 2798 3961 πολλοὺς
2837 3899 3058 3969 ἐτέρους
3093 3899 3619 3967 εὐγνωμονήσαντας

2034 3974 2190 4042 οὗτος
2237 3980 2616 4050 προσηνέχθη,
2650 3982 2749 4049 οὐχ
2794 3978 2937 4031 οὕτω
2971 3979 3285 4046 θαυμαστὸν
3325 3975 3395 4049 ἦν
3443 3980 3504 4031 τὸ
3542 3978 3616 4049 μὴ

2035 4061 2439 4132 παροξυνθῆναι
2469 4062 2560 4115 τὸν
2589 4062 2859 4132 δεσπότην
2878 4079 2891 4093 ο
2942 4064 2975 4132 ή
3005 4061 3114 4132 γὰρ
3148 4061 3259 4114 τῶν
3293 4061 3617 4131 φθασάντων

2031 4145 2420 4217 εὐγνωμοσύνη
2461 4148 2573 4210 τοῖς
2628 4145 2765 4217 μετὰ
2796 4144 2970 4199 ταῦτα
3000 4145 3450 4216 ἡγνωμονηκόσιν
3481 4145 3618 4215 ἠμε-

2034 4229 2270 4304 ρώτερον
2301 4230 2463 4285 αὐτὸν
2506 4230 2698 4303 ἔμελλε
2734 4232 2924 4286 ποιεῖν.
2966 4230 3040 4284 T6
3067 4230 3123 4284 δὲ
3172 4230 3388 4304 πρῶτον
3426 4231 3616 4302 εἰσαχ-

2033 4313 2196 4369 θέντα
2227 4313 2518 4385 ἀγνώμονα
2547 4315 2813 4385 φανῆναι,
2851 4314 2945 4367 καὶ
2986 4313 3159 4377 οὕτως
3197 4314 3491 4386 ἀγνώμονα
3522 4332 3616 4381 γε-

2031 4399 2255 4471 νόμενον
2276 4440 2291 4463 ,
2321 4398 2703 4471 φιλανθρώπου
2736 4403 2920 4469 τυχεῖν
2968 4398 3230 4451 δεσπότου
3250 4438 3265 4462 ,
3299 4398 3457 4451 τοῦτό
3498 4401 3615 4453 ἐστι

2031 4484 2092 4538 τὸ
2141 4483 2374 4554 μάλιστα
2416 4482 2727 4552 θαυμαστὸν
2772 4482 2865 4534 καὶ
2919 4480 3242 4548 παράδοξον.
3304 4480 3614 4551 ’Ἄνθρωποι

2035 4567 2134 4636 μὲν
2158 4562 2273 4629 οὖν,
2310 4565 2532 4618 ἐπειδάν
2562 4563 2763 4633 εὖρωσι
2791 4566 2914 4625 τοὺς
2936 4562 3268 4633 ὀφείλοντας,
3300 4562 3490 4634 ῶσπερ
3512 4564 3612 4636 θή-

2036 4665 2134 4719 ραν
2178 4650 2272 4702 καὶ
2299 4648 2475 4718 ἄγραν
2506 4648 2786 4718 εὑρόντες,
2820 4646 2963 4701 οῦτω
2995 4647 3281 4717 γεγήθασι,
3314 4648 3409 4703 καλ⁸
3435 4647 3614 4705 πάντα

2032 4745 2296 4812 ποιοῦσιν,
2319 4745 2467 4807 ὅπως
2494 4745 2556 4798 τὸ
2577 4746 2683 4798 πᾶν
2704 4745 3052 4816 άπαιτήσωσι
3072 4760 3086 4775 σ
3114 4743 3215 4798 κᾶν
3243 4744 3317 4816 μὴ
3341 4744 3611 4815 δυνηθῶσι

2032 4839 2122 4896 διὰ
2166 4840 2262 4913 τήν
2295 4841 2485 4911 πενίαν
2512 4839 2619 4893 τῶν
2649 4839 3004 4909 ὀφειλόντων,
3052 4838 3149 4911 τὴν
3181 4840 3319 4912 ύπέρ
3346 4839 3457 4894 τῶν
3484 4856 3615 4913 χρη·-

2035 4942 2222 5011 μάτων
2261 4937 2430 5010 ὀργὴν
2458 4940 2541 5001 είς
2581 4936 2643 4989 τὸ
2684 4935 3029 5009 ταλαίπωρον
3060 4937 3217 5008 σῶμα
3254 4939 3364 4992 τῶν
3410 4936 3611 4990 ἀθλίων

2032 5032 2334 5104 ἐκχέουσιν,
2371 5031 2675 5095 αίκίζοντες
2702 5031 2795 5085 καὶ
2816 5031 3110 5095 τύπτοντες
3135 5031 3227 5085 καὶ
3263 5029 3433 5102 μυρία
3460 5030 3611 5100 αὐτῴ

2029 5123 2356 5188 διατιθέντες
2403 5125 2570 5181 κακά.
2636 5127 2695 5179 '0
2746 5125 2801 5178 δέ
2846 5124 2978 5189 θεὸς
3029 5123 3337 5176 τούναντίον
3395 5122 3612 5175 ἅπαντα

2030 5216 2197 5270 ἐκίνει
2240 5218 2335 5270 καὶ
2378 5217 2861 5289 ἐπραγματεύετο,
2909 5219 3056 5281 ὅπως
3104 5216 3266 5269 αὐτὸν
3324 5213 3611 5289 ἀπαλλάξῃ

2029 5308 2139 5361 τῶν
2190 5309 2541 5382 ὀφλημάτων.
2610 5311 2732 5365 Ἐπί
2780 5312 2888 5382 γάρ
2941 5308 3098 5381 ήμῶν
3154 5307 3216 5361 τὸ
3268 5308 3606 5378 ἀπαιτῆσαι,

2030 5400 2258 5465 πλοῦτος
2278 5417 2291 5430 ο
2322 5401 2413 5454 ἐπὶ
2440 5402 2495 5457 δέ
2517 5402 2651 5456 Θεοῦ
2678 5402 2737 5455 τὸ
2769 5402 3139 5472 συγχωρῆσαι,
3165 5399 3412 5461 πλοῦτος
3444 5389 3607 5469 ήμείς

2029 5494 2247 5548 ἐπειδάν
2284 5493 2540 5566 λάϐωμεν
2583 5494 2649 5548 τὰ
2681 5493 3030 5564 ὀφειλόμενα,
3077 5493 3199 5544 τότε
3240 5489 3611 5563 εὐπορώτεροι

2028 5584 2325 5657 γινόμεοα’
2365 5586 2394 5638 6
2434 5584 2490 5637 66
2521 5584 2651 5650 Θεὸς
2695 5583 2914 5637 ἐπειδάν
2958 5582 3294 5669 συγχωρήσῃ
3324 5582 3392 5636 τά
3422 5581 3607 5654 πλημ-

2033 5679 2351 5752 μελήματα,
2376 5678 2497 5734 τότε
2528 5681 2763 5752 μάλιστα
2796 5677 3016 5735 πλουτεῖ
3037 5698 3050 5712 ο
3084 5675 3311 5741 πλοῦτος
3336 5676 3443 5749 γάρ
3470 5676 3604 5732 Θεοῦ
