4054 6216
471 200 546 257 25
1212 221 1268 275 S.
1325 219 1611 277 JOANNIS
1651 222 2142 281 CHRYSOSTOM‘I
2174 227 2494 287 ARCHIEP.
2535 235 3081 295 CONSTANTINOP.
3649 238 3720 296 26

470 329 583 382 τῶν
607 327 906 398 ἀνθρώπων
933 329 966 400 ή
997 331 1258 401 σωτηρία,
1281 332 1528 404 καθάπερ
1557 333 1584 387 6
1612 331 1820 398 Παῦλός
1844 353 2004 406 φησιν
2025 352 2038 366 '

485 408 550 463 Ὀ
573 411 851 464 πλουτῶν
891 413 973 478 είς
1022 413 1272 478 πάντας,
1329 416 1424 468 καί
1475 416 1574 469 ἐπὶ
1622 415 1852 484 πάντας
1899 417 2042 484 τοὺς

464 492 983 564 ἐπικαλουμένους
1027 497 1232 550 αὐτόν.
1295 497 1432 551 Ἀλλ’
1484 501 1614 561 ἴσως
1642 502 1785 554 εἴποι
1822 519 1907 565 τις
1941 502 2036 556 ἀν’

473 576 584 630 Καὶ
624 577 734 641 πῶς
773 580 801 630 6
828 578 1148 650 βουλόμενος
1196 581 1410 649 ἀφεῖναι
1455 585 1549 637 καὶ
1589 586 2042 656 συγχωρῆσαιτά

460 659 825 740 ἐγκλήματα,
876 662 1160 715 ἐκέλευσεν
1206 665 1367 719 αὑτὸν
1414 667 1720 737 πραθῆναι;
1754 669 1895 722 Αὐτὸ
1941 669 2041 740 μὲν

468 738 564 795 οὖν
590 742 748 796 τοῦτο
798 744 1029 815 μάλιστα
1057 744 1222 799 αὑτοῦ
1252 748 1350 820 τὴν
1387 749 1794 821 φιλανθρωπίαν
1821 738 2038 806 δείκνυ·

470 841 576 879 σιν.
630 825 790 880 ’Δλλὰ
825 827 898 898 μὴ
947 829 1323 900 ἐπειγώμεθα,
1367 832 1503 885 ἀλλὰ
1545 833 1694 898 τάξει
1732 835 2038 906 προϐαίνω-

471 925 570 988 μεν
605 909 697 962 ἐπὶ
744 911 841 979 τὴν
873 913 970 982 τῆς
1014 914 1320 985 παροϐολῆς
1361 916 1630 986 διήγησιν.
1665 917 1760 985 Μὴ
1792 919 2040 988 ἔχοντος

461 985 537 1039 δὲ
566 988 752 1042 αὐτοῦ
795 988 1125 1046 ἀποδοῦναι
1145 1033 1158 1057 ,
1205 995 1357 1065 φησί.
1388 995 1466 1063 »Τί
1491 985 1628 1062 ἐστι,
1661 996 1756 1066 Μὴ
1789 985 2039 1066 ἔχοντος

459 1069 654 1151 αὐτοῦ
698 1071 1064 1138 ἁποδοῦναι;
1118 1073 1284 1129 Πάλιν
1326 1078 1574 1143 ἐπίτασις
1616 1079 2034 1151 ἀγνωμοσύνης·

460 1150 595 1205 ὅταν
628 1153 737 1223 γὰρ
761 1155 888 1227 εἴπῃ
909 1201 924 1222 ,
949 1155 1044 1224 Μὴ
1070 1157 1317 1225 ἔχοντος
1349 1160 1532 1214 αὐτοῦ
1563 1161 1913 1225 ἀποδοῦναι,
1945 1150 2038 1216 οὐ·

465 1232 558 1317 διν
584 1233 714 1288 ἄλλο
741 1232 908 1317 λέγεῖ,
935 1239 1050 1293 ἀλλ’
1071 1239 1109 1311 ’ἢ
1135 1239 1216 1294 ὅτι
1245 1243 1684 1312 κατορθωμάτων
1713 1244 1920 1317 ἔρημος
1945 1241 2034 1317 ἦν,

464 1316 564 1370 καὶ
615 1318 768 1374 οὐδὲν
821 1316 965 1391 εἶχεν
1014 1321 1175 1392 ἔργον
1233 1322 1470 1394 ἀγαθὸν,
1529 1327 1670 1381 ὥστε
1721 1316 2036 1398 λογισθῆναι

466 1398 615 1470 αὐτῷ
655 1401 734 1464 είς
779 1401 877 1473 τήν
925 1402 1035 1457 τῶν
1080 1407 1493 1477 ἁμαρτημάτων
1541 1410 1897 1480 ἀπαλλαγήν⁹
1949 1411 2037 1464 λο-

463 1480 675 1545 γίζεται
699 1482 808 1555 γὰρ
822 1488 852 1548 ,⁸
878 1485 1152 1554 λογίζεται
1181 1489 1398 1552 πάντως
1417 1493 1551 1560 ήμῖν
1576 1492 1668 1544 ἐπὶ
1701 1493 2034 1563 ἁμάρτημά·-

459 1581 572 1620 των
604 1567 892 1639 ἀπαλλαγῇ
926 1570 1357 1642 κατορθώματα,
1403 1572 1652 1645 καθάπερ
1689 1573 1783 1628 οὖν
1817 1576 1911 1629 καὶ
1940 1576 2032 1628 πί-

465 1663 584 1713 στις
626 1653 706 1714 είς
741 1651 1104 1724 δικαιοσύνην.
1147 1655 1230 1720 Τῷ
1265 1656 1375 1725 γὰρ
1400 1657 1485 1726 μὴ
1513 1656 1904 1727 ἐργαζομένῳ,
1939 1671 2034 1712 πι-

456 1733 739 1786 στεύοντι
775 1731 844 1787 δὲ
870 1735 967 1788 ἐπὶ
1007 1735 1114 1789 τὸν
1151 1736 1496 1793 δικαιοῦντα
1526 1741 1633 1794 τὸν
1667 1740 1855 1809 ἀσεϐῆ
1878 1781 1892 1803 ,
1925 1745 2032 1796 λο-

465 1811 676 1880 γίζεται
716 1815 755 1882 ἢ
787 1817 990 1884 πίστις
1023 1819 1208 1873 αὐτοῦ
1240 1824 1326 1887 εἷς
1366 1821 1780 1892 δικαιοσύνην.
1830 1823 1940 1876 Καὶ
1979 1822 2032 1877 τί

460 1893 608 1977 λέγω
637 1898 818 1953 πίστιν
850 1903 943 1954 καὶ
977 1902 1379 1974 κατορθώματα
1398 1948 1412 1970 ,
1443 1906 1576 1960 ὅπου
1609 1923 1673 1975 γε
1699 1908 1794 1961 καὶ
1822 1906 2031 1977 θλίψεις

463 1974 765 2046 λσγίζονται
825 1983 956 2054 ἡμῖν
1000 1987 1080 2048 είς
1126 1987 1537 2058 ἁμαρτημάτων
1587 1974 1876 2055 ἀνάλυσιν;
1922 1974 2031 2043 Καὶ

460 2060 618 2145 τοῦτο
642 2063 794 2134 δηλοῖ
818 2066 916 2135 μὲν
958 2069 986 2120 6
1015 2066 1248 2137 Χριστὸς
1271 2070 1360 2124 διὰ
1380 2071 1479 2142 τῆς
1509 2071 1602 2125 τοῦ
1628 2072 1881 2145 Λαζάρου
1917 2091 2030 2126 πα·-

454 2144 730 2216 ρραϐολῆς,
780 2150 1014 2218 είσάγων
1055 2150 1146 2206 τὸν
1201 2152 1450 2226 ’Δϐραάμ
1502 2155 1727 2224 λέγοντα
1760 2157 1898 2227 πρὸς
1939 2157 2030 2212 τὸν

461 2228 712 2284 πλούσιον
731 2273 746 2295 ,
782 2233 861 2286 ὅτι
889 2235 1136 2308 Λάζαρος
1159 2237 1428 2292 ἀπέλαϐεν
1457 2241 1514 2294 ἐν
1541 2244 1606 2312 τῇ
1636 2241 1745 2312 ζωῇ
1777 2240 1941 2295 αὑτοῦ
1962 2241 2030 2296 τὰ

455 2313 626 2395 κακὰ,
658 2314 751 2367 καὶ
773 2316 862 2370 διὰ
886 2317 1043 2371 τοῦτο
1074 2313 1177 2372 ὦδε
1209 2321 1623 2390 παρακαλεῖται.
1660 2324 1819 2395 Δηλοί
1847 2324 1904 2378 δὲ
1936 2324 2028 2377 καὶ

457 2395 488 2444 6
513 2393 721 2458 Παῦλος
745 2398 1049 2469 Κορινθίοις
1069 2402 1397 2457 ἐπιστέλλων
1447 2407 1575 2476 περὶ
1600 2405 1694 2459 τοῦ
1724 2393 2028 2478 πεπορνευ·

454 2476 634 2541 κότος,
671 2481 766 2534 καὶ
795 2481 967 2549 λέγων
999 2484 1168 2538 οὕτω·
1193 2486 1494 2555 Παράδοτε
1518 2490 1624 2543 τὸν
1651 2476 1921 2544 τοιοῦτον
1953 2491 2028 2555 τῷ

456 2566 694 2633 Σατανᾷ
737 2572 821 2635 είς
864 2569 1113 2640 ὄλεθρον
1147 2571 1257 2642 τῆς
1287 2575 1532 2644 σαρκὸς,
1567 2577 1666 2629 ἵνα
1696 2578 1762 2632 τὸ
1792 2578 2028 2647 πνεῦμα

449 2652 642 2723 σωθῇ.
663 2655 771 2709 Καὶ
798 2657 1016 2728 ἐτέρους
1040 2658 1096 2712 δὲ
1123 2662 1510 2734 ἡμαρτηκότας
1538 2665 2026 2735 παραμυθούμενος

453 2740 629 2806 οὕτως
671 2743 846 2814 ἔλεγε·
875 2747 978 2801 Διὰ
1014 2749 1186 2803 τοῦτο
1215 2750 1286 2803 ἐν
1314 2751 1457 2821 ὑμῖν
1487 2754 1706 2807 πολλοὶ
1750 2755 2026 2822 ἀσθενεῖς

455 2829 556 2882 καί
589 2830 905 2900 ἄρρωστοι,
936 2835 1034 2890 καὶ
1071 2835 1383 2906 κοιμῶνται
1411 2840 1621 2894 ἱκανοί.
1650 2842 1718 2894 Εἰ
1747 2840 1856 2910 γὰρ
1885 2843 2022 2896 ἐαυ-

455 2916 596 2984 tm);-
622 2919 966 2990 ἐκρίνομσν,
1009 2925 1119 2977 οὐκ
1156 2924 1232 2978 ἂν
1276 2926 1655 2996 ἐκρινόμεθαο
1696 2931 2024 2998 κρινόμενοι

451 3003 524 3059 δὲ
553 3009 669 3062 ὑπὸ
713 3011 965 3078 Κυρίου,
1005 3012 1436 3083 παιδευόμεθα,
1493 3017 1592 3072 ἵνα
1632 3018 1718 3088 μὴ
1771 3019 1893 3072 σὺν
1942 3018 2024 3082 τῷ

373 3151 376 3154 ,
454 3095 657 3162 κόσμῳ
691 3098 1150 3169 κατακριθῶμεν.
1175 3101 1239 3155 Εἰ
1268 3101 1324 3154 δὲ
1355 3105 1678 3175 πειρασμὸς,
1709 3106 1804 3158 καὶ
1835 3107 2017 3171 νόσος,

452 3178 546 3229 καὶ
569 3177 852 3246 ἀσθένεια,
886 3182 979 3236 καὶ
1023 3186 1222 3256 σαρκὸς
1260 3185 1497 3258 ὅλεθρος,
1534 3191 1674 3260 άπερ
1708 3188 2023 3260 ἀϐουλήτως

451 3261 824 3338 ὑπομένομεν,
857 3270 957 3322 οὐκ
1001 3272 1153 3324 αὐτοὶ
1185 3273 1714 3342 κατασκευάζοντες,
1747 3275 2021 3343 λογίζεται

450 3349 581 3422 ἡμῖν
609 3356 688 3418 είς
718 3356 993 3427 ἁμαρτίας
1020 3357 1281 3423 διάλυσιν,
1309 3359 1487 3432 πολλῷ
1519 3362 1717 3431 μᾶλλον
1745 3363 2022 3432 κατορθώ-

452 3453 600 3509 ματα
618 3478 632 3502 ,
661 3441 805 3511 άπερ
841 3443 1055 3506 ἑκόντες
1087 3445 1180 3497 καὶ
1205 3446 1594 3511 σπουδάζοντες
1624 3451 2016 3520 μετερχόμεθα.

460 3524 600 3579 Ἀλλ’
629 3521 782 3590 οὗτος
808 3527 1014 3599 ἔρημος
1034 3529 1154 3602 ,[10]
1191 3533 1289 3603 μὲν
1318 3533 1524 3602 ἀγαθοῦ
1554 3536 1750 3600 παντὸς
1772 3533 1859 3609 ἦν,
1886 3557 2018 3613 φορ-

449 3611 562 3666 τίον
587 3613 644 3666 δὲ
665 3615 1074 3686 ἁμαρτημάτων
1101 3619 1372 3691 ἀφόρητον
1396 3616 1505 3693 εἶχε
1525 3637 1538 3650 ·
1565 3622 1652 3676 διὰ
1676 3623 1833 3677 τοῦτό
1864 3611 2016 3698 φησιο

449 3699 547 3770 Μὴ
581 3700 830 3772 ἔχοντος
855 3705 1040 3760 αὑτοῦ
1072 3707 1402 3762 ἀποδοῦναι
1422 3749 1436 3774 ,
1469 3709 1799 3767 ἐκέλευσεν
1833 3715 2021 3772 αὐτὸν

448 3786 782 3857 κραθῆναι·
831 3790 952 3846 ὅθεν
999 3792 1232 3863 μάλιστα
1288 3794 1402 3849 ἔστι
1457 3797 1549 3850 τοῦ
1594 3801 1858 3855 Δεσπότου
1918 3802 2019 3876 τὴν

450 3878 859 3951 φιλανθρωπίαν
910 3884 1276 3954 καταμαθεῖν,
1328 3887 1410 3939 ὅτι
1450 3888 1544 3941 καὶ¹
1595 3890 1658 3943 τὸ
1711 3891 2019 3960 λογοθέσιον

447 3965 706 4037 ἐποίησε,
751 3969 845 4022 καὶ
896 3969 1167 4043 πραθῆναι
1202 3972 1518 4027 ἐκέλευσεν·
1568 3976 1854 4050 ἀμφότερα
1909 3981 2018 4053 γὰρ

448 4053 618 4109 ταῦτα
653 4056 978 4128 εἰργάσατο,
1025 4058 1164 4112 ὥστε
1195 4061 1355 4114 αὐτὸν
1383 4062 1460 4133 μὴ
1504 4064 1798 4134 πραθῆναι.
1847 4067 2018 4122 Πόθεν

446 4140 606 4195 τοῦτο
652 4141 844 4211 δῆλον;
901 4144 1034 4197 Ἀπὸ
1080 4145 1174 4198 τοῦ
1219 4147 1406 4211 τέλους
1432 4166 1445 4180 ·
1500 4151 1548 4202 εί
1582 4150 1690 4223 γάρ
1744 4153 2016 4225 πραθῆναι

447 4225 610 4280 αὐτὸν
636 4226 919 4292 ἐϐούλετο,
949 4229 1033 4292 τίς
1058 4231 1085 4282 6
1109 4231 1330 4285 κωλύων
1357 4228 1459 4304 ἧν;
1493 4235 1575 4299 τίς
1606 4239 1634 4290 ὁ
1675 4237 2012 4309 ἐμποδίζωνς

519 4321 583 4380 ς’.
613 4317 768 4380 Τίνος
784 4314 878 4372 οὗν
898 4318 1082 4372 ἕνεκεν
1105 4320 1355 4375 ἐκέλευσε
1383 4362 1398 4387 ,
1451 4325 1524 4395 μὴ
1557 4326 1765 4395 μέλλων
1803 4333 2012 4398 ποιεῖν;

448 4403 566 4458 Ἵνα
591 4402 800 4476 αὐξήσῃ
838 4404 929 4459 τὸν
960 4405 1122 4476 φόϐον
1141 4424 1153 4437 ·
1181 4407 1271 4462 τὸν
1297 4409 1354 4462 δὲ
1391 4411 1552 4480 φόῦον
1574 4411 1776 4483 ηὔξησε
1801 4415 1887 4470 διὰ
1918 4419 2016 4490 τῆς

443 4492 712 4562 ἀπειλῆς,
753 4493 840 4546 ἵνα
872 4495 1034 4547 αὑτὸν
1066 4496 1145 4558 είς
1183 4497 1463 4570 ἱκετηρίαν
1513 4500 1753 4575 ἐμϐάλῃο
1787 4505 1866 4568 είς
1906 4507 2016 4559 ἱκε-

445 4579 643 4652 τηρίαν
685 4579 743 4633 δὲ
775 4581 937 4635 αὑτὸν
969 4581 1250 4651 ἐνέϐαλεν,
1298 4586 1384 4639 ἵνα
1418 4587 1672 4659 ἀφορμὴν
1702 4588 1840 4664 λάϐῃ
1884 4611 2014 4664 συγ-

445 4665 758 4739 χωρήσεως.
823 4667 1079 4723 Ἦδύνατο
1127 4671 1226 4742 μὲν
1277 4672 1386 4744 γάρ
1435 4675 1529 4727 καὶ
1561 4675 1668 4746 πρὸ
1700 4678 1799 4750 τῆς
1837 4697 2017 4753 παρα-

447 4756 693 4828 κλήσεως
735 4758 898 4814 αὑτὸν
929 4760 1144 4832 ἀφεῖναι
1163 4803 1178 4828 ,
1227 4763 1345 4818 ἀλλ’
1376 4764 1460 4817 ἵνα
1494 4765 1568 4838 μὴ
1606 4769 1824 4839 χείρονα
1852 4772 2017 4842 ἐργά-

447 4861 643 4916 σηται,
679 4845 838 4901 τοῦτο
877 4849 975 4903 οὐκ
1027 4851 1304 4923 ἐποίησεν.
1365 4853 1625 4908 Ἦδύνατο
1663 4856 1755 4908 καὶ
1790 4859 1896 4926 πρὸ
1919 4858 2014 4913 τοῦ

445 4929 755 5000 λεγοθεσίου
807 4938 1028 5007 ποιῆσαι
1062 4938 1162 5009 τὴν
1219 4938 1594 5012 συγχώρησιν,
1641 4941 1755 4995 ἁλλ’
1799 4943 1885 4997 ⁹ἱνα
1940 4946 2015 5018 μὴ

444 5018 540 5075 τὸν
565 5020 729 5090 δγκον
770 5023 981 5092 ἀγνοῶν
1017 5025 1126 5081 τῶν
1169 5027 1615 5100 ἁμαρτημάτων,
1655 5031 2017 5104 ἀπανθρωπό-

443 5124 600 5178 τερος
623 5109 848 5181 γένηται
882 5111 977 5165 καὶ
1017 5112 1292 5185 ὠμότερος
1336 5115 1463 5186 περὶ
1487 5117 1612 5180 τοὺς
1646 5118 1902 5188 πλησίον,
1928 5120 2016 5175 διὰ

445 5193 604 5247 τοῦτο
623 5195 786 5252 αὐτόν
813 5198 1078 5270 πρότερον
1106 5200 1312 5264 ἐδίδαξε
1331 5200 1392 5254 τὺ
1421 5201 1650 5272 μέγεθος
1679 5205 1774 5260 τοῦ
1799 5207 2012 5279 χρέους,

445 5281 542 5335 καὶ
571 5281 692 5336 τότε
731 5284 1137 5362 ἀφῆκενδὰπαν.
1192 5287 1254 5341 El
1279 5287 1387 5360 γὰρ
1430 5289 1525 5342 τοῦ
1573 5289 1882 5360 λογοθεσίου
1924 5312 2016 5364 γε-

445 5369 706 5441 νομένου,
735 5375 830 5428 καὶ
871 5373 965 5428 τοῦ
1005 5376 1370 5448 ὀφειλήματος
1413 5377 1748 5450 δειχθέντος,
1794 5383 1890 5436 καὶ
1916 5383 2014 5455 τῆς

443 5456 676 5530 ἀπειλῆς
695 5458 1077 5532 ἐπενεχθείσης
1097 5502 1112 5529 ,
1135 5463 1228 5516 καὶ
1252 5463 1352 5535 τῆς
1379 5467 1675 5538 καταδίκης
1717 5469 2016 5540 γενομένης

441 5541 643 5614 δήλης,
675 5544 744 5615 ῆν
773 5547 1064 5618 ὑπομείναι
1107 5547 1313 5614 δίκαιος
1358 5547 1446 5623 ἦν,
1485 5551 1658 5618 οὕτως
1689 5555 1879 5626 ἄγριος
1921 5558 2014 5611 καὶ

440 5627 591 5698 ὠμὸς
630 5631 758 5703 περὶ
806 5633 896 5686 τὸν
936 5633 1216 5692 σύνδουλον
1259 5637 1505 5707 ἐγένετοο
1543 5641 1589 5692 εί
1619 5641 1782 5712 μηδὲν
1811 5642 2012 5698 τούτων

2147 340 2306 414 ἐξέϐη
2325 383 2338 407 ,
2383 347 2484 399 ποῦ
2509 349 2610 402 οὐκ
2636 349 2701 402 ἂν
2731 349 3019 415 ἐξώλισθεν
3060 351 3417 423 άγριότητος;
3448 353 3545 408 Διὰ
3568 356 3728 416 τοῦτ’

2145 431 2319 486 ταῦτα
2366 437 2543 491 πάντα
2595 441 2624 492 6
2674 440 2807 504 Θεὸς
2857 443 3030 495 ἐποίει
3084 443 3178 496 καὶ
3238 443 3722 518 ἐπραγματεύετο,

2147 529 2596 592 προαναστέλλων
2639 532 2803 586 αὑτοῦ
2855 533 2952 605 τὴν
2999 535 3265 606 ἀπήνειαν
3305 536 3540 607 ἐκείνην.
3573 540 3636 593 Et
3667 540 3727 596 δὲ

2151 617 2339 687 μηδενὶ
2364 619 2645 693 διωρθώοη
2675 624 2911 690 τούτων,
2956 627 3016 679 οὐ
3055 626 3206 699 παρὰ
3239 629 3330 681 τὸν
3367 629 3720 696 διδάσκαλον,

2145 706 2282 760 ἀλλά
2305 712 2436 780 παρ’
2469 713 2680 767 ἐκεῖνον
2706 715 2797 768 τὸν
2825 714 2900 786 μὴ
2923 715 3214 786 δεξάμενον
3243 717 3342 788 τὴν
3366 717 3651 789 διόρθωσιν
3686 722 3721 794 ή

2146 796 2312 851 αίτία.
2335 798 2480 872 Πλὴν
2497 802 2613 856 ἀλλ’
2638 803 2836 876 ἴδωμεν
2858 805 2972 870 πῶς
3004 806 3152 878 αὐτῷ
3178 807 3452 875 μεθώεύει
3467 809 3527 862 τὸ
3543 809 3718 873 ἕλκος.

2145 890 2357 945 Πεσὼν
2386 888 2519 958 οὖν,
2549 895 2702 964 φησὶ,
2733 895 2894 966 παρὰ
2922 897 3064 963 τοὺς
3103 898 3292 964 πόδας
3330 901 3536 964 αὐτοῦ,
3567 913 3718 969 παρ-

2143 981 2347 1036 εκάλει
2378 985 2566 1038 αὐτόν
2589 989 2802 1056 λέγων’
2828 991 3310 1060 Μακροθύμησον
3329 991 3420 1044 ἐπ’
3442 991 3593 1062 ἐμοὶ,
3620 991 3717 1048 καί

2143 1073 2340 1127 πάντα
2380 1091 2478 1129 σοι
2529 1078 2838 1134 ἀποδώσω.
2883 1082 2994 1134 Καὶ
3037 1081 3110 1153 μὴ
3154 1081 3259 1153 μὴν
3293 1078 3446 1136 εἶπεν
3469 1124 3482 1145 ,
3509 1084 3595 1136 ὅτι
3620 1084 3719 1138 οὐκ

2144 1161 2287 1235 εἶχεν
2329 1167 2651 1222 ἀποδοῦναι’
2689 1168 2825 1222 ἀλλὰ
2862 1170 3108 1223 τοιοῦτον
3146 1171 3254 1223 τῶν
3299 1172 3618 1240 ὀφειλόντων
3655 1172 3718 1226 τδ

2142 1254 2284 1319 ἔθος,
2328 1255 2431 1310 κᾶν
2471 1255 2636 1329 μηδὲν
2665 1259 2860 1330 ἔχωσιν
2903 1259 3228 1327 ἀποδοῦναι,
3262 1262 3714 1332 ἐπαγγέλλονται,

2135 1345 2281 1400 ὥστε
2307 1348 2412 1401 τῶν
2436 1350 2718 1419 παρόντων
2741 1351 3117 1422 ἀπαλλαγῆναι
3139 1353 3345 1410 δεινῶν.

2225 1470 2571 1544 ’Δκούσωμεν
2621 1475 2736 1527 ὅσοι
2778 1474 3126 1548 ρᾳθυμοῦμεν
3173 1477 3368 1546 εὐχῆς,
3422 1477 3562 1546 πόση
3607 1475 3715 1529 τῶν

2139 1559 2375 1632 δεήσεων
2419 1564 2452 1634 ή
2493 1563 2738 1635 δύναμις.
2783 1567 2857 1619 Ού
2897 1567 3147 1638 νηστείαν
3190 1567 3503 1632 ἐπεδείξατο
3528 1561 3712 1634 οὗτος,

2139 1651 2239 1704 οὐκ
2296 1653 2716 1726 ἀκτημοσύνην,
2760 1656 2862 1709 οὐκ
2906 1657 3032 1710 ἄλλο
3072 1658 3181 1710 τῶν
3229 1658 3487 1712 τοιούτων
3539 1659 3710 1724 οὐδὲν,

2139 1743 2252 1797 ἀλλ’
2304 1745 2510 1816 ἔρημος
2555 1746 2629 1800 ὣν
2671 1749 2763 1802 καὶ
2799 1749 3007 1820 γυμνὸς
3038 1751 3219 1822 πάσης
3257 1752 3494 1822 ἀρετῆς,
3525 1751 3713 1823 ἐπειδὴ

2139 1835 2480 1906 παρεκάλεσε
2547 1836 2640 1889 τὸν
2701 1836 2967 1908 δεσπότην
3031 1839 3223 1910 μόνον,
3273 1839 3490 1909 ἴσχυσεν
3550 1839 3713 1892 αὐτὸν

2137 1923 2548 1976 ἐπισπάσασθαι
2577 1925 2712 1994 πρὸς
2741 1925 2908 1979 ἔλεον.
2946 1927 3037 1998 Μὴ
3066 1927 3245 1981 τοίνυν
3276 1929 3712 2000 ἀπαγορεύωμεν

2136 2015 2195 2068 ἐν
2229 2018 2350 2080 ταῖς
2373 2017 2608 2087 δεήσεσι.
2639 2017 2735 2082 Τίς
2758 2018 2867 2090 γὰρ
2896 2018 3088 2072 τούτου
3121 2019 3318 2087 γένοιτ’
3354 2019 3420 2073 ἂν
3451 2020 3710 2091 ἁμαρτω-

2133 2105 2351 2179 λότερος
2369 2148 2382 2172 ,
2409 2108 2468 2172 ὂς
2491 2109 2765 2172 τοσούτοις
2799 2109 2898 2180 μὲν
2919 2110 3259 2183 ἐγκλήμασιν
3289 2111 3590 2176 ὑπεύθυνος
3617 2105 3706 2182 ἦν,

2135 2200 2468 2272 κατόρθωμα
2497 2200 2552 2254 δὲ
2591 2203 2652 2254 οὐ
2686 2203 2911 2273 μικρὸν,
2945 2203 3005 2256 οὐ
3040 2203 3185 2273 μέγα
3223 2204 3521 2275 ἐκέκτητο;
3567 2203 3707 2256 Ἀλλ’

2134 2292 2285 2362 ὅμως
2325 2293 2427 2346 οὐκ
2465 2290 2588 2347 εἷπε
2627 2293 2763 2365 πρὸς
2789 2295 3000 2347 ἑαυτόν·
3051 2295 3527 2369 Ἀπαρρησίαστός
3558 2297 3707 2365 είμι,

2135 2380 2397 2452 αἰσχύνης
2425 2383 2617 2454 γέμω,
2654 2384 2772 2446 πῶς
2809 2385 3041 2454 δύναμαι
3087 2387 3442 2456 προσελθεῖν;
3477 2385 3591 2449 πῶς
3617 2385 3708 2438 δύο

2134 2492 2304 2546 ναμαι
2331 2477 2745 2545 παρακαλέσαι;
2777 2477 2805 2529 ὃ
2833 2476 3022 2530 πολλοὶ
3049 2476 3156 2529 τῶν
3187 2478 3606 2549 ἁμαρτανόντων
3624 2477 3707 2530 ’λέ-

2133 2579 2316 2631 γουσι,
2364 2563 2676 2636 διαϐολικὴν
2721 2564 3002 2629 νοσοῦντες
3053 2565 3362 2621 εὐλάϐειαν.
3425 2567 3705 2637 Ἀπαρῤη-

2134 2657 2352 2720 σίαστος
2384 2651 2465 2721 et;
2510 2657 2608 2709 Διά
2633 2655 2790 2709 τοῦτο
2818 2654 3112 2729 πρόσελθε,
3145 2658 3231 2711 ἵνα
3272 2660 3450 2730 κτήσῃ
3492 2659 3708 2730 παρρη-

2133 2746 2254 2798 σίαν
2286 2744 2501 2816 πολλήν.
2542 2744 2634 2816 Μὴ
2673 2745 2781 2817 γὰρ
2822 2746 3106 2817 ἄνθρωπός
3150 2751 3296 2802 ἐστιν
3328 2751 3356 2803 6
3388 2749 3597 2820 μέλλων
3627 2767 3706 2803 σοι

2131 2837 2633 2902 καταλλάττεσθαι,
2689 2839 2777 2892 ἵνα
2842 2841 3136 2912 αἰσχυνθῇς
3197 2842 3293 2896 καὶ
3341 2843 3704 2917 ἐρυθριάσῃς;

2129 2929 2261 2994 Θεός
2292 2931 2468 2991 ἐστιν,
2514 2931 2541 2982 6
2588 2929 2682 2983 σοῦ
2717 2931 2915 3000 μᾶλλον
2952 2932 3271 3004 βουλόμενος
3313 2934 3615 3001 ἀπαλλάξαι
3646 2951 3705 2988 σε

2128 3019 2236 3072 τῶν
2279 3017 2673 3088 ἐγκλημάτων·
2709 3021 2805 3091 οὐχ
2852 3021 2996 3078 οὕτω
3030 3023 3095 3076 σὺ
3129 3024 3231 3095 τῆς
3259 3025 3484 3079 σεαυτοῦ
3525 3027 3702 3094 ἀσφα-

2128 3107 2274 3171 λείας
2313 3108 2632 3179 ἐπιθυμεῖς,
2662 3111 2737 3174 ώς
2769 3112 2976 3177 ἐκεῖνος
3015 3115 3226 3184 ἐφίεταί
3274 3132 3367 3168 σου
3398 3116 3495 3187 τῆς
3529 3133 3704 3185 σωτη-

2133 3194 2251 3264 ρίας
2275 3212 2286 3226 ’
2319 3196 2413 3248 καὶ
2442 3196 2597 3250 τοῦτο
2632 3198 2698 3251 δι’
2725 3201 2903 3254 αὐτῶν
2932 3202 3040 3256 τῶν
3075 3204 3252 3275 ἔργων
3277 3207 3425 3275 ἡμᾶς
3457 3205 3705 3259 ἐπαίδευ-

2131 3301 2241 3338 σεν.
2283 3286 2396 3339 Οὐκ
2431 3286 2573 3356 ἔχεις
2603 3291 2950 3361 παρῤησίαν;
2983 3293 3080 3345 Διὰ
3108 3294 3266 3348 τοῦτο
3305 3297 3509 3369 δυνήσῃ
3559 3301 3702 3370 παῤ-

2130 3377 2324 3447 ρησίαν
2353 3377 2497 3448 ἔχειν
2517 3419 2531 3443 ,
2567 3380 2647 3433 ὅτι
2680 3379 2795 3453 [il]
2825 3381 2967 3435 οὕτω
2994 3383 3297 3438 διάκεισαι·
3333 3388 3561 3458 μεγίστη
3593 3387 3701 3456 γάρ

2129 3472 2433 3542 παρρησία,
2463 3473 2524 3524 τὸ
2561 3472 2634 3543 μὴ
2673 3474 2914 3543 νομίζειν
2947 3475 3089 3544 ἔχειν
3131 3477 3445 3548 παρρησίαν
3468 3497 3480 3508 ·
3511 3477 3700 3548 ὥσπερ

2127 3554 2218 3612 οὖν
2267 3561 2495 3630 αἰσχύνη
2533 3561 2801 3632 μεγίστη,
2843 3563 2903 3615 τὸ
2947 3565 3189 3618 δικαιοῦν
3239 3566 3430 3620 ἐαυτὸν
3469 3567 3699 3622 ἐνώπιον

2125 3651 2354 3722 Κυρίου.
2414 3652 2650 3714 Ἐκεῖνος
2713 3653 3023 3725 άκάθαρτός
3077 3658 3218 3720 ἐστι,
3280 3655 3383 3711 κᾶν
3444 3657 3699 3712 ἁπάντων

2126 3734 2428 3807 ἀνθρώπων
2459 3733 2756 3804 ἁγιώτερος
2903 3735 3092 3808 ὥσπερ
3129 3735 3222 3799 οὖν
3254 3739 3461 3805 δίκαιος
3489 3743 3698 3812 γίνεται

2124 3818 2153 3868 6
2193 3816 2385 3878 πείσας
2430 3815 2622 3869 ἐαυτὸν
2657 3817 2876 3872 πάντων
2919 3818 3142 3891 ἔσχατον
3177 3817 3338 3877 εἶναι.
3395 3825 3507 3877 Καὶ
3555 3826 3698 3897 μάρ-

2124 3917 2285 3970 τυρες
2318 3899 2426 3952 τῶν
2475 3899 2787 3972 λεγομένων
2840 3905 2868 3956 6
2920 3905 3208 3977 Φαρισαῖος
3244 3907 3338 3961 καὶ
3376 3908 3408 3961 6
3437 3907 3712 3979 τελώνης..

2123 3983 2216 4053 Μὴ
2241 3983 2421 4036 τοίνυν
2444 3983 2910 4056 ἀπογινώσκωμεν
2935 3989 2992 4039 ἐν
3011 3991 3123 4052 τοῖς
3152 3991 3534 4061 ἁμαρτήμασι,
3562 3991 3697 4062 μηδὲ

2123 4064 2578 4135 ἀπαγορεύωμεν,
2607 4066 2742 4120 ἀλλά
2785 4069 3219 4141 προσερχώμεθα
3238 4071 3316 4143 τῷ
3342 4071 3465 4144 Θεῷ
3483 4113 3498 4138 ,
3531 4090 3699 4143 προσ-

2123 4159 2434 4230 πίπτωμεν,
2472 4161 2881 4233 παρακαλῶμεν
2900 4203 2915 4227 ,
2946 4166 3082 4236 ὅπερ
3130 4160 3283 4231 οὗτος
3303 4168 3525 4239 ἐποίησε
3544 4209 3559 4234 ,
3601 4169 3698 4241 μέ-

2121 4260 2214 4314 χρι
2254 4243 2442 4296 τούτου
2487 4243 2625 4315 καλῇ
2661 4247 2725 4316 τῇ
2768 4245 2958 4318 γνώμῃ
3008 4250 3375 4322 χρησάμενος.
3417 4253 3489 4304 Τό
3517 4271 3579 4306 τε
3621 4254 3695 4326 μὴ

2124 4325 2531 4397 ἀπαγορεῦσαι,
2571 4327 2630 4379 τό
2657 4345 2716 4380 τε
2754 4328 2828 4399 μὴ
2884 4332 3226 4400 ἀπογνῶναι,
3282 4336 3345 4389 τό
3393 4353 3454 4389 τε
3500 4325 3694 4410 ὁμολοὲ

2123 4410 2288 4479 γῆσαι
2325 4410 2394 4492 τὰ
2425 4411 2820 4482 ἡμαρτημένα,
2851 4414 2912 4466 τό
2940 4431 3000 4468 τε
3027 4417 3248 4488 αἰτῆσαι
3280 4419 3547 4492 ἀναϐολήν
3575 4437 3697 4474 τινα

2123 4494 2216 4546 καὶ
2266 4491 2558 4563 μέλλησιν,
2609 4493 2783 4547 ταῦτα
2838 4498 3014 4551 πάντα
3076 4500 3252 4566 καλὰ,
3309 4502 3404 4555 καὶ
3457 4491 3696 4564 διανοίας

2125 4576 2590 4647 συντετριμμένης
2609 4617 2621 4639 ,
2655 4577 2747 4630 καὶ
2776 4583 3254 4653 τεταπεινωμένης
3279 4583 3478 4653 ψυχῆς.
3516 4582 3596 4634 Τά
3636 4583 3694 4636 δὲ

2124 4660 2370 4714 ἐντεῦθεν
2391 4662 2491 4714 οὐκ
2515 4660 2594 4713 ἔτι
2618 4662 2776 4728 ὅμοια
2805 4653 2940 4726 τοῖςί
2955 4665 3240 4736 προτέροις
3259 4681 3275 4696 ’
3305 4666 3446 4736 ἅπερ
3475 4666 3584 4735 γάρ
3606 4665 3695 4719 διὰ

2122 4743 2222 4813 τῆς
2239 4743 2519 4812 ἱκετηρίας
2537 4745 2830 4813 συνήγαγε,
2846 4745 3016 4799 ταῦτα
3036 4746 3231 4816 ἁθρόον
3246 4745 3459 4817 ἐξέχεεν
3477 4748 3692 4803 ἃπαντα

2121 4824 2210 4878 διὰ
2231 4825 2330 4895 τῆς
2367 4827 2445 4886 είς
2492 4823 2584 4877 τὸν
2631 4824 2856 4896 πλησίον
2899 4825 3088 4895 ὀργῆς.
3134 4828 3293 4880 Ἀλλά
3315 4829 3452 4893 τέως
3476 4831 3569 4884 ἐπὶ
3599 4832 3692 4886 τὸν

2120 4906 2319 4977 τρόπον
2345 4905 2444 4977 τῆς
2487 4907 2886 4977 συγχωρήσεως
2913 4908 3184 4978 ἔλθωμενο
3223 4911 3422 4982 ἴδωμεν
3446 4911 3562 4978 πῶς
3595 4915 3693 4969 αὖ-

2119 4987 2211 5042 τὸν
2243 4988 2458 5058 ἀφῆκε,
2493 4988 2590 5070 καὶ
2626 4988 2788 5043 πόθεν
2829 4991 2923 5044 ἐπὶ
2961 4990 3118 5045 τοῦτο
3146 4987 3308 5063 ἦλθεν
3331 4995 3367 5048 6
3403 4995 3690 5070 δεσπότης.

2122 5069 2600 5140 Σπλαγκνισθεὶς
2623 5073 2656 5125 ὁ
2691 5073 2894 5140 κύριος
2924 5073 3130 5138 αὐτοῦ,
3165 5077 3351 5146 φησὶν,
3383 5069 3693 5139 ἀπέλυσεν

2121 5155 2329 5236 αὐτὸν,
2352 5151 2450 5206 καί
2477 5151 2543 5206 τὸ
2571 5151 2811 5236 δάνειον
2836 5154 3073 5226 ἀφῆκεν
3102 5157 3282 5236 αὐτῷ.
3309 5157 3545 5228 Ἐκεῖνος
3570 5166 3694 5236 μέλ-

2121 5236 2278 5308 λησιν
2301 5235 2520 5309 ᾔτησεν,
2543 5229 2700 5303 οὗτος
2727 5237 3074 5312 συγχώρησιν
3096 5232 3296 5298 ἔδωκεν
3315 5259 3330 5275 ο
3357 5243 3500 5300 ὥστε
3527 5229 3692 5303 πλέον

2121 5314 2182 5374 οὗ
2217 5319 2447 5391 ᾔτησεν,
2479 5319 2667 5373 ἐλαϐεν
2706 5323 2929 5386 ἐκεῖνος.
2954 5323 3044 5377 Διὸ
3069 5325 3163 5378 καὶ
3189 5325 3398 5393 Παῦλός
3423 5345 3578 5400 φησι·
3608 5329 3690 5394 Τῷ

2121 5401 2433 5468 δυναμένῳ
2462 5401 2660 5457 πάντα
2688 5403 2938 5472 ποιῆσαι
2968 5406 3121 5476 ὑπὲρ
3163 5407 3232 5463 ἐκ
3272 5411 3566 5479 περισσοῦ
3601 5406 3688 5466 ὧν

2122 5485 2437 5552 αἰτούμεθα
2483 5483 2522 5552 ἢ
2570 5487 2845 5557 νοοῦμεν.
2888 5489 3020 5545 Ούδέ
3059 5490 3169 5564 γάρ
3207 5493 3408 5564 ίσχύεις
3435 5495 3684 5562 ἐννοῆσαι

2121 5566 2386 5633 τοσαῦτα,
2408 5565 2507 5619 ὅσα
2542 5569 2744 5634 ἐκεῖνός
2767 5588 2848 5624 σοι
2877 5575 3321 5646 παρεσκεύασται
3345 5575 3543 5629 δοῦναι.
3591 5575 3685 5648 Μὴ

2129 5648 2298 5702 τοίνυν
2329 5649 2654 5722 αἰσχυνθῇς,
2689 5655 2822 5725 μηδὲ
2856 5656 3216 5731 ἐρυθριάσῃς’
3253 5657 3450 5730 μᾶλλον
3484 5657 3540 5712 δὲ
3566 5659 3684 5714 αισ-
