4054 6216
310 252 380 311 25
1092 252 1181 311 DE
1223 254 1456 312 DECEM
1492 255 1778 314 MILLIUM
1816 256 2110 314 TALENT.
2152 255 2497 316 DEBITORE
2527 259 2829 318 IIOMILIA.
3505 270 3579 327 ιὶϐ

301 370 455 428 teseit
472 387 488 427 :
505 384 627 427 nam
650 368 923 426 hominum
943 367 1089 425 salus
1107 369 1378 440 opulentia
1399 370 1490 427 Dei
1514 379 1615 437 est,
1636 371 1883 442 quemad-

302 462 516 518 modum
539 462 734 519 Paulus
754 458 916 516 diciti
945 461 1091 515 Dives
1117 462 1166 514 in
1193 462 1422 516 omnibus
1436 471 1482 516 et
1503 478 1592 531 per
1611 464 1887 533 onmes‘qui

299 554 533 611 invocant
560 572 673 611 eum
701 552 879 625 (Rom.
908 541 997 610 I0.
1028 552 1152 625 I2).
1180 552 1286 609 Sed
1310 553 1505 608 dixerit
1530 555 1722 625 aliquis
1745 595 1761 620 ,
1788 569 1886 608 cur

300 664 431 721 ergo
450 690 469 716 ,
500 648 544 704 si
565 647 858 704 destinarat
895 647 1167 703 remittere
1204 646 1259 702 et
1290 645 1595 702 condonare
1620 647 1840 701 erimina
1866 684 1883 713 ,

302 738 440 796 hunc
465 739 773 797 venumdari
795 736 994 809 jussit?
1015 738 1145 793 Illud
1161 734 1310 793 certe
1328 737 1590 807 imprimis
1611 737 1754 793 illius
1784 737 1886 791 hn-

302 834 609 888 manitatcm
644 831 915 896 declarat;
946 829 1040 885 sed
1072 843 1139 884 ne
1168 827 1516 895 festinemus,
1547 837 1602 883 at
1626 843 1723 898 per
1747 827 1887 884 ordi-

304 940 424 982 nem
451 925 801 996 procedamus
826 923 892 978 ad
917 922 1183 992 parabolze
1206 920 1616 978 enarrationem.
1644 918 1765 975 Neri
1792 920 1888 974 ha-

302 1017 444 1072 bente
462 1027 629 1070 autem
649 1032 705 1069 co
720 1017 856 1086 quod
869 1014 1114 1069 redderet.
1132 1011 1268 1080 Quid
1289 1020 1466 1069 autem
1490 1020 1573 1068 ρει
1594 1012 1723 1068 illud
1747 1008 1887 1083 quod

304 1106 453 1172 dicit,
470 1105 589 1160 Non
605 1106 815 1159 habente
829 1122 885 1160 co
899 1105 1035 1177 ‘quod
1043 1105 1295 1160 redderet?
1317 1105 1518 1160 Rursus
1534 1103 1681 1160 vides
1702 1104 1892 1175 impro-

304 1199 488 1255 bitatis
515 1198 873 1254 accessionem
902 1214 1057 1254 :cnm
1089 1198 1228 1254 enim
1259 1198 1422 1264 dicit,
1454 1196 1575 1253 Non
1600 1194 1808 1252 habente
1834 1208 1892 1252 ω

304 1291 440 1361 quod
454 1290 683 1354 solveret,
703 1289 832 1344 nihil
848 1289 990 1345 aliud
1010 1289 1139 1345 dicit
1157 1304 1313 1361 quam
1333 1305 1456 1345 eum
1472 1287 1711 1345 omnium
1730 1289 1895 1344 virtu-

310 1391 423 1437 tum
453 1380 664 1451 inopem
682 1380 868 1448 fuisse,
892 1395 993 1437 nec
1011 1381 1175 1435 ullum
1193 1381 1390 1435 bonum
1416 1395 1550 1450 opus
1571 1378 1892 1450 possedisse,

305 1474 448 1546 quod
487 1474 738 1544 imputari
770 1485 949 1546 posset
985 1473 1053 1529 ad
1097 1474 1466 1529 remissionem
1508 1480 1845 1544 peccatorum
1877 1470 1891 1524 ξ

309 1567 635 1637 imputantur
647 1568 791 1623 enim
808 1567 1028 1622 omnino
1056 1567 1210 1623 nobis
1237 1566 1303 1621 ad
1323 1576 1660 1637 peccatorum
1689 1565 1895 1620 veniam

304 1670 455 1715 recte
485 1659 618 1713 iacta
645 1698 662 1725 ,
692 1659 1139 1729 quemadmodum
1169 1667 1223 1714 et
1266 1658 1398 1714 iides
1427 1657 1492 1713 ad
1518 1657 1800 1729 justitiam.
1832 1657 1897 1711 Ei

307 1750 442 1804 enim
462 1790 474 1813 ,
497 1751 583 1819 qui
609 1766 709 1804 non
738 1755 998 1821 operatur,
1028 1750 1181 1805 credit
1205 1758 1372 1805 autem
1396 1750 1449 1805 in
1479 1766 1590 1803 cum
1618 1750 1704 1818 qui
1735 1748 1899 1819 justi-

309 1843 429 1910 ]icat
454 1842 665 1911 impium
684 1884 700 1908 ,
731 1842 1014 1912 imputatur
1040 1843 1167 1912 ﬁdas
1194 1843 1305 1911 ejus
1328 1841 1397 1896 ad
1415 1843 1669 1913 justitiam
1698 1842 1717 1910 (
1746 1837 1897 1895 Rom.

307 1935 362 1990 4.
393 1933 483 2005 5).
513 1932 777 1990 Caeterum
805 1932 932 2005 quid
958 1934 1130 2005 allego
1155 1934 1312 1989 iidem
1342 1942 1397 1989 et
1426 1943 1570 1991 recte
1596 1933 1751 1999 facta,
1777 1948 1900 1988 eum

311 2024 678 2081 tribulationes
701 2034 915 2097 quoque
944 2026 1271 2095 impntentur
1297 2024 1452 2081 nobis
1472 2024 1538 2080 ad
1564 2024 1899 2095 [eccato‘rutn

310 2116 804 2173 condonationem?
845 2116 914 2172 Et
957 2117 1059 2173 hoc
1084 2110 1319 2173 declarat
1346 2116 1592 2172 Christus
1621 2117 1719 2187 pe'r
1743 2116 1900 2186 para-

313 2208 490 2264 bolam
520 2207 729 2275 laxari,
760 2208 1101 2263 introducens
1127 2208 1394 2263 Abraham
1422 2206 1688 2263 dicentem
1721 2206 1787 2262 ad
1816 2206 1902 2262 di-

314 2299 501 2364 vitem,
530 2294 783 2351 Lazarum
805 2298 1046 2366 accipere
1072 2298 1495 2353 consolationem
1522 2338 1536 2363 ,
1564 2296 1685 2367 quia
1715 2297 1769 2350 in
1799 2296 1904 2350 vita

318 2403 412 2444 sna
445 2388 583 2443 mala
605 2396 883 2459 acceperat
911 2379 1070 2460 (Luc.
1095 2390 1181 2445 I6.
1203 2390 1276 2445 '25
1296 2390 1335 2460 ).
1364 2390 1606 2446 Declarat
1632 2398 1687 2445 et
1709 2389 1906 2444 Paulus

320 2480 387 2535 ad
431 2480 737 2536 Corinthios
770 2479 837 2535 de
877 2479 1197 2535 iornicatore
1235 2480 1514 2536 scribens:
1541 2478 1751 2533 Tradite
1774 2480 1907 2534 hunc

320 2568 571 2625 hominem
599 2582 792 2625 satana:
817 2572 868 2625 in
891 2572 1103 2626 exitium
1126 2572 1293 2625 caricis
1312 2611 1328 2637 ,
1359 2580 1417 2624 ut
1442 2569 1651 2641 spiritus
1684 2576 1908 2624 seruetur

320 2662 411 2733 (I.
443 2661 561 2717 Cor.
594 2662 644 2718 5.
675 2663 778 2734 5).
812 2663 880 2717 Et
907 2663 1041 2718 alios
1067 2663 1156 2733 qui
1188 2671 1541 2735 peccaverant
1581 2663 1866 2718 consolens
1889 2700 1905 2727 ,

319 2754 385 2810 ad
416 2754 559 2809 hunc
586 2753 803 2808 modum
831 2754 993 2809 verba
1024 2752 1149 2809 facit
1180 2771 1192 2806 :
1227 2753 1354 2807 Ideo
1390 2754 1444 2808 in
1479 2752 1616 2807 vobis
1649 2753 1797 2807 multi
1825 2754 1909 2807 in-

322 2846 458 2915 ﬁrmi
482 2855 529 2900 et
557 2847 736 2916 a-groti
759 2887 776 2913 ,
806 2855 852 2900 et
880 2846 1138 2900 dormiunt
1176 2846 1323 2900 multi
1350 2858 1369 2900 :
1405 2846 1450 2899 si
1473 2847 1605 2900 enim
1645 2854 1737 2900 nos
1774 2846 1911 2917 ipsos

318 2937 682 3010 iudicaremus,
712 2954 814 2992 non
842 2938 1011 3009 utique
1026 2938 1397 3009 judicaremur.
1422 2936 1549 2992 Cum
1575 2945 1741 2991 autem
1758 2937 1909 3008 judi-

324 3044 499 3083 camur
523 3045 555 3082 a
590 3027 813 3082 Domina
835 3069 852 3094 ,
892 3029 1213 3099 castigantur,
1241 3037 1296 3083 ut
1333 3044 1432 3082 non
1459 3043 1573 3081 cum
1601 3027 1695 3081 hoc
1724 3026 1914 3080 mundo

324 3119 662 3190 danmemur(
685 3121 734 3174 I.
760 3121 879 3175 Cor.
906 3120 995 3175 Il.
1020 3119 1203 3175 30-52
1221 3117 1263 3192 ).
1287 3118 1342 3175 8i
1369 3128 1547 3174 autem
1571 3119 1910 3185 tentationes,

328 3214 522 3279 morbi,
551 3214 916 3279 iniirmitates,
949 3221 1003 3269 et
1025 3213 1203 3268 carnis
1231 3212 1450 3267 exitium
1471 3253 1487 3279 ,
1515 3226 1636 3282 qua:
1671 3225 1770 3267 nec
1796 3219 1912 3266 stn-

327 3303 441 3370 dio,
463 3318 562 3359 nec
587 3304 854 3360 voluntate
881 3305 1130 3373 patimur,
1158 3304 1486 3373 imputantur
1512 3302 1664 3358 nobis
1691 3302 1758 3357 ad
1787 3315 1915 3372 pecs

329 3405 571 3451 eatorum
611 3395 951 3451 abolitionem
971 3437 986 3459 ,
1022 3396 1188 3450 multo
1218 3395 1385 3467 magis
1409 3403 1556 3451 recte
1584 3393 1722 3450 facta
1749 3436 1763 3461 ,
1794 3409 1915 3465 qua:

329 3484 602 3542 voluntate
621 3494 677 3542 et
702 3487 878 3542 studio
901 3486 1287 3557 perseqttimnr.
1312 3486 1447 3542 Iluic
1470 3494 1648 3543 autem
1676 3486 1914 3541 omnium

330 3577 591 3634 bonorum
619 3579 795 3648 inopia
820 3586 936 3633 erat
954 3616 970 3642 ,
1003 3591 1139 3631 onus
1163 3585 1348 3632 contra
1373 3587 1713 3646 peccatorum
1741 3576 1916 3630 maxi-

331 3685 477 3725 nmm
506 3711 522 3735 ,
545 3678 599 3725 et
622 3669 830 3726 sarcina
853 3668 1221 3739 imp'ortabilis.
1249 3668 1453 3723 Idcirco
1478 3668 1642 3736 dicit,
1679 3667 1733 3722 Ν
1735 3683 1801 3723 οη
1820 3668 1920 3723 hae

331 3762 474 3815 beate
497 3761 588 3815 illo
607 3761 741 3815 unde
761 3760 1021 3823 redderet,
1042 3760 1198 3831 jussit
1224 3776 1340 3815 eum
1369 3759 1661 3814 venumdari
1686 3761 1704 3830 (
1729 3759 1915 3814 Matth.

333 3853 421 3909 I8.
452 3851 586 3926 25).
635 3853 709 3908 Ex
761 3850 864 3907 hoc
904 3852 1234 3922 potissimum
1277 3848 1403 3905 licet
1428 3850 1630 3905 domini
1672 3850 1920 3905 Immani-

334 3953 493 3999 tateni
535 3945 875 4014 perdiscere,
921 3941 1065 4014 quod
1092 3953 1146 3997 et
1171 3941 1432 3996 rationem
1462 3940 1720 4006 instituit,
1749 3941 1805 3994 et
1832 3956 1921 3995 ve-

333 4017 576 4089 numdari
602 4034 761 4105 jussit
792 4052 806 4088 :
838 4035 998 4089 ambo
1038 4033 1179 4088 enim
1222 4032 1319 4086 i.-ta
1367 4029 1503 4086 facta
1541 4037 1666 4085 sunt
1706 4031 1762 4085 in
1797 4045 1920 4085 eum

337 4124 496 4179 linem
517 4165 532 4189 ,
578 4133 637 4179 ut
669 4139 773 4179 non
813 4122 1157 4180 venderctur.
1189 4122 1341 4178 Unde
1369 4121 1421 4176 id
1453 4121 1657 4193 liquet?
1681 4134 1713 4176 ιι
1742 4134 1922 4176 rerum

335 4219 479 4272 exitu
509 4235 523 4272 :
552 4217 597 4271 si
628 4218 771 4271 enim
802 4215 1093 4281 voluisset,
1121 4215 1243 4286 quis
1272 4214 1477 4270 obicem
1501 4255 1516 4279 ,
1544 4214 1664 4285 quis
1694 4212 1921 4284 impedi-

336 4319 575 4365 mentum
605 4309 869 4364 attulisset
890 4308 915 4361 ?
1039 4370 1049 4383 .

408 4401 463 4456 6.
502 4400 766 4468 Quorsum
796 4400 955 4471 igitur
981 4397 1340 4454 venditionem
1363 4396 1664 4468 imperavit,
1690 4408 1811 4452 eum
1840 4396 1923 4452 ni-

339 4491 412 4546 hil
443 4492 547 4548 tale
576 4492 751 4550 i‘acere
776 4491 1089 4548 statuisset?
1120 4490 1186 4546 Ut
1213 4492 1433 4561 augeret
1457 4500 1690 4553 metum;
1723 4499 1924 4544 metum

341 4598 472 4638 vero
495 4584 642 4638 ausit
668 4597 763 4654 per
787 4582 978 4649 minas,
1001 4590 1060 4636 ut
1082 4595 1202 4637 eum
1228 4580 1293 4635 ad
1314 4579 1751 4650 supplicationem
1778 4594 1928 4634 com-

340 4674 564 4745 pelleret
589 4690 605 4738 ;
637 4673 703 4728 ad
724 4673 1161 4743 supplicationem
1186 4670 1478 4741 compulit,
1512 4679 1568 4723 ut
1591 4670 1926 4723 occasionem

339 4764 602 4819 donanda:
625 4764 798 4819 veniat
834 4762 1075 4818 haberet.
1108 4762 1324 4817 Poterat
1358 4769 1412 4816 et
1440 4768 1564 4815 ante
1591 4759 1929 4830 deprecatio-

342 4869 464 4909 nem
486 4870 608 4909 eum
632 4854 857 4910 liberum
882 4854 950 4909 ab
972 4868 1080 4909 tere
1103 4853 1278 4908 alieno
1297 4851 1588 4916 dimittere,
1607 4849 1784 4907 sedne
1807 4849 1930 4905 inde

342 4946 490 5001 illum
523 4946 845 5001 deteriorem
873 4944 1072 5001 iaceret
1095 4985 1110 5011 ,
1146 4944 1218 4999 ita
1256 4958 1316 4999 se
1342 4944 1529 5014 gessit.
1563 4943 1778 4997 Poterat
1805 4951 1930 4997 ante

343 5036 604 5090 rationem
637 5037 821 5090 initam
847 5034 1055 5090 veniam
1085 5033 1382 5089 concedere
1401 5075 1416 5098 ,
1447 5032 1541 5089 sed
1571 5045 1639 5089 ne
1682 5034 1931 5103 ignorans

343 5126 541 5181 molem
585 5127 848 5183 scelerum
892 5141 1108 5182 suorum
1133 5165 1149 5191 ,
1191 5124 1529 5180 inhumanior
1570 5134 1624 5180 ct
1665 5124 1931 5181 crudelior

341 5234 469 5290 erga
503 5222 770 5290 proximos
800 5230 963 5285 esset,
993 5218 1114 5274 ideo
1140 5218 1213 5272 illi
1242 5218 1389 5288 prius
1415 5217 1708 5273 declaravit
1728 5218 1808 5273 sui
1837 5219 1932 5273 dea

345 5311 442 5365 biti
470 5312 887 5382 magnitudinem
912 5353 926 5374 .
958 5326 1022 5367 ac
1046 5319 1157 5364 tum
1185 5309 1398 5365 demum
1424 5311 1472 5363 ei
1501 5309 1705 5370 remisit
1729 5311 1928 5367 omnia.

344 5402 476 5458 Nam
504 5405 547 5458 si
579 5403 757 5459 habita
800 5403 1008 5458 ratione
1035 5417 1099 5457 ac
1132 5416 1239 5456 rere
1262 5401 1436 5455 alieno
1464 5411 1884 5457 commonstrato
1911 5448 1927 5469 ,

346 5495 611 5568 minisque
643 5498 801 5551 illatis
825 5538 839 5561 ,
871 5506 926 5551 et
953 5495 1399 5551 condemnatione
1430 5499 1696 5566 proposita
1723 5537 1737 5558 ,
1772 5512 1930 5568 quam

344 5585 614 5641 sustinere
639 5586 966 5650 merebatur,
998 5585 1133 5640 adeo
1159 5585 1300 5644 ferus
1337 5596 1393 5642 ct
1434 5586 1665 5643 crudelis
1707 5584 1802 5643 fuit
1831 5584 1930 5641 ad-

349 5689 537 5733 versus
560 5693 714 5735 suum
741 5692 1088 5739 conservum;
1120 5677 1164 5732 si
1202 5677 1332 5734 nihil
1376 5678 1595 5735 istorum
1632 5675 1929 5736 adhibitum

675 5789 946 5851 PATROL.
986 5782 1101 5847 Gn.
1150 5783 1246 5847 LI.

1995 372 2216 442 fuisset,
2255 389 2363 446 quo
2403 390 2511 431 non
2557 377 2898 434 immanitatis
2940 379 3311 451 prorupisset?
3356 374 3466 438 liae
3507 383 3579 439 de

1989 480 2151 521 causa
2180 464 2297 522 haec
2321 466 2496 522 omnia
2528 468 2667 525 Deus
2704 469 2829 525 fecit
2862 479 2918 527 et
2956 472 3181 528 institult
3204 515 3219 540 ,
3244 483 3301 530 ut
3345 475 3579 535 hominis

1993 557 2379 613 immanitatem
2411 558 2555 613 illam
2587 561 2950 630 praemoiiiret.
2992 563 3048 618 Si
3091 564 3225 620 nihil
3268 566 3383 621 istis
3421 566 3581 623 rebus

1992 648 2305 704 emendatus
2333 650 2429 704 fuit
2452 686 2469 716 ,
2500 666 2605 705 non
2637 666 2800 722 penes
2825 655 3133 724 magistrum
3155 696 3170 720 ,
3197 656 3290 711 sed
3323 670 3486 727 penes
3515 659 3581 711 il-

1994 737 2103 792 lum
2134 739 2225 808 qui
2249 739 2676 797 emendationem
2716 757 2821 799 non
2854 745 3080 814 recipit,
3111 747 3264 816 culpa
3301 748 3581 803 statuenda

1993 838 2095 885 est.
2121 828 2500 886 Verumtamen
2529 831 2802 889 videamus
2821 849 2928 904 quo
2957 843 3109 905 pacto
3134 838 3249 906 ejus
3278 838 3431 893 ulcus
3455 838 3583 892 abso

1994 928 2185 992 tcrgat.
2239 921 2436 977 Cadens
2458 923 2613 995 igitur
2631 926 2700 978 ad
2725 925 2876 996 pedes
2900 927 3029 997 ejus,
3055 927 3341 983 obsecrabat
3369 929 3541 985 dicens
3558 945 3583 984 ε

1995 1002 2303 1067 Patientiam
2334 1013 2460 1069 habe
2487 1014 2540 1068 in
2567 1031 2646 1068 me
2663 1050 2680 1081 ,
2712 1024 2757 1069 et
2785 1017 2956 1070 omnia
2983 1016 3193 1071 reddam
3222 1018 3311 1072 tibi
3337 1017 3359 1087 (
3390 1017 3580 1073 Matth.

1998 1104 2083 1160 I8.
2111 1103 2240 1175 26).
2273 1103 2387 1160 Non
2427 1104 2599 1160 fassus
2627 1116 2706 1161 est
2740 1121 2799 1162 se
2828 1105 2961 1162 nihil
2992 1107 3189 1164 habere
3213 1108 3357 1178 quod
3388 1104 3585 1165 redde-

1997 1204 2081 1251 ret
2108 1213 2121 1249 :
2150 1196 2243 1251 sed
2277 1195 2363 1250 hic
2390 1211 2508 1250 mos
2529 1205 2609 1251 est
2638 1196 2940 1252 debitorum
2966 1239 2981 1263 ,
3012 1206 3067 1253 ut
3093 1197 3146 1252 in
3177 1212 3383 1253 summa
3408 1198 3584 1269 inopia

2000 1288 2312 1357 promittant
2366 1296 2587 1355 tamen,
2639 1293 2747 1360 qn'o
2801 1304 3036 1361 premens
3080 1290 3375 1361 periculum
3419 1290 3589 1346 vitare

2000 1381 2227 1450 possint;

2051 1471 2367 1528 Precationis
2379 1473 2473 1528 bis;
2491 1473 2718 1529 Maxima
2730 1472 2918 1544 fiducia
2927 1485 3176 1545 quamam.
3196 1464 3363 1529 Venia:
3377 1473 3580 1529 donata!

2003 1568 2199 1622 modus.
2223 1599 2293 1612 α-
2307 1566 2599 1623 Audiamus
2618 1577 2872 1639 quotquot
2894 1569 3062 1640 ignavi
3081 1581 3264 1624 sumus
3280 1568 3346 1624 ad
3365 1581 3588 1639 precan-

2003 1658 2152 1727 dum,
2203 1668 2397 1730 quanta
2446 1662 2517 1715 sit
2556 1660 2983 1716 obsecrationnm
3014 1660 3113 1715 vis.
3164 1660 3280 1716 Non
3328 1659 3589 1730 jejunium

2003 1748 2311 1819 Ostentavit,
2358 1766 2463 1807 non
2492 1753 2787 1808 ultroneam
2837 1760 3201 1823 paupertatem
3224 1793 3239 1818 ,
3275 1762 3364 1807 aut
3384 1750 3585 1821 aliquid

2005 1843 2326 1909 istiusmodi,
2360 1843 2453 1899 sed
2488 1843 2755 1909 desertus,
2784 1843 2876 1899 scd
2905 1844 3075 1899 nudus
3099 1844 3243 1899 omni
3261 1843 3474 1907 virtute,
3500 1841 3593 1897 ubi

2005 1947 2064 1992 se
2085 1935 2149 1989 ad
2164 1935 2550 1991 'obsecrandum
2579 1935 2864 2003 convertit,
2890 1944 2954 1991 eo
2970 1935 3087 1991 solo
3124 1935 3291 2006 potuit
3319 1934 3592 1990 dominum

2006 2026 2072 2081 ad
2098 2027 2516 2083 misericordiam
2545 2028 2873 2098 pertrahere.
2911 2027 2989 2083 Ne
3017 2028 3174 2099 igitur
3202 2027 3509 2083 deﬁciamus
3540 2027 3595 2081 in

2007 2118 2287 2174 fundendis
2315 2119 2580 2187 precibus.
2608 2119 2739 2187 Quis
2768 2120 2909 2174 enim
2938 2119 3041 2174 hoc
3068 2118 3397 2183 sceleratiOr,
3424 2117 3514 2188 qui
3539 2106 3597 2172 et

2010 2217 2089 2266 tot
2117 2209 2428 2265 criminibus
2453 2209 2716 2264 obnoxius
2737 2216 2878 2276 erat,
2911 2217 2966 2265 et
2992 2207 3194 2265 nullum
3224 2217 3370 2264 recte
3397 2207 3594 2262 factum

2010 2300 2358 2373 possidebat?
2384 2298 2500 2356 Non
2527 2291 2706 2357 tambn
2750 2316 2931 2357 secum
2961 2301 3027 2355 ad
3073 2301 3231 2356 istum
3268 2298 3485 2354 modum
3514 2298 3595 2352 lea

2007 2401 2203 2465 quntus
2229 2401 2331 2457 est,
2357 2391 2472 2447 Non
2502 2392 2674 2448 audeo
2699 2392 2862 2462 loqui,
2894 2391 3096 2463 pudore
3124 2391 3311 2462 plenus
3337 2404 3476 2455 sum,
3504 2390 3595 2459 qui

2011 2492 2198 2556 potero
2218 2482 2509 2540 accedere?
2525 2482 2613 2553 qui
2640 2494 2828 2554 potero
2848 2498 3002 2538 orare
3018 2482 3041 2536 ?
3057 2482 3197 2551 quod
3222 2482 3455 2553 plerique
3478 2496 3600 2551 peca-

2009 2581 2248 2630 catorum
2271 2573 2491 2640 dicunt,
2518 2572 2776 2629 diabolica
2806 2572 3112 2629 laborantes
3141 2571 3441 2627 timiditate.
3473 2569 3589 2625 Non

2011 2664 2163 2721 adest
2192 2664 2283 2719 tibi
2313 2664 2502 2720 iiducia
2528 2658 2824 2736 loquendi?
2847 2664 3132 2736 Propterea
3152 2661 3367 2727 accede,
3402 2671 3459 2716 ut
3485 2676 3599 2717 mae

2008 2756 2182 2827 joi'em
2211 2756 2455 2812 fiduciam
2474 2758 2649 2827 pares.
2676 2755 2814 2811 Nam
2835 2755 2976 2811 enim
2999 2755 3161 2811 homo
3181 2764 3284 2821 est,
3312 2764 3467 2825 quem
3496 2752 3604 2824 pla.

2012 2861 2135 2903 care
2159 2848 2309 2918 cupis
2327 2887 2344 2912 ,
2372 2856 2431 2902 ut
2460 2846 2662 2918 pudore
2691 2856 2746 2903 et
2770 2846 3086 2903 verecundia
3113 2844 3460 2902 laborandum
3489 2835 3602 2898 sit?

2014 2938 2154 2994 Deus
2178 2938 2373 3008 estqui
2415 2939 2582 3009 magis
2604 2978 2621 3006 ,
2648 2954 2805 3009 quam
2848 2947 2902 2993 tu
2935 2939 3047 3009 ipse
3072 2981 3086 3004 ,
3117 2942 3333 3009 exoptat
3360 2945 3409 2992 te
3435 2946 3466 2991 'a
3492 2936 3568 2991 eri
3587 2963 3602 2975 -

2015 3030 2249 3088 minibus
2276 3032 2491 3088 liberari
2518 3049 2533 3093 ;
2564 3046 2670 3087 non
2698 3038 2755 3087 tu
2782 3034 3057 3102 tantopere
3088 3036 3231 3086 tuam
3261 3032 3601 3085 securitatem

2015 3124 2348 3195 concupiscis
2378 3165 2392 3189 ,
2433 3114 2762 3193 quanlOpere
2805 3122 2895 3177 ille
2932 3131 3073 3177 tuam
3105 3124 3328 3177 salutem
3354 3120 3557 3191 expetit
3586 3137 3601 3174 :

2018 3216 2176 3288 idque
2215 3213 2375 3271 rebus
2422 3214 2551 3285 ipsis
2591 3214 2792 3289 docuit.
2841 3212 2956 3268 Non
2997 3202 3162 3267 habes
3211 3211 3453 3265 Iiduciam
3477 3208 3502 3264 ?
3529 3210 3606 3264 Eo

2019 3307 2136 3377 ipso
2167 3315 2320 3377 potes
2367 3305 2613 3361 ﬁduciam
2653 3303 2884 3371 habere,
2917 3302 3057 3376 quod
3105 3304 3176 3358 ita
3217 3301 3439 3357 adiectus
3484 3302 3602 3356 sis:

2020 3398 2246 3453 maxima
2271 3398 2412 3452 enim
2445 3396 2632 3452 iidncla
2649 3404 2751 3464 est,
2775 3400 2897 3452 cum
2923 3396 3042 3467 quis
3066 3408 3126 3450 se
3151 3394 3420 3450 existimat
3442 3391 3607 3449 Iidere

2021 3506 2126 3546 non
2154 3490 2372 3547 debere.
2396 3489 2528 3546 Nam
2556 3499 2616 3546 ut
2644 3501 2987 3561 summOpcre
3015 3486 3258 3561 pudenda
3284 3496 3373 3544 res
3394 3497 3497 3551 est,
3517 3488 3609 3559 jm

2020 3581 2251 3638 stilicare
2278 3583 2515 3654 seipsum
2545 3597 2725 3638 coram
2756 3582 2982 3637 Domino
3015 3592 3029 3636 :
3061 3581 3149 3636 ille
3182 3580 3326 3637 enim
3370 3579 3611 3650 impurus

2021 3680 2104 3727 est
2130 3672 2449 3744 quicumque
2495 3672 2550 3727 id
2599 3673 2723 3728 facit
2745 3713 2760 3736 ,
2788 3673 2999 3728 etiamsi
3030 3671 3278 3727 omnibus
3308 3670 3613 3726 hominibus

2022 3765 2259 3820 sanctior
2297 3763 2458 3820 fuerit
2489 3782 2503 3819 :
2538 3767 2607 3820 ita
2646 3781 2857 3835 quoque
2893 3764 3067 3835 justus
3098 3764 3154 3819 iit
3178 3802 3193 3829 ,
3226 3767 3314 3834 qui
3359 3780 3417 3820 se
3442 3764 3614 3819 credit

2023 3854 2262 3908 omnium
2309 3854 2584 3911 hominum
2629 3865 2926 3909 extremum
2968 3869 3107 3910 esse.
3139 3854 3302 3923 Cujus
3340 3855 3417 3908 rei
3449 3866 3614 3908 testes

2024 3951 2149 3997 sunt
2179 3943 2477 3997 Phariszeus
2502 3953 2556 3999 et
2584 3943 2916 4013 publicanus.
2961 3943 3039 3998 Ne
3077 3945 3236 4014 igitur
3275 3942 3611 4014 despondea-

2024 4040 2144 4089 mns
2184 4032 2418 4089 animum
2462 4034 2531 4090 ob
2565 4042 2781 4105 peccata
2806 4077 2823 4104 ,
2865 4046 3039 4106 neque
3082 4035 3426 4106 desperemus
3452 4076 3466 4099 ,
3518 4036 3611 4089 sed

2025 4125 2281 4182 adeamus
2304 4126 2490 4192 Deum,
2510 4126 2869 4197 procidamus,
2891 4125 3257 4194 Obsecremus,
3276 4125 3614 4197 quemadmo-

2026 4216 2153 4274 dum
2185 4218 2285 4273 iste
2315 4216 2439 4273 fecit
2463 4266 2476 4281 .
2506 4215 2764 4274 hactenus
2791 4218 2930 4274 bona
2970 4222 3152 4275 mente
3189 4233 3336 4273 usus.
3376 4217 3490 4273 Non
3517 4217 3614 4272 de-

2028 4309 2295 4381 spbndere
2320 4310 2555 4364 animum
2573 4353 2588 4373 ,
2616 4325 2724 4364 non
2754 4310 3062 4381 desperare,
3089 4308 3331 4364 conilteri
3358 4316 3571 4378 peccata
3597 4348 3613 4372 ,

2028 4401 2300 4473 postulare
2340 4399 2649 4455 dilationem
2690 4396 2924 4470 aliquam
2965 4406 3020 4454 et
3058 4408 3264 4453 moram
3288 4432 3305 4463 ,
3344 4406 3400 4452 et
3440 4398 3614 4451 omnia

2032 4491 2128 4545 ista
2157 4491 2292 4546 bona
2321 4499 2444 4544 sunt
2470 4499 2526 4545 et
2553 4488 2747 4544 mentis
2782 4487 3029 4544 contrita:
3050 4528 3066 4550 .
3107 4495 3163 4542 et
3197 4486 3390 4541 anima:
3437 4485 3615 4542 humi-

2031 4580 2189 4633 liatm.
2220 4581 2349 4646 Qua:
2374 4579 2484 4648 jam
2528 4584 2843 4647 sequuntur,
2882 4586 3215 4648 nequaquam
3255 4576 3448 4632 similia
3492 4584 3619 4632 sunt

2031 4672 2393 4742 superioribus
2422 4677 2435 4726 ἑ
2463 4677 2583 4742 quat
2619 4669 2761 4725 enim
2788 4681 2883 4740 per
2919 4666 3359 4741 supplicationem
3388 4682 3617 4739 congre-

2032 4769 2249 4831 gavcral
2274 4800 2288 4823 ,
2331 4759 2445 4815 haec
2473 4760 2652 4814 omnia
2688 4759 2740 4814 in
2769 4760 3075 4814 universum
3105 4758 3289 4815 cﬂ'udit
3317 4774 3412 4830 per
3440 4758 3571 4813 iram
3594 4801 3611 4824 ,

2032 4866 2190 4922 quam
2223 4851 2273 4905 in
2307 4852 2607 4922 proximum
2635 4851 2894 4907 exercuit.
2924 4850 3029 4906 Sed
3051 4850 3162 4922 jam
3187 4850 3252 4905 ad
3277 4850 3492 4907 modum
3524 4851 3622 4904 do-

2035 4951 2173 4997 nata:
2198 4942 2366 4997 Venite
2397 4940 2764 5012 procedamus.
2798 4940 3083 4997 Videamus
3123 4941 3429 5012 qualitatem
3469 4941 3621 4996 istius

2036 5032 2367 5088 remissionis
2393 5074 2406 5097 ,
2434 5042 2487 5087 et
2508 5032 2700 5104 quibus
2725 5032 2883 5088 rebus
2908 5032 2974 5088 ad
3002 5032 3053 5088 id
3085 5032 3333 5087 dominus
3357 5030 3619 5085 adductus

2036 5125 2217 5182 fuerit.
2271 5125 2506 5180 Misenus
2548 5126 2684 5180 illius
2727 5126 2999 5192 dominus,
3047 5125 3215 5195 inquit
3253 5121 3575 5193 evangelista
3602 5163 3618 5185 ,

2035 5217 2242 5271 absolvit
2271 5232 2386 5271 eum
2405 5258 2420 5278 .
2443 5226 2490 5272 et
2514 5217 2735 5271 debitum
2760 5217 2947 5272 remisit
2973 5215 3193 5289 (Matth.
3227 5214 3315 5269 I8.
3350 5213 3421 5268 27
3441 5211 3483 5285 ).
3529 5213 3623 5269 llic

2036 5308 2346 5363 dilationem
2376 5308 2546 5378 petiit,
2578 5309 2677 5365 iste
2702 5310 2910 5364 veniam
2932 5308 3231 5373 concessit,
3262 5306 3397 5363 adeo
3417 5317 3475 5361 ut
3506 5307 3623 5377 plus

2035 5403 2275 5472 ceperit,
2307 5411 2464 5473 quam
2500 5403 2797 5473 postularit.
2826 5403 3160 5472 Quapmpter
3188 5400 3382 5457 Paulus
3413 5399 3620 5470 inquit,

2039 5494 2105 5549 Εἰ
2120 5538 2135 5555 .
2161 5497 2249 5563 qui
2272 5504 2429 5567 potest
2453 5495 2623 5548 omnia
2649 5497 2813 5564 facere
2838 5491 3329 5562 superabundautius
3354 5502 3504 5563 quam
3531 5508 3622 5562 pe-

2031 5584 2191 5639 timus
2214 5628 2229 5651 ,
2257 5596 2342 5639 aut
2368 5586 2645 5655 cogitamus
2671 5582 2887 5657 (Ephcs.
2916 5583 2969 5637 5.
2996 5582 3114 5655 20).
3146 5582 3262 5640 Non
3304 5585 3446 5637 cnim
3477 5592 3631 5653 putes

2038 5679 2272 5752 cogitare
2302 5687 2445 5733 tanta
2472 5720 2485 5745 ,
2515 5688 2712 5749 quanta
2751 5675 2837 5731 ille
2880 5675 3109 5733 instituit
3145 5676 3357 5733 donare
3396 5673 3511 5728 tibi.
3552 5672 3631 5725 Μ
