4054 6216
455 334 520 386 ‘27
1156 335 1208 391 S.
1245 334 1522 392 IOANNIS
1558 336 2024 393 CHRYSOSTOMI
2064 338 2380 395 ARCIIIEI’.
2419 336 2950 397 CONSTANTINUP.
3636 333 3708 386 Ξ8

456 447 617 516 igitur
646 448 915 518 pudelias,
945 465 1076 504 neve
1107 451 1410 518 erubescas,
1442 452 1548 504 imo
1576 453 1746 520 potius
1772 453 2026 523 pudorem

457 536 523 591 de
552 537 781 606 peccatis
801 538 989 608 collige
1011 579 1024 603 ,
1049 554 1116 594 ne
1140 539 1419 609 desperes,
1448 555 1578 594 neve
1604 542 1832 596 absistas
1856 557 1884 594 a
1910 557 2032 611 pre-

459 629 687 695 catione,
715 627 806 682 sed
831 629 1023 684 accede
1042 672 1056 695 ,
1084 629 1207 686 licet
1233 641 1477 699 peccator
1501 633 1574 686 sis
1597 674 1611 699 ,
1644 641 1698 686 ut
1723 633 2036 687 reconcilies

462 719 554 772 tibi
591 719 870 774 Dominum
896 761 910 785 ,
939 731 994 774 ut
1023 721 1118 776 des
1145 722 1218 775 illi
1260 723 1430 776 locum
1470 739 1616 777 suam
1657 723 2035 777 humanitatem

463 808 515 862 in
543 808 930 864 condonatione
962 820 1168 865 tuorum
1209 812 1486 865 criminum
1517 812 1801 866 exhibendi
1831 829 1843 864 :
1875 813 1994 881 quia
2017 853 2031 875 ,

461 900 505 952 si
535 899 721 954 timeas
757 900 1012 955 accedere
1034 941 1050 968 ,
1086 901 1312 970 impedis
1340 902 1480 956 illius
1514 902 1823 967 bonitatem,
1857 917 2034 956 remo-

462 989 598 1044 raris
645 989 797 1046 illius
825 991 1164 1061 benignitatis
1211 994 1507 1064 largitatem
1537 1034 1550 1058 ,
1599 1003 1852 1064 quantum
1890 994 1956 1048 ad
1987 1003 2038 1048 te

465 1080 676 1134 attinet.

540 1170 660 1226 Non
687 1172 812 1226 salte
841 1189 1010 1244 preces
1046 1177 1238 1229 ueniam
1283 1176 1571 1247 impetrant,
1601 1176 1689 1230 sed
1717 1192 1830 1230 cum
1874 1176 2038 1246 gratia

465 1262 581 1316 Dei.
613 1264 914 1318 Recordatio
941 1277 1254 1335 peccatorum
1295 1268 1453 1324 utilis.
1481 1267 1678 1322 Paulus
1727 1276 2037 1336 peccatorum

467 1367 675 1406 suorum
702 1355 1010 1409 recordatur.
1042 1387 1111 1395 —
1136 1356 1213 1411 Ne
1264 1355 1418 1428 igitur
1445 1358 1678 1410 animum
1705 1356 2038 1426 despondea—

468 1457 609 1510 mus,
635 1458 769 1498 neve
806 1459 905 1498 nos
948 1459 1140 1514 segnes
1192 1447 1505 1515 timidasque
1550 1447 1616 1501 ad
1668 1460 1852 1516 preces
1891 1443 2044 1500 exhi-

468 1531 706 1586 beamus.
738 1533 955 1587 Etiamsi
995 1533 1196 1589 detrusi
1224 1536 1390 1591 simus
1425 1537 1490 1591 ad
1535 1536 1843 1591 barathrum
1884 1534 2038 1588 mali-

470 1620 577 1688 tize,
609 1621 762 1677 facile
785 1624 909 1678 inde
941 1640 1038 1679 nos
1065 1625 1344 1681 extrahere
1383 1630 1592 1697 poterit.
1640 1627 1809 1683 Nemo
1839 1635 2038 1680 tantum

467 1715 704 1782 peccavit
729 1724 981 1784 quantum
1011 1717 1110 1771 iste
1137 1735 1149 1770 :
1177 1734 1295 1771 nam
1325 1724 1376 1771 in
1399 1735 1555 1773 omne
1590 1734 1758 1788 genus
1780 1719 2040 1774 scelerum

431 1840 433 1843 -
470 1815 782 1874 proruperat
814 1823 827 1859 :
859 1807 909 1860 id
937 1809 1078 1862 enim
1106 1810 1402 1878 signiﬁcant
1447 1811 1582 1864 dena
1630 1810 1792 1864 millia
1821 1810 2042 1864 talento-

469 1907 585 1946 rum
620 1911 632 1946 :
689 1909 848 1950 nemo
895 1897 965 1950 ita
1014 1898 1168 1966 in0p3
1195 1898 1404 1952 virtutis
1441 1908 1542 1962 est,
1571 1907 1628 1952 ut
1657 1899 1754 1952 iste
1782 1898 1876 1952 fuit
1905 1914 1919 1950 :
1944 1897 2043 1950 hoc

471 1982 613 2037 enim
649 1984 960 2055 intelligitur
1012 2003 1079 2042 ex
1119 2002 1216 2055 eo,
1265 1988 1405 2058 quod
1454 1988 1585 2044 nihil
1637 1989 1856 2044 haberet
1901 1987 2040 2058 quod

471 2073 809 2142 rependeret.
857 2079 1105 2132 Attamen
1149 2078 1516 2149 undecumque
1555 2081 1819 2136 desertum
1857 2089 1911 2134 et
1958 2080 2042 2133 in-

473 2177 628 2234 opem
655 2168 823 2236 potuit
853 2170 934 2222 vis
961 2183 1174 2237 precum
1201 2169 1446 2225 liberare.
1469 2170 1714 2231 Tantum,
1747 2169 1932 2240 inquit,
1956 2185 2045 2222 va-

473 2258 544 2310 let
585 2261 850 2328 precatio,
881 2269 938 2314 ut
969 2276 1091 2316 eum
1123 2262 1212 2332 qui
1251 2262 1543 2316 innumeris
1582 2261 1741 2316 rebus
1785 2269 1840 2316 et
1889 2261 2046 2316 factis

474 2347 752 2403 Dominum
803 2349 1118 2418 offenderit,
1149 2366 1179 2405 a
1223 2367 1378 2422 poena
1432 2360 1487 2406 et
1535 2351 1792 2422 supplicio
1842 2351 2048 2421 eripere

475 2438 640 2505 possit
660 2439 683 2491 ‘t
704 2439 881 2493 Potest
903 2440 1039 2495 haud
1068 2442 1245 2496 dubie.
1272 2444 1384 2497 Non
1406 2444 1548 2497 enim
1572 2443 1658 2496 illa
1683 2443 1794 2496 sola
1824 2453 1906 2497 est
1931 2458 2049 2512 quae

475 2526 650 2578 omnia
705 2527 947 2593 conﬁcit,
986 2529 1078 2584 sed
1119 2529 1279 2586 habet
1318 2533 1519 2585 sociam
1571 2541 1625 2584 et
1665 2531 2046 2585 auxiliatricem

463 2617 756 2670 maximam
788 2617 1166 2675 humanitatem
1193 2622 1323 2686 Dei,
1347 2622 1436 2692 qui
1457 2635 1643 2693 preces
1662 2622 1874 2690 accipit,
1897 2621 2050 2690 cujus

476 2706 676 2760 viribus
698 2709 874 2763 omnia
906 2709 1057 2776 ﬁunt,
1083 2721 1132 2765 et
1162 2727 1279 2781 qua:
1299 2715 1591 2766 orationem
1627 2713 1898 2766 efﬁcacem
1923 2712 2050 2766 red-

479 2796 635 2853 didit.
667 2797 720 2853 Id
769 2799 927 2871 igitur
969 2803 1310 2858 subindicaus
1333 2843 1350 2870 ,
1377 2803 1528 2868 dixit,
1555 2802 1791 2858 Misenus
1819 2803 2051 2858 dominus

476 2889 585 2958 ejus
604 2890 813 2945 absolvit
833 2909 966 2960 eum,
996 2907 1040 2948 et
1061 2909 1128 2948 ars
1155 2895 1370 2948 alienum
1392 2895 1577 2948 remisit
1596 2895 1640 2948 ei
1664 2911 1682 2948 :
1705 2904 1757 2949 ut
1787 2895 1980 2960 discas,
1999 2903 2053 2948 et

480 2988 598 3046 post
638 2995 840 3049 preces,
873 2991 927 3037 et
971 2993 1095 3038 ante
1138 2998 1323 3053 preces
1373 2983 1572 3039 domini
1627 2985 1828 3040 viscera
1883 2993 2050 3039 totum

461 3077 607 3132 illud
661 3077 926 3147 negotium
970 3076 1174 3131 fecisse.
1229 3075 1474 3148 Egressus
1518 3085 1682 3130 autem
1731 3077 1818 3132 ille
1868 3077 2053 3132 invenit

481 3187 638 3223 unum
677 3186 1024 3224 conservorum
1068 3186 1294 3235 suorum,
1341 3170 1427 3240 qui
1471 3170 1570 3241 ipsi
1605 3169 1806 3224 debebat
1855 3181 2053 3225 centum

476 3263 710 3317 denarios
729 3304 743 3325 ,
771 3272 816 3316 et
854 3272 1022 3317 tenens
1048 3261 1324 3328 su/Iocabat
1348 3279 1460 3317 eum
1486 3263 1656 3317 dicens
1683 3280 1702 3317 :
1726 3263 1900 3318 Redde
1921 3265 2055 3335 quod

477 3352 624 3406 debes
651 3352 866 3423 (Matth.
895 3353 978 3408 18.
1007 3351 1120 3424 28).
1153 3352 1290 3420 Quid
1345 3353 1618 3408 scelestius
1675 3353 1785 3408 fieri
1840 3355 2055 3424 potest?

481 3443 670 3500 Adhuc
696 3445 839 3499 enim
864 3445 1105 3500 beneﬁcii
1136 3460 1321 3500 vocem
1351 3444 1404 3499 in
1432 3444 1650 3499 auribus
1677 3460 1889 3516 gerens,
1916 3445 2052 3500 obli-

463 3545 564 3590 ttus
593 3545 673 3591 est
712 3535 893 3591 herilis
920 3536 1185 3590 bonitatis.

540 3631 606 3682 L7.
649 3629 725 3682 Eu
764 3636 1015 3699 quantum
1067 3629 1262 3682 bonum
1316 3636 1398 3682 est
1443 3639 1780 3698 peccatorum
1837 3643 2052 3682 suorum

472 3719 848 3775 uneminissc-t
872 3720 1084 3774 sieuim
1131 3720 1216 3775 hic
1256 3730 1510 3790 perpetuo
1537 3738 1719 3776 eorum
1746 3722 2054 3776 memoriam

478 3811 815 3878 retinuisset,
841 3828 944 3866 non
959 3811 1244 3867 tamferus
1293 3823 1347 3867 et
1371 3813 1618 3868 immanis
1655 3815 1822 3868 factus
1850 3813 2051 3868 fuisset.

491 3903 774 3971 Propterea
793 3902 1004 3958 assidue
1023 3902 1143 3957 dico
1157 3945 1171 3969 ,
1191 3918 1290 3959 nec
1315 3905 1548 3960 omittam
1573 3906 1771 3971 dicere,
1801 3906 1952 3960 valde
1965 3913 2058 3960 est

490 3995 618 4050 utile
647 4004 700 4050 et
739 3996 1096 4051 necessarium
1145 4005 1400 4066 perpetuo
1438 3997 1702 4052 recordari
1745 3997 2054 4053 de'ielorum

488 4088 722 4141 omnium
752 4105 764 4142 :
797 4086 926 4143 nihil
948 4089 1092 4143 enim
1117 4089 1186 4142 ita
1216 4100 1359 4145 reete
1387 4089 1701 4156 institutam,
1731 4091 2055 4145 trac'abilem

489 4189 543 4234 et
565 4180 744 4234 mitem
761 4179 989 4232 animam
1013 4179 1185 4235 facere
1205 4190 1555 4250 potest,quam
1575 4192 1824 4251 perpetua
1837 4181 2056 4236 delicto-

489 4284 606 4323 rum
630 4268 943 4323 rccordatio.
963 4267 1083 4324 Ideo
1109 4279 1162 4324 et
1187 4270 1380 4325 Paulus
1394 4287 1506 4326 non
1529 4272 1697 4325 solum
1724 4281 2055 4339 rel-calorum

487 4378 690 4426 eorum,
716 4373 832 4434 qum
857 4371 980 4418 ante
1021 4363 1307 4428 lavacrum,
1340 4363 1432 4418 sed
1474 4364 1631 4418 etiam
1661 4379 1778 4433 quze
1818 4373 1938 4434 post
1963 4364 2056 4418 ba-

488 4457 736 4525 ptismum
759 4456 1043 4512 commissa
1067 4465 1237 4521 erant,
1261 4471 1466 4510 memor
1493 4456 1607 4520 fuit,
1623 4457 1863 4526 quamvis
1891 4456 2056 4511 semel

488 4550 666 4603 omnia
715 4559 767 4605 et
817 4549 988 4605 deleta
1029 4558 1084 4604 et
1129 4550 1385 4604 exstincta
1427 4557 1624 4603 essent.
1653 4549 1706 4604 Si
1751 4559 1926 4603 autem
1971 4549 2060 4603 ille

488 4654 675 4692 eorum
703 4677 722 4705 ,
749 4654 867 4708 qum
893 4648 1015 4694 ante
1041 4639 1359 4710 baptismum
1385 4649 1624 4710 gesserat
1642 4681 1657 4707 ,
1695 4655 1900 4694 memor
1940 4640 2056 4704 fuit,

491 4729 660 4782 multo
688 4729 854 4798 magis
884 4745 996 4792 nos,
1025 4745 1144 4797 qua:
1184 4740 1302 4799 post
1342 4731 1658 4800 baptismum
1685 4741 1800 4786 acta
1827 4739 1980 4796 sunt,
2007 4733 2056 4786 itt

493 4819 749 4872 memoria
802 4821 1032 4873 retinere
1079 4820 1500 4886 debemus;non
1548 4821 1689 4875 enim
1751 4822 1920 4876 solum
1973 4822 2058 4876 illa

495 4908 790 4963 istiusmodi
842 4909 1207 4964 recordatione
1259 4910 1672 4980 exstinguimus,
1702 4911 1796 4966 sed
1849 4921 1901 4965 et
1941 4912 2062 4967 inde

495 5015 616 5068 erga
649 5015 836 5053 omnes
860 4999 1101 5053 homines
1131 5001 1368 5054 mitiores
1388 5001 1698 5064 efﬁciemur,
1721 5010 1775 5057 et
1807 5002 1915 5055 Deo
1941 5017 2060 5054 cum

492 5089 682 5159 majori
729 5089 1094 5144 benevolentia
1148 5090 1533 5156 inserviemus,
1585 5090 1897 5145 ineffabilem
1949 5090 2059 5157 ejus

495 5180 875 5234 humanitatem
907 5193 969 5234 ex
1015 5180 1313 5234 istiusmodi
1359 5181 1612 5234 memoria
1659 5181 2056 5249 perspicientes.

498 5270 649 5336 Quod
678 5271 777 5325 iste
807 5287 910 5324 non
934 5270 1052 5324 fecit
1072 5309 1086 5334 ,
1115 5269 1206 5323 sed
1237 5270 1431 5324 oblitus
1460 5271 1833 5341 magnitudinis
1855 5271 2062 5324 debito-

498 5377 614 5417 rum
646 5375 885 5428 suorum,
912 5363 1068 5416 etiam
1099 5362 1338 5416 beneﬁcii
1369 5362 1565 5416 domini
1609 5378 1711 5416 non
1759 5362 2064 5416 recordatus

501 5463 620 5519 est;
653 5452 923 5509 oblivione
971 5467 1129 5521 porro
1176 5453 1415 5508 beneﬁcii
1459 5454 1649 5508 factum
1675 5463 1773 5517 est,
1803 5461 1859 5506 ut
1897 5453 2062 5507 scele-

498 5553 612 5598 rate
634 5559 692 5600 se
720 5545 942 5614 gesserit
983 5544 1236 5600 adversus
1265 5559 1600 5606 conservum,
1628 5555 1680 5599 et
1708 5546 1964 5599 scelerate
2005 5559 2064 5598 se

502 5633 735 5702 gerendo
765 5636 936 5690 omnia
968 5635 1272 5704 perdiderit,
1291 5651 1406 5704 qua:
1437 5651 1464 5688 a
1498 5636 1586 5690 Dei
1617 5636 1848 5690 bonitate
1879 5649 2066 5689 Consc-

494 5732 692 5794 quutus
739 5735 892 5793 erat,
937 5724 1133 5780 Tenetis
1181 5729 1311 5780 enim
1353 5725 1629 5793 stt/Iocabat
1674 5743 1817 5793 eunt,
1856 5727 2061 5796 dicens,

2145 454 2317 508 Redde
2338 455 2382 508 si
2403 455 2524 522 quid
2545 455 2690 508 debes
2718 471 2736 508 :
2767 471 2870 509 non
2898 453 3030 508 dixit
3049 495 3062 519 ,
3095 452 3277 508 Redde
3305 461 3515 505 centum
3543 448 3706 502 dena-

2143 547 2252 597 rios
2286 560 2300 596 :
2336 545 2608 614 puduisset
2639 546 2779 600 enim
2808 561 2930 600 eum
2957 545 3230 600 nominare
3275 543 3504 596 tantillas
3531 541 3708 594 minu-

2142 636 2260 698 tias,
2283 634 2374 687 sed
2407 634 2578 688 Redde
2600 635 2642 688 si
2663 635 2783 704 quid
2811 636 2974 688 debes.
3009 633 3106 687 Ille
3130 643 3292 686 autem
3314 633 3496 685 cadens
3522 631 3592 682 ad
3623 645 3712 698 pe-

2141 725 2226 776 des
2247 727 2354 796 ejus
2377 726 2672 778 obsecrabat
2714 725 2882 779 dicens
2912 741 2930 778 :
2957 723 3259 778 Patientiam
3287 722 3410 775 habe
3435 721 3487 774 in
3518 737 3595 772 me
3612 759 3628 784 ,
3664 726 3712 771 et

2140 815 2309 868 omnia
2351 814 2560 868 reddam
2608 815 2697 867 tibi
2738 813 2947 882 (blatth.
3002 814 3086 868 18.
3123 811 3485 882 29).⁷Εἱεὰεῐη
3533 808 3715 862 verbis

2139 917 2290 956 suam
2322 903 2545 956 salutem
2575 912 2712 968 orat,
2733 904 2926 973 quibus
2953 904 3041 958 ille
3069 903 3274 958 veniam
3301 916 3330 955 a
3355 899 3572 955 domino
3608 897 3711 950 im-

2139 999 2458 1060 petraverat.
2508 991 2556 1046 ls
2598 1001 2776 1048 autem
2803 1008 2911 1061 prae
2943 993 3100 1046 nimia
3148 991 3458 1046 crudelitate
3490 1003 3554 1042 ne
3597 987 3717 1042 istis

2139 1080 2351 1149 quidem
2393 1082 2568 1136 verbis
2619 1081 2951 1146 flectebatur,
2981 1097 3150 1151 neque
3197 1080 3464 1150 cogitavit,
3504 1091 3563 1132 se
3617 1090 3720 1145 per

2141 1169 2255 1225 lucc
2297 1170 2434 1226 dicta
2481 1172 2707 1227 salutem
2758 1173 3042 1228 invenisse.
3098 1172 3346 1240 Quiuimo
3398 1169 3442 1223 si
3479 1168 3718 1223 debitum

2142 1263 2454 1329 remisisset,
2489 1279 2555 1318 ne
2611 1263 2681 1318 ita
2724 1265 2936 1335 quidem
2995 1279 3093 1334 pro
3146 1263 3472 1317 humanitate
3517 1259 3718 1315 factum

2143 1352 2272 1406 illttd
2325 1353 2684 1422 imputandum
2715 1354 2932 1419 fuisset,
2980 1354 3074 1410 sed
3117 1369 3213 1423 pro
3240 1353 3438 1408 debito.
3467 1351 3522 1407 Si
3561 1349 3709 1405 enim

2143 1454 2266 1499 ante
2304 1449 2563 1500 rationem
2600 1445 2811 1510 initam,
2845 1454 2900 1500 et
2928 1445 3240 1499 bent-ﬁcium
3268 1453 3582 1512 acceptum,
3613 1439 3718 1495 hoe

2145 1534 2380 1605 fecisset,
2410 1537 2574 1606 ipsius
2614 1525 3032 1607 magnanimitati
3085 1535 3189 1591 tale
3239 1534 3433 1589 factum
3480 1530 3716 1586 adscribi

2146 1627 2447 1694 potuisset:
2474 1628 2584 1696 jam
2635 1642 2764 1682 vero
2801 1637 2906 1681 tam
2956 1627 3248 1682 clementer
3299 1624 3510 1678 habitus
3551 1630 3604 1675 et
3638 1629 3720 1674 tot

2147 1725 2488 1782 peccatorum
2543 1718 2860 1773 remissione
2907 1718 3169 1785 donatus,
3224 1716 3288 1771 ad
3355 1729 3537 1786 parem
3591 1727 3717 1782 erga

2145 1818 2464 1859 conservum
2519 1805 2855 1861 clementiam
2913 1807 3174 1878 obligatus
3223 1815 3354 1860 erat.
3402 1805 3492 1859 llle
3544 1811 3720 1857 tamen

2145 1895 2275 1948 nihil
2303 1895 2598 1950 istiusmodi
2625 1895 2747 1952 fecit
2773 1938 2788 1964 ,
2817 1906 2905 1952 aut
2931 1899 2984 1952 in
3013 1905 3243 1952 mentem
3272 1896 3482 1949 admisit
3502 1934 3515 1958 ,
3545 1903 3601 1948 ut
3622 1907 3720 1946 co-

2145 1986 2351 2054 gitaret,
2385 1995 2636 2056 quantum
2667 1988 2946 2042 interesset
2975 1989 3110 2042 inter
3133 1986 3721 2052 condonationem,qu:e

2146 2077 2244 2147 ipsi
2269 2091 2299 2131 a
2325 2077 2540 2131 domino
2560 2079 2869 2148 contigerat,
2889 2087 2943 2132 et
2968 2093 3083 2131 eam
3111 2091 3228 2146 qua:
3254 2091 3375 2146 erga
3403 2090 3721 2129 eonscrvum

2146 2165 2444 2221 exhibenda
2475 2175 2589 2222 erat
2623 2185 2635 2222 :
2665 2183 2768 2220 non
2795 2169 2935 2222 enim
2973 2167 3140 2222 solum
3170 2165 3531 2236 magnitudine
3569 2162 3720 2219 debi-

2150 2263 2322 2310 torum
2347 2264 2440 2310 aut
2468 2256 2718 2326 dignitate
2744 2272 3109 2326 personarum,
3133 2256 3226 2311 sed
3275 2271 3339 2310 eo
3381 2258 3495 2324 ipso
3535 2253 3716 2318 modo,

2149 2361 2255 2416 quo
2295 2361 2381 2401 res
2409 2357 2522 2401 acta
2554 2357 2635 2401 est
2654 2388 2668 2412 ,
2699 2363 2945 2418 magnum
2977 2350 3110 2402 inter
3141 2356 3418 2415 utrumque
3439 2346 3724 2400 discrimen

2150 2437 2469 2506 conspicias.
2499 2437 2628 2492 Illud
2660 2439 2800 2492 enim
2827 2438 3058 2494 debitum
3090 2437 3272 2493 decem
3307 2437 3525 2491 millium
3555 2436 3726 2491 talen-

2152 2535 2322 2583 torum
2345 2541 2479 2594 crat,
2508 2529 2608 2584 hoc
2648 2539 2859 2585 centum
2897 2531 3235 2585 denariorum
3267 2548 3280 2583 :
3311 2537 3363 2584 et
3393 2529 3480 2584 ille
3513 2527 3727 2599 quidem

2153 2619 2206 2673 in
2255 2620 2527 2676 dominum
2575 2621 2956 2677 contumeliose
3010 2629 3336 2692 peccaverat,
3363 2620 3446 2674 hic
3491 2628 3728 2673 tantum-

2153 2712 2312 2767 modo
2341 2728 2598 2768 conservo
2619 2715 2882 2784 obligatus
2910 2723 3025 2769 erat
3050 2731 3062 2766 :
3087 2713 3175 2768 ille
3203 2712 3472 2769 beneﬁciis
3494 2711 3727 2781 acceptis

2153 2803 2290 2858 bene
2335 2805 2530 2860 mereri
2580 2805 2810 2860 vicissim
2857 2805 3104 2868 debebat,
3133 2803 3416 2869 dominus,
3445 2802 3533 2874 qui
3593 2799 3726 2855 nihil

2154 2893 2278 2949 boni
2314 2905 2404 2950 aut
2441 2896 2614 2966 magni
2643 2905 2732 2950 aut
2777 2896 2926 2966 parvi
2965 2896 3031 2951 ab
3074 2895 3190 2964 ipso
3239 2896 3429 2949 factum
3479 2892 3726 2956 videbat,

2154 2986 2329 3040 omnia
2374 2987 2599 3040 remisit.
2631 2987 2883 3055 Attamen
2930 2987 3057 3041 nihil
3099 2986 3288 3041 horum
3314 2983 3600 3054 cogitavit;
3631 2981 3726 3035 sed

2155 3076 2321 3131 semel
2349 3075 2416 3130 ab
2439 3076 2514 3130 ira
2546 3087 2844 3131 exetecatus
2862 3118 2878 3142 ,
2905 3076 3196 3132 sutl‘ocahat
3223 3091 3362 3139 eum,
3387 3083 3440 3128 et
3471 3073 3520 3126 in
3545 3085 3725 3126 carce-

2159 3181 2271 3222 rem
2305 3165 2531 3235 conjecit
2560 3165 2718 3236 (Ibid.
2743 3183 2788 3221 υ.
2823 3165 2933 3238 30).
2968 3166 3220 3222 Videntes
3267 3173 3442 3218 autem
3482 3159 3724 3216 conservi

2156 3259 2270 3329 ejus
2317 3257 2568 3328 indignati
2613 3269 2735 3313 sunt
2764 3257 2922 3330 (Ibid.
2947 3275 2994 3312 υ.
3038 3259 3162 3327 5t),
3206 3265 3261 3311 ut
3302 3255 3373 3310 ait
3411 3253 3725 3322 Scriptura,

2155 3358 2210 3405 et
2239 3357 2363 3405 ante
2397 3349 2668 3404 dominum
2730 3349 2974 3403 conservi
3029 3363 3148 3402 eum
3199 3347 3585 3402 damnaverunt
3626 3383 3638 3407 ,
3671 3350 3729 3395 ut

2156 3440 2332 3496 discas
2369 3440 2567 3496 domini
2613 3439 3090 3494 mansuetudinem.
3118 3437 3252 3491 Cum
3295 3437 3529 3490 audisset
3558 3433 3607 3489 id
3634 3432 3730 3486 do-

2158 3532 2354 3598 minus,
2386 3545 2571 3585 rursus
2597 3530 2854 3584 adversus
2880 3544 2998 3584 eum
3027 3527 3252 3580 acetum
3285 3525 3540 3594 judicium
3576 3523 3728 3576 insti-

2159 3625 2454 3694 tuit,neque
2474 3623 2556 3678 vel
2578 3631 2685 3678 tum
2705 3620 3013 3690 simpliciter
3037 3615 3528 3674 condemnationem
3551 3612 3724 3676 etl‘ert,

2158 3715 2252 3772 sed
2285 3716 2428 3786 prius
2456 3723 2718 3784 tamquam
2747 3711 2814 3766 de
2838 3712 2960 3780 jure
2989 3725 3108 3764 cum
3144 3708 3230 3761 illo
3255 3707 3532 3774 disceptat.
3555 3704 3727 3758 Caue-

2160 3822 2278 3862 rum
2310 3805 2504 3876 quibus
2530 3804 2580 3858 id
2611 3803 2785 3856 verbis
2807 3801 2930 3855 facit
2949 3801 2972 3854 ’ἲ
2993 3801 3146 3854 Serve
3161 3813 3396 3866 nequam,
3425 3810 3569 3848 omne
3595 3791 3732 3846 debi-

2160 3908 2264 3952 tum
2293 3897 2423 3952 illud
2449 3895 2615 3950 remisi
2643 3893 2729 3947 tibi
2758 3890 2918 3963 (Ibid.
2949 3909 2996 3945 υ.
3029 3889 3143 3961 52).

2231 3987 2458 4042 Facilius
2487 3987 2580 4041 sibi
2602 4002 2753 4056 quant
2779 3985 2894 4038 aliis
2925 3983 3089 4036 debita
3114 3979 3317 4036 remittit
3349 3978 3578 4032 Deus.—
3597 3973 3731 4044 Quid

2161 4079 2349 4134 melius
2377 4093 2442 4134 eo
2467 4077 2705 4140 domino,
2737 4075 2820 4129 cui
2851 4089 2971 4128 cum
3000 4072 3321 4126 deberentur
3353 4069 3540 4123 decem
3569 4064 3730 4118 millia

2161 4171 2501 4234 talentorum,
2529 4183 2598 4222 ne
2624 4167 2787 4220 verbo
2835 4164 3046 4232 quidem
3093 4159 3456 4216 stomachatus
3482 4165 3594 4220 est,
3643 4160 3732 4205 aut

2161 4263 2438 4318 scelestum
2465 4256 2790 4330 appellavit?
2817 4255 2908 4310 sed
2953 4269 3075 4308 eum
3123 4248 3484 4306 tantummodo
3513 4259 3732 4300 venum-

2161 4353 2275 4408 dari
2302 4349 2460 4421 jussit
2491 4367 2506 4403 :
2537 4349 2692 4418 idque
2742 4363 2807 4401 eo
2850 4347 2975 4409 ﬁne,
3009 4354 3064 4397 ut
3103 4357 3131 4397 a
3161 4341 3354 4396 debitis
3399 4339 3730 4393 liberaretur.

2163 4445 2348 4500 Eidem
2399 4459 2524 4498 cum
2570 4442 2824 4495 adversus
2867 4453 3182 4493 conservum
3227 4433 3468 4502 improbe
3517 4433 3732 4502 egisset,

2162 4535 2523 4591 stornachatur
2554 4549 2568 4586 :
2601 4541 2658 4588 ut
2701 4532 2875 4586 discas
2918 4531 3090 4598 ipsum
3138 4526 3342 4582 facilius
3387 4523 3527 4597 quod
3575 4523 3628 4577 in
3679 4535 3738 4575 se

2165 4636 2412 4698 peccetur
2431 4669 2446 4694 ,
2478 4640 2634 4695 quam
2661 4623 2802 4695 quod
2841 4622 3096 4677 adversus
3121 4619 3271 4682 alios,
3303 4617 3574 4672 remittere
3602 4611 3738 4666 sole-

2163 4738 2244 4778 re.
2278 4723 2355 4776 Ac
2398 4737 2502 4775 non
2525 4717 2663 4773 istud
2683 4723 2733 4770 in
2761 4715 2861 4770 hoc
2876 4715 2990 4769 solo
3009 4715 3124 4768 loco
3142 4710 3482 4775 facit,verum
3511 4712 3566 4758 et
3586 4701 3727 4756 alibi.

2166 4815 2228 4870 Si
2254 4816 2406 4878 enim,
2439 4812 2628 4881 inquit,
2653 4809 2802 4875 offers
2831 4823 3010 4860 manus
3047 4815 3184 4858 tuum
3220 4801 3287 4852 ad
3325 4801 3515 4858 altare,
3539 4803 3586 4848 et
3631 4792 3736 4845 illic

2164 4904 2454 4959 recordatus
2485 4903 2661 4971 fueris,
2689 4898 2822 4967 quod
2850 4898 3008 4965 frater
3037 4905 3150 4946 tuus
3179 4893 3322 4944 habet
3345 4886 3536 4955 aliquid
3559 4885 3736 4938 adver-

2163 5009 2276 5048 sum
2299 5002 2344 5045 te
2363 5033 2378 5056 ,
2407 4989 2488 5042 abi
2511 4990 2747 5058 primum,
2782 4997 2833 5038 ut
2863 4983 3192 5039 reconcilieris
3215 4981 3360 5050 fratri
3387 4987 3498 5042 tuo,
3532 4992 3591 5028 ac
3633 4987 3739 5028 tum

2165 5084 2362 5136 veniens
2406 5079 2536 5145 o/fer
2583 5094 2764 5131 ntunus
2809 5087 2948 5129 tuum
2977 5073 3185 5144 (Matth.
3214 5072 3267 5125 5.
3299 5071 3386 5125 25.
3419 5068 3534 5140 9.1).
3583 5067 3738 5122 Vides

2167 5188 2324 5238 quam
2375 5170 2566 5239 ubique
2626 5167 2737 5220 suis
2787 5175 2966 5220 nostra
3013 5169 3333 5231 anteponat,
3365 5173 3651 5228 pacemque
3687 5167 3740 5212 et

2166 5267 2440 5320 caritatem
2485 5260 2844 5330 proximorum
2898 5270 3105 5311 summo
3153 5255 3268 5307 loco
3319 5252 3646 5306 constituat?
3674 5249 3739 5304 Et

2168 5370 2352 5411 rursos
2371 5354 2492 5408 alibi
2517 5375 2528 5407 :
2557 5351 2866 5416 Quicumque
2893 5345 3124 5415 repudiat
3159 5360 3366 5397 uxorem
3407 5359 3548 5396 suam
3567 5384 3581 5406 ,
3612 5354 3736 5410 pra-

2169 5456 2389 5518 terquam
2416 5449 2607 5498 ratione
2630 5441 2886 5504 adulterii,
2916 5454 3026 5491 eam
3053 5436 3332 5490 adulterari
3355 5437 3474 5505 facit
3503 5437 3517 5491 l
3527 5432 3660 5485 Ibid.
3686 5447 3732 5485 υ.

2169 5539 2281 5611 52).
2307 5539 2407 5594 Per
2439 5537 2656 5591 Paulum
2686 5543 2858 5609 autem
2889 5531 3022 5584 hanc
3050 5530 3216 5600 legem
3243 5529 3432 5592 sancit,
3455 5527 3514 5582 Si
3533 5525 3643 5596 quis
3669 5525 3741 5576 vir

2170 5648 2374 5688 uxorem
2398 5630 2540 5683 habet
2557 5627 2831 5696 inﬁdelem,
2851 5626 2988 5694 eique
3007 5625 3199 5694 placeat
3224 5639 3335 5676 eum
3361 5623 3468 5690 ipso
3494 5619 3738 5682 habitare,

2174 5741 2234 5778 ne
2255 5723 2470 5776 dimittat
2516 5735 2623 5775 eam
2650 5717 2721 5790 (1.
2748 5716 2864 5801 Cor.
2894 5719 2946 5800 7_.
2985 5717 3087 5788 ω).
3115 5713 3265 5784 Quod
3289 5714 3334 5769 si
3363 5711 3598 5766 adultera
3629 5707 3735 5775 sit,
