4054 6216
485 324 554 379 29
1215 319 1272 375 S.
1300 316 1582 376 JOANNIS
1611 314 2089 374 CIIRYSOSTOMI
2118 314 2433 372 ARCIIIEP.
2467 312 3007 371 CONSTANTINOP.
3656 311 3725 365 50

485 427 574 479 τὸν
622 424 868 497 ἥμαρτεν
923 423 1293 497 ἁμαρτήματα
1339 424 1597 492 τοσαῦτα,
1647 422 2052 494 συνεχώρησεν

477 512 572 567 ότε
615 512 672 567 δὲ
707 514 789 578 εἰς
826 514 918 569 τὸν
958 515 1239 569 σύνδουλον
1285 517 1533 590 ἥμαρτεν
1574 516 1833 570 ἐλάττονα
1874 511 2057 582 πολλῷ

484 605 582 663 καὶ
609 604 820 677 βραχίω
842 604 951 659 τῶν
977 607 1059 670 εἰς
1092 607 1185 661 τὸν
1209 607 1499 679 δεσπότην,
1527 608 1630 660 οὐκ
1672 606 1906 677 ἀφῆκεν,
1939 604 2055 658 ἀλλ’

482 694 783 765 ἐπεξῆλθε·
811 695 908 749 καὶ
945 695 1179 751 ἐνταῦθα
1226 698 1327 767 μὲν
1365 697 1601 769 πονηρὸν
1630 695 1910 755 ἐκάλεσεν,
1942 693 2058 746 ἐκεῖ

481 788 540 842 δὲ
568 788 686 844 οὐδὲ
711 788 872 860 μέχρι
898 790 1140 861 ῥήματος
1168 790 1332 845 αὐτὸν
1355 790 1613 861 ἐλύπησε.
1644 787 1743 842 Διὰ
1769 787 1928 841 τοῦτο
1957 786 2057 857 μὲν

483 882 581 935 καὶ
625 882 858 937 ἐνταῦθα
899 884 993 936 καὶ
1032 882 1190 936 τοῦτο
1244 883 1602 955 πρόσκειται,
1654 883 1736 935 ὅτι
1782 878 2060 952 ὀργισθεὶς

483 973 799 1044 παρέδωκεν
841 973 1003 1027 αὐτὸν
1031 977 1146 1037 τοῖς
1179 973 1529 1044 βασανισταῖς
1549 991 1562 1004 ·
1594 971 1757 1044 ἡνίκα
1795 971 1853 1025 δὲ
1894 968 2057 1025 αὑτὸν

421 1072 433 1083 ·
484 1055 680 1127 ἀπῄτει
708 1055 865 1125 λόγον
900 1055 1009 1109 τῶν
1039 1056 1250 1128 μυρίων
1276 1057 1577 1120 ταλάντων,
1624 1055 1777 1109 οὐδὲν
1809 1053 2056 1107 τοιοῦτον

485 1147 826 1219 προσέθηκεν
846 1163 859 1178 ο
889 1148 974 1200 ῖνα
1009 1147 1156 1221 μάθῃ
1167 1166 1207 1211 ς,
1230 1149 1311 1202 ὅτι
1335 1147 1518 1219 εκείνη
1546 1147 1645 1219 μὲν
1669 1148 1703 1218 ἡ
1727 1146 1909 1217 ψῆφος
1934 1144 2057 1215 οὺχί

481 1236 655 1308 ὀργῆς
683 1233 773 1308 ἦν,
803 1238 937 1291 ἀλλά
959 1238 1287 1309 κηδεμονίας
1316 1238 1454 1310 πρὸς
1483 1238 1833 1309 συγχώρησιν
1856 1238 2057 1305 ἐπαγο-

488 1330 685 1400 μένης·
725 1328 865 1399 αῦτη
900 1330 957 1384 δὲ
999 1330 1165 1382 αὐτὸν
1200 1328 1437 1401 μάλιστα
1465 1328 1784 1401 παρώξυνεν
1808 1329 1844 1399 ἡ
1880 1327 2060 1398 άμαρο

484 1423 596 1477 τία.
646 1419 781 1495 ¹Ἀρα
814 1423 866 1477 τί
906 1423 1103 1493 γένοιτ’
1151 1423 1219 1478 ἀν
1266 1423 1634 1495 μνησικακίας
1671 1425 1880 1495 χεῖρον,
1930 1422 2058 1474 ὅταν

486 1513 897 1587 φιλανθρωπίαν
940 1515 1313 1587 ὲξενεχθεῖσαν
1360 1515 1717 1571 ἀνακαλεῖται
1758 1511 1917 1578 Θεοῦ,
1964 1511 2060 1566 κα)⁸

486 1604 631 1677 ἀπερ
658 1607 759 1660 οὐκ
789 1606 1008 1677 ίσχυσεν
1049 1606 1213 1660 αὐτὸν
1257 1606 1524 1660 διαθεῖναι
1554 1604 1625 1661 τά
1661 1604 2057 1675 ἁμαρτήματα,

484 1694 654 1749 ταῦτα
684 1695 856 1767 ἰσχύει
898 1696 1065 1751 αὐτὸν
1100 1698 1442 1768 ἐργάσασθαι
1468 1700 1501 1769 ἡ
1531 1696 1674 1750 κατά
1702 1695 1798 1749 τοῦ
1828 1695 2059 1766 πλησίον

483 1785 655 1857 ὀργής
697 1787 887 1841 Καίτοι
916 1804 980 1855 γε
1018 1788 1329 1859 γέγραπται
1352 1829 1366 1850 ,
1406 1788 1489 1840 ὅτι
1542 1785 1960 1858 Ἀμεταμέλητα
1990 1782 2060 1836 τά

484 1877 796 1948 χαρίσματα
834 1877 930 1931 τοῦ
959 1878 1117 1933 Θεοῦ.
1154 1879 1281 1943 Πῶς
1309 1875 1404 1933 οὖν
1432 1877 1669 1932 ἐνταῦθα
1706 1877 1845 1949 μετά
1873 1876 1935 1930 τὸ
1973 1874 2059 1940 ὲξ-

482 1968 773 2039 ενεχθῆναι
822 1968 920 2042 τὴν
970 1969 1202 2041 δωρεάν,
1253 1969 1392 2042 μετά
1431 1970 1494 2023 τὸ
1552 1967 1911 2039 προχωρῆσαι
1958 1966 2059 2038 τὴν

484 2057 920 2129 φιλανθρωπίαν,
966 2060 1237 2133 ἀνεκλήθη
1280 2060 1445 2114 πάλιν
1489 2060 1523 2130 ή
1574 2058 1789 2129 ψῆφοςς
1824 2054 1922 2110 Διά
1958 2055 2059 2127 τὴν

487 2150 897 2221 μνησικακίαν
941 2150 1082 2206 ὥστε
1138 2153 1240 2205 οὐκ
1291 2151 1355 2206 ἄν
1409 2168 1494 2215 τις
1543 2150 1818 2222 ἁμάρτοι,
1877 2149 2060 2218 πάσης

484 2243 760 2316 ἁμαρτίας
788 2244 994 2316 ταύτην
1021 2244 1408 2317 χαλεπωτέραν
1433 2243 1855 2315 ἀποφηνάμενος
1881 2239 2022 2295 εἶναι
2040 2254 2057 2271 ⁸

483 2336 539 2389 αἰ
565 2336 663 2406 μὲν
685 2337 793 2409 γάρ
820 2336 979 2392 ἀλλαι
1016 2339 1189 2393 πᾶσαι
1215 2336 1566 2410 ἠδυνήθησαν
1601 2334 1948 2407 συγχώρησιν
1971 2334 2062 2388 εύ-

484 2425 696 2497 ρίσθαι,
726 2427 865 2499 αῦτη
894 2428 952 2482 δὲ
977 2429 1039 2482 ού
1069 2429 1228 2499 μόνον
1257 2429 1358 2482 οὐκ
1383 2428 1572 2498 ἴσχυσε
1606 2426 1937 2496 συγγνώμης
1962 2443 2059 2478 τυ-

484 2519 622 2587 χεῖν,
669 2519 806 2573 ἀλλὰ
852 2520 947 2573 καὶ
988 2519 1084 2583 τάς
1131 2520 1326 2592 ἑτέρας
1365 2518 1761 2589 ἀφανισθείσας
1806 2517 2063 2583 καθάπαξ

485 2608 755 2663 ἀνενέωσε
788 2608 972 2663 πάλιν.

556 2701 722 2754 Ὥστε
766 2700 990 2755 διπλοῦν
1036 2701 1204 2757 κακδν
1245 2703 1278 2774 ἡ
1315 2700 1432 2774 [Η]
1474 2701 1845 2773 μνησικακία,
1885 2700 1967 2753 ὅτι
2001 2715 2060 2752 τε

484 2791 743 2862 οὐδεμίαν
783 2792 1081 2861 ἀπολογίαν
1125 2792 1239 2864 ἔχει
1270 2792 1425 2866 παρά
1456 2792 1537 2863 τῷ
1563 2791 1683 2863 Θεῷ
1704 2833 1720 2860 ,
1754 2792 1850 2846 καὶ
1881 2791 1964 2845 ὅτι
1992 2788 2061 2842 τά

484 2881 646 2936 λοιπά
688 2882 846 2953 ἡμῶν
891 2884 1289 2956 ἁμαρτήματα,
1335 2884 1438 2939 κᾶν
1487 2883 1842 2956 συγχωρηθῇ,
1897 2882 2060 2936 πάλιν

484 2974 873 3038 ἀνακαλεῖται,
907 2976 1005 3029 καὶ
1040 2974 1164 3030 καθ’
1194 2970 1351 3048 ἡμῶν
1379 2975 1593 3046 ἵστησιν
1618 2994 1631 3009 ο
1664 2978 1802 3048 ὅπερ
1834 2970 1929 3030 οὖν
1966 2974 2062 3028 καὶ

486 3066 722 3121 ἐνταῦθα
760 3068 1036 3139 εποίησεν.
1083 3068 1249 3122 Οὐδὲν
1283 3067 1424 3141 γάρ,
1458 3067 1613 3121 οὐδὲν
1655 3066 1829 3132 οὕτως
1861 3067 1890 3120 ὁ
1929 3066 2061 3131 Θεὸς

490 3161 641 3228 μισεῖ
680 3160 778 3214 καὶ
819 3161 1245 3233 ἀποστρέφεται,
1282 3160 1359 3225 ὡς
1405 3160 1690 3232 ἄνθρωπον
1720 3159 2060 3232 μνησίκακον

485 3251 583 3305 καὶ
623 3250 987 3324 διατηροῦντα
1014 3252 1208 3325 ὀργήν.
1241 3253 1354 3307 Καὶ
1391 3252 1553 3306 τοῦτο
1581 3250 1816 3323 μάλιστα
1845 3251 1941 3322 μὲν
1981 3252 2063 3306 ἂν·

482 3341 675 3398 τεῦθεν
706 3343 1041 3413 ἐπεδείξατο,
1077 3345 1170 3399 καὶ
1196 3344 1306 3398 ἀπὸ
1332 3345 1430 3416 τῆς
1460 3344 1624 3416 εύχῆς
1652 3343 1711 3398 δὲ
1733 3343 1903 3414 αύτῆς
1935 3342 2060 3397 ἐκέ-

485 3433 676 3489 λευσεν
705 3438 837 3507 ἡμῖν
869 3437 1048 3507 λέγειν
1075 3437 1270 3501 οὕτως’
1300 3437 1476 3506 Ἄφες
1516 3436 1663 3506 ἡμῖν
1708 3436 1783 3490 τὰ
1819 3433 2061 3505 ὀφειλή-

481 3543 642 3597 ματα
669 3527 858 3596 ἡμῶν,
886 3528 967 3594 ὡς
992 3527 1092 3590 καί
1112 3528 1281 3598 ἡμεῖς
1304 3528 1556 3597 ἀφίεμεν
1578 3528 1701 3594 τοῖς
1727 3527 2061 3596 ὀφειλέταις

486 3615 676 3685 ἡμῶν.
712 3617 898 3671 Ταῦτα
924 3613 1019 3673 οὗν
1047 3618 1265 3672 ἅπαντα
1294 3618 1496 3681 εἰδότες
1520 3657 1535 3681 ,
1567 3618 1661 3672 καὶ
1684 3617 1783 3690 τὴν
1815 3617 2062 3690 παραϐο-

485 3707 585 3775 λὴν
619 3708 996 3780 ἐγγράψαντες
1034 3707 1239 3780 ταύτην
1270 3709 1328 3763 ὲν
1358 3710 1480 3771 ταῖς
1510 3708 1782 3780 καρδίαις,
1813 3709 1942 3763 ὅταν
1976 3709 2062 3763 ὲν·-

488 3800 770 3868 νοῆσωμεν
821 3797 966 3871 ἅπερ
1006 3797 1357 3870 πεπόνθαμεν
1406 3798 1557 3872 παρά
1599 3799 1709 3852 τῶν
1740 3798 2057 3866 συνδούλων,

485 3888 833 3959 λογισώμεθα
864 3888 1007 3961 άπερ
1032 3889 1370 3960 ἐποιήσαμεν
1401 3890 1482 3953 εἰς
1512 3888 1604 3943 τὸν
1628 3890 1908 3961 Δεσπότην
1928 3906 1941 3920 ·
1967 3891 2061 3945 καὶ

485 3978 566 4052 τῷ
614 3980 765 4052 φόϐῳ
802 3981 910 4034 τῶν
943 3981 1161 4036 οἰκείων
1207 3983 1621 4056 ἁμαρτημάτων
1646 3983 1736 4037 τὸν
1767 3983 1937 4055 θυμὸν
1964 3984 2058 4038 τὸν

485 4072 583 4127 ἐπὶ
640 4073 754 4133 τοῖς
810 4071 1113 4145 ἀλλοτρίοις
1178 4075 1615 4148 πλημμελήμασι
1674 4076 1886 4148 ταχέως
1949 4077 2053 4133 ἀπ-

1586 4324 1714 4332 ..ο-α..

2156 421 2399 477 ώσασθαι
2429 422 2791 497 δυνησόμεθα·
2817 425 2866 478 εἰ
2899 424 3007 496 γάρ
3031 422 3112 477 δεῖ
3136 422 3449 495 μεμνῆσθαι
3480 425 3726 496 ἁμαρτη-

2160 513 2366 584 μάτων,
2408 515 2517 569 τῶν
2552 516 2768 569 οἰκείων
2804 514 2885 568 δεῖ
2928 513 3242 586 μεμνῆσθαι
3293 513 3487 584 μόνον’
3532 515 3628 570 ἐάν
3668 515 3725 570 δὲ

2156 606 2264 661 τῶν
2292 608 2511 662 οἰκείων
2542 607 3007 679 μνημονεύσωμεν
3027 646 3042 670 ,
3073 605 3327 660 οὐδέποτε
3362 605 3431 660 τά
3469 605 3722 675 ἀλλότρια

2156 699 2485 771 λογιούμεθα
2505 716 2519 731 ·
2555 699 2743 771 ὥσπερ
2767 694 2860 753 οῦν
2879 697 2945 754 ἀν
2974 698 3180 752 τούτων
3217 696 3723 768 ιπιλανθανώμεθα,

2157 791 2342 845 ἐκεῖνα
2385 790 2583 863 ῥαδίως
2625 790 3061 863 ἐμφιλοχωρήσει
3104 790 3216 854 τοῖς
3249 788 3546 861 ἡμετέροις
3578 788 3710 858 λογι-

2160 882 2336 953 σμοῖς.
2370 881 2482 935 Καὶ
2508 880 2618 954 γάρ
2646 878 2803 946 οὗτος
2834 883 2882 935 εἰ
2908 881 3016 935 τῶν
3051 880 3262 952 μυρίων
3288 880 3567 934 ταλάντων
3598 880 3721 949 ἑμέ-

2160 989 2355 1044 μνητο,
2392 974 2494 1027 οὐκ
2526 972 2593 1028 ἀν
2623 974 2871 1047 ἐμνήσθη
2902 973 3013 1028 τῶν
3044 973 3239 1028 ἑκατὸν
3276 974 3576 1046 δηναρίωνο
3609 972 3725 1027 ἀλλ’

2157 1065 2344 1137 ἐπειδὴ
2385 1066 2610 1120 ἐκείνων
2657 1066 2972 1130 ἐπελάθετο,
3002 1065 3090 1120 διά
3130 1066 3289 1120 τοῦτο
3337 1066 3477 1138 ὑπὲρ
3522 1064 3726 1119 τούτων

2155 1152 2293 1229 ἦγχε
2326 1155 2418 1209 τὸν
2447 1155 2730 1211 σύνδουλον
2749 1196 2764 1219 ,
2800 1157 2896 1211 καὶ
2933 1156 3090 1227 ὀλίγα
3130 1156 3453 1229 βουλόμενος
3494 1156 3729 1228 ἀπαιτῆ-

2159 1266 2270 1312 σαι,
2310 1247 2434 1302 οὔτε
2465 1249 2688 1302 ἐκείνων
2731 1248 3016 1320 ἐπέτυχεν,
3066 1249 3204 1303 ἀλλά
3250 1247 3483 1304 καὶτῶν
3518 1247 3728 1320 μυρίων

2156 1339 2431 1395 ταλάντων
2451 1340 2540 1396 τὸν
2572 1340 2735 1409 δγκον
2764 1342 2844 1405 εἰς
2861 1341 2963 1412 τὴν
2989 1340 3186 1395 ἑαυτοῦ
3214 1339 3456 1412 κεφαλὴν
3486 1339 3731 1395 ἐπεσπά-

2159 1447 2310 1485 σατο.
2338 1430 2437 1485 Διά
2461 1430 2619 1485 τοῦτο
2640 1430 2858 1503 θαρρῶν
2882 1432 2948 1486 ἀν
2978 1431 3210 1503 εἴποιμι,
3239 1434 3322 1487 ὅτι
3348 1431 3532 1503 πάσης
3560 1433 3732 1504 ἀμαρ-

2157 1521 2281 1586 τίας
2308 1522 2447 1594 αῦτη
2483 1521 2876 1594 χαλεπωτέρω
2922 1522 3123 1594 μᾶλλον
3158 1522 3215 1577 δὲ
3252 1523 3351 1577 οὐκ
3397 1524 3508 1592 ἐγὼ
3551 1523 3730 1589 τοῦτο,

2158 1614 2295 1668 ἀλλὰ
2345 1616 2374 1666 ό
2415 1614 2650 1686 Χριστὸς
2695 1613 2783 1669 διά
2823 1614 2927 1685 τῆς
2967 1614 3286 1687 παραδολῆς
3330 1614 3535 1687 ταύτης
3573 1613 3733 1669 τοῦτο

2158 1705 2495 1775 ἀπεφήνατο.
2538 1705 2601 1758 Εἰ
2644 1704 2754 1777 γάρ
2784 1705 2860 1778 μὴ
2894 1705 3104 1777 μυρίων
3157 1706 3453 1773 ταλάντων,
3497 1706 3639 1776 λέγω
3667 1706 3733 1779 δὴ

2156 1797 2266 1850 τῶν
2308 1796 2531 1865 ἀφάτων
2575 1797 2988 1870 ἁμαρτημάτων
3012 1840 3026 1863 ,
3074 1796 3215 1868 αῦτη
3248 1796 3607 1868 χαλεπωτέρα
3640 1793 3731 1869 ἦν,

2157 1889 2257 1942 οὐκ
2295 1889 2364 1943 ἀν
2393 1888 2482 1942 διά
2521 1889 2729 1962 ταύτην
2766 1893 2995 1945 κάκεῖνα
3026 1888 3415 1944 ἀνεκαλέσατο.
3451 1889 3610 1943 Οῦτω
3637 1907 3734 1959 μη-

2157 1977 2246 2032 δὲν
2273 1978 2453 2032 τοίνυν
2493 1979 2902 2051 σπουδάζωμεν,
2931 1979 3006 2044 ώς
3047 1979 3218 2051 ὀργῆς
3252 1977 3598 2050 καθαρεύειν,
3639 1980 3734 2033 κα)⁸

2157 2072 2283 2135 τοὺς
2304 2071 2439 2143 πρὸς
2469 2072 2616 2143 ἡμᾶς
2644 2071 2823 2143 ἀηδῶς
2850 2070 3072 2143 ἔχοντας
3103 2069 3510 2134 καταλλάττειν,
3533 2068 3735 2132 εἰδότες

2157 2165 2241 2219 ὅτι
2276 2163 2403 2219 οὔτε
2436 2164 2591 2238 εὐχὴ,
2619 2162 2743 2217 οὔτε
2779 2162 3142 2233 ἐλεημοσύνη,
3174 2159 3297 2215 οὔτε
3327 2159 3569 2230 νηστεία,
3608 2158 3731 2213 οῦτε

2159 2255 2411 2311 κοινωνία
2448 2255 2786 2328 μυστηρίων.
2812 2253 2936 2308 οῦτε
2969 2252 3098 2307 ἀλλο
3133 2251 3242 2306 τῶν
3274 2249 3527 2306 τοιούτων
3557 2249 3732 2315 οὐδὲν,

2161 2346 2256 2402 ἐὰν
2290 2347 2743 2419 μνησικακῶμεν,
2765 2347 3056 2417 δυνήσεται
3080 2345 3114 2416 ἡ
3124 2343 3238 2415 μῶν
3265 2343 3567 2414 προστῆναι
3592 2340 3736 2395 κατά

2159 2437 2258 2507 τὴν
2284 2437 2500 2509 ἡμέραν
2528 2437 2743 2507 ἐκείνην
2766 2453 2780 2467 ο
2805 2435 2997 2507 ῶσπερ
3024 2430 3116 2489 οὖν
3145 2435 3240 2489 ἐὰν
3271 2432 3475 2505 ταύτης
3511 2446 3737 2503 περιγε-

2160 2524 2382 2597 νώμεθα
2406 2527 2505 2598 τῆς
2550 2527 2851 2598 ἁμαρτίας,
2880 2526 2983 2580 κᾶν
3020 2526 3189 2598 μυρία
3234 2524 3447 2598 ἔχωμεν
3477 2524 3733 2595 πλημμε-

2160 2615 2414 2687 λήματα,
2452 2616 2794 2687 δυνησόμεθά
2817 2633 2961 2679 τινος
3006 2614 3339 2687 συγγνώμης
3379 2617 3582 2685 τυχεῖν.
3623 2614 3735 2668 Καὶ

2161 2706 2280 2776 οὐχὶ
2310 2705 2440 2777 ἐμὸς
2485 2709 2514 2760 ὁ
2552 2705 2732 2775 λόγος.
2767 2705 2882 2760 ἀλλ’
2928 2705 3095 2760 αὐτοῦ
3126 2705 3220 2759 τοῦ
3262 2705 3550 2777 μέλλοντος
3586 2705 3735 2776 ἡμᾶς

2157 2795 2283 2849 «τότε
2319 2795 2524 2868 κρίνειν
2547 2794 2705 2850 Θεοῦ.
2735 2795 3001 2867 Καθάπερ
3035 2794 3144 2866 γάρ
3175 2793 3411 2848 ἐνταῦθα
3443 2790 3617 2855 εἶπεν,
3651 2792 3734 2845 ὅτι

2166 2887 2329 2941 Οὕτω
2354 2877 2593 2956 ποιήσει
2627 2887 2727 2942 καί
2776 2889 2810 2941 ό
2853 2886 3055 2955 Πατήρ
3095 2903 3237 2955 μου,
3270 2884 3380 2939 ἐὰν
3414 2883 3501 2954 μὴ
3545 2879 3734 2952 ἀφῆτε

2160 2978 2416 3045 ἕκαστος
2448 2978 2567 3033 ἀπὸ
2596 2976 2719 3032 τῶν
2749 2976 3008 3046 καρδιῶν
3036 2976 3234 3047 ὑμῶν·
3261 2976 3405 3031 οῦτω
3438 2975 3535 3030 καὶ
3570 2974 3734 3028 ἀλλα-

2161 3072 2260 3145 χοῦ
2299 3089 2485 3143 φησιν’
2533 3070 2667 3125 Ἐὰν
2702 3069 2894 3140 ἀφῆτε
2926 3069 3051 3135 τοῖς
3076 3068 3406 3138 ἀνθρώποις
3438 3069 3511 3122 τὰ
3555 3082 3735 3134 παρα-

2161 3165 2439 3235 πτώματα
2465 3162 2690 3229 αὐτῶν,
2714 3162 2937 3233 ἀφήσει
2963 3163 3061 3217 καὶ
3090 3162 3234 3233 ὑμῖν
3268 3165 3301 3216 ό
3332 3159 3535 3229 Πατὴρ
3571 3159 3734 3229 ὑμῶν

2162 3259 2197 3312 ὁ
2222 3255 2518 3325 οὐράνιος.
2546 3256 2666 3310 Ἵνα
2692 3249 2785 3309 οῦν
2814 3256 2910 3308 καὶ
2937 3252 3170 3308 ἐνταῦθα
3202 3254 3377 3324 πρᾶον
3401 3251 3496 3305 καὶ
3528 3251 3735 3321 ἧρεμον

2160 3345 2434 3416 διάγωμεν
2472 3344 2608 3416 βίον,
2630 3347 2794 3398 κάκεῖ
2824 3345 3227 3416 συγχωρήσεως
3247 3342 3344 3398 καί
3373 3341 3621 3412 ἀφέσεως
3647 3340 3735 3394 τύ-

2161 3453 2368 3508 χωμεν,
2416 3435 2808 3507 σπουδάξωμεν
2851 3436 2944 3489 καὶ
2988 3432 3530 3507 πραγματευώμεθα,
3579 3433 3735 3496 ὅσους

2161 3529 2257 3583 ἐὰν
2296 3529 2511 3599 ἔχωμεν
2555 3526 2805 3597 ἐχθροὺς,
2844 3525 3233 3579 καταλλάττειν
3258 3524 3389 3594 ἡμῖν
3411 3539 3425 3554 ο
3452 3521 3597 3576 οῦτω
3624 3524 3734 3596 γάρ

2161 3621 2256 3676 καὶ
2294 3619 2384 3674 τὸν
2413 3619 2689 3691 Δεσπότην
2720 3618 2898 3690 ἡμῶν,
2947 3616 3051 3670 κᾶν
3088 3615 3259 3688 μυρία
3290 3608 3440 3685 ὦμεν
3473 3615 3712 3685 ἡμαρτη-

2162 3712 2338 3777 κότες,
2362 3711 2791 3783 καταλλάξομεν,
2822 3711 2916 3766 καὶ
2956 3709 3063 3764 τῶν
3112 3708 3413 3781 μελλόντων
3452 3706 3730 3774 ὲπιτευξόα

2165 3803 2307 3874 μεθα
2330 3802 2582 3872 ἀγαθῶν
2615 3795 2690 3856 ὧν
2724 3802 2934 3871 γένοιτο
2973 3799 3182 3864 πάντας
3230 3800 3389 3871 ἡμᾶς,
3414 3798 3730 3869 ἀξιωθῆναι,

2162 3896 2343 3968 χάριτι
2393 3894 2489 3948 καὶ
2536 3892 2918 3964 φιλανθρωπίᾳ
2957 3890 3052 3945 τοῦ
3100 3890 3307 3961 Κυρίου
3356 3889 3515 3962 ἡμῶν
3560 3888 3731 3960 Ἰησοῦ

2163 3985 2433 4059 Χριστοῦ,
2477 3978 2522 4054 ᾧ
2563 3987 2597 4056 ἡ
2638 3984 2765 4051 δόξα
2799 3984 2895 4040 καὶ
2925 3983 2984 4038 τὸ
3027 3983 3225 4057 κράτος
3253 3976 3334 4048 εἰς
3360 3983 3485 4047 τοὺς
3529 3980 3736 4045 αἰῶνας

2161 4078 2270 4134 τῶν
2290 4077 2519 4137 αἰώνων.
2559 4078 2614 4131 ’Δ
2622 4077 2746 4148 μήν.

2391 4304 2672 4322 .-
2683 4304 3723 4344 “mu-ww

2391 4325 3275 4340 .._.—..—-c—-——————————-—o~

2539 4327 3275 4340 ..ψ-*ψ

1656 4599 2005 4664 MONITUM
2049 4603 2147 4665 AD
2187 4602 2571 4665 HOMILIAM

563 4804 777 4862 Nullam
809 4807 1066 4879 temporis
1091 4816 1296 4865 certam
1325 4818 1508 4866 notam
1539 4825 1648 4883 pra:
1680 4827 1740 4868 se
1762 4810 1865 4870 fert
1894 4813 2011 4871 haec
2043 4814 2300 4882 humilia;
2337 4818 2537 4887 visque
2564 4814 2892 4885 deprehendi
2920 4829 3082 4886 posse
3113 4815 3326 4871 videtur
3356 4812 3725 4869 Antiochiame

494 4936 562 4976 an
590 4919 1059 4992 Conistantinopoli
1095 4922 1210 4978 haec
1237 4924 1589 4981 concinnatus
1621 4924 1692 4980 sit
1717 4924 2164 4997 Chrysostomus.
2199 4925 2313 4982 Hoc
2348 4942 2515 4981 unum
2549 4926 2706 4982 initio
2736 4937 3214 4992 commemoratur,
3250 4922 3507 4982 nimirum
3538 4926 3725 4996 paucis

492 5044 620 5091 ante
643 5035 835 5094 diebus
870 5044 1067 5094 contra
1097 5052 1318 5108 rapaces
1357 5046 1411 5092 et
1442 5054 1637 5094 avaros
1668 5039 1857 5104 multa,
1881 5053 2054 5109 eaque
2093 5039 2386 5095 admodum
2424 5038 2630 5110 gravia.
2665 5039 2812 5095 dicta
2845 5039 3031 5096 fuisse.
3067 5038 3240 5106 Quam
3284 5045 3464 5093 autem
3495 5039 3585 5094 hic
3613 5053 3726 5093 meo

492 5160 673 5208 morat
695 5152 1036 5219 concionem,
1072 5152 1214 5207 haud
1250 5152 1322 5207 ita
1361 5150 1517 5206 facile
1551 5159 1635 5207 est
1656 5151 1936 5222 augurari.
1962 5149 2144 5207 Multis
2167 5150 2311 5206 enim
2346 5151 2399 5206 in
2436 5150 2573 5207 locis
2602 5150 2885 5221 praedones
2917 5150 3038 5205 illos
3067 5149 3403 5222 publicaeque
3431 5149 3508 5204 rei
3548 5162 3726 5221 pestes

494 5269 620 5325 alibi
651 5271 994 5327 vehementer
1026 5269 1327 5326 insectatur
1362 5267 1469 5323 ille.

564 5383 783 5453 Aliquid
824 5391 998 5439 tamen
1025 5384 1165 5440 lucis
1203 5399 1267 5440 ex
1310 5383 1377 5439 iis
1414 5398 1535 5454 quae
1574 5392 1696 5454 post
1733 5382 2057 5454 principium
2094 5381 2371 5447 dicuntur,
2412 5396 2512 5437 nos
2548 5381 2787 5438 mutuari
2824 5395 2981 5452 posse
3019 5387 3298 5451 putamus.
3332 5378 3408 5435 De
3444 5377 3723 5450 proposita

493 5494 728 5553 lectione
762 5511 928 5569 agens
958 5494 1406 5569 Chrysostomus,
1438 5511 1633 5567 nempe
1659 5514 1673 5550 :
1718 5494 1902 5561 Pater,
1932 5496 1981 5549 si
2021 5491 2270 5565 possibile
2298 5502 2397 5556 est,
2427 5502 2662 5548 transeat
2710 5510 2743 5547 a
2788 5508 2866 5547 me
2897 5491 3040 5545 calix
3075 5491 3214 5545 iste:
3244 5500 3597 5544 verumtamen
3623 5504 3723 5542 non

492 5613 629 5667 sicut
655 5631 748 5684 ego
779 5616 917 5683 uolo,
950 5615 1040 5669 sed
1074 5617 1212 5670 sicut
1245 5626 1326 5681 tu,
1372 5614 1446 5669 ita
1482 5614 1761 5684 loquitur:
1799 5611 1943 5667 Nam
1980 5619 2031 5666 et
2072 5610 2265 5664 mullos
2311 5624 2543 5680 quwrcrc
2581 5608 2829 5674 arbitror,
2872 5624 2975 5678 qua
3015 5608 3079 5663 de
3117 5624 3278 5663 causa
3316 5607 3460 5662 dicta
3486 5607 3594 5661 haec
3620 5606 3725 5659 siut

491 5745 528 5784 ι
559 5727 791 5801 Christo,
825 5749 887 5786 ac
917 5733 1194 5788 verisimile
1218 5743 1295 5789 cst
1319 5749 1404 5787 eos
1433 5733 1522 5802 qui
1555 5732 1746 5788 adsunt
1778 5730 2047 5786 lia'rcticos
2073 5729 2184 5787 lucc
2208 5729 2363 5786 verba
2401 5728 2661 5798 arripere,
2690 5725 2983 5799 multasque
3009 5741 3072 5784 ea:
3100 5725 3509 5798 simplicioribus
3536 5724 3723 5796 {ratri-
