4054 6216
327 365 399 422 29
754 362 819 419 ΙΝ
860 361 1088 428 ILLUD,
1129 359 1378 428 PATER,
1421 358 1481 416 SI
1518 359 1870 417 POSSIBILE
1909 361 2063 428 EST,
2105 361 2501 430 TRANSEAT,
2543 363 2693 419 ETC.
2725 395 2793 407 --
2818 363 3156 422 MONITUM.
3495 373 3576 430 30

326 476 522 548 inquit,
555 477 824 547 ejiciatur;
853 479 898 533 si
938 488 1116 533 autem
1169 478 1397 533 infidelis
1433 479 1533 543 sit,
1576 493 1643 534 ne
1671 479 1903 548 expella-

326 581 413 624 tur
444 588 458 623 :
491 571 557 634 si,
587 571 772 640 inquit,
800 571 852 626 in
879 581 930 627 te
961 572 1300 642 peccaverit,
1325 571 1612 635 abscinde;
1644 573 1688 627 si
1716 573 1768 626 in
1796 589 1903 638 me,

326 659 579 716 detineas.
612 661 684 716 lta
723 670 777 716 et
807 661 914 726 hic,
942 677 1063 716 cum
1097 671 1238 716 tanta
1278 674 1491 732 peccata
1538 664 1819 718 adversum
1846 679 1906 720 se

325 754 602 807 commissa
632 763 816 820 erant,
849 755 1056 810 veniam
1087 753 1261 820 dedit,
1293 771 1412 809 cum
1443 765 1619 811 autem
1649 755 1905 811 adversus

322 859 674 912 conservum,
722 846 845 900 licet
894 847 1099 900 minora
1151 847 1534 918 paucioraqnc,
1571 864 1901 918 nequaquam

319 935 540 1000 remisit,
571 936 665 992 sed
699 937 958 993 ultionem
985 949 1336 1008 persequutus
1356 949 1438 995 est
1466 957 1478 992 :
1503 951 1554 994 ct
1579 941 1663 995 hic
1688 940 1900 1011 quidem

321 1039 434 1080 eum
462 1027 750 1082 scelestum
779 1030 1087 1099 appellavit,
1112 1029 1218 1084 illic
1249 1045 1316 1084 ne
1344 1031 1508 1086 verbo
1534 1031 1747 1100 quidem
1770 1047 1900 1086 con-

320 1114 567 1170 tristavit.
597 1117 663 1172 Et
707 1118 829 1173 ideo
878 1118 964 1173 hic
1007 1119 1134 1173 illud
1187 1135 1400 1190 quoque
1443 1121 1750 1189 adjunctum
1797 1131 1896 1188 est,

313 1205 455 1275 quod
483 1206 734 1262 dominus
764 1208 929 1263 iratus
953 1208 1229 1264 tradiderit
1259 1225 1381 1264 cum
1413 1211 1704 1266 tortoribus
1735 1230 1748 1265 :
1778 1227 1898 1266 cum

313 1308 494 1353 autem
523 1299 590 1355 ab
615 1300 704 1355 illo
732 1300 1045 1372 reposcebat
1064 1301 1324 1356 rationem
1351 1301 1531 1358 decies
1563 1303 1707 1359 mille
1735 1305 1901 1358 talen-

316 1399 459 1459 tum,
483 1390 611 1445 nihil
642 1391 936 1447 istiusmodi
964 1391 1202 1450 additum
1232 1393 1328 1447 fuit
1370 1411 1383 1447 :
1417 1403 1475 1448 ut
1501 1393 1764 1463 intelligas
1791 1395 1898 1450 illic

312 1483 526 1551 quidem
547 1483 808 1539 calculum
836 1481 1156 1540 subductum
1187 1483 1376 1552 fuisse,
1415 1499 1520 1540 non
1549 1486 1777 1552 irarum,
1803 1487 1896 1542 sed

313 1573 706 1643 sollicitudinis,
729 1591 848 1646 qua:
878 1577 1046 1632 venia:
1075 1576 1251 1632 locum
1298 1586 1526 1646 pararet.
1568 1577 1680 1634 lloc
1718 1587 1895 1633 antem

311 1673 587 1732 peccatum
613 1664 886 1721 dominum
910 1666 1070 1737 plane
1097 1666 1451 1722 exacerbavit.
1476 1666 1610 1735 Quid
1635 1667 1794 1738 igitur
1817 1679 1900 1724 cst

312 1754 464 1824 pejus
487 1755 692 1826 injuria:
713 1756 1104 1824 recordatione,
1120 1774 1241 1812 cum
1272 1757 1649 1830 benignitatem
1675 1759 1765 1814 Dei
1786 1759 1896 1829 jam

310 1845 680 1917 depromptam
711 1857 951 1914 revocet,
983 1856 1039 1903 et
1071 1865 1189 1920 qua:
1228 1864 1331 1904 non
1373 1857 1660 1919 potuerunt
1684 1848 1898 1906 efficere

307 1935 410 1990 alia
457 1947 668 2006 peccata
695 1978 710 2004 ,
743 1937 859 1994 lucc
897 1937 1096 1994 efficiat
1137 1939 1214 1993 ira
1243 1939 1500 1995 adversus
1546 1941 1898 2009 proximum?

311 2027 486 2096 Atque
514 2028 771 2098 scriptunt
801 2038 904 2098 est,
939 2030 1034 2086 Dei
1080 2030 1218 2086 dona
1263 2047 1383 2087 esse
1419 2033 1536 2087 sine
1583 2033 1894 2102 pmnitentia

306 2117 486 2186 (Rom.
518 2119 606 2174 11.
630 2119 747 2191 29).
777 2119 886 2177 Cur
914 2121 1073 2192 igitur
1098 2121 1184 2178 hic
1229 2132 1348 2193 post
1380 2122 1632 2178 eductum
1659 2138 1852 2179 munus
1875 2166 1891 2190 ,

306 2217 425 2276 post
441 2224 774 2281 progressam
795 2213 1172 2284 benigniuitem
1195 2256 1213 2281 ,
1236 2214 1492 2270 reduetus
1517 2224 1596 2271 est
1616 2216 1896 2271 calculus?

306 2297 532 2368 Propter
560 2301 767 2371 injuria:
804 2303 1118 2358 memoriam
1152 2321 1165 2357 :
1195 2307 1544 2376 quamobrem
1592 2320 1698 2360 non
1743 2321 1892 2363 erra-

308 2389 446 2444 verit
492 2391 632 2460 quis,
658 2391 702 2446 si
755 2391 858 2449 hoe
902 2403 1181 2464 peccatum
1225 2396 1370 2452 omni
1423 2406 1641 2466 peccato
1682 2399 1896 2468 gravius

309 2483 618 2547 pronuntiet
649 2501 665 2537 :
692 2483 794 2538 alia
823 2484 964 2540 enim
996 2487 1174 2541 omnia
1212 2487 1422 2543 veniam
1466 2488 1753 2558 impetrare
1785 2504 1886 2560 po-

307 2582 553 2642 tuerunt,
578 2574 718 2631 istud
748 2576 922 2632 solum
961 2577 1099 2632 adeo
1143 2593 1253 2635 non
1307 2579 1478 2649 potuit
1519 2580 1726 2636 veniam
1771 2581 1888 2637 adi-

306 2665 471 2733 pisci,
505 2675 562 2721 ut
583 2666 694 2736 jam
739 2667 934 2737 deleta,
962 2678 1015 2725 et
1050 2668 1163 2740 jam
1189 2671 1450 2728 exstincta
1496 2672 1689 2728 iterum
1730 2687 1890 2728 reno-

305 2757 462 2811 varit.

375 2846 524 2902 Nihil
552 2848 624 2903 ita
654 2849 790 2904 Deus
816 2852 929 2906 odit
947 2859 1002 2907 ut
1029 2862 1244 2907 mentem
1271 2869 1538 2909 utmorem
1569 2854 1792 2926 injuriar.
1817 2886 1889 2897 —-

304 2939 509 3012 Duplex
553 2942 714 3013 igitur
757 2945 957 3000 malum
1000 2945 1246 3016 pertinax
1273 2945 1480 3016 injuria
1511 2947 1804 3016 memoria,
1834 2958 1890 3005 et

300 3032 443 3101 quod
487 3034 684 3089 nullam
725 3036 1122 3093 excusationem
1158 3037 1299 3108 apud
1351 3038 1519 3093 Deum
1565 3038 1799 3107 habeat,
1833 3050 1888 3097 et

298 3121 448 3191 quod
474 3124 673 3194 reliqua
703 3134 922 3196 peccata
944 3125 1054 3197 jam
1084 3129 1306 3182 remissa
1335 3129 1528 3184 iterum
1557 3138 1801 3196 revocet,
1830 3140 1886 3187 et

298 3225 488 3271 contra
517 3232 615 3273 nos
640 3218 1108 3287 constituat.Quod
1138 3220 1310 3292 ipsum
1339 3229 1394 3276 et
1421 3219 1509 3276 hic
1537 3219 1734 3277 factum
1762 3231 1880 3278 est:

300 3305 439 3360 nihil
469 3309 633 3375 enim,
663 3309 806 3364 nihil.
824 3310 1044 3365 omnino
1072 3309 1143 3364 ita
1176 3311 1318 3366 Deus
1339 3310 1470 3377 odit,
1495 3321 1550 3368 et
1569 3321 1847 3368 aversatur
1866 3353 1882 3380 ,

301 3404 366 3450 ut
383 3396 646 3454 hominem
675 3399 997 3455 oﬁ'ensarum
1023 3416 1340 3468 memorem,
1371 3409 1427 3458 et
1456 3402 1658 3458 tenacis
1684 3403 1798 3458 irae.
1820 3403 1884 3457 Et

299 3488 431 3543 illud
461 3490 674 3560 quidem
702 3493 968 3562 praecipue
993 3508 1062 3548 ex
1088 3491 1189 3547 hoc
1219 3493 1338 3548 loco
1371 3493 1705 3560 declaravit,
1734 3502 1789 3549 et
1816 3509 1882 3550 ex

296 3580 541 3636 oratione
562 3621 578 3648 ,
606 3582 659 3636 in
687 3597 788 3653 qua
815 3582 976 3652 jussit
1013 3597 1110 3638 nos
1137 3582 1208 3636 ita
1233 3581 1415 3638 dicere
1445 3599 1461 3642 :
1493 3582 1699 3638 Dimitte
1741 3584 1884 3638 nobis

295 3669 465 3724 debita
491 3682 660 3727 nostra
679 3714 694 3736 ,
726 3673 852 3727 sicut
877 3683 922 3728 et
942 3689 1033 3728 nos
1052 3674 1350 3730 dimittimus
1376 3675 1679 3730 debiroribus
1698 3676 1882 3730 nostris

298 3757 513 3826 (Matth.
543 3762 596 3817 6.
627 3761 737 3832 1‘2).
765 3763 887 3820 llaec
926 3764 1086 3835 igitur
1113 3765 1294 3821 omnia
1341 3765 1504 3834 docti,
1545 3774 1600 3822 et
1631 3767 1880 3837 parabola

299 3853 399 3909 ista
442 3854 495 3910 in
533 3855 782 3912 cordibus
825 3857 1097 3930 inscripta,
1141 3873 1264 3914 cum
1310 3859 1716 3931 cogitaverimus
1762 3875 1880 3930 quae

298 3944 441 4013 passi
464 3959 651 4002 sumus
690 3961 720 4001 a
749 3950 1046 4015 conservis,
1077 3950 1382 4019 cogitemus
1407 3964 1526 4018 quae
1553 3948 1778 4004 fecimus
1823 3949 1877 4004 in

298 4030 471 4103 ipsum
494 4035 797 4108 Dominum,
819 4049 873 4096 et
899 4047 1042 4096 metu
1068 4039 1402 4110 propriorum
1430 4038 1714 4094 criminum
1745 4038 1875 4094 iram

2012 479 2080 536 de
2095 481 2281 536 alienis
2310 479 2522 536 delictis
2547 479 2827 536 collectam
2861 479 3110 536 facillime
3137 482 3432 551 poterimus
3450 497 3598 541 sum-

2014 586 2230 628 movere
2262 590 2276 626 :
2302 572 2348 627 si
2377 571 2520 626 enim
2539 571 2846 628 meminisse
2869 581 3078 642 oportet
3108 573 3445 640 delictorum.
3472 589 3594 645 pro-

2012 661 2248 730 priorum
2278 669 2477 716 tantum
2509 661 2815 717 meminisse
2842 671 3086 732 oportet;
3110 663 3253 734 quod
3284 664 3328 718 si
3363 664 3592 735 proprio-

2011 768 2128 807 rum
2180 768 2448 809 memores
2505 753 2782 817 fucrimus,
2830 769 3117 824 numquam
3169 754 3344 810 aliena
3401 753 3610 810 dclict-a

2009 846 2416 914 supputabinws
2446 863 2458 899 :
2487 853 2676 900 contra
2715 845 2758 899 si
2805 845 3018 900 illorum
3049 846 3451 912 obliviscamur,
3491 846 3608 903 ista

2007 934 2216 988 facilius
2245 935 2678 990 obversabnntur
2707 935 2904 989 nostris
2925 935 3352 1006 cogitationibus.
3379 935 3512 992 Nam
3541 945 3592 991 ct

2008 1023 2095 1079 hic
2114 1025 2158 1078 si
2184 1024 2363 1079 decies
2384 1023 2532 1080 mille
2561 1025 2877 1080 talentorum
2923 1041 3130 1080 memor
3172 1025 3398 1094 fuisset,
3433 1043 3588 1082 num-

2006 1130 2165 1184 quam
2186 1123 2401 1172 centum
2433 1115 2770 1171 denariorum
2800 1116 3223 1171 recordationem
3263 1117 3589 1172 retinuisset.

2007 1205 2130 1261 Ideo
2159 1216 2436 1276 postquam
2481 1207 2692 1262 illorum
2739 1207 2936 1262 oblitus
2977 1216 3131 1275 erat,
3167 1208 3360 1262 factum
3391 1217 3506 1272 cst,
3537 1221 3588 1263 ttt

2005 1311 2324 1354 conservum
2345 1297 2648 1364 sulfocaret,
2673 1308 2728 1355 et
2750 1315 2914 1368 pauca
2942 1299 3127 1354 volens
3155 1299 3388 1370 exigere,
3421 1316 3594 1370 neque

2006 1389 2094 1442 illa
2150 1389 2364 1459 quidem
2409 1398 2726 1460 assequntus
2779 1403 2898 1456 est;
2959 1389 3055 1445 scd
3101 1400 3157 1446 et
3210 1389 3394 1447 decies
3445 1393 3592 1447 mille

2006 1481 2327 1536 talentorum
2373 1482 2570 1536 molem
2619 1482 2672 1536 in
2724 1497 2880 1538 suum
2922 1483 3088 1551 ipsius
3139 1492 3300 1552 caput
3345 1483 3587 1538 retraxit.

2003 1572 2260 1639 Quocirca
2288 1572 2541 1628 audacter
2569 1573 2758 1629 dixero
2782 1614 2798 1638 ,
2840 1574 2985 1628 omni
3033 1583 3252 1643 peccato
3287 1574 3426 1629 istud
3465 1590 3590 1644 gra-

2004 1665 2120 1718 vius
2148 1678 2267 1720 esse
2297 1682 2310 1718 :
2341 1665 2580 1734 quinimo
2609 1681 2715 1720 non
2745 1681 2846 1736 ego
2887 1666 2988 1720 hoc
3015 1665 3159 1730 dico.
3207 1666 3303 1722 sed
3345 1667 3592 1721 Christus

2005 1770 2101 1822 per
2126 1755 2430 1823 parabolam
2482 1755 2635 1811 iStam
2688 1757 2827 1811 istud
2870 1756 3179 1811 declaravit.
3209 1756 3265 1810 Si
3291 1756 3433 1812 enim
3483 1773 3588 1812 non

2001 1843 2187 1898 decem
2217 1845 2452 1900 millibus
2475 1846 2760 1914 talentum,
2786 1845 2888 1902 hoc
2915 1855 2999 1903 est
3022 1887 3036 1913 ,
3068 1845 3419 1902 ineﬂ'abilibus
3463 1863 3588 1918 pec-

2001 1935 2134 1989 catis
2161 1933 2301 1990 istud
2323 1936 2538 2006 gravius
2568 1945 2732 2002 esset,
2765 1951 3099 2017 nequaquam
3125 1935 3284 2005 hujus
3309 1951 3468 1992 causa
3495 1937 3585 1992 illa

2000 2025 2179 2080 omnia
2201 2026 2309 2096 jam
2336 2027 2530 2082 donata
2563 2037 2808 2084 revocata
2839 2027 3085 2084 fuissent.
3123 2027 3264 2082 Nihil
3313 2028 3470 2099 igitur
3514 2029 3585 2084 ita

1999 2116 2331 2185 studeamus,
2363 2133 2520 2188 quam
2563 2127 2622 2174 ut
2661 2119 2762 2190 ipsi
2804 2119 2880 2173 ira
2911 2133 3197 2186 vacemus,
3226 2128 3281 2174 et
3310 2119 3464 2174 nobis
3503 2119 3584 2174 in.

2000 2208 2180 2266 fensos
2229 2211 2638 2267 reconciliemus
2670 2228 2683 2263 :
2715 2227 2836 2267 cum
2890 2211 3020 2265 illud
3064 2211 3319 2276 sciamus,
3380 2210 3578 2265 nullam

1998 2317 2098 2358 nec
2121 2302 2441 2371 orationem,
2471 2318 2570 2359 nec
2613 2305 3028 2375 eleemosynam,
3056 2319 3154 2360 nec
3177 2304 3462 2374 jejunium,
3484 2319 3584 2360 nec

2000 2395 2463 2468 participationem
2491 2399 2868 2468 mysteriorum
2890 2439 2906 2465 ,
2935 2406 3026 2452 ant
3049 2397 3194 2452 aliud
3219 2397 3514 2468 quidpiam,
3537 2400 3581 2452 si

2000 2500 2267 2542 memores
2296 2485 2621 2542 offensarum
2665 2486 2852 2552 simus,
2884 2487 3040 2542 nobis
3073 2487 3394 2556 patrocinari
3427 2501 3585 2557 posse

2000 2578 2054 2633 in
2085 2578 2172 2634 illa
2196 2578 2282 2635 die
2313 2597 2325 2633 :
2354 2589 2415 2634 ut
2459 2587 2646 2634 contra
2687 2579 2732 2635 si
2775 2577 2877 2634 hoc
2918 2589 3195 2650 peccatum
3245 2594 3584 2650 superemus,

1999 2669 2214 2724 etiamsi
2261 2671 2409 2725 mille
2458 2669 2669 2725 delictis
2720 2669 2982 2740 inquinati
3009 2670 3212 2738 simus,
3248 2669 3579 2724 vcniamali-

1997 2777 2156 2833 quam
2186 2762 2442 2832 consequi
2477 2777 2576 2816 nos
2605 2775 2780 2831 posse.
2810 2761 2920 2816 Nec
2949 2777 3098 2816 meus
3127 2775 3305 2816 sermo
3334 2770 3416 2817 est
3441 2761 3542 2818 iste
3565 2805 3580 2826 ,

1996 2852 2090 2908 sed
2120 2853 2262 2907 illius
2287 2852 2377 2923 qui
2410 2861 2536 2908 tunc
2563 2867 2661 2907 nos
2681 2851 3018 2922 judicaturus
3041 2859 3123 2908 est
3164 2851 3281 2907 Dei.
3309 2851 3579 2920 Quemad-

1997 2943 2213 2999 modum
2247 2943 2349 2999 hoc
2379 2944 2431 2998 in
2459 2944 2578 3000 loco
2606 2944 3002 3014 pronuntiavit:
3029 2942 3115 2998 Ita
3139 2985 3154 3010 ,
3187 2944 3430 3015 inquiens
3451 2987 3465 3012 ,
3495 2947 3580 3018 fa-

1995 3038 2089 3091 ciet
2107 3039 2255 3095 Patcr
2279 3054 2450 3100 meus,
2479 3039 2523 3092 si
2568 3054 2667 3092 non
2705 3038 2994 3093 remiseritis
3022 3038 3360 3108 unusquisque
3383 3054 3445 3091 ex
3463 3054 3578 3091 cor-

1995 3125 2138 3180 dibus
2179 3127 2372 3180 uestris.
2402 3125 2472 3181 Et
2511 3141 2719 3182 rursum
2774 3127 2899 3181 alibi
2929 3144 2942 3181 :
2977 3127 3039 3182 Si
3085 3127 3376 3181 remiseritis
3413 3126 3577 3179 homi-

1994 3215 2137 3270 nibus
2166 3215 2348 3270 delicta
2371 3233 2463 3271 sua
2481 3258 2496 3282 ,
2528 3217 2740 3271 remittet
2770 3227 2815 3271 et
2855 3215 2989 3270 vobis
3013 3221 3158 3276 Pater
3185 3225 3342 3269 vester
3369 3216 3578 3270 cwlestis

1993 3305 2204 3378 (Matth.
2241 3307 2330 3363 18.
2352 3309 2422 3364 55
2449 3318 2495 3362 et
2524 3308 2577 3363 6.
2610 3308 2726 3378 14).
2755 3307 2826 3363 Ut
2861 3307 3018 3377 igitur
3049 3315 3103 3361 et
3132 3305 3216 3360 hic
3247 3314 3575 3361 mansuetam

1990 3409 2045 3455 et
2065 3400 2247 3456 mitem
2275 3414 2495 3470 agamus
2534 3400 2717 3467 vitam,
2739 3407 2794 3455 et
2830 3398 2936 3453 illic
2962 3399 3169 3454 veniam
3207 3407 3262 3453 et
3299 3398 3576 3456 remissio-

1993 3505 2116 3547 nem
2140 3490 2479 3548 obtineamus
2508 3508 2521 3546 :
2550 3489 2871 3547 studendum
2897 3505 2960 3546 ae
2988 3489 3335 3562 satagendum
3362 3501 3445 3548 est
3463 3535 3477 3557 ,
3518 3503 3576 3548 ut

1988 3591 2248 3654 quotquot
2275 3583 2532 3640 habemus
2552 3582 2818 3650 inimicos,
2841 3596 2936 3638 eos
2956 3583 3108 3638 nobis
3129 3584 3532 3639 reconciliemus
3559 3601 3572 3636 :

1989 3674 2060 3729 ita
2077 3675 2218 3730 enim
2243 3683 2296 3730 et
2318 3674 2598 3730 Dominum
2620 3681 2880 3738 nostrum,
2902 3674 3108 3728 etiamsi
3135 3675 3433 3730 sexcenties
3453 3690 3575 3743 pee-

1987 3767 2324 3834 caverimus,
2381 3766 2535 3821 nobis
2576 3765 3072 3830 reconciliabimus,
3119 3776 3174 3821 et
3214 3766 3386 3820 lntura
3439 3766 3572 3819 bona

1987 3856 2362 3927 adipiscemur,
2385 3857 2577 3926 quibus
2623 3869 2722 3911 nos
2760 3855 2950 3926 dignos
2982 3864 3108 3925 opto
3135 3855 3247 3911 fieri
3268 3896 3283 3923 ,
3311 3857 3476 3926 gratia
3519 3866 3577 3911 et

1986 3945 2320 4000 humanitate
2347 3946 2554 4000 Domini
2583 3947 2749 4000 nostri
2779 3945 2906 4001 Jesu
2935 3945 3166 4010 Christi,
3194 3948 3278 4002 cui
3325 3947 3490 4016 gloria
3521 3956 3576 4002 ct

1983 4036 2268 4110 imperium
2296 4037 2350 4092 in
2397 4037 2592 4094 saecula
2633 4037 2970 4094 seculorum.
2999 4038 3190 4092 Amen.

541 4628 618 4693 [Ν
658 4633 922 4709 ILLUD,
966 4633 1210 4695 PATER
1239 4681 1254 4709 ,
1299 4636 1370 4698 SI
1411 4636 1788 4698 POSSIBILE
1828 4639 2006 4715 EST,
2047 4641 2446 4704 TRANSEAT
2486 4643 2532 4704 Α
2575 4640 2682 4703 ΜΕ
2723 4642 2944 4705 CALIX
2984 4643 3174 4720 ISTE,
3216 4664 3348 4709 ETC.

321 4839 415 4893 bus
443 4841 800 4910 supplantare.
852 4842 1006 4899 Unde
1036 4845 1204 4916 liquet
1240 4846 1524 4904 haereticos
1561 4847 1682 4904 illos
1705 4888 1720 4915 ,
1760 4850 1852 4921 qui
1893 4851 2090 4910 Filium
2123 4853 2282 4911 Patre
2320 4855 2583 4912 minorem
2609 4897 2624 4924 ,
2666 4856 2878 4929 ipsique
2914 4857 3233 4916 dissimilem
3269 4858 3542 4924 dicebant,

318 4967 511 5024 nempe
537 4955 853 5025 Anommos,
893 4956 1273 5030 Cbrysostomi
1299 4961 1656 5019 concionibus
1684 4963 2012 5023 interfuisse.
2048 4966 2181 5023 Illud
2225 4977 2407 5026 autem
2455 4969 2765 5042 frequenter
2810 4971 3113 5030 Antiochiae
3153 4973 3444 5039 accidisse,
3489 4981 3545 5029 et

317 5073 608 5130 praesentes
631 5063 916 5123 hereticos
935 5066 1386 5139 Cbrysostomurn
1413 5072 1751 5142 confutasse,
1774 5076 1892 5147 ipse
1917 5079 2119 5136 diserte
2144 5080 2242 5147 ait,
2269 5080 2441 5138 Temo
2473 5083 2492 5138 l
2523 5083 2590 5140 de
2614 5084 3158 5156 lncomprehensibili
3191 5095 3382 5142 contra
3433 5087 3541 5140 An-

313 5188 527 5232 ommos
560 5193 613 5248 p.
644 5178 776 5245 450,
802 5179 1149 5253 idipsnmque
1176 5193 1359 5255 postea
1385 5185 1758 5260 subindicatp.
1783 5190 1909 5258 525,
1933 5202 2064 5264 etp.
2092 5193 2217 5261 509,
2248 5195 2300 5250 in
2333 5196 2446 5254 haec
2485 5199 2646 5255 verba
2671 5199 2828 5270 queis
2859 5198 3108 5255 Christus
3132 5198 3348 5254 Petrum
3377 5213 3538 5269 repu-

313 5290 396 5362 lit,
441 5294 584 5350 Vade
611 5309 726 5367 post
760 5316 861 5368 me,
879 5301 1103 5368 Satana,
1129 5311 1261 5369 etc.,
1287 5303 1474 5360 eadem
1507 5321 1644 5377 pene
1671 5308 1790 5380 ipsa
1811 5326 1931 5383 qua:
1955 5313 2044 5369 hic
2074 5315 2236 5384 paulo
2267 5326 2389 5387 post
2419 5317 2633 5374 initium
2656 5319 2846 5388 babes,
2870 5321 3172 5393 iisdemque
3203 5320 3315 5377 fere
3358 5320 3541 5377 verbis

311 5426 726 5472 commemorat.
761 5417 1127 5486 Quamobrem
1161 5423 1463 5494 putaverim
1491 5425 1630 5483 hanc
1658 5425 1935 5483 bomiliam
1967 5427 2269 5487 Antiochiae
2302 5431 2542 5489 habitam
2573 5435 2742 5494 fuisse
2763 5477 2776 5503 ,
2813 5451 2914 5495 nec
2943 5439 3034 5495 diu
3079 5447 3200 5509 post
3242 5437 3364 5492 illas
3394 5452 3536 5493 con-

311 5533 392 5580 tra
429 5526 722 5587 Anommos
754 5531 1049 5601 Ilomilias;
1087 5537 1230 5607 quod
1266 5545 1444 5593 tamen
1475 5539 1806 5611 conjectura:
1838 5551 2044 5601 tantum
2085 5544 2205 5604 loco
2233 5545 2436 5602 dictum
2459 5548 2550 5604 sit.

383 5662 753 5737 lnterprctatio
779 5669 966 5729 Latina
999 5682 1082 5732 est
1113 5674 1402 5737 Frontonis
1437 5675 1634 5736 Ducaci.
