4054 6216
394 279 461 334 τι
1023 266 1092 325 ιιν
1129 245 1368 336 iLLUD,
1410 268 1661 336 pum,
1705 267 1763 325 SI
1802 266 1946 326 P03:

2048 266 2159 323 ILE
2196 264 2345 334 EST,
2389 259 2777 329 THA‘NSEAT,
2816 260 2971 318 ETC.
3557 264 3628 321 ω

416 455 3597 490 MM

1790 797 1960 882 ΕΙΣ
2032 799 2207 889 ΤΟ.

390 1037 506 1111 [l5]
545 1038 747 1112 Πάτερ,
779 1041 829 1093 εἰ
858 1039 1082 1094 δυνατόν
1112 1041 1247 1106 ἐστι,
1281 1042 1596 1114 παρελθέτω
1624 1045 1718 1097 ἀπ’
1750 1044 1884 1115 ἐμοῦ
1922 1046 1983 1100 τὸ
2012 1048 2273 1118 ποτήριον
2303 1045 2460 1100 τοῦτο
2480 1063 2493 1076 ο
2529 1045 2667 1116 πλὴν
2699 1047 2796 1116 οὐχ
2837 1046 2912 1109 ὡς
2940 1045 3051 1114 ἐγὼ
3078 1045 3238 1114 θέλω,
3268 1047 3382 1103 ἀλλ’
3409 1049 3484 1114 ὡς
3515 1048 3579 1105 σύ
3604 1065 3620 1083 ο

458 1128 558 1183 καί
586 1131 738 1185 κατὰ
772 1129 1235 1200 Μαρκιωνιστῶν
1264 1133 1360 1189 καί
1392 1136 1740 1204 Μανιχαίων
1771 1154 1783 1167 ·
1830 1137 1928 1192 καὶ
1959 1136 2048 1193 ὅτι
2078 1140 2150 1195 οὐ
2180 1137 2301 1209 χρὴ
2331 1134 2632 1206 ἐπιπηδᾷν
2669 1135 2793 1205 τοῖς
2836 1135 3173 1205 κινδύνοις,
3207 1137 3369 1193 ἀλλὰ
3396 1139 3622 1207 παντὸς

458 1224 791 1294 θελήματος
817 1223 1109 1297 πωτιμᾷν
1138 1224 1202 1283 τὸ
1232 1227 1337 1283 τοῦ
1368 1228 1516 1284 Θεοῦ
1544 1228 1789 1300 θέλημα.

457 1843 529 1897 α’.
565 1846 791 1901 Βαθεῖαν
837 1846 1009 1919 τομὴν
1033 1850 1151 1916 τοῖς
1167 1849 1471 1923 ἁρπάζουσι
1493 1852 1586 1907 καὶ
1609 1853 1957 1909 πλεονεκτεῖν

384 1924 731 2008 βουλομένοις
767 1931 954 2003 πρώην
981 1930 1296 2005 ἐδώκαμεν·
1353 1937 1452 2007 οὐχ
1502 1935 1590 1989 ἵνα
1636 1936 1955 2008 πλήξωμεν,

380 2006 498 2061 ἀλλ’
528 2009 613 2064 ινα
641 2011 1093 2085 διορθωσώμεθαθι
1119 2017 1180 2069 οὐ
1213 2018 1342 2082 τοὺς
1378 2006 1700 2089 ἀνθρώπους
1732 2006 1958 2089 μισοῦν-

378 2105 490 2155 τες,
526 2092 663 2147 ἀλλά
690 2094 789 2166 τὴν
829 2095 1097 2169 πονηρίαν
1140 2098 1632 2171 ἀποστρεφόμενοι.
1680 2098 1833 2152 Ἐπεὶ
1863 2100 1958 2152 καὶ

384 2172 567 2244 ίατρὸς
591 2176 777 2247 τέμνει
802 2178 863 2231 τὸ
890 2177 1067 2248 ἕλκος,
1091 2179 1154 2234 οὐ
1178 2180 1256 2252 τῷ
1283 2181 1526 2235 νοσοῦντι
1550 2180 1765 2251 σώματι
1796 2181 1958 2235 πολε-

382 2254 524 2324 μῶν,
557 2256 695 2310 ἀλλά
719 2262 785 2329 τῇ
828 2259 971 2330 νόσῳ
1015 2261 1112 2314 καὶ
1149 2262 1241 2331 ’τῷ
1293 2264 1571 2334 τραύματι
1623 2262 1953 2334 μαχόμενος.

380 2336 527 2408 069:-
549 2338 636 2410 δὴ,
666 2341 909 2412 σήμερον
954 2341 1152 2414 μικρὸν
1186 2343 1425 2413 ἐνδῶμεν
1452 2345 1654 2408 αὐτοῖς,
1683 2344 1824 2397 ὥστε
1854 2346 1955 2399 αὐ-

381 2420 510 2483 τοὺς
550 2422 659 2475 ἀπὸ
698 2423 801 2493 τῆς
829 2422 1024 2495 ὀδύνης
1064 2424 1425 2491 ἀναπνεῦσαι,
1462 2427 1556 2480 καὶ
1606 2426 1682 2498 μὴ
1717 2428 1956 2499 συνεχῶς

380 2501 785 2573 πληττομένους
834 2505 1243 2578 ἀποσκιρτῆσαι
1286 2507 1386 2577 τῆς
1432 2507 1747 2580 θεραπείας.
1796 2509 1955 2564 Οῦτω

377 2584 474 2637 καὶ
504 2584 682 2655 ἰατροὶ
725 2586 975 2640 ποιοῦσι·
1031 2586 1173 2659 μετά
1217 2587 1317 2652 τάς
1365 2590 1540 2661 τομάς
1569 2589 1954 2663 ἐμπλάστρους

377 2665 681 2721 ἐπιτιθέασι
705 2669 800 2721 καὶ
824 2670 1111 2741 φάρμακα,
1132 2670 1227 2725 καὶ
1246 2670 1695 2742 διαλιμπάνουσιν
1719 2673 1951 2745 ἡμέρας,

376 2747 446 2802 τά
469 2749 944 2822 παραμυθούμενα
967 2751 1066 2824 τὴν
1094 2752 1286 2824 ὀδύνην
1324 2753 1688 2818 ἐπινοοῦντες.
1718 2754 1954 2820 Τούτους

374 2830 438 2903 δὴ
472 2832 567 2886 καὶ
600 2834 761 2904 ἡμεῖς
789 2835 1117 2906 μιμούμενοι
1157 2836 1397 2907 σήμερον
1424 2835 1785 2903 ἐπινοοῦντες,
1810 2836 1951 2891 ὥστε

376 2913 771 2985 καρπώσασθαι
797 2916 896 2987 τὴν
925 2917 1035 2971 ἀπὸ
1065 2918 1165 2988 τῆς
1197 2918 1474 2991 ἡμετέρας
1494 2918 1779 2984 διαλέξεως
1808 2919 1953 2989 ὠφέ-

374 2994 680 3076 lum“.le
718 2998 811 3050 τὸν
840 2999 967 3070 περὶ
995 2999 1283 3071 δογμάτων
1315 3003 1626 3073 κινήσωμεν
1654 3002 1831 3071 λόγον,
1871 3003 1951 3067 είς

374 3079 440 3135 τά
471 3079 857 3150 ἀνεγνωσμένα
889 3080 981 3135 τὸν
1004 3081 1162 3151 λόγον
1197 3082 1471 3152 ἀφιέντες.
1516 3085 1625 3138 Καὶ
1656 3083 1767 3158 7&9
1794 3079 1949 3156 οἶμαι

377 3161 601 3226 πολλοὺς
630 3162 928 3234 διαπορεῖν,
961 3163 1105 3228 τίνος
1136 3164 1323 3219 ἕνεκεν
1349 3164 1521 3219 ταῦτα
1555 3165 1770 3239 εἴρηται
1798 3168 1950 3239 παρά

373 3243 468 3300 τοῦ
494 3244 731 3315 Χριστοῦ
753 3262 765 3275 ’
802 3246 951 3309 εἰκὸς
976 3245 1034 3299 δέ
1065 3246 1159 3301 καὶ
1190 3247 1499 3319 αίρετικούς
1532 3250 1807 3322 παρόντας
1829 3250 1951 3304 ἐπι-

377 3327 612 3399 πηδῆσαι
642 3330 754 3391 τοῖς
788 3328 1126 3399 εἰρημένοις,
1159 3331 1254 3385 καὶ
1279 3331 1506 3396 πολλοὺς
1532 3333 1640 3387 τῶν
1662 3332 1951 3402 ἀφελεστέ-

379 3428 486 3481 ρων
519 3410 763 3481 ἀδελφῶν
790 3411 1041 3467 ἐντεῦθεν
1070 3414 1470 3480 ὑποσκελίζειν.

444 3492 539 3547 'lv‘
555 3489 649 3547 οὐν
666 3494 762 3549 καὶ
780 3493 881 3565 τὴν
901 3493 1016 3567 [16]
1036 3496 1259 3550 ἐκείνων
1279 3496 1468 3567 ἔφοδον
1487 3497 1945 3569 ἀποτειχίσωμεν,

372 3578 464 3631 καὶ
493 3578 621 3641 τοὺς
647 3577 1041 3648 διαποροῦντας
1078 3579 1309 3651 θορύὸου
1358 3582 1453 3634 καὶ⁵
1498 3581 1744 3652 ταραχῆς
1771 3581 1948 3634 ἀπαλ-

370 3659 640 3731 λάξωμεν,
669 3660 1148 3732 μεταχειρίσαντες
1168 3662 1230 3715 τὸ
1257 3663 1565 3734 εἰρημένον,
1596 3663 1946 3735 ἐνδιατρίψω-

372 3760 473 3815 μεν
516 3745 582 3815 τῇ
629 3742 793 3806 λέξει,
845 3742 943 3795 καὶ
994 3744 1128 3815 πρὸς
1171 3744 1233 3798 τὸ
1279 3744 1439 3814 βάθος
1483 3744 1811 3815 καταθῶμεν
1838 3746 1947 3800 τῶν

369 3826 677 3897 νοημάτων.
714 3826 850 3880 Οὐδέ
895 3825 1006 3899 7&9
1052 3828 1213 3896 ἀρκεῖ
1254 3829 1288 3899 ἡ
1336 3829 1672 3897 ἀνάγνωσις,
1725 3828 1822 3881 ἐάν
1872 3828 1947 3900 μὴ

370 3912 547 3982 προσῇ
576 3910 669 3963 καὶ
691 3910 725 3979 ὴ
754 3910 975 3977 γνῶσις.
1014 3907 1168 3962 Ἐπεὶ
1196 3910 1290 3962 καὶ
1314 3909 1344 3960 6
1369 3909 1621 3979 εὐνοῦχος
1655 3909 1945 3980 Κανδάκης

369 3992 766 4060 ἀνεγίνωσκεν,
809 3989 925 4045 ἀλλ’
957 3988 1065 4054 ἓως
1104 3990 1194 4044 ὅτε
1239 3990 1573 4062 παρεγένετο
1617 3992 1646 4044 6
1679 3990 1946 4045 διδάσκων

368 4074 531 4129 αὐτὸν
558 4074 610 4127 τί
647 4090 778 4127 ποτε
810 4070 879 4146 ἦν
928 4074 956 4129 6
1004 4073 1392 4142 ἀνεγίνωσκεν,
1437 4073 1590 4127 οὐδὲν
1637 4073 1947 4145 ἐκαρποῦτο

372 4158 534 4229 μέγα.
562 4159 658 4211 Ἷν’
691 4153 786 4212 οὖν
816 4157 893 4229 μὴ
930 4158 1025 4211 καὶ
1065 4157 1223 4228 ὑμεῖς
1260 4157 1322 4211 τὸ
1346 4158 1479 4212 αὐτὸ
1508 4157 1742 4229 πάθητε,
1772 4175 1945 4230 προσ-

366 4243 533 4313 έχετεσ
550 4245 663 4306 τοῖς
695 4240 1032 4313 λεγομένοις,
1063 4240 1377 4296 συντείνατε
1410 4243 1509 4313 τὴν
1535 4241 1799 4307 διάνοιαν,
1827 4258 1945 4313 σχο-

367 4325 636 4388 λάζει-»σάν
668 4341 758 4396 μοι
789 4324 891 4395 τὴν
917 4322 1099 4395 ψυχὴν
1134 4324 1467 4396 παράσχετε,
1494 4322 1781 4396 ὀξυδερκὲς
1802 4324 1943 4380 ἐστω

366 4409 428 4462 τὸ
485 4410 639 4480 δμμα
662 4447 680 4473 ,
738 4406 1106 4479 συντεταμένη
1158 4409 1192 4480 ἡ
1239 4407 1432 4479 γνώμη
1468 4425 1483 4440 ·
1549 4408 1941 4481 ἀπηλλαγμένη

369 4492 663 4562 φροντίδων
695 4490 965 4561 βιωτικῶν
1005 4492 1038 4560 ή
1077 4489 1247 4562 ψυχὴ,
1294 4491 1381 4546 ἵνα
1426 4490 1501 4562 μὴ
1545 4491 1943 4563 καταϐάλωμεν

366 4577 446 4638 είς
485 4575 583 4639 τὰς
614 4574 876 4638 ἀκάνθας,
908 4573 1043 4645 μηδὲ
1090 4576 1171 4637 είς
1212 4575 1310 4638 τὰς
1340 4573 1544 4645 πέτρας
1564 4614 1579 4640 ,
1624 4575 1760 4645 μηδὲ
1792 4577 1943 4646 παρὰ

364 4659 462 4730 τὴν
493 4658 610 4713 ὁδὸν
632 4658 702 4713 τά
738 4657 1039 4727 λεγόμενα’
1081 4656 1218 4711 ἀλλά
1248 4656 1534 4727 βαθύγειον
1581 4657 1675 4711 καὶ
1704 4657 1942 4729 λιπαρὰν

365 4741 735 4815 γεωργοῦντες
760 4742 1020 4814 άρουραν,
1052 4740 1307 4813 κομῶντα
1329 4741 1420 4795 τὸν
1448 4742 1687 4812 άσταχυν
1715 4741 1943 4812 ἀμήσω-

368 4844 489 4897 μεν.
532 4826 658 4879 Ἐάν
681 4825 791 4896 γὰρ
826 4824 969 4879 οὕτω
1008 4825 1311 4896 προσέχητε
1344 4826 1455 4888 τοῖς
1480 4823 1817 4895 λεγομένοις,
1846 4823 1941 4878 καὶ

367 4911 496 4979 ἡμῖν
526 4908 853 4977 κουφότερον
893 4907 985 4961 τὸν
1014 4907 1175 4961 πόνον
1201 4907 1522 4977 ἐργάσεσθε,
1563 4908 1660 4960 καὶ
1692 4907 1821 4977 ύμῖν
1850 4907 1941 4960 εὐ-

368 4990 674 5062 κολωτέραν
709 4990 807 5061 τὴν
841 4989 1061 5061 εὕρεσιν
1093 4990 1554 5044 κατασκευάσετε.
1604 4988 1671 5042 Τί
1699 4984 1791 5043 οῦν
1824 4990 1940 5043 ἐστι

366 5073 427 5127 τὸ
452 5072 897 5143 ἀνεγνωσμένον;
943 5070 1154 5140 Πάτερ,
1201 5074 1255 5125 ει
1286 5070 1569 5139 δυνατὸν,
1599 5070 1939 5140 παρελθέτω

366 5154 431 5209 t6
454 5156 747 5227 ποτήριον
778 5154 955 5209 τοῦτο
976 5153 1076 5208 ἀπ’
1095 5154 1262 5224 ἐμοῦ.
1298 5153 1364 5207 Τί
1389 5152 1520 5207 ποτέ
1540 5156 1688 5208 ἐστιν
1713 5155 1742 5209 ὃ
1770 5172 1902 5226 φησι
1922 5171 1938 5220 ;

364 5237 459 5291 Δεῖ
500 5254 608 5309 γαρ
649 5237 711 5291 τὸ
756 5237 1046 5309 εἰρημένον
1093 5237 1426 5309 σαφέστερον
1473 5236 1937 5309 ἑρμηνεύσαντας,

361 5319 536 5384 οὕτως
586 5321 887 5389 ἐπαγαγεῖν
931 5321 1030 5394 τὴν
1064 5319 1237 5375 λύσιν.
1289 5321 1355 5374 Τί
1387 5315 1479 5374 οὖν
1516 5323 1663 5376 ἐστιν
1707 5321 1737 5375 6
1765 5338 1936 5392 φησι;

365 5402 570 5473 Πάτερ.
604 5405 654 5456 εί
685 5403 928 5468 δυνατὸν,
976 5405 1266 5476 παράγαγε
1311 5403 1404 5458 τὸν
1449 5405 1699 5478 σταυρόν.
1748 5405 1813 5459 Τί
1852 5404 1938 5458 λέ-

364 5500 512 5554 γεις;
542 5485 730 5553 ἀγνοεῖ
751 5487 860 5540 εῐτε
889 5486 1132 5552 δυνατὸν,
1161 5488 1270 5542 εἴτε
1302 5486 1581 5554 ἀδύνατον,
1609 5486 1800 5556 τοῦτο;
1830 5489 1938 5543 Καὶ

364 5566 446 5631 τίς
472 5567 538 5621 ἂν
566 5567 721 5621 τοῦτο
760 5570 938 5634 εῖποι;
988 5570 1177 5627 Καίτοι
1223 5570 1293 5626 τά
1343 5571 1564 5643 ῥήματα
1615 5570 1935 5639 ἀγνοοῦντός

367 5657 515 5708 ἐστιν
547 5670 559 5683 ·
618 5653 653 5724 η
699 5652 805 5726 7&9
848 5651 962 5722 τοῦ,
1008 5655 1093 5725 El,
1149 5655 1452 5735 προσθήκη,
1504 5653 1936 5727 ἀμφιϐάλλοντάς

2060 1854 2227 1921 ἐστιν,
2266 1856 2402 1924 ἀλλ’,
2450 1857 2586 1928 ὅπερ
2620 1857 2779 1929 ἔφην,
2827 1857 2889 1911 οὐ
2936 1859 3016 1913 δεῖ
3066 1860 3173 1921 τοῖς
3210 1857 3417 1929 ῥήμασι
3466 1871 3636 1927 προσ-

2060 1937 2225 2008 έχειν,
2255 1938 2393 1993 ἀλλά
2415 1940 2550 2011 πρὸς
2574 1939 2643 1994 τὰ
2667 1942 2912 2012 νοήματα
2939 1940 3258 2013 τρέπεσθαι,
3282 1939 3379 1993 καὶ
3402 1940 3493 1993 τὸν
3518 1955 3639 1992 σκο-

2062 2019 2164 2073 πὸν
2206 2019 2302 2075 τοῦ
2346 2021 2596 2091 λέγοντος
2639 2022 2837 2078 εἰδέναι
2856 2064 2871 2089 ,
2922 2024 3018 2078 καὶ
3061 2022 3158 2095 τὴν
3189 2022 3384 2088 αἰτίαν,
3420 2022 3514 2077 καὶ
3545 2020 3637 2075 τὸν

2059 2109 2270 2181 καιρὸν,
2316 2111 2407 2165 καὶ
2438 2112 2617 2167 πάντα
2662 2113 3038 2182 συναγαγόντα
3054 2153 3068 2178 ,
3122 2112 3263 2167 οὕτω
3314 2112 3487 2184 θηρᾷν
3537 2111 3635 2183 τὴν

2057 2193 2488 2267 ἐναποκειμένην
2517 2196 2776 2252 διάνοιαν.
2829 2197 2895 2250 Ἦ
2921 2193 3015 2251 οὖν
3047 2198 3209 2266 σοφία
3240 2198 3273 2266 ἡ
3303 2196 3635 2266 ἀπόρρητος,

2056 2285 2085 2336 6
2132 2283 2224 2337 τὸν
2274 2284 2496 2356 Πατέρα
2525 2286 2699 2350 οὕτως
2743 2284 2918 2351 εἰδὼς,
2972 2285 3047 2349 ώς
3090 2285 3120 2337 6
3157 2284 3347 2356 Πατὴρ
3389 2279 3496 2338 οἶδε
3540 2283 3634 2339 τὸν

2064 2374 2205 2439 Υἱὺν,
2234 2374 2351 2439 πῶς
2377 2374 2443 2430 ἂν
2470 2375 2631 2430 τοῦτο
2658 2377 2957 2447 ἠγνόησεν;
2990 2375 3260 2447 οὐδέγάρ
3296 2374 3497 2447 μείζων
3531 2373 3633 2429 αῦ-

2054 2475 2124 2529 τη
2170 2460 2216 2529 η
2253 2459 2455 2527 γνῶσις
2498 2461 2545 2530 η
2568 2460 2697 2529 περὶ
2741 2459 2857 2513 τοῦ.
2885 2460 3090 2523 πάθους
3122 2459 3221 2528 τῆς
3247 2456 3501 2527 γνώσεως
3531 2459 3634 2527 τῆς

2056 2541 2186 2613 περὶ
2227 2541 2330 2613 τῆς
2372 2542 2589 2607 οὐσίας,
2646 2542 2712 2613 ην
2762 2540 3004 2613 ἀκριόῶς
3053 2542 3212 2612 μόνος
3258 2536 3411 2594 οἶδεν,
3446 2540 3631 2604 αὐτός.

2052 2631 2259 2698 Καθὼς
2280 2631 2410 2704 7&9,
2441 2633 2595 2703 φησὶ,
2627 2631 2903 2702 γινώσκει
2926 2648 3004 2701 με
3032 2635 3065 2686 ὁ
3089 2631 3314 2699 Πατὴρ,
3343 2630 3507 2701 κάγὼ
3540 2647 3631 2701 τι-

2053 2722 2266 2778 νώσκω
2298 2723 2406 2777 τὸν
2444 2723 2694 2793 Πατέρα.
2744 2724 2855 2778 Καὶ
2899 2724 2953 2776 τί
2992 2722 3135 2791 λέγω
3173 2721 3428 2794 περὶτοῦ
3474 2738 3633 2792 μονο-

2054 2812 2245 2880 γενοῦς
2270 2812 2398 2867 Υίοῦ
2425 2814 2517 2867 τοῦ
2541 2812 2709 2879 Θεοῦ;
2744 2814 2877 2867 Οὐδέ
2900 2812 3009 2885 γάρ
3038 2815 3086 2867 οῖ
3115 2813 3389 2885 προφῆται
3422 2811 3632 2881 φαίνον-

2050 2921 2143 2959 ται
2180 2904 2339 2958 τοῦτο
2382 2905 2731 2977 ἠγνοηκότες,
2765 2904 2901 2960 ἀλλὰ
2928 2904 3023 2959 καὶ
3061 2903 3263 2967 εἰδότες
3297 2902 3485 2973 σαφῶς
3538 2904 3635 2957 καὶ

2052 2997 2569 3069 προαναφωνοῦντες
2602 2997 2739 3070 μετά
2768 2997 2969 3069 πολλῆς
2994 2997 3095 3069 τῆς
3127 2997 3523 3071 πληροφορίας,
3549 2996 3633 3051 ὅτι

2050 3086 2132 3140 δεῖ
2166 3088 2320 3142 τοῦτο
2341 3089 2617 3158 γενέσθαι,
2652 3090 2746 3143 καὶ
2777 3090 2858 3143 ὅτι
2888 3088 3105 3153 πάντως
3132 3089 3305 3145 ἔσται.

2123 3181 2321 3233 Ἄκουε
2362 3180 2493 3249 γοῦν
2523 3181 2641 3245 πῶς
2685 3180 2958 3251 διαφόρως
2989 3182 3227 3245 ἅπαντες
3256 3182 3347 3234 τὸν
3389 3183 3627 3254 σταυρὸν

2049 3269 2473 3342 ἀπαγγέλλουσι.
2516 3271 2736 3342 Πρῶτος
2769 3273 2798 3326 6
2824 3272 3169 3343 πατριάρχης
3211 3270 3438 3326 Ἰακώ6’
3492 3272 3633 3345 πρὸς

2049 3359 2159 3431 7&9
2179 3360 2340 3414 αὐτὸν
2364 3360 2661 3415 ἀποτείνων
2688 3359 2780 3415 τὸν
2804 3359 2961 3430 λόγον
2987 3360 3172 3432 φησίν·
3209 3361 3305 3414 Ἐκ
3322 3360 3629 3427 βλαστοῦ,

2047 3452 2140 3508 υἱέ
2182 3470 2324 3524 μου,
2369 3453 2623 3521 ἀνέὸης·
2676 3453 2901 3525 βλαστὸν
2947 3453 3048 3525 τὴν
3089 3448 3378 3525 Παρθένον,
3438 3452 3533 3506 καὶ
3568 3453 3632 3507 τὸ

2047 3547 2315 3618 ἄχραντον
2352 3546 2452 3617 τῆς
2500 3546 2718 3619 Μαρίας
2749 3546 3049 3619 ἐμφαίνων.
3103 3544 3237 3601 Εἶτα
3266 3546 3357 3602 τὸν
3393 3544 3631 3618 σταυρὸν

2046 3639 2223 3712 δηλῶν
2251 3639 2435 3710 ἔλεγεν
2454 3657 2470 3671 ’
2512 3640 2851 3696 Ἆναπεσὼν
2876 3642 3200 3712 ἐκοιμήθης
3224 3643 3302 3708 ώς
3328 3641 3507 3705 λέων,
3528 3641 3629 3696 καὶ

2046 3733 2128 3798 ὡς
2152 3734 2422 3803 σκύμνος
2447 3733 2715 3801 λέοντος,
2749 3735 2841 3801 τίς
2867 3733 3062 3805 ἐγερεῖ
3096 3736 3321 3798 αὑτόν;
3371 3734 3476 3788 Τὸν
3520 3732 3630 3804 γὰρ

2047 3823 2275 3878 θάνατον
2304 3825 2468 3879 αὐτοῦ
2510 3825 2765 3896 κοίμησιν
2810 3825 3036 3879 ἐκάλεσε
3066 3825 3161 3879 καὶ
3201 3824 3389 3888 ὕπνον,
3423 3824 3519 3879 καὶ
3552 3824 3629 3895 τῷ

2047 3915 2263 3986 θανάτῳ
2310 3916 2517 3986 συνῆψε
2555 3918 2654 3986 τὴν
2685 3915 2999 3981 ἀνάστασιν,
3054 3916 3253 3984 λέγων·
3305 3917 3402 3980 Τίς
3445 3919 3630 3989 ἐγερεῖ

2046 4004 2245 4070 αὐτόν;
2280 4006 2472 4068 Ἄλλος
2505 4007 2602 4075 μὲν
2627 4005 2821 4069 οὐδεὶς,
2854 4005 3014 4070 αὐτὸς
3040 4004 3095 4058 ὃέ
3124 4006 3335 4060 ἐαυτόν.
3363 4008 3442 4059 Δι’
3475 4008 3504 4060 δ
3533 4010 3629 4062 καὶ

2044 4096 2074 4149 6
2113 4094 2349 4164 Χριστὸς
2394 4093 2598 4164 ἔλεγεν·
2633 4094 2952 4159 Ἐξουσίαν
2980 4093 3098 4165 ἔχω
3137 4094 3325 4150 θεῖναι
3357 4094 3473 4165 τὴν
3502 4100 3625 4166 ψυ-

2043 4185 2166 4258 χήν
2193 4205 2344 4258 μου,
2380 4186 2480 4242 καὶ
2522 4187 2816 4253 ἐξουσίαν
2852 4187 2970 4259 ἔχω
3009 4186 3218 4243 λαϐεῖν
3260 4188 3488 4257 αὐτήν·
3532 4192 3629 4245 καὶ

2046 4277 2209 4332 πάλιν
2230 4293 2246 4309 θ
2299 4278 2538 4332 Λύσατε
2579 4275 2687 4330 τὸν
2724 4275 2878 4331 ναὸν
2920 4275 3136 4331 τοῦτον
3177 4275 3275 4330 καὶ
3327 4277 3397 4331 ἐν
3429 4277 3629 4346 τρισὶν

2044 4368 2293 4440 ἡμέραις
2332 4368 2514 4438 ἐγερῶ
2564 4369 2771 4423 αὐτόν.
2820 4366 2886 4420 Τί
2928 4366 2986 4420 δέ
3036 4368 3214 4430 ἐστιν,
3277 4366 3632 4422 Ἀναπεσὼν

2044 4458 2366 4528 ἐκοιμήθης
2386 4458 2465 4524 ὡς
2483 4456 2640 4512 λέων
2656 4473 2676 4521 ;
2724 4457 2934 4527 Ὠσπερ
2960 4455 3069 4526 7&9
3101 4457 3130 4508 6
3160 4453 3297 4508 λέων
3329 4457 3429 4510 οὐκ
3457 4458 3626 4528 ἐγρητ

2043 4550 2222 4621 γορὼς
2254 4551 2433 4621 μόνον,
2461 4548 2600 4603 ἀλλά
2631 4549 2727 4601 καὶ
2754 4545 3029 4602 καθεύδων
3062 4547 3180 4601 ἐστὶ
3205 4549 3455 4620 φοϐερός·
3485 4550 3628 4605 οὕτω

2044 4645 2139 4698 καὶ
2183 4643 2213 4695 6
2238 4641 2472 4714 Χριστὸς
2502 4641 2563 4695 οὐ
2589 4640 2696 4713 πρὸ
2735 4640 2830 4695 τοῦ
2878 4642 3116 4715 σταυροῦ
3148 4644 3331 4716 μόνον,
3362 4644 3499 4698 ἀλλά
3531 4645 3628 4701 καὶ

2042 4735 2102 4788 ἐν
2125 4732 2274 4804 αὐτῷ
2295 4733 2374 4806 τῷ
2401 4732 2640 4805 σταυρῷ,
2672 4733 2767 4786 καὶ
2793 4734 2851 4787 ἐν
2879 4734 3017 4806 αὐτῇ
3048 4737 3117 4808 τῇ
3142 4734 3367 4812 τελευτῇ
3397 4737 3627 4808 φοὸερὸς

2041 4822 2131 4898 ἦν,
2176 4825 2271 4879 καὶ
2302 4825 2370 4880 τὰ
2401 4825 2613 4896 μεγάλα
2645 4824 2771 4879 τότε
2819 4825 3109 4897 εἰργάζετο
3138 4826 3429 4899 θαύματα,
3474 4828 3627 4900 ἥλιον

2041 4916 2421 4990 ἀποστρέφων,
2460 4916 2671 4989 πέτρας
2698 4915 2933 4987 τέμνων,
2972 4916 3085 4990 [l7]
3119 4918 3219 4990 τὴν
3253 4920 3358 4993 γῆν
3392 4919 3623 4984 κλονῶν,

2040 5008 2101 5063 τὸ
2129 5007 2531 5078 καταπέτασμα
2580 5006 2800 5077 σχίζων,
2832 5007 2933 5079 τὴν
2976 5011 3213 5077 γυναῖκα
3255 5009 3351 5063 τοῦ
3390 5010 3623 5065 Πιλάτου

2040 5099 2431 5171 δεδιττόμενος,
2461 5099 2553 5153 τὸν
2594 5099 2793 5155 Ἰούδαν
2816 5099 3086 5170 ἐλέγχων.
3116 5100 3252 5155 Τότε
3280 5099 3390 5171 7&9
3411 5100 3620 5169 ἔλεγεψ

2041 5191 2345 5261 Ἥμαρτον
2397 5189 2705 5259 παραδοὺς
2751 5185 2894 5260 αἷμα
2939 5188 3154 5245 ἀθῶον.
3210 5190 3320 5245 Καὶ
3384 5192 3418 5260 ἡ
3483 5192 3621 5263 γυνὴ

2038 5281 2132 5336 τοῦ
2178 5280 2413 5337 Πιλάτου
2460 5282 2687 5354 ἐδηλουο
2734 5280 2940 5350 Μηδὲν
2984 5282 3082 5336 σοι
3135 5280 3236 5335 καί
3283 5279 3364 5347 τῷ
3414 5280 3625 5350 δικαίῳ

2040 5374 2256 5440 τούτῳ*
2305 5373 2508 5427 πολλὰ
2545 5372 2655 5443 γὰρ
2683 5373 2909 5429 ἔπαθον
2942 5372 3068 5426 κατ’
3114 5371 3261 5441 ὄναρ
3295 5372 3370 5425 δι’
3410 5375 3617 5428 αὐτόν.

2040 5457 2273 5517 Τότε“τδ
2317 5463 2507 5528 σκότος
2550 5462 2651 5535 τὴν
2684 5462 3013 5533 οἰκουμένην
3050 5461 3434 5531 κατελάμῦανε
3462 5503 3478 5529 ,
3529 5464 3622 5518 καὶ

2042 5557 2138 5623 νῦξ
2185 5558 2243 5611 ἐν
2292 5555 2477 5628 ἡμέρᾳ
2520 5556 2660 5629 μέσῃ
2691 5555 2971 5626 ἐφαίνετο’
3021 5555 3142 5608 τότε
3170 5557 3200 5609 6
3230 5554 3458 5620 θάνατος
3492 5558 3621 5629 ἐτη-

2047 5664 2190 5715 κετο,
2221 5648 2314 5704 καὶ
2360 5650 2391 5720 ἡ
2427 5649 2677 5720 τυραννὶς
2718 5645 3236 5704 αὐτοῦκατελύετο*
3292 5644 3462 5702 πολλὰ
3497 5648 3622 5720 γοῦν
