4054 6216
291 315 360 367 5'5
923 304 989 360 LV
1027 303 1252 368 lLLUD,
1294 299 1542 370 PATER,
1581 300 1639 358 SI
1680 297 1864 357 P0881

1972 297 2025 360 ,Ε
2062 298 2209 368 EST,
2251 298 2638 371 TRANSEAT,
2679 303 2831 360 ETC.
3487 314 3556 370 5i»

284 445 373 500 qui
394 425 745 488 dorinicrant,
771 429 1138 490 surrexerunt.
1165 418 1287 473 [hcc
1315 419 1440 473 olim
1465 416 1755 487 prmdicens
1778 430 1869 483 pa-

290 519 542 581 triarcha,
564 525 620 572 et
654 513 939 570 ostendens
983 513 1129 565 illum
1162 511 1319 565 etiam
1343 509 1658 574 cruciﬁxum
1688 507 1871 561 formi-

286 610 519 672 dabilem
551 607 678 669 fore,
707 604 954 660 dicebat:
995 602 1260 657 Recubans
1289 601 1536 663 dormiisti
1560 610 1612 652 ut
1634 599 1710 653 leo
1733 614 1751 652 :
1774 613 1871 650 nec

292 700 454 764 dixit,
486 697 740 761 Dormics,
781 693 873 749 sed
906 693 1186 756 Dormiisti,
1237 700 1514 760 propterea
1560 689 1700 759 quod
1741 688 1867 742 illud

288 791 506 846 omnino
531 799 644 843 erat
670 788 927 841 futurum.
959 785 1069 839 Mos
1088 785 1228 838 enim
1256 783 1442 840 ltic.eSt
1466 782 1868 852 prophetarum,

289 890 346 940 nt
375 880 554 935 multis
600 879 652 934 iu
700 879 829 932 locis
864 887 1133 946 tamquam
1165 875 1431 945 pra'tcrita
1461 873 1632 937 futura
1675 871 1867 942 pra:di-

285 981 425 1025 cant.
470 969 602 1024 Nam
645 967 1094 1039 quemadmodum
1139 966 1250 1020 ﬁeri
1279 965 1500 1034 nequit,
1534 973 1590 1018 ut
1617 979 1732 1032 qua:
1760 962 1868 1032 jam

285 1070 596 1126 evenerunt,
638 1075 742 1116 non
787 1060 1036 1115 eveniant
1065 1075 1077 1110 :
1109 1059 1177 1112 ita
1202 1072 1372 1126 neque
1402 1065 1456 1110 ut
1485 1055 1585 1110 hoc
1612 1095 1627 1117 ,
1660 1054 1868 1108 tametsi

285 1150 517 1205 futurum
571 1159 675 1214 est,
728 1164 835 1204 non
873 1148 1102 1212 eveniat.
1147 1147 1434 1216 Propterea
1486 1146 1734 1200 nimirum
1778 1161 1871 1214 per

284 1243 520 1313 speciem
551 1243 805 1312 temporis
843 1241 951 1311 jam
985 1241 1234 1310 praeteriti
1270 1239 1442 1301 futura
1492 1239 1866 1309 praenuntiant.

287 1343 346 1388 ut
374 1334 474 1388 lue
496 1335 700 1389 ratione
725 1334 835 1390 fieri
867 1349 968 1392 non
998 1346 1155 1402 posse
1170 1331 1490 1402 signiﬁcent,
1519 1330 1644 1400 quin
1671 1330 1868 1383 exitum

289 1423 519 1478 habeant
544 1440 607 1478 ac
630 1437 846 1492 prorsus
866 1423 1134 1478 eveniant.
1164 1423 1253 1477 Sic
1274 1422 1432 1476 etiam
1465 1419 1628 1475 David
1656 1434 1868 1474 crucem

285 1515 572 1585 designans
599 1514 770 1572 aiebat
797 1530 812 1567 :
838 1513 1098 1567 Foderunt
1125 1529 1304 1566 manus
1322 1519 1539 1576 meas,et
1562 1509 1710 1578 pedes
1736 1525 1871 1562 meos

287 1607 458 1678 (Psal.
486 1607 573 1678 21.
604 1609 714 1677 t7).
737 1607 852 1661 Non
876 1606 1026 1674 dixit,
1058 1605 1302 1670 Fodient,
1331 1603 1426 1658 sed
1459 1601 1737 1655 Foderunt.
1767 1599 1868 1654 Di-

285 1707 669 1759 numeraverunt
712 1698 882 1751 omnia
910 1714 1023 1756 ossa
1052 1713 1160 1750 mea
1190 1693 1296 1767 (Ib.
1326 1711 1372 1748 υ.
1407 1693 1520 1765 18).
1549 1693 1659 1748 Nec
1695 1693 1869 1746 solum

287 1789 403 1850 lucc
448 1789 600 1855 dixit,
647 1788 740 1844 sed
780 1789 937 1843 etiam
964 1804 1049 1863 ea,
1077 1803 1195 1858 quae
1218 1803 1248 1842 a
1279 1786 1533 1840 militibus
1557 1784 1693 1839 facta
1723 1791 1868 1838 sunt.

234 1899 244 1912 ι
287 1879 575 1934 Βὶυἱεεηιιιι
601 1881 696 1934 sibi
734 1881 1021 1934 vestimenta
1054 1896 1183 1945 mea,
1225 1887 1274 1933 et
1298 1894 1450 1948 super
1477 1887 1658 1931 vestem
1707 1891 1869 1929 meam

285 1972 528 2032 miserunt
567 1980 748 2024 sortem
789 1969 894 2043 (Ib.
921 1986 968 2026 ν.
1018 1971 1127 2039 19).
1170 1968 1352 2038 Neque
1400 1967 1500 2021 hoc
1527 1966 1723 2033 Solum,
1775 1963 1870 2019 sed

283 2061 442 2116 etiam
484 2061 628 2131 quod
676 2077 798 2118 eum
848 2060 970 2116 t‘elle
1021 2062 1286 2126 cibarunt,
1314 2068 1369 2113 et
1394 2069 1546 2113 aceto
1573 2067 1866 2127 putarunt:

283 2151 540 2215 Dederunt
584 2152 747 2217 enim,
797 2152 986 2222 inquit,
1016 2151 1068 2204 in
1097 2167 1261 2206 escam
1303 2166 1465 2202 meam
1496 2149 1585 2220 fel,
1619 2156 1666 2201 et
1701 2148 1751 2200 in
1781 2146 1868 2200 siti

281 2259 394 2298 mea
433 2253 730 2313 potauerunt
769 2259 848 2297 me
873 2253 1010 2297 aceto
1050 2242 1218 2312 (Psal.
1245 2242 1333 2296 68.
1364 2241 1480 2312 22).
1509 2241 1659 2296 Alius
1687 2254 1871 2298 rursus

279 2349 406 2390 eum
455 2335 635 2388 lancea
665 2348 976 2403 percussum
1022 2333 1090 2386 ab
1118 2333 1223 2386 illis
1253 2332 1416 2387 fuisse
1451 2340 1631 2386 narrat
1664 2349 1677 2384 :
1725 2330 1872 2384 γίάες

283 2426 407 2491 bunt
430 2425 590 2488 enim,
618 2424 805 2494 inquit,
830 2424 1417 2492 inquemtrans/inerunt
1440 2421 1621 2491 (Zach.
1648 2420 1730 2476 12.
1757 2420 1868 2491 10).

280 2515 448 2585 isaias
487 2524 663 2569 autem
715 2529 900 2568 rursus
937 2515 1092 2569 aliter
1115 2529 1324 2568 crucem
1375 2512 1733 2582 praenuntiatus
1784 2511 1866 2569 di-

276 2606 438 2663 cebat
469 2621 483 2660 :
531 2607 678 2662 Sicut
703 2603 828 2661 'ovis
865 2606 933 2659 ad
975 2607 1274 2660 occisionem
1326 2607 1506 2659 ductus
1535 2617 1623 2669 est,
1653 2613 1700 2658 et
1740 2605 1870 2658 sicut

275 2713 442 2768 agnus
499 2713 670 2750 coram
716 2697 947 2750 tondente
988 2713 1042 2750 se
1087 2705 1254 2749 mutus
1281 2735 1297 2764 ,
1346 2696 1420 2749 sic
1460 2711 1559 2749 non
1592 2696 1790 2765 aperuit
1812 2709 1872 2750 os

276 2803 450 2841 suum.
479 2786 544 2841 In
583 2787 868 2842 humilitate
901 2790 1008 2860 ejus
1043 2787 1295 2861 judicium
1323 2787 1481 2856 ipsius
1510 2783 1765 2844 sublatum
1795 2796 1869 2841 est

275 2877 435 2947 (lsai.
462 2880 550 2935 53.
582 2881 632 2932 7.
656 2878 737 2948 8).

353 2970 408 3026 2.
451 2971 669 3026 Mortem
713 2969 940 3026 Christus
968 2970 1133 3031 subire
1174 2986 1273 3023 non
1315 2969 1577 3027 recusavit.
1609 2967 1868 3024 Mirabilia

275 3065 440 3118 crucis
481 3081 656 3133 opera.
708 3093 781 3103 -—
812 3063 892 3117 'l‘u
943 3078 1069 3118 vero
1113 3062 1244 3117 mihi
1276 3061 1521 3125 observa,
1550 3075 1658 3132 quo
1707 3067 1862 3129 pacto

276 3156 643 3226 unusquisque
688 3155 909 3215 istorum
964 3162 1233 3224 tamquam
1267 3154 1335 3208 de
1373 3153 1534 3209 rebus
1579 3151 1864 3222 praeteritis

278 3250 445 3303 verba
491 3248 668 3311 faciat.
713 3257 769 3302 ut
803 3263 864 3303 ea
913 3248 1068 3318 plane
1093 3247 1306 3313 futura,
1347 3255 1401 3301 et
1442 3246 1556 3301 sine
1585 3245 1858 3300 contradi-

277 3342 460 3394 ctione
486 3351 734 3394 eventura
766 3355 859 3408 per
881 3339 985 3408 hoc
1013 3348 1222 3408 tempus
1256 3339 1518 3403 ostendat.
1552 3337 1625 3392 lta
1647 3353 1862 3408 quoque

280 3429 448 3484 David
505 3428 605 3484 hoc
641 3429 895 3498 judicium
937 3429 1245 3491 describens
1281 3428 1503 3484 aiebat:
1537 3429 1705 3494 Quare
1755 3427 1863 3498 fre-

277 3531 513 3576 muerunt
539 3531 706 3593 gentes
725 3562 740 3585 ,
771 3531 816 3575 et
843 3521 1020 3591 populi
1050 3521 1276 3578 meditati
1297 3530 1412 3575 sunt
1443 3520 1616 3582 inania
1639 3520 1663 3573 ?
1689 3519 1864 3574 Adsti-

275 3623 443 3668 terunt
481 3631 620 3684 reges
665 3623 828 3680 terrm,
860 3624 906 3667 et
947 3613 1198 3684 principes
1247 3624 1581 3670 convenerunt
1615 3614 1669 3667 in
1697 3629 1857 3667 unum

275 3706 514 3758 adversus
567 3704 858 3771 Dominum,
889 3713 936 3758 et
976 3705 1214 3770 adversus
1245 3703 1500 3759 Christum
1545 3705 1655 3776 ejus
1685 3703 1859 3776 (Psal.

275 3796 332 3852 2.
362 3797 411 3852 Ι.
441 3797 520 3870 2).
571 3796 754 3866 Neque
799 3811 927 3851 vero
956 3795 1212 3866 judicium
1264 3803 1467 3861 tantum
1509 3804 1565 3851 et
1615 3811 1854 3863 crucem,

275 3876 502 3963 quaeque
532 3891 582 3944 in
605 3905 764 3946 cruce
798 3891 1157 3960 contigerunt,
1181 3897 1590 3954 commemorat,
1617 3889 1712 3944 sed
1740 3904 1862 3942 eum

276 3997 488 4053 quoque
511 3981 601 4052 qui
633 3980 846 4035 tradidit
877 4021 892 4046 ,
917 3980 1057 4050 quod
1089 3980 1339 4034 nimirum
1364 3979 1778 4046 contubernalis,
1810 3988 1865 4034 et.

277 4072 520 4142 cjusdem
551 4072 812 4142 particeps
837 4087 1036 4127 mensa:
1063 4072 1236 4126 fuerit.
1269 4071 1368 4139 Qui
1396 4071 1537 4126 enim
1569 4070 1743 4125 edebat
1771 4087 1864 4141 pa-

277 4183 367 4221 nes
392 4183 547 4232 meos,
577 4166 914 4235 magni/ienuit
940 4181 1092 4234 super
1118 4181 1194 4218 me
1209 4163 1666 4234 supplantationem
1686 4163 1860 4236 (Psal.

276 4257 367 4313 ιο.
418 4258 526 4330 t0).
561 4258 757 4313 Vocem
795 4271 1005 4327 quoque
1047 4257 1126 4312 sic
1159 4256 1334 4323 etl'ert,
1364 4272 1520 4327 quam
1567 4256 1864 4312 emissurus

276 4357 393 4404 erat
438 4350 488 4404 in
529 4364 729 4405 cruce:
773 4349 932 4414 Deus,
984 4347 1119 4403 Deus
1168 4364 1332 4423 meus,
1357 4365 1513 4416 quare
1551 4365 1629 4402 me
1678 4348 1862 4402 dereli-

277 4442 429 4514 quiin
451 4440 624 4511 (Psal.
651 4441 742 4496 21.
766 4441 822 4510 2)
849 4441 873 4495 ?
917 4441 1049 4495 Tum
1079 4441 1378 4509 sepulcrum
1408 4454 1589 4495 rursus
1620 4457 1635 4496 :
1668 4439 1865 4494 Posue-

277 4545 397 4586 runt
429 4551 506 4588 me
532 4535 583 4587 in
612 4535 726 4588 lacu
767 4535 964 4602 iii/imo,
997 4533 1048 4586 in
1078 4533 1348 4586 tenebrosis
1368 4542 1414 4586 et
1442 4533 1495 4586 in
1520 4533 1696 4587 umbra
1727 4549 1863 4586 mor-

279 4626 344 4678 tis
393 4625 563 4695 (l’sal.
621 4625 711 4682 87.
765 4625 838 4694 (ἶ).
885 4626 947 4680 Et
989 4624 1432 4680 resurrectionem
1483 4644 1496 4679 :
1547 4623 1669 4677 Non
1719 4625 1861 4678 enim

279 4716 595 4786 derelinques
619 4718 841 4771 animam
877 4734 1035 4770 meam
1061 4718 1114 4770 in
1145 4717 1364 4786 inferno,
1391 4732 1548 4786 neque
1571 4716 1712 4769 dabis
1739 4733 1861 4768 san-

278 4821 415 4864 ctum
462 4821 602 4864 tuum
651 4811 816 4865 videre
855 4811 1224 4881 corruptionem
1275 4807 1293 4880 (
1323 4807 1466 4862 Psal.
1499 4809 1586 4864 I5.
1617 4809 1684 4864 10
1800 4809 1865 4863 Ει

279 4904 648 4958 ascensionem
675 4905 942 4958 :Ascendit
965 4902 1100 4956 Deus
1133 4904 1181 4956 in
1197 4901 1518 4973 jubilatione,
1541 4899 1787 4955 Dominus
1810 4902 1864 4954 in

252 5011 398 5047 ‘roce
426 4997 556 5050 tuba:
583 4993 757 5065 (Psal.
793 4994 881 5049 46.
907 4993 986 5063 6).
1033 4993 1159 5048 Item
1199 4993 1381 5047 sedem
1402 5006 1431 5045 a
1460 4991 1695 5047 dextris:
1721 4991 1863 5046 Dta'it

248 5114 260 5162 ί
285 5082 538 5139 Dominus
564 5085 779 5139 Domino
809 5102 939 5150 meo,
969 5083 1102 5140 Sede
1129 5101 1161 5137 a
1189 5083 1376 5137 dextris
1407 5084 1549 5148 meis,
1581 5083 1740 5137 donec
1766 5099 1863 5151 po-

251 5173 403 5272 :nam
432 5181 657 5236 inimicos
679 5190 790 5234 tuos
811 5179 1082 5235 scabellum
1106 5177 1287 5247 pedum
1319 5186 1518 5272 tuorum
1539 5175 1707 5247 (Psal.
1739 5175 1861 5231 109.

261 5267 362 5340 ει).
419 5271 578 5327 Isaias
614 5286 740 5326 vero
794 5285 1008 5326 causam
1065 5269 1222 5325 etiam
1275 5267 1537 5336 expressit
1611 5267 1796 5322 dicens
1847 5284 1860 5321 :

257 5329 270 5390 ι
285 5329 542 5430 Quoniam
567 5365 631 5418 ab
656 5363 1000 5434 iniquitatibus
1029 5361 1203 5431 populi
1233 5361 1328 5412 mei
1346 5329 1529 5413 ductus
1555 5369 1627 5412 est
1643 5359 1708 5412 ad
1724 5376 1862 5412 mor-

282 5467 385 5510 tem
412 5458 431 5529 (
456 5455 583 5512 lsai.
614 5457 684 5512 55
722 5454 816 5524 8),
845 5463 900 5509 et
924 5453 1086 5523 quod,
1120 5451 1370 5520 Quoniam
1403 5466 1573 5505 omnes
1597 5452 1723 5505 sicut
1751 5468 1864 5505 oves

275 5558 596 5615 erraverunt,
642 5548 833 5602 idcirco
875 5553 1125 5598 mactatur
1154 5541 1316 5613 (Ibid.
1345 5556 1393 5596 tt.
1423 5540 1479 5597 ϐ.
1510 5540 1588 5614 7).
1617 5541 1750 5596 Tum
1771 5543 1865 5597 ad-

283 5625 432 5695 jicit,
452 5631 570 5696 quid
601 5647 663 5682 ex
700 5646 765 5682 eo
792 5631 912 5682 boni
935 5639 1318 5699 consequutnm
1345 5629 1434 5689 sit,
1457 5627 1660 5688 dicens,
1693 5622 1871 5679 Livore

287 5715 512 5784 eiusnus
530 5735 702 5774 attines
729 5728 892 5774 sanati
921 5719 1128 5791 sumus(
1153 5717 1234 5775 Ib.
1260 5736 1306 5774 v.
1336 5720 1407 5790 5)
1433 5758 1446 5784 ,
1475 5728 1524 5774 ct
1547 5714 1704 5787 quod,
1737 5714 1868 5775 Ροε-

1979 425 2092 468 cata
2118 413 2389 470 multorum
2431 419 2544 471 tulit
2579 423 2599 490 (
2616 417 2745 474 lsai.
2774 420 2863 475 55.
2895 420 2960 476 12
2983 420 3028 492 ).
3061 423 3268 494 Ergone
3297 425 3569 493 prophetat

1977 509 2189 577 quidem
2209 525 2418 564 crucem
2438 522 2766 575 novcrant,et
2784 513 2956 568 crucis
2971 531 3432 588 causam,qu:eqne
3451 535 3575 589 pro-

1980 607 2095 665 pter
2107 616 2317 654 crucem
2337 602 2610 655 commoda
2628 604 2974 672 obvenerunt,
2995 616 3047 660 ct
3063 610 3386 676 sepulcrum,
3407 620 3460 664 et
3479 626 3566 666 ro-

1975 691 2382 755 surrectionem,
2410 700 2463 744 et
2487 694 2876 760 ascensionem,
2915 706 2966 750 et
2997 697 3370 767 proditionem.
3401 711 3455 756 et
3479 701 3566 772 jn-

1976 779 2191 844 dieium,
2224 791 2275 835 et
2306 783 2480 834 omnia
2509 795 2691 837 exacte
2717 784 3113 855 descripserunt
3147 810 3160 844 :
3190 791 3277 860 qui
3313 807 3443 844 vero
3462 791 3562 846 mi-

1977 870 2041 921 sit
2067 886 2180 933 eos,
2223 881 2275 925 et
2306 871 2418 924 tunc
2453 874 2554 927 illis
2589 874 2810 929 dicenda
2840 877 3130 944 mandavit,
3171 881 3282 948 ipse
3313 881 3564 950 ignorat?

1977 960 2104 1026 Quis
2140 977 2388 1030 umquam
2422 963 2654 1033 prudens
2685 964 2784 1020 ltoc
2828 965 3020 1021 dixerit
3049 968 3073 1020 'l
3104 969 3258 1024 Vides
3290 988 3392 1026 non
3435 989 3557 1029 esse

1979 1049 2138 1112 verba
2164 1061 2363 1104 tantum
2384 1060 2583 1106 temere
2600 1056 2886 1121 spectanda
2910 1056 2933 1110 ’ἒ
2960 1073 3064 1111 non
3087 1059 3229 1112 enim
3257 1059 3357 1115 hoc
3383 1062 3558 1117 soluat

1975 1149 2057 1194 est
2082 1141 2328 1208 dubium,
2359 1142 2450 1197 sed
2482 1154 2532 1198 et
2562 1145 2819 1213 majorem
2846 1147 2916 1212 id,
2950 1148 3090 1217 quod
3117 1151 3375 1218 sequitur,
3403 1153 3561 1208 dubi-

1978 1231 2119 1284 tandi
2167 1234 2499 1288 occasionem
2546 1234 2720 1301 altert.
2774 1236 2911 1303 Quid
2951 1239 3092 1292 enim
3133 1240 3246 1295 ait?
3279 1241 3454 1308 Pater,
3514 1251 3561 1308 οἱ

1978 1324 2212 1391 possibile
2235 1334 2326 1390 est,
2370 1335 2590 1384 transeat
2615 1345 2646 1380 a
2673 1345 2752 1384 me
2772 1331 2906 1384 calix
2929 1330 3040 1385 iste.
3069 1331 3184 1386 Νοιι
3217 1334 3359 1388 enim
3387 1335 3560 1390 solum

1978 1413 2248 1480 ignorasse
2293 1417 2609 1487 reperietur,
2649 1419 2742 1473 sed
2790 1421 2948 1474 etiam
2993 1436 3208 1477 crucem
3255 1439 3555 1481 recusasse.

1977 1504 2101 1560 llaec
2129 1520 2358 1574 namque
2384 1508 2665 1568 verborum
2696 1511 2917 1566 istorum
2944 1523 3025 1566 cst
3058 1514 3317 1569 sententia
3349 1533 3362 1570 :
3399 1515 3452 1571 Si
3483 1517 3550 1571 li-

1975 1604 2081 1660 cet,
2104 1596 2294 1665 inquit,
2325 1613 2391 1652 ne
2431 1599 2646 1654 subi-am
2679 1616 2913 1669 crucem,
2947 1620 3081 1660 neve
3124 1605 3447 1664 interliciar:
3484 1619 3561 1662 ta-

1975 1688 2130 1740 metsi
2153 1687 2364 1741 Petrum
2395 1692 2757 1758 apostolorum
2797 1695 3087 1764 principem
3120 1696 3222 1751 hoc
3253 1697 3349 1766 ipsi
3373 1699 3558 1753 dicen.

1977 1786 2104 1841 tem,
2137 1777 2403 1847 Propitius
2451 1768 2539 1834 tibi
2577 1792 2700 1848 esto,
2742 1782 2960 1848 Domine
2992 1801 3010 1838 :
3048 1802 3148 1840 non
3195 1789 3286 1840 erit
3316 1789 3405 1842 tibi
3444 1791 3556 1854 hoc,

1975 1866 2110 1922 adeo
2135 1867 2479 1925 vehementer
2525 1872 2832 1942 increpavit,
2868 1883 2923 1929 ut
2966 1874 3214 1936 diceret:
3266 1878 3404 1933 Vade
3443 1893 3556 1950 post

1975 1975 2074 2025 me,
2105 1969 2284 2014 satana
2316 2004 2331 2028 ,
2359 1964 2655 2017 scandalum
2687 1967 2809 2021 mihi
2838 1984 2891 2026 es
2933 1983 2953 2024 :
2989 1969 3110 2037 quia
3150 1986 3250 2024 non
3291 1973 3430 2041 sapis
3474 1990 3553 2040 ea,

1974 2065 2086 2119 quis
2113 2049 2210 2104 Dei
2245 2063 2362 2107 sunt
2386 2095 2402 2119 ,
2445 2056 2534 2108 sed
2559 2073 2618 2108 ea
2656 2073 2770 2125 qua:
2813 2059 3080 2120 hominum
3101 2060 3316 2129 (Matth.
3351 2064 3436 2118 lli.
3467 2063 3558 2128 22,

1974 2140 2088 2212 25):
2115 2143 2273 2213 idque
2301 2159 2420 2200 cum
2454 2146 2664 2201 beatum
2689 2150 2834 2208 illum
2863 2152 3167 2220 pauloaute
3186 2156 3549 2222 praedicasset.

1976 2229 2172 2288 Verum
2207 2235 2342 2290 adeo
2373 2237 2650 2292 videbatur
2674 2240 2962 2295 absurdum
3005 2258 3130 2297 esse
3157 2258 3260 2305 non
3287 2246 3548 2318 cruciﬁgi,

1975 2331 2034 2376 ut
2074 2324 2238 2391 illum,
2272 2327 2358 2396 qui
2411 2342 2442 2381 a
2496 2329 2650 2384 Patre
2689 2331 3068 2387 revelationem
3119 2347 3419 2405 acceperat,
3467 2338 3564 2408 qui,

1973 2413 2162 2470 beatus
2181 2417 2353 2475 dictus
2379 2418 2568 2481 fuerat.
2599 2423 2682 2476 cui
2715 2423 2966 2478 mulorum
2993 2426 3174 2480 claves
3208 2427 3414 2482 tradita:
3445 2429 3561 2485 lue-

1973 2516 2114 2572 rant,
2147 2523 2390 2564 satanam
2417 2514 2732 2582 appellaret,
2754 2525 2807 2570 et
2835 2517 3166 2583 scandalum,
3196 2535 3258 2573 ac
3290 2532 3564 2591 tamquam

1973 2611 2035 2651 ea
2067 2614 2186 2668 qua:
2216 2600 2307 2655 Dei
2335 2611 2478 2663 sunt.
2523 2605 2741 2660 minime
2771 2607 3062 2675 sapientem
3107 2621 3401 2678 accusaret,
3437 2629 3560 2682 pro-

1973 2697 2154 2757 pterea
2176 2691 2314 2760 quod
2345 2692 2571 2759 dixerat,
2604 2694 2867 2766 Propitius
2892 2699 2980 2752 tibi
3007 2709 3132 2766 esto,
3166 2699 3380 2756 Domine
3407 2719 3428 2757 :
3458 2721 3565 2759 non

1975 2781 2068 2834 erit
2095 2781 2182 2835 tibi
2209 2782 2323 2851 hoc,
2354 2793 2413 2838 ut
2436 2786 2788 2857 cruciﬁgaris.
2813 2789 2951 2859 Ergo
2978 2792 3065 2860 qui
3087 2791 3406 2862 discipulum
3429 2810 3560 2850 cou-

1974 2874 2205 2929 tnmeliis
2242 2876 2439 2944 alfecit,
2486 2877 2729 2948 adeoque
2771 2884 3006 2950 graviter
3033 2883 3083 2936 iu
3124 2883 3272 2938 illum
3317 2885 3560 2942 invectus

1971 2973 2077 3033 est,
2109 2975 2167 3020 ut
2192 2976 2246 3021 et
2269 2978 2509 3022 satauam
2539 2980 2659 3039 post
2691 2978 2864 3026 tantas
2891 2972 3075 3029 laudes
3101 2975 3415 3044 appellaret,
3435 2979 3562 3048 quia

1971 3054 2196 3123 dixerat,
2228 3057 2305 3114 Ne
2333 3061 2661 3131 cruciﬁgaris
2692 3081 2706 3117 :
2734 3079 2839 3133 quo
2867 3074 3020 3134 pacto
3047 3066 3261 3122 nolebat
3289 3069 3400 3138 ipse
3421 3085 3551 3124 cru-

1970 3149 2109 3220 ciligi
2131 3150 2154 3203 ?
2179 3148 2460 3216 Quomodo
2485 3168 2614 3207 vero
2654 3165 2837 3223 postea
2881 3157 3003 3210 boni
3039 3161 3233 3226 pastori
3264 3161 3557 3232 depingens

1972 3237 2254 3309 imaginem
2280 3280 2294 3304 ,
2325 3241 2426 3296 hoc
2467 3244 2732 3312 prmcipue
2772 3248 2979 3300 virtutis
3007 3247 3122 3316 ejus
3153 3249 3402 3304 indicium
3435 3267 3555 3307 esse

1969 3329 2121 3394 dixit,
2143 3342 2200 3384 ut
2225 3346 2318 3400 pro
2339 3332 2451 3387 suis
2471 3333 2658 3388 ovibus
2673 3334 2963 3397 occidatur,
2985 3336 3052 3392 ita
3068 3336 3252 3391 dicens
3274 3357 3287 3391 :
3311 3338 3420 3410 Ego
3443 3357 3557 3394 sum

1969 3433 2144 3491 pastor
2171 3423 2327 3476 bonus
2353 3441 2373 3478 :
2421 3423 2582 3479 bonus
2630 3436 2805 3496 pastor
2849 3426 3074 3480 animam
3121 3443 3265 3482 suam
3299 3431 3438 3502 ponit
3463 3449 3560 3503 pro

1969 3529 2030 3568 oo
2051 3515 2143 3570 bas
2183 3514 2362 3587 (Joan.
2396 3517 2482 3574 t0.
2516 3517 2633 3588 tl)?
2674 3517 2858 3589 Neque
2885 3534 3013 3574 vero
3044 3518 3130 3575 hic
3174 3522 3429 3588 substitit,
3462 3524 3558 3580 sed

1968 3609 2160 3678 adjecit
2185 3627 2198 3662 :
2232 3609 2575 3665 Mercenarius
2604 3621 2796 3678 autem,
2823 3621 2869 3664 et
2899 3613 2984 3682 qui
3009 3629 3108 3666 non
3137 3624 3208 3666 est
3247 3624 3441 3684 pastor,
3476 3617 3558 3670 ri-

1971 3701 2050 3756 det
2075 3702 2254 3771 lupum
2281 3703 2554 3757 venientem
2581 3745 2594 3768 ,
2625 3713 2669 3757 et
2699 3703 2904 3757 dimittit
2935 3721 3049 3758 oves
3071 3745 3086 3770 ,
3129 3715 3174 3758 et
3200 3706 3332 3776 fugit
3361 3705 3465 3778 (lb.
3506 3723 3556 3763 ο.

1970 3795 2080 3865 12).
2114 3794 2169 3850 Si
2195 3810 2324 3866 ergo
2347 3795 2470 3850 boni
2501 3798 2729 3864 pastoris
2759 3805 2840 3851 est
2865 3796 3058 3861 occidi,
3093 3799 3408 3852 mercenarii
3433 3813 3560 3854 vero

1968 3887 2110 3940 nolle
2151 3885 2252 3940 hoc
2299 3887 2429 3955 pati,
2478 3886 2748 3956 quomodo
2793 3888 2902 3952 ille,
2945 3888 3035 3957 qui
3066 3901 3124 3942 se
3155 3888 3349 3942 bonum
3381 3897 3561 3958 pasto-

1969 3990 2079 4028 rem
2130 3977 2424 4043 prolitetur,
2474 3977 2643 4031 occidi
2675 3977 2927 4030 recusat?
2969 3976 3239 4045 quomodo
3265 3987 3443 4033 autem
3473 3979 3557 4034 di-

1966 4066 2140 4128 cebat,
2173 4064 2282 4136 Ego
2312 4081 2444 4135 pono
2471 4067 2693 4118 animant
2714 4082 2874 4118 nteant
2902 4082 2934 4118 a
2971 4083 3050 4120 me
3080 4067 3191 4134 ipso
3221 4065 3327 4138 (Ib.
3363 4084 3408 4121 υ.
3439 4069 3558 4140 t8)?

1966 4155 2099 4212 Nam
2123 4160 2166 4212 si
2194 4172 2226 4212 a
2257 4157 2427 4227 teipso
2471 4156 2626 4226 ponis
2646 4197 2661 4222 ,
2694 4157 2782 4226 qui
2816 4156 2904 4222 lit,
2936 4164 2994 4210 nt
3017 4157 3245 4211 alterunt
3275 4172 3454 4227 roges,
3490 4174 3558 4214 ne

1969 4250 2174 4321 ponas?
2197 4248 2467 4321 quomodo
2489 4247 2614 4303 item
2645 4247 2744 4302 hac
2770 4249 3058 4304 occasione
3084 4247 3261 4303 laudnt
3283 4265 3404 4304 eum
3426 4249 3558 4305 Pau-

1968 4343 2067 4407 lus,
2099 4345 2150 4398 in
2178 4341 2294 4398 lucc
2311 4342 2470 4398 verba
2495 4362 2508 4395 :
2533 4341 2634 4408 Qui
2657 4358 2770 4394 cum
2791 4342 2844 4395 in
2871 4344 3036 4412 forma
3057 4339 3158 4395 Dei
3177 4352 3323 4406 esset,
3349 4359 3448 4396 non
3469 4359 3559 4412 ra,-

1969 4435 2142 4504 pinam
2171 4435 2449 4488 arbitratus
2479 4443 2550 4487 est
2593 4449 2698 4486 esse
2722 4449 2776 4486 se
2805 4432 3049 4502 wqualem
3080 4429 3188 4485 Deo
3212 4472 3227 4497 ,
3258 4432 3346 4485 sed
3373 4410 3550 4487 exine}

1967 4528 2089 4580 nivit
2111 4527 2432 4596 semetipsum
2452 4530 2668 4595 formam
2685 4525 2815 4578 servi
2830 4523 3106 4594 accipiens,
3137 4523 3189 4577 in
3219 4523 3554 4580 similitudine

1968 4619 2228 4672 hominum
2254 4624 2440 4690 factus,
2464 4628 2511 4672 et
2560 4617 2731 4671 habitu
2761 4617 2990 4670 inventus
3021 4625 3073 4668 ut
3103 4616 3277 4683 honto,
3307 4615 3556 4672 humilia-

1967 4711 2034 4764 vit
2059 4711 2379 4779 semetipsum
2423 4710 2587 4778 factus
2625 4706 2859 4760 obediens
2882 4722 3037 4776 usque
3070 4707 3138 4760 ad
3164 4717 3393 4771 mortem,
3422 4725 3558 4762 mor—

1968 4809 2066 4854 tem
2107 4810 2272 4853 autem
2300 4800 2462 4853 crucis
2489 4797 2739 4870 (Philipp.
2771 4796 2824 4851 2.
2855 4798 2886 4851 6
2911 4827 2933 4837 -
2967 4798 3052 4869 8)?
3079 4797 3195 4868 Ipse
3220 4813 3347 4853 vero
3375 4814 3556 4854 rursus

1968 4891 2046 4947 sic
2069 4891 2199 4945 dicit
2226 4907 2239 4921 ο
2275 4890 2554 4959 Propterea
2601 4905 2679 4942 me
2726 4889 2893 4959 diligit
2927 4887 3081 4940 Pater
3103 4929 3118 4954 ,
3155 4891 3274 4959 quia
3303 4905 3394 4959 ego
3424 4905 3557 4959 pono

1967 4986 2190 5037 animum
2241 5000 2422 5047 meam,
2451 4993 2504 5035 ut
2529 4983 2708 5036 iterum
2738 4998 2932 5034 sumam
2960 4997 3070 5035 eam
3101 4980 3279 5051 (Joan.
3326 4982 3414 5036 10.
3446 4981 3551 5051 t7)-

1967 5077 2022 5132 Si
2045 5077 2184 5130 enim
2236 5091 2340 5130 non
2369 5074 2500 5139 vult,
2534 5072 2628 5128 sed
2659 5081 2888 5133 recusat,
2918 5083 2972 5126 et
3008 5072 3218 5128 Patrem
3245 5081 3382 5138 orat,
3410 5086 3550 5141 quo-

1970 5167 2130 5222 modo
2183 5175 2462 5237 propterea
2507 5164 2742 5234 diligitur
2778 5178 2806 5216 a
2834 5163 3033 5217 Patre?
3075 5161 3280 5217 Caritas
3305 5161 3447 5215 enim
3470 5170 3552 5217 est

1969 5275 2175 5325 eorum,
2219 5273 2338 5328 quze
2368 5272 2433 5310 cx
2461 5255 2622 5309 animi
2667 5253 2930 5308 sententia
2976 5252 3126 5305 liunt.
3160 5249 3438 5319 Quomodo
3462 5265 3558 5308 au-

1971 5360 2077 5406 tem
2109 5364 2292 5405 rursus
2307 5349 2375 5403 ait
2410 5348 2602 5402 Paulus
2630 5365 2643 5402 :
2671 5345 2879 5416 Diligite
2909 5345 3141 5410 invicem,
3169 5344 3293 5397 sicut
3317 5353 3363 5396 et
3410 5342 3562 5397 Chri-

1977 5456 2082 5499 stus
2109 5444 2284 5497 dilerit
2307 5459 2417 5506 nos,
2448 5453 2493 5495 et
2519 5443 2727 5495 tradidit
2751 5440 3071 5510 semetipsum
3103 5455 3196 5508 pro
3226 5437 3366 5490 nobis
3391 5435 3555 5506 (Eph.

1972 5537 2024 5591 5.
2055 5536 2140 5605 ‘2)?
2164 5534 2410 5590 Christus
2437 5533 2549 5602 ipse
2579 5547 2783 5593 rursus,
2813 5545 2934 5582 cum
2965 5538 3108 5582 esset
3135 5526 3547 5597 cruciﬁgendus,

1972 5627 2214 5692 dicebat,
2264 5623 2462 5687 Pater,
2511 5622 2641 5676 cauit
2687 5622 2852 5682 hora;
2895 5618 3128 5689 glori/ira
3172 5615 3368 5670 Filium
3419 5627 3562 5672 tuum

1976 5717 2158 5789 (Joan.
2188 5721 2274 5777 t7.
2307 5718 2359 5789 t)
2387 5735 2398 5770 :
2431 5716 2655 5787 gloriam
2691 5726 2889 5770 vocans
2937 5727 3173 5769 crucem.
3210 5708 3275 5767 Et
3295 5708 3560 5780 quomodo
