4054 6216
555 236 626 292 55
1302 252 1358 309 S.
1397 253 1676 314 JOANNIS
1712 257 2187 319 CHRYSOSTOMI
2226 263 2540 325 ARCHIEP.
2582 270 3111 341 CONSTANTINOP;
3772 315 3842 369 56

558 352 646 409 hic
681 367 914 422 recusat,
945 360 1051 416 illic
1088 365 1280 434 urget?
1309 366 1546 423 Gloriam
1575 371 1719 425 enim
1748 388 1868 429 esse
1896 389 2137 442 crucem,

553 446 675 500 audi
713 452 982 517 quomodo
1010 465 1233 512 testetur
1254 461 1598 531 evangelista,
1630 464 1815 521 dicens
1846 483 1860 523 :
1895 468 2139 525 Nondum

552 536 685 589 enim
725 549 831 592 erat
871 541 1021 598 datus
1050 544 1275 615 Spiritus
1325 562 1529 606 sanctus
1547 593 1564 618 ,
1595 556 1712 623 quia
1738 555 1889 613 Jesus
1915 560 2137 616 nondum

550 635 657 677 erat
685 627 1002 698 glori/ionius
1033 633 1052 707 (
1085 635 1170 691 Id.
1202 639 1256 694 7.
1306 640 1375 696 39
1492 643 1693 701 Horum
1738 658 1916 705 autem
1946 653 2138 709 verbo-

552 729 671 768 rum
732 715 845 773 ha-c
893 730 975 776 est
1017 729 1284 784 sententia
1318 731 1607 789 :Nondum
1650 747 1766 792 erat
1793 739 1914 795 data
1940 744 2131 812 gratia,

542 806 666 874 quia
693 810 927 865 nondum
952 817 1261 874 restiuctum
1277 833 1385 877 erat
1405 825 1498 880 Dei
1520 842 1643 898 erga
1667 830 1910 889 homines
1927 836 2129 903 odium;

543 896 689 965 quod
720 901 954 957 nondum
983 905 1230 965 Christus
1258 912 1325 966 ad
1347 929 1562 972 crucem
1592 923 1961 988 processisset.
1983 925 2129 982 Crux

542 987 687 1042 enim
718 990 808 1046 Dei
833 992 893 1057 in_
909 994 1153 1055 homines
1184 1002 1365 1059 odium
1387 1008 1651 1076 restinxit,
1688 1012 1855 1068 Deum
1886 1032 2006 1071 cum
2025 1017 2126 1074 ho-

543 1077 777 1135 minibus
806 1087 1188 1155 reconciliavit,
1220 1101 1416 1149 terram
1439 1099 1627 1154 ea-lum
1656 1101 1853 1171 effecit,
1882 1105 2126 1167 homines

541 1181 664 1223 cum
692 1173 897 1240 angelis
922 1176 1155 1245 miscuit,
1187 1185 1377 1240 multis
1402 1202 1581 1245 arcem
1611 1195 2022 1254 munitissimam
2045 1202 2126 1257 di-

539 1257 667 1325 ruit,
700 1259 898 1318 diaboli
936 1266 1080 1324 vires
1118 1276 1414 1342 enervavit,
1447 1283 1655 1348 peccati
1692 1284 1944 1343 virtutem
1973 1290 2122 1347 dele-

537 1348 633 1415 vit,
676 1358 873 1408 terram
918 1357 987 1412 ab
1029 1376 1212 1418 errore
1258 1365 1522 1436 liberavit,
1558 1376 1837 1433 veritatem
1881 1382 2118 1453 reduxit,

535 1438 806 1498 da'mones
831 1449 1052 1517 expulit,
1086 1456 1280 1524 templa
1307 1456 1591 1529 destruxit,
1622 1466 1809 1524 altaria
1836 1473 2116 1544 subvertit,

533 1528 775 1587 nidorem
836 1539 1050 1594 sustulit
1102 1545 1527 1620 sacriﬁciorum,
1568 1554 1816 1615 virtutem
1871 1562 2114 1635 inseruit,

532 1616 801 1681 Ecclesias
828 1625 1085 1687 fundavit.
1118 1632 1258 1690 Crux
1287 1637 1463 1696 Patris
1486 1645 1754 1713 voluntas,
1779 1650 1898 1707 Filii
1924 1657 2112 1725 gloria,

530 1708 760 1779 Spiritus
793 1718 962 1772 sancti
983 1724 1289 1794 exsultatio,
1328 1729 1479 1787 Pauli
1501 1735 1746 1804 gloriatio
1774 1758 1788 1795 :
1820 1708 1954 1800 Mihi
1970 1750 2113 1807 enim

528 1798 677 1866 absit,
710 1803 899 1874 inquit,
939 1809 1170 1879 gloriari,
1202 1820 1300 1872 nisi
1325 1821 1377 1874 in
1403 1839 1549 1880 cruce
1575 1826 1783 1886 Domini
1803 1840 1964 1893 nostri
1989 1840 2116 1898 Jesu

530 1882 721 1939 Christi
741 1886 884 1957 (Gal.
920 1892 972 1946 6.
1010 1895 1119 1966 14).
1152 1898 1291 1956 Crux
1319 1906 1433 1962 sole
1449 1882 2115 1992 clarior,radiisv

527 1972 647 2031 dior
673 1992 688 2029 :
715 1992 836 2037 cum
864 1981 1005 2037 enim
1032 1985 1120 2042 ille
1146 1989 1480 2063 obscuratur,
1505 2007 1614 2057 tum
1647 1972 1745 2061 ista
1768 1972 1937 2080 fulgel
1959 2031 1975 2080 ;
2000 2024 2111 2074 tum

529 2079 657 2118 vero
699 2069 780 2123 sol
807 2069 1142 2144 obscuratur,
1173 2095 1280 2137 non
1312 2087 1455 2155 quod
1481 2105 1513 2145 e
1540 2094 1719 2150 medio
1745 2069 1980 2171 tollatur,
2015 2108 2111 2164 sed

525 2155 667 2224 quod
693 2161 866 2215 crucis
895 2164 1180 2234 splendore
1226 2188 1530 2245 superetur.
1557 2182 1698 2239 Crux
1725 2200 1966 2248 nostrum
1991 2195 2111 2252 chi-

524 2247 849 2318 rographum
889 2252 1162 2327 laceravit,
1195 2266 1381 2321 mortis
1409 2283 1680 2330 carcerem
1712 2278 1950 2338 inutilem
1988 2291 2112 2343 red-

524 2334 676 2403 didit,
705 2353 836 2394 crnx
865 2341 1056 2401 divina:
1091 2352 1328 2410 caritatis
1376 2357 1652 2418 indicium.
1685 2366 1777 2422 Sic
1800 2373 1932 2427 enim
1974 2375 2111 2436 Deus

524 2424 700 2482 dilexit
738 2432 1003 2499 mundum,
1032 2447 1088 2490 ut
1120 2438 1311 2497 Filium
1346 2463 1493 2501 suum
1520 2454 1831 2524 unigenitum
1857 2462 2020 2531 daret,
2053 2480 2109 2524 ut

522 2515 684 2573 omnis
712 2518 801 2591 qui
824 2523 980 2575 credit
1008 2525 1062 2578 in
1087 2526 1251 2596 ipsum
1277 2548 1378 2588 non
1406 2548 1575 2604 pereat
1606 2515 1786 2615 (Joan.
1810 2549 1864 2604 ὅ.

523 2621 707 2667 rursus
738 2609 954 2683 Paulus,
991 2617 1053 2671 Si
1082 2620 1233 2687 citius,
1265 2641 1382 2681 cum
1403 2627 1597 2687 inimici
1618 2652 1855 2708 essemus,
1880 2650 2106 2703 reconci-

522 2696 633 2755 liati
672 2716 845 2757 sumus
888 2705 996 2762 Deo
1027 2727 1117 2779 per
1159 2727 1365 2772 mortem
1396 2718 1524 2777 Filii
1560 2728 1672 2797 ejus
1697 2696 2101 2815 (licunbrlll).

522 2789 659 2815 ,.____
701 2809 881 2815 ____-__
931 2800 942 2811 .

1580 2789 1598 2797 ν
1702 2789 1715 2803 ι
1905 2789 1951 2794 τ’
1992 2789 2101 2815 "1'

518 2789 661 2851 Crux
701 2809 884 2851 murus
930 2800 1372 2877 inexpugnabilis,
1399 2825 1606 2880 scutum
1639 2820 1910 2893 invictum,
1944 2846 2103 2888 secu-

519 2877 650 2937 ritas
676 2880 918 2952 divitum,
951 2903 1241 2961 pauperum
1268 2877 1559 2970 opulentia,
1590 2923 1774 2968 eorum
1803 2919 1993 2986 quibus
2017 2923 2101 2977 in-

516 2968 666 3024 sidia:
694 2985 945 3046 parantur
968 2991 1443 3059 propugnaculum,
1470 3010 1677 3067 eorum,
1710 3006 1799 3074 qui
1831 3008 1975 3066 bello
2001 3029 2093 3070 ve-

518 3067 732 3129 xantur,
761 3077 1052 3138 armatura,
1083 3078 1869 3165 perturbationumdestructio,
1889 3104 2098 3161 virtutis

513 3148 775 3223 fundatio,
803 3159 1011 3229 signum
1027 3164 1342 3229 admirabile
1370 3190 1435 3231 ac
1449 3183 1794 3252 stupendum.
1825 3148 2094 3252 (ieneratio

509 3242 654 3299 enim
680 3245 788 3302 lucc
811 3251 1009 3322 signum
1026 3261 1226 3329 quierit,
1254 3273 1301 3317 et
1325 3267 1527 3338 signum
1553 3290 1655 3331 non
1680 3279 1885 3337 dabitur
1907 3286 1970 3353 ei,
1997 3290 2097 3345 uisi

506 3332 707 3407 signum
727 3336 883 3414 Jonte‘
901 3344 1114 3414 (Matth.
1144 3351 1229 3410 l2.
1261 3332 1391 3428 39):
1406 3360 1646 3435 Itemque
1668 3332 1880 3441 Paulus,

508 3424 775 3483 doauideut
794 3429 968 3487 Judaei
986 3438 1131 3508 signa
1157 3424 1354 3515 petunt,
1382 3460 1430 3503 et
1443 3424 1610 3509 Crte-ci
1630 3424 2091 3540 mpientiani‘quaz-

506 3523 647 3581 runt,
691 3532 779 3571 nos
794 3530 965 3575 autem
1001 3530 1340 3594 pradicamus
1378 3537 1637 3599 Christum
1679 3555 1984 3624 cruciﬁxum
2010 3562 2087 3635 (1.

506 3602 606 3635 pm.
661 3607 681 3635 ι
748 3608 837 3635 ωαχ
884 3612 1023 3635 [ημμ
1202 3622 1234 3635 ι’

505 3602 623 3658 Cor.
661 3607 712 3663 1.
748 3608 861 3680 22).
884 3612 1024 3671 Crux
1054 3622 1358 3689 paradisum
1402 3642 1660 3693 reseravit

503 3797 573 3837 ne
626 3793 763 3843 terra
810 3792 1024 3862 quidem
1068 3799 1304 3874 dignum,
1332 3792 1405 3867 in,
1434 3792 1655 3887 regnum
1692 3792 2084 3893 cteloruvniv’d;

502 3874 674 3934 duxit.
706 3879 869 3938 Tanta
901 3886 1056 3948 nobis
1083 3891 1343 3957 beneﬁcio
1367 3909 1541 3964 crucis
1555 3910 1692 3970 bona
1723 3918 2078 3998 obvenerunt,

502 3975 548 3998 nl
579 3969 863 3998 Λιιεοηηε..-.ι
920 3987 962 3998 -.
1190 3989 1204 3998 .
1391 3997 1397 3998 ,
1421 3997 1430 3998 η

497 3975 555 4021 et
578 3969 883 4043 obveniuut,
912 3987 966 4035 et
990 3998 1095 4040 non
1120 3989 1226 4044 vult
1252 3997 1536 4070 cruciﬁgit
1564 4003 1695 4072 Quis
1726 4008 1848 4080 hoc,
1875 3969 2077 4089 quaeso:

497 4055 731 4089 ,Ιῖνηηιιιι
778 4062 868 4089 οε..
905 4081 986 4089 μ-.
1184 4079 1196 4089 .
1234 4081 1247 4089 .
1446 4088 1449 4089 ,

497 4055 731 4121 dixerit?
778 4062 870 4124 Sin
901 4081 1078 4128 autem
1108 4079 1343 4153 nolebat,
1365 4055 1482 4156 quis
1514 4055 1637 4149 enin
1664 4055 1937 4169 cogebar?
1957 4060 2079 4177 qui;

499 4148 546 4177 ,ιζ
577 4150 678 4177 με...
708 4153 904 4177 :..r,-__|-
951 4171 961 4177 .
983 4163 1006 4177 ιι
1030 4163 1069 4177 η
1196 4171 1207 4177 -
1232 4174 1243 4177 -

497 4148 549 4202 ei
577 4150 679 4208 vim
707 4153 1006 4216 inferebat?
1029 4163 1094 4224 Ut
1120 4171 1246 4242 quid
1258 4148 1435 4232 autem
1467 4190 1521 4235 et
1539 4148 1829 4257 prophelas
1858 4148 2076 4264 praeim-

493 4239 563 4294 sit
589 4246 965 4307 anmmtiantes
989 4251 1122 4323 fore,
1142 4239 1211 4314 ut
1235 4239 1658 4345 crucifigeretur:
1679 4280 1725 4337 si
1753 4239 2075 4359 crucifigen-

495 4331 590 4359 .l..-
633 4351 732 4359 --ιι-
775 4351 878 4359 Α--ι
1130 4349 1143 4359 ⁸
1352 4358 1357 4359 ⁷

492 4331 593 4387 dus
632 4351 736 4398 non
768 4351 904 4409 erat,
931 4360 1104 4419 neque
1130 4349 1231 4409 hoc
1256 4358 1364 4425 pati
1390 4331 1652 4420 volebat?’
1668 4379 1724 4425 ut
1744 4376 1869 4444 quid
1896 4331 2072 4441 altilem

490 4432 546 4479 et
571 4425 787 4484 calicem
814 4446 1028 4493 crucem
1060 4451 1233 4510 vocat,
1271 4447 1319 4503 si
1348 4451 1529 4523 utique
1551 4425 1787 4536 (η’υοίίίξί
1815 4469 2073 4532 nolebat?

490 4513 595 4571 hoc
621 4519 766 4574 enim
796 4533 880 4578 est
907 4533 1239 4592 ostendentis
1256 4579 1271 4605 ,
1294 4554 1492 4610 quanto
1521 4546 1678 4618 hujus
1701 4513 1778 4612 rei
1805 4559 2071 4624 desiderio

488 4615 778 4663 teneretur.
803 4612 1263 4682 Quemadmodum
1300 4632 1443 4689 enim
1470 4637 1770 4703 sitientibus
1796 4651 1931 4709 calix
1948 4669 2071 4714 sua-

484 4698 567 4752 vis
601 4709 701 4767 est,
730 4703 808 4758 sic
836 4716 889 4762 et
918 4712 1016 4779 ipsi
1045 4719 1280 4792 crucifigi
1307 4739 1322 4789 ;
1354 4741 1515 4799 quam
1542 4733 1611 4791 ob
1650 4753 1764 4797 rem
1794 4746 1952 4804 etiam
1982 4750 2066 4807 di-

482 4788 636 4845 ccbat
655 4834 670 4859 ,
701 4790 966 4856 Desiderio
994 4804 1274 4867 desideravi
1296 4816 1391 4872 hoc
1427 4826 1616 4892 pascha
1643 4835 1950 4895 manducare
1974 4857 2066 4898 vo-

487 4876 531 4898 r__-
574 4897 581 4898 κ
702 4886 713 4898 ι
735 4884 753 4898 ι
893 4891 956 4898 ⁸-
1022 4896 1032 4898 Α

1427 4876 1440 4892 '
1498 4876 1613 4882 v---..
1643 4876 1948 4895 ...κισ-υκνιισῡ
1975 4876 2061 4898 υν-

481 4876 670 4937 biscum
696 4884 848 4955 (Luc.
890 4891 979 4945 22.
1012 4896 1141 4969 15):
1176 4916 1280 4958 non
1308 4910 1448 4977 quod
1476 4913 1578 4972 hoc
1611 4927 1812 4981 temere
1839 4927 2061 5002 diceret,

481 4971 575 5002 ant.
601 4974 665 5002 ..Ι-
694 4975 828 5002 ..ιιι-Δ
875 4998 922 5002 *Α
957 5001 961 5002 ν
1351 4998 1362 5002 ”

480 4971 575 5033 sed
599 4974 667 5030 ob
693 4975 830 5036 hanc
868 4998 1105 5059 causam,
1137 5006 1203 5049 eo
1226 4971 1363 5065 quod
1399 5012 1520 5071 post
1547 5023 1823 5081 vesperam
1861 4975 2066 5080 subita:

481 5077 572 5118 l‘llS
592 5079 804 5123 crucem
832 5083 994 5129 esset.

546 5155 600 5209 ὅ.
630 5157 814 5215 Contra
832 5162 1098 5226 Anomozos
1116 5183 1162 5228 et
1181 5173 1395 5236 Ariauos
1422 5186 1547 5256 agit.
1567 5188 1682 5247 Una
1705 5196 1933 5254 voluntas
1952 5200 2061 5257 Pa-

475 5243 565 5323 tris
588 5254 635 5299 et
665 5247 807 5304 Filii.
828 5252 1070 5314 Doctrina
1094 5263 1157 5318 de
1170 5243 1528 5332 Incaruatiune
1552 5280 1756 5339 Christi.
1775 5319 1844 5329 ——
1858 5290 1910 5346 is
1932 5308 2060 5365 ergo

475 5337 565 5404 qui
590 5337 749 5395 etiam
776 5344 998 5414 gloriam
1032 5369 1142 5409 rcm
1173 5356 1328 5417 istam
1352 5371 1619 5441 appellat,
1648 5388 1702 5432 et
1738 5337 2055 5453 discipuhiln

473 5439 715 5500 increpat
737 5476 752 5502 ,
776 5450 842 5493 co
866 5443 1006 5510 quod
1034 5445 1204 5517 ipsum
1232 5456 1511 5526 prohibeat
1528 5507 1543 5532 ,
1575 5439 1628 5523 et
1656 5469 1852 5529 bonum
1876 5439 2056 5546 pasto-

1239 5525 1246 5526 ,
1530 5525 1542 5532 ⁷
1880 5525 2027 5546 τη.-

474 5532 587 5573 rem
609 5537 673 5578 cx
707 5525 807 5584 hoc
832 5545 890 5588 se
919 5540 1185 5612 ostendit,
1211 5549 1352 5619 quod
1381 5569 1476 5623 pro
1495 5558 1682 5617 ovibus
1709 5566 1819 5622 suis
1844 5571 2053 5627 occida-

530 5626 608 5702 (η)
641 5634 723 5688 llic
745 5634 878 5694 locus
899 5648 1072 5712 citatur
1093 5654 1143 5705 in
1160 5660 1367 5714 concilio
1388 5673 1533 5719 sexto
1556 5680 1870 5730 acmuenico.

2254 386 2358 443 tur,
2380 394 2546 452 seque
2572 384 2839 446 desiderio
2860 392 3166 455 desiderare
3193 398 3330 461 hanc
3359 421 3472 464 rem
3501 410 3661 484 dicit,
3691 429 3745 475 et
3770 429 3838 477 ad

2250 468 2352 525 hoc
2389 484 2579 542 Sponte
2629 482 2792 547 venit,
2840 489 3109 555 quomodo
3151 504 3331 565 rogat,
3358 508 3414 554 ut
3437 500 3539 560 hoc
3561 522 3664 563 non
3696 513 3781 567 tiat
3812 493 3886 597 ’ἒς

2250 559 2398 597 ιιι-ηδ
2435 564 2477 597 αἱ
2510 567 2717 597 “Atat.-.
2785 589 2908 597 ..-ηρ
2944 577 3118 597 μω-..
3200 584 3223 597 ..
3258 587 3287 597 .,
3374 590 3387 597 -
3419 591 3432 597 -

2246 559 2398 626 Quod
2434 564 2477 617 si
2509 567 2753 637 nolebat,
2785 589 2910 628 num
2938 577 3153 636 difficile
3196 559 3295 642 fuit
3316 559 3388 644 ad
3417 559 3531 649 huc,
3563 559 3874 661 tetulit-3

2244 652 2750 720 prohibere?Nunc
2801 675 2979 722 autem
3022 670 3204 740 vides,
3250 692 3372 733 eum
3413 682 3478 737 ad
3529 685 3666 745 lianc
3718 708 3832 749 rem

2242 741 2401 796 etiam
2428 759 2742 805 accurrere.
2761 754 2916 811 Certe
2941 772 3061 814 cum
3093 762 3147 816 in
3170 764 3341 835 ipsum
3370 770 3635 833 irruerent
3658 781 3828 850 dixit,

2247 830 2349 850 n...
2596 838 2648 850 Ἀ·
2706 842 2726 850 -
2770 843 2781 850 λ
2976 848 2983 850 λ

2244 830 2404 896 Quem
2447 838 2672 904 queritis
2702 842 2727 895 ρ
2754 843 2823 898 At
2853 846 2924 902 illi
2954 830 3403 922 dicuntflesum.
3451 864 3515 920 Et
3556 830 3827 943 afuit}:

3160 919 3169 922 -
3481 919 3510 920 η
3570 919 3640 925 —--
3685 919 3789 930 ·---·’
3811 920 3827 943 ο

2238 919 2373 977 Ecce
2396 940 2488 996 ego
2514 944 2663 995 sunt;
2696 943 2743 986 et
2769 936 2999 994 abierunt
3028 953 3327 1018 retrorsum,
3354 944 3422 1007 ac
3453 960 3734 1019 ceciderunt
3774 968 3828 1022 iu

2236 1021 2422 1069 terram
2453 1016 2632 1087 (Joan.
2663 1024 2748 1079 18.
2772 1025 2849 1095 6).
2882 1028 3015 1086 Cum
3058 1034 3216 1106 igitur
3242 1016 3337 1097 eos
3374 1046 3520 1113 prius
3554 1016 3824 1113 exczecas:

2231 1305 2339 1360 quc
2364 1294 2449 1362 vi,
2482 1312 2654 1369 neque
2686 1317 2780 1372 per
2810 1311 3138 1377 tyrannidem
3185 1318 3500 1381 irruentium
3528 1327 3630 1388 hoc
3652 1340 3820 1395 susti-

2230 1383 2412 1439 nuisse
2441 1388 2733 1460 "019mm".
2751 1397 2845 1451 sed
2869 1399 3007 1455 ultro
3032 1418 3095 1461 ac
3125 1409 3391 1468 volentem
3419 1428 3473 1473 et
3503 1422 3815 1500 eligentem,

2230 1488 2290 1500 ΑΛ
2333 1478 2494 1500 ..ω--..Α
2548 1492 2659 1500 -..ικ
2718 1486 2754 1500 νο
2862 1488 2895 1500 α.

3575 1478 3603 1492 υ

2226 1488 2292 1530 ac
2331 1478 2500 1534 multo
2545 1492 2670 1538 ante
2710 1486 2789 1542 sic
2842 1488 3261 1563 dispensantcm.
3310 1503 3512 1565 Idcirco
3542 1518 3819 1588 propheta:

2227 1568 2704 1643 prtemittebantur,
2734 1587 2788 1632 et
2829 1583 3145 1649 patriarcha:
3176 1568 3572 1670 pracdicebant',
3600 1568 3670 1662 etr
3683 1626 3816 1670 crux

2226 1659 2402 1714 verbis
2418 1661 2574 1719 simul
2598 1680 2662 1721 ac
2682 1668 2842 1725 rebus
2863 1659 3318 1748 prtetigurabatur.
3343 1688 3614 1762 Siquidem
3645 1699 3811 1761 lsaaci

2223 1752 2474 1807 mactatio
2503 1767 2717 1812 erucem
2752 1761 2907 1818 nobis
2931 1764 3277 1842 designabat,
3312 1752 3451 1837 unde
3478 1794 3530 1839 et
3553 1787 3757 1848 dicebat
3794 1816 3809 1851 :

2224 1839 2479 1897 Abraham
2511 1857 2656 1916 pater
2681 1861 2840 1907 vester
2856 1858 3124 1916 multavit
3151 1874 3206 1918 ut
3233 1839 3417 1926 videret
3444 1875 3575 1932 diem
3600 1898 3761 1938 meum
3789 1929 3808 1955 ,

2221 1941 2271 1985 et
2296 1935 2455 2003 cidit,
2501 1949 2550 1993 et
2591 1944 2791 2012 gavisus
2830 1958 2905 2003 est
2952 1951 2973 2020 (
3002 1951 3086 2007 Id.
3111 1955 3164 2011 8.
3211 1959 3347 2033 56).
3390 1965 3534 2038 Ergo

2220 2026 2318 2079 cba
2343 2027 2557 2098 quidem
2598 2035 2809 2102 gavisus
2835 2049 2948 2107 est,
2978 2058 3098 2100 eum
3140 2047 3420 2121 imaginem
3452 2065 3626 2119 crucis
3657 2068 3812 2125 vide-

2222 2124 2322 2182 ret,
2357 2118 2469 2188 ipse
2496 2136 2622 2177 vero
2650 2140 2762 2180 rem
2786 2127 2951 2197 ipsam
2980 2148 3189 2193 recusat
3212 2141 3240 2194 ἲ
3257 2141 3320 2197 Ει
3340 2160 3468 2203 vero
3497 2150 3705 2224 Moyses
3725 2160 3812 2217 sic

2220 2208 2439 2267 Amalec
2464 2217 2762 2285 superavit,
2810 2222 2930 2290 quia
2979 2224 3200 2296 ﬁguram
3244 2237 3418 2293 crucis
3447 2208 3720 2306 ostendit:
3748 2263 3812 2308 et

2217 2311 2464 2364 sexcenta
2487 2303 2745 2372 ejusmodi
2773 2308 2825 2362 in
2846 2314 3011 2368 veteri
3033 2315 3375 2381 Testamento
3400 2328 3645 2400 leguntur
3661 2341 3809 2394 acci-

2216 2389 2379 2455 disse,
2412 2408 2532 2478 qua;
2555 2409 2768 2453 crucem
2814 2404 3248 2476 prmiigurabant.
3283 2415 3350 2472 Ut
3372 2389 3500 2490 quid
3531 2389 3802 2494 igiturvl'l-a

2216 2480 2437 2547 ﬁebant,
2469 2484 2512 2538 si
2536 2484 2581 2539 is
2601 2488 2689 2556 qui
2720 2504 2931 2547 crucem
2955 2508 3070 2553 erat
3094 2503 3386 2575 subiturus,
3417 2512 3517 2569 hoc
3540 2515 3652 2573 ﬁeri
3696 2538 3799 2577 no-

2215 2572 2352 2627 lebat
2381 2573 2405 2626 ?
2434 2574 2489 2629 Id
2512 2590 2640 2632 vero
2664 2581 2804 2648 quod
2830 2587 3093 2657 sequitur,
3121 2593 3294 2652 adhuc
3310 2572 3392 2656 est
3409 2607 3676 2675 explicata

2212 2664 2420 2723 (icilius.
2447 2670 2578 2728 Cum
2609 2678 2750 2733 enim
2778 2680 3039 2754 dixisset,
3067 2689 3311 2749 Transeat
3338 2715 3370 2751 a
3394 2717 3472 2756 me
3494 2705 3629 2761 calix
3663 2709 3755 2764 iste
3776 2751 3797 2779 ,

2212 2758 2333 2779 μγ..
2484 2762 2528 2779 π

2211 2758 2450 2817 addidit:
2484 2762 2835 2829 Verumtamen
2877 2794 2976 2833 non
3022 2782 3150 2837 sicut
3175 2802 3264 2858 ego
3291 2790 3431 2858 volo,
3465 2797 3555 2852 sed
3580 2800 3708 2854 sicut
3737 2812 3797 2859 tu

2212 2847 2421 2919 (Matth.
2446 2853 2537 2910 26.
2561 2857 2762 2929 59).Ex
2788 2863 2889 2922 hoc
2912 2870 3075 2934 enim,
3092 2847 3247 2943 prout
3263 2847 3796 2956 verba'sou'an-t',“du;

2209 2940 2516 2999 vnluntatcs
2562 2948 2662 3004 sibi
2712 2952 2936 3012 invicem
2983 2967 3264 3021 contrariae
3313 2971 3789 3040 demonstrantur:

2206 3034 2467 3103 siquidem
2511 3039 2666 3098 Pater
2694 3061 2813 3102 eum
2843 3050 2952 3106 vult
2980 3057 3247 3129 crucifigi,
3279 3072 3333 3117 at
3360 3065 3473 3134 ipse
3501 3085 3603 3124 non
3635 3074 3785 3130 vult:

2207 3130 2416 3183 tametsi
2436 3130 2630 3203 ubique
2647 3136 2886 3196 videmus
2906 3143 3090 3200 eadem
3125 3150 3293 3218 ipsum
3318 3171 3437 3212 cum
3457 3158 3612 3217 Patre
3627 3165 3786 3232 velle,

2202 3227 2362 3288 atque
2381 3222 2567 3279 eadem
2597 3228 2813 3298 eligere.
2859 3234 3082 3302 Quando
3109 3244 3248 3298 enim
3275 3245 3436 3315 dicit,
3464 3250 3546 3306 Da
3577 3254 3648 3309 eis
3669 3298 3684 3323 ,
3731 3222 3785 3312 ul

2200 3312 2621 3379 quemadmodum
2648 3336 2739 3391 ego
2766 3334 2814 3377 et
2834 3335 2889 3379 tu
2917 3344 3071 3382 unum
3101 3349 3300 3403 sumus,
3332 3349 3378 3392 et
3403 3342 3503 3411 ipsi
3540 3344 3590 3399 in
3640 3348 3781 3405 nobis

2198 3415 2359 3455 unum
2381 3404 2481 3458 sint
2514 3405 2692 3478 (Joau.
2719 3412 2805 3466 l7.
2836 3416 2945 3484 ll),
2988 3418 3117 3474 nihil
3143 3423 3282 3479 aliud
3314 3404 3461 3497 dicit,
3483 3435 3583 3489 nisi
3617 3453 3777 3500 unam

2197 3505 2318 3548 esse
2365 3493 2537 3551 Patris
2573 3506 2629 3553 et
2676 3500 2795 3557 Filii
2850 3505 3197 3565 voluntatem.
3246 3513 3315 3569 Et
3357 3493 3568 3587 quando
3618 3526 3779 3599 dicit,

2208 3582 2366 3640 Verba
2392 3603 2509 3657 qua:
2527 3605 2618 3661 ego
2645 3591 2840 3664 loquor,
2869 3613 2968 3652 non
2988 3616 3078 3672 ego
3103 3602 3282 3675 loquor
3308 3623 3327 3661 :
3355 3582 3510 3665 Pater
3531 3582 3779 3678 autemid

2193 3688 2272 3728 me
2291 3691 2497 3732 manens
2525 3679 2633 3747 ipse
2655 3683 2778 3752 facit
2806 3685 2914 3739 hac
2946 3705 3097 3759 opera
3149 3693 3169 3764 (
3196 3693 3280 3750 Id.
3316 3699 3400 3754 Η.
3432 3703 3500 3757 10
3528 3701 3580 3777 ),
3637 3709 3777 3768 istud

2192 3762 2363 3832 ipsum
2403 3769 2723 3827 ostenditur.
2768 3774 2898 3830 Cum
2930 3793 3057 3851 ergo
3082 3762 3242 3852 dicit,
3268 3788 3309 3841 Α
3332 3807 3409 3845 me
3435 3762 3547 3862 ipso
3582 3815 3682 3855 non
3709 3803 3777 3858 lo-

2189 3869 2335 3924 quor,
2362 3867 2407 3911 et
2429 3875 2463 3912 a
2482 3861 2686 3933 meipso
2705 3880 2805 3919 non
2826 3869 2935 3921 veni
2978 3870 2999 3941 (
3027 3870 3113 3927 Id.
3144 3876 3195 3930 7.
3213 3877 3283 3934 28
3316 3880 3356 3950 ),
3381 3861 3463 3952 et,
3488 3885 3533 3940 Α
3553 3904 3632 3944 me
3661 3891 3773 3962 ipso

2189 3961 2290 4002 non
2323 3966 2531 4020 possum
2568 3957 2841 4029 quidquam
2877 3964 3044 4035 facere
3094 3967 3111 4040 (
3142 3967 3228 4023 Id.
3257 3972 3310 4027 5.
3341 3974 3410 4030 50
3432 3976 3477 4047 ),
3535 3996 3640 4038 non
3672 3957 3772 4044 hoc

2186 4038 2350 4107 dicit,
2379 4052 2437 4098 ut
2465 4047 2712 4104 ostendat
2757 4066 2817 4107 se
2853 4055 2934 4109 vel
2977 4038 3227 4123 loquendi
3273 4065 3357 4119 vel
3402 4038 3624 4127 faciendi
3651 4089 3771 4133 esse

2185 4138 2448 4198 potestate
2486 4137 2748 4205 privatum
2776 4182 2792 4208 ,
2838 4144 3011 4213 absit;
3057 4151 3149 4205 scd
3173 4166 3360 4212 exacte
3381 4160 3563 4219 volens
3590 4177 3769 4224 osten-

2182 4218 2312 4276 dere
2339 4226 2656 4283 conoordem
2685 4245 2834 4287 suam
2862 4250 2982 4292 esse
3007 4254 3125 4295 cum
3147 4242 3305 4301 Patre
3324 4253 3639 4310 sententiam
3658 4268 3767 4316 tam

2182 4312 2235 4367 in
2265 4315 2462 4383 verbis,
2484 4334 2642 4390 quam
2669 4322 2724 4378 in
2757 4326 2949 4393 rebus;
2972 4338 3028 4386 et
3050 4332 3100 4386 iu
3132 4339 3379 4397 omnibus
3407 4312 3766 4415 dispensatio:

2180 4404 2338 4461 nibus
2368 4423 2528 4464 unam
2556 4413 2907 4488 eamdemque
2922 4435 3062 4490 esse,
3087 4425 3223 4482 sicut
3238 4428 3350 4499 jam
3370 4404 3515 4508 saepe
3542 4404 3764 4497 demon-

2178 4497 2484 4554 stravimus.
2514 4501 2642 4558 lllud
2666 4507 2907 4576 enim,A
2954 4529 3033 4570 me
3078 4516 3190 4589 ipso
3240 4497 3341 4578 non
3387 4497 3565 4599 loquor
3618 4532 3760 4604 (Id.

2178 4585 2267 4641 14.
2316 4588 2445 4661 10),
2476 4607 2584 4650 non
2638 4601 2917 4668 potestatis
2947 4585 3174 4675 privatio
3193 4654 3208 4679 ,
3240 4615 3334 4670 sed
3363 4585 3654 4677 consensuis
3678 4636 3764 4682 est

2175 4676 2442 4749 probatio.
2491 4684 2591 4754 Qui
2643 4687 2700 4745 lit
2745 4691 2923 4762 igitur,
2959 4706 3014 4751 ut
3056 4697 3142 4755 hic
3192 4676 3360 4771 dicat,
3404 4707 3761 4771 Verumtamen

2174 4786 2276 4826 non
2299 4776 2429 4828 sicut
2451 4793 2541 4847 ego
2562 4781 2693 4846 colo,
2717 4784 2807 4837 sed
2825 4786 2955 4841 sicut
2982 4798 3035 4842 tu
3077 4791 3286 4861 (Matth.
3310 4797 3400 4854 26.
3425 4802 3515 4873 39)
3534 4804 3559 4856 ?
3578 4805 3759 4863 Forsi-

2174 4868 2261 4915 tan
2289 4864 2341 4918 in
2368 4865 2584 4922 multam
2610 4873 2930 4931 anxietatem
2958 4895 3052 4936 vos
3072 4885 3398 4953 conjecimns
3416 4933 3432 4959 ,
3464 4894 3557 4949 sed
3578 4906 3753 4952 atten-

2170 4951 2280 5007 dite
2305 4954 2539 5011 animum
2569 4975 2582 5011 :
2615 4960 2740 5016 licet
2780 4966 2922 5021 enim
2950 4973 3205 5038 prolixior
3248 4978 3407 5035 fuerit
3449 4996 3629 5042 sermo
3658 5004 3752 5043 no-

2168 5048 2300 5109 ster,
2328 5042 2508 5114 vigere
2526 5055 2703 5104 tamen
2733 5063 2892 5123 atque
2911 5057 3220 5121 adolescere
3243 5079 3540 5127 vestrorum
3562 5076 3752 5133 alacri-

2169 5139 2328 5188 tatem
2354 5136 2652 5195 animorum
2684 5144 2849 5212 probe
2876 5151 2998 5204 novi
3027 5169 3182 5210 :nam
3208 5158 3275 5212 ad
3305 5159 3473 5230 ipsam
3493 5170 3747 5235 qumstio-

2165 5223 2250 5280 nis
2275 5226 2595 5288 solutionem
2628 5246 2809 5292 nostra
2839 5237 3089 5311 deinceps
3118 5244 3335 5304 festinat
3359 5256 3548 5312 oratio.
3576 5256 3745 5324 Quam

2164 5316 2323 5385 igitur
2340 5322 2410 5377 ob
2429 5338 2641 5381 causam
2668 5329 2738 5384 ita
2764 5331 2963 5390 dictum
2982 5346 3066 5392 est
3092 5338 3117 5392 τ
3146 5338 3436 5412 Diligenter
3459 5348 3742 5407 advertite.

2163 5408 2458 5469 Difﬁculter
2480 5416 2766 5476 admodum
2812 5425 3193 5486 admittebatur
3217 5408 3396 5491 sermo
3422 5438 3745 5497 incarnatio-
3830 5486 3835 5491 .

2161 5500 2262 5556 nis.
2291 5502 2564 5573 Siquidem
2585 5512 2855 5569 excellens
2880 5517 2995 5586 ejus
3021 5519 3109 5576 illa
3138 5522 3420 5582 clementia
3448 5540 3501 5584 et
3542 5540 3738 5587 attem-

2159 5593 2447 5659 perationis
2475 5597 2591 5667 ejus
2624 5604 2932 5674 magnitudo
2963 5625 3049 5666 res
3077 5624 3229 5669 erant
3258 5616 3611 5678 admiratione
3653 5622 3738 5679 di-

2157 5683 2427 5753 gnissima:
2448 5729 2463 5756 ,
2496 5691 2766 5765 multaque
2796 5703 3180 5772 prmparatione
3200 5746 3213 5773 ,
3243 5716 3298 5762 ut
3342 5710 3729 5781 reciperentur,
