4054 6216
328 339 399 395 35
968 338 1032 394 IN
1065 337 1289 407 ILLUD,
1330 338 1581 405 PATER,
1627 339 1682 395 SI
1726 334 2084 398 POSSIBILE
2132 336 2290 404 EST,
2336 337 2733 406 TRANSEAT,
2780 336 2932 396 ETC.
3517 342 3585 399 56

328 457 561 525 σταυρὸν
589 453 799 506 καλῶν·
846 451 938 504 καὶ
982 451 1099 515 πῶς
1142 451 1377 506 ἐνταῦθα
1412 453 1509 522 μὲν
1541 454 1920 524 παραιτεῖται,

330 536 533 591 ἐκεῖδέ
581 536 676 589 καὶ
706 535 1054 603 κατεπείγει;
1106 537 1229 589 Ὀτι
1259 535 1366 606 γὰρ
1409 536 1536 600 δόξα
1580 538 1609 590 6
1660 534 1914 604 σταυρὸς,

330 620 561 672 ἄκουσον
592 618 643 670 τί
678 633 841 687 φησιν
884 617 913 669 6
938 617 1332 689 εύαγγελιστής
1358 634 1371 648 ο
1419 616 1661 671 Οὐδέπω
1699 617 1808 685 γὰρ
1840 612 1919 683 ἦν

286 765 295 770 ,
331 698 573 768 Πνεῦμα
599 698 788 767 ἅγιον,
822 698 912 752 ὅτι
955 698 1187 765 Ἰησοῦς
1214 700 1380 753 οὔπω
1406 697 1729 764 ἐδοξάσθη.
1768 700 1832 751 Ὀ
1860 697 1918 750 δέ

331 781 498 850 λέγει,
529 779 685 840 τοῦτό
708 782 875 834 ἐστιν’
915 781 1140 835 Οὐδέπω
1165 778 1234 854 ἦν
1261 781 1477 835 δοθεῖσα
1501 783 1534 851 ή
1563 782 1743 851 χάρις,
1766 781 1915 833 ἐπεις

330 874 392 944 δὴ
419 876 449 945 ή
481 874 647 945 ἔχθρα
679 878 710 942 ή
744 876 879 946 πρὸς
907 876 1033 939 τοὺς
1062 875 1384 946 ἀνθρώπους
1405 876 1620 929 οὐδέπω
1650 871 1718 945 ἦν
1741 889 1915 928 κατα-

330 954 565 1029 λυθεῖσα,
624 956 701 1028 τῷ
748 959 971 1029 μηδέπω
1002 958 1095 1014 τὸν
1129 960 1363 1029 σταυρὸν
1410 956 1913 1029 προκεχωρηκέναι.

341 1038 400 1091 '0
435 1028 546 1109 γὰρ
583 1028 817 1111 σταυρὸς
846 1040 945 1111 τὴν
980 1040 1177 1111 ἔχθραν
1208 1028 1301 1094 τοῦ
1341 1028 1475 1094 Θεοῦ
1525 1040 1789 1094 κατέλυσε
1816 1037 1915 1109 τὴν

330 1119 468 1190 πρὸς
501 1123 630 1185 τοὺς
664 1122 1003 1193 ἀνθρώπους,
1035 1124 1134 1188 τάς
1166 1124 1512 1191 καταλλαγὰς
1534 1122 1781 1193 ἐκόμισε,
1815 1121 1914 1191 τὴν

326 1202 433 1271 γῆν
457 1203 688 1283 οὐρανὸν
720 1205 963 1275 ἐποίησε,
1003 1208 1131 1270 τοὺς
1163 1205 1485 1277 ἀνθρώπους
1515 1208 1629 1268 τοῖς
1658 1202 1915 1271 ἀγγέλοις

326 1284 573 1361 ἀνέμιξε,
617 1286 712 1339 τοῦ
753 1286 980 1348 θανάτου
1012 1288 1111 1359 τὴν
1140 1288 1434 1362 ἀκρόπολιν
1468 1289 1769 1360 κατήγαγε,
1818 1284 1913 1337 τοῦ

327 1365 575 1419 διαϐόλου
619 1366 717 1438 τήν
757 1369 908 1440 ἰσχὺν
940 1369 1307 1442 ἐξενεύρωσε,
1352 1370 1452 1443 τῆς
1499 1367 1779 1439 ἁμαρτίας
1812 1366 1913 1437 τὴν

326 1446 556 1519 δύναμιν
583 1450 834 1519 ήφάνισε,
868 1451 966 1522 τὴν
995 1454 1098 1522 γῆν
1126 1453 1224 1523 τῆς
1256 1453 1463 1523 πλάνης
1494 1449 1792 1521 ἀπήλλαξε,
1814 1447 1913 1519 τήν

326 1529 586 1600 ἀλήθειαν
610 1532 923 1604 ἐπανήγαγε
941 1575 956 1599 ,
982 1537 1108 1599 τοὺς
1135 1536 1393 1606 δαίμονας
1420 1534 1666 1604 ἀπήλασε
1688 1572 1701 1594 ,
1750 1531 1913 1594 ναοὺς

324 1612 565 1679 καθεῖλε,
598 1614 814 1685 βωμοὺς
837 1618 1118 1689 ἀνέτρεψε,
1145 1619 1371 1671 κνίσσαν
1388 1618 1640 1687 ήφάνισε,
1663 1614 1760 1686 τήν
1783 1614 1911 1685 ἀρε-

325 1695 424 1765 τήν
458 1700 847 1764 κατεφύτευσε,
894 1700 993 1763 τάς
1039 1700 1365 1771 Ἐκκλησίας
1412 1699 1701 1772 ἐρρίζωσε.
1749 1698 1914 1749 Σταυο

328 1777 441 1846 ρδς,
470 1778 530 1831 τὸ
556 1778 650 1833 τοῦ
694 1781 907 1851 Πατρδς
941 1781 1171 1852 θέλημα,
1208 1784 1242 1853 ή
1268 1783 1361 1835 τοῦ
1392 1782 1521 1836 Υἰοῦ
1549 1781 1695 1847 δόξα,
1727 1780 1788 1833 τὸ
1814 1777 1908 1831 τοῦ

326 1858 640 1930 Πνεύματος
662 1862 992 1933 άγαλλίαμα,
1012 1864 1072 1921 τὸ
1093 1864 1184 1916 τοῦ
1199 1864 1412 1917 Παύλου
1431 1862 1691 1933 καύχημα
1710 1879 1723 1893 ·
1753 1859 1907 1928 Ἐμοί

324 1940 453 2012 γὰρ.
496 1944 651 2014 φησὶ,
688 1944 775 2013 μὴ
808 1944 1039 2015 γένοιτο
1075 1947 1449 2016 καυχᾶσθαι,
1504 1948 1557 2000 εἰ
1600 1944 1683 2014 μὴ
1730 1940 1801 1994 ἐν
1830 1939 1909 2008 τῷ

323 2024 564 2093 σταυρῷ
594 2025 702 2080 τοῦ
730 2029 953 2096 Κυρίου
981 2027 1149 2098 ἡμῶν
1190 2028 1386 2095 Ἰησοῦ
1419 2025 1699 2097 Χριστοῦ.
1739 2025 1909 2076 Σταυ-

326 2106 418 2176 ρὸς
451 2110 480 2161 6
508 2107 604 2161 τοῦ
630 2108 781 2181 ήλίου
816 2111 1131 2182 φανότερος,
1171 2113 1200 2163 6
1239 2110 1343 2179 τῆς
1371 2111 1587 2172 ἀκτῖνος
1620 2105 1907 2180 φαιδρότε-

326 2204 418 2258 ρος
439 2207 452 2219 ·
482 2190 607 2244 ὅταν
629 2191 737 2261 γάρ
763 2194 967 2255 ἐκεῖνος
991 2192 1323 2262 σκοτίζηται,
1346 2191 1468 2245 τότε
1493 2185 1644 2253 οὗτος
1664 2189 1903 2259 λάμπει·

326 2270 634 2335 σκοτίζεται
668 2273 726 2327 δέ
756 2276 785 2327 6
825 2275 976 2345 ἥλιος
1006 2274 1125 2327 τότε
1166 2276 1267 2327 οὐκ
1300 2272 1723 2343 ἀφανιζόμενος,
1774 2268 1906 2324 ἀλλά

326 2352 628 2423 νικώμενος
658 2358 725 2428 τῇ
755 2356 850 2409 τοῦ
888 2355 1122 2425 σταυροῦ
1173 2355 1507 2427 φαιδρότητι.
1563 2354 1802 2424 Σταυρὸς
1845 2354 1906 2407 τὸ

326 2436 692 2509 χειρόγραφον
722 2439 877 2509 ήμῶν
912 2439 1181 2510 διέρρηξε,
1213 2438 1308 2491 τοῦ
1345 2438 1575 2491 θανάτου
1604 2436 1665 2489 τὸ
1692 2437 1902 2504 62071.0)-

324 2519 514 2588 τήριον
543 2519 812 2588 ἀχρηστον
839 2520 1083 2589 ἐποίησε,
1110 2519 1340 2590 σταυρὸς
1361 2520 1459 2589 τῆς
1487 2518 1580 2571 τοῦ
1604 2518 1741 2571 Θεοῦ
1768 2518 1901 2585 ἁγά-

323 2616 431 2671 πης
463 2601 496 2672 ή
539 2601 829 2666 ἀπόδειξις.
874 2602 1039 2656 Οὕτω
1077 2603 1186 2672 γὰρ
1210 2601 1529 2672 ἠγάπησεν
1557 2604 1590 2655 ό
1622 2600 1767 2666 Θεὸς
1797 2600 1904 2654 τὸν

322 2684 580 2751 κόσμον,
606 2684 695 2738 ὅτι
723 2684 831 2739 τὸν
848 2685 986 2740 Υίὸν
1001 2686 1187 2740 αὑτοῦ
1206 2685 1313 2740 τόν
1330 2683 1631 2755 μονογενῆ
1656 2684 1900 2749 ἔδωκεν,

322 2765 421 2819 ἵνα
448 2763 569 2832 πᾶς
606 2770 640 2821 ό
666 2769 967 2823 πιστεύων
998 2771 1084 2835 εἰς
1100 2769 1298 2823 ἀὐτόν
1322 2767 1408 2836 μὴ
1439 2769 1756 2836 ἀπόληται.
1793 2768 1902 2821 Καὶ

324 2847 484 2902 πάλιν
524 2852 553 2903 6
582 2849 791 2912 Παῦλος
814 2867 827 2880 ·
853 2852 924 2904 Εἰ
954 2852 1063 2920 γὰρ
1094 2850 1291 2920 ἐχθροὶ
1326 2850 1495 2916 ὄντες
1521 2848 1902 2919 κατηλλάγη·-

322 2947 433 2998 μεν
480 2930 559 2997 τῷ
610 2928 732 3001 Θεῷ
758 2932 855 2987 διὰ
901 2933 1007 2987 τοῦ
1055 2932 1313 2988 θανάτου
1356 2933 1463 2988 τοῦ
1514 2934 1651 2987 Υἰοῦ
1689 2933 1898 2988 αὑτοῦ.

324 3014 560 3086 Σταυρὸς
582 3016 644 3069 τὸ
662 3018 838 3087 τεῖχος
860 3017 922 3070 τὸ
940 3016 1203 3091 ἀρραγές,
1222 3016 1282 3070 τὸ
1306 3016 1467 3070 ὅπλον
1499 3016 1560 3069 τὸ
1580 3015 1898 3088 ἀχείρωτον,

320 3097 432 3152 τῶν
460 3098 832 3152 πλουτούντων
862 3100 894 3170 ή
930 3100 1219 3169 ἀσφάλεια,
1262 3098 1372 3158 τῶν
1406 3099 1653 3169 πενήτων
1677 3100 1712 3172 ὴ
1739 3099 1904 3152 εὐπο-

323 3180 436 3253 ρία,
478 3180 586 3236 τῶν
620 3182 1116 3254 ἐπιϐουλευομένων
1166 3182 1228 3235 τὸ
1271 3184 1469 3255 τεῖχος,
1498 3181 1606 3244 τῶν
1633 3181 1899 3252 πολεμου-

324 3262 504 3333 μένων
530 3264 591 3317 τὸ
615 3265 798 3328 ὅπλον,
830 3266 939 3318 τῶν
974 3264 1162 3319 παθῶν
1186 3265 1221 3334 ή
1247 3263 1541 3333 ἀναίρεσις,
1573 3264 1672 3335 τῆς
1701 3263 1901 3335 ἀρετῆς

325 3347 359 3417 ἡ
389 3347 608 3418 κτῆσις,
654 3350 717 3403 τὸ
749 3351 975 3419 σημεῖον
1022 3348 1084 3401 τὸ
1116 3347 1425 3418 θαυμαστὸν
1454 3348 1546 3401 καί
1575 3347 1895 3419 παράδοξον.

326 3430 578 3497 Σημεῖον
603 3433 711 3503 γάρ
746 3428 1011 3498 ἐπιζητεῖ
1037 3432 1071 3498 ἡ
1102 3429 1276 3499 γενεὰ
1301 3429 1451 3497 αὕτη
1473 3445 1489 3471 ε
1521 3429 1621 3484 καί
1648 3429 1901 3498 σημεῖον

320 3514 394 3566 οὐ
425 3512 746 3577 δοθήσεται
776 3513 951 3581 αὐτῇ,
985 3515 1038 3575 εἰ
1070 3511 1155 3581 μὴ
1182 3513 1246 3565 τὸ
1279 3511 1533 3581 σημεῖον
1573 3511 1753 3567 Ἰωνᾶ.
1788 3512 1899 3567 Καὶ

319 3594 482 3649 πάλιν
510 3598 538 3649 6
567 3596 803 3659 Παῦλος·
837 3594 1073 3663 Ἐπειδὴ
1106 3594 1207 3649 καί
1234 3594 1499 3656 Ἰουδαῖοι
1525 3593 1779 3663 σημεῖον
1807 3596 1897 3648 αἱ-

320 3678 492 3732 τοῦσι
512 3717 529 3741 ,
565 3678 663 3731 καί
683 3679 986 3746 ’Ἓλληνες
1020 3677 1246 3746 σοφίαν
1271 3674 1553 3745 ζητοῦσιν
1573 3694 1587 3707 ’
1627 3676 1798 3751 ἡμεῖς
1831 3675 1900 3729 δέ

319 3761 710 3829 κηρύσσομεν
738 3759 997 3827 Χριστόν
1027 3760 1504 3829 ἐσταυρωμένον.
1535 3759 1773 3830 Σταυρδς
1794 3774 1899 3812 πα-

322 3843 565 3913 ράδεισον
594 3843 818 3913 ήνέῳξε,
838 3842 1042 3914 λῃστὴν
1070 3842 1353 3913 εἰσήγαγε,
1380 3842 1441 3895 τὸ
1464 3841 1572 3895 τῶν
1596 3840 1899 3913 ἀνθρώπων

319 3925 474 3999 γένος
495 3925 827 3988 ἀπόλλυσθαι
859 3924 1048 3991 μέλλον
1074 3923 1168 3986 καί
1187 3923 1307 3975 οὐδέ
1335 3922 1434 3992 τῆς
1453 3923 1556 3999 γῆς
1582 3922 1730 3988 ἀξιον
1760 3922 1900 3992 πρὸς

319 4006 419 4077 τὴν
447 4007 555 4060 τῶν
596 4006 837 4078 οὐρανῶν
862 4006 1139 4079 βασιλείαν
1164 4002 1594 4081 ἐχειραγώγησε.
1648 4003 1898 4065 Τοσαῦτα

319 4101 503 4171 ἀγαθά
548 4102 656 4156 ἀπὸ
693 4102 789 4156 τοῦ
817 4101 1051 4175 σταυροῦ
1076 4102 1171 4156 καὶ
1204 4100 1395 4171 γέγονε
1427 4099 1522 4164 καὶ
1551 4097 1780 4168 γίνεται,
1804 4098 1897 4152 καὶ

319 4199 381 4252 ού
409 4197 1080 4269 βούλεταιίσταυρωθῆναι,
1110 4199 1230 4253 εἰπέ
1260 4215 1382 4269 μοις
1412 4197 1521 4252 Καὶ
1542 4196 1624 4261 τίς
1655 4194 1721 4249 ἂν
1742 4195 1900 4254 τοῦτο

321 4293 501 4359 εἴποις
546 4294 608 4347 Εἰ
640 4293 697 4347 δὲ
733 4296 808 4365 μὴ
843 4293 1110 4356 ἐϐούλετο,
1145 4294 1227 4356 τίς
1260 4295 1421 4347 αὑτὸν
1450 4292 1764 4363 ήνάγκασες
1814 4290 1898 4355 τίς

323 4376 614 4442 ἐϐιάσατος
662 4377 714 4432 τί
738 4378 794 4430 δέ
826 4377 919 4431 καί
958 4377 1274 4449 προέπεμψε
1311 4377 1594 4455 προφήτας
1624 4375 1900 4443 ἀπαγγέλ-

323 4457 531 4523 λοντας,
562 4460 644 4512 ὅτι
672 4460 1133 4531 σταυρωθήσεται,
1169 4458 1245 4530 μὴ
1276 4458 1484 4530 μέλλων
1511 4455 1895 4528 σταυροῦσθαι,

326 4557 463 4628 μηδέ
498 4554 817 4627 βουλόμενος
859 4555 1021 4609 τοῦτο
1058 4556 1381 4625 ὑπομείναις
1423 4553 1580 4616 Τίνος
1609 4552 1667 4605 δέ
1713 4552 1899 4605 ἕνεκεν

323 4639 419 4693 καὶ
460 4640 715 4709 ποτήριον
746 4638 903 4693 καλεί
951 4637 1041 4691 τὸν
1075 4637 1326 4706 σταυρὸν,
1368 4635 1424 4689 εῐ
1454 4652 1517 4703 γε
1549 4634 1621 4705 μή
1651 4634 1900 4687 ἐϐούλετο

324 4721 730 4794 σταυρωθῆναις
760 4720 931 4774 Τοῦτο
950 4720 1058 4790 γάρ
1081 4717 1486 4789 ἐνδεικνυμένου
1516 4712 1756 4789 ἐστιτήν
1777 4718 1898 4769 ἐπι-

322 4816 544 4888 θυμίαν,
596 4816 665 4886 ἢν
706 4816 816 4886 ἔχει
863 4816 991 4887 περί
1027 4816 1089 4869 τὸ
1118 4816 1369 4887 πρᾶγμα.
1419 4813 1632 4884 Ὥσπερ
1656 4812 1765 4883 γάρ
1788 4814 1900 4876 τοῖς

320 4911 515 4982 διψῶσι
546 4912 607 4965 τὸ
636 4914 893 4984 ποτήριον
933 4910 1052 4983 ήδυ,
1082 4909 1226 4963 οὕτω
1254 4911 1349 4964 καὶ
1376 4908 1527 4979 αύτῷ
1558 4910 1618 4961 τὸ
1661 4923 1901 4979 σταυρω-

326 5006 510 5076 θῆναι·
552 5009 620 5062 δι’
646 5008 676 5061 δ
697 5008 792 5061 καὶ
831 5006 1012 5081 ἔλεγεν
1032 5024 1045 5040 ο
1072 5004 1184 5079 [20]
1212 5005 1525 5075 Ἐπιθυμίᾳ
1562 5003 1901 5073 ἐπεθύμουν

326 5099 501 5156 τοῦτο
531 5103 598 5156 τό
622 5103 840 5170 Πάσχα
861 5100 1075 5172 φαγεῖν
1092 5099 1222 5170 μεθ’
1257 5100 1442 5171 ὑμῶν,
1475 5100 1573 5170 οὐχ
1598 5099 1785 5163 ἀπλῶς
1816 5101 1897 5153 εἰ-

326 5197 441 5253 πὼν
467 5198 642 5265 τοῦτο,
674 5197 808 5252 ἀλλά
837 5196 928 5250 διά
954 5195 1051 5268 τήν
1073 5195 1250 5252 αἰτίαν
1286 5195 1510 5265 ταύτην,
1537 5195 1724 5267 ἐπειδὴ
1761 5194 1899 5267 μετά

324 5281 422 5351 τήν
446 5281 685 5354 ἑσπέραν
714 5284 741 5335 ό
772 5278 1004 5350 σταυρὸς
1036 5278 1198 5332 αὐτὸν
1226 5277 1508 5348 διεδέχετο.

393 5403 463 5470 γ’.
498 5405 558 5458 '0
587 5404 763 5459 τοίνυν
792 5403 1058 5468 καὶδόξαν
1088 5403 1150 5457 τὸ
1177 5404 1408 5475 πρᾶγμα
1444 5404 1623 5459 καλῶν
1644 5444 1658 5468 ,
1694 5404 1789 5459 καὶ
1819 5403 1895 5475 τῷ

329 5499 543 5571 μαθητῇ
577 5501 868 5571 ἐπιτιμῶν,
895 5501 978 5555 δτι
1002 5500 1294 5554 διεκώλυεν
1327 5500 1512 5566 αὑτὸν,
1545 5502 1640 5554 καὶ
1672 5500 1761 5555 τὸν
1794 5517 1895 5555 κα-

325 5590 415 5646 λὸν
451 5596 685 5667 ποιμένα
721 5596 969 5650 ἐντεῦθεν
1006 5596 1219 5663 δεικνὺς
1267 5596 1375 5650 ἀπὸ
1426 5597 1518 5650 τοῦ
1569 5595 1896 5663 σφάττεσθαι

326 5687 466 5761 ὑπὲρ
493 5692 599 5746 τῶν
642 5691 943 5764 προϐάτων,
979 5692 1070 5749 καί
1103 5693 1364 5766 ἐπιθυμία
1404 5692 1695 5763 ἐπιθυμεῖν
1724 5695 1895 5765 λέγων

2030 451 2091 505 τὸ
2124 452 2381 522 πρᾶγμα,
2412 452 2505 505 καὶ
2538 451 2679 507 ἑκὼν
2710 453 2801 507 ἐπὶ
2834 453 2988 508 τοῦτο
3024 454 3334 526 ἐρχόμενος,
3362 452 3477 518 πῶς
3508 470 3607 511 πα-

2032 542 2262 613 ρακαλεί
2289 543 2363 614 μή
2405 542 2654 611 γενέσθαι
2693 544 2885 609 τοῦτο;
2938 545 3001 597 Εἰ
3042 544 3097 597 δέ
3140 546 3214 617 μή
3257 543 3523 607 ἐϐούλετο,
3556 545 3607 599 τί

2027 635 2286 689 δύσκολον
2326 631 2393 705 ἦν
2426 634 2755 688 δακωλῦσαι
2789 637 2912 700 τοὺς
2945 636 3270 707 ἐρχομένους
3295 637 3385 689 ἐπὶ
3421 636 3607 701 τοῦτοί

2029 731 2142 784 Νῦν
2183 732 2238 784 δὲ
2282 730 2375 783 καὶ
2413 731 2544 800 δρᾷς
2587 729 2746 783 αὑτὸν
2790 730 3144 802 ἐπιτρέχοντα
3182 731 3261 801 τῷ
3302 733 3606 802 πράγματι.

2030 824 2156 876 Ὀτε
2190 820 2325 890 γοῦν
2370 822 2603 890 ἐπῆλθον
2650 821 2819 891 αὐτῷ,
2848 822 3018 889 λέγει*
3063 824 3199 876 Τίνα
3239 820 3496 889 (quin;
3543 822 3604 874 υἱ

2025 910 2081 963 δὲ
2111 909 2360 979 λέγουσιν
2383 922 2398 936 ⁸
2430 909 2684 975 Ἰησοῦν.
2721 910 2831 962 Καὶ
2857 908 3002 978 λέγει
3036 910 3239 973 αὐτοῖς’
3297 908 3462 972 Ἰδοὺ,
3494 910 3604 977 ἐγώ

2025 999 2141 1066 εἰμι
2157 1012 2170 1025 ο
2203 997 2302 1050 καί
2320 995 2599 1064 ἀπῆλθον
2617 999 2704 1063 εἰς
2724 997 2795 1051 τὰ
2821 997 3012 1051 ὀπίσω
3030 998 3123 1050 καί
3152 997 3376 1051 ἔπεσον
3400 995 3602 1065 χαμαί.

2024 1083 2183 1137 Οὕτω
2214 1083 2478 1154 πηρώσας
2512 1084 2708 1147 αὐτοὺς
2734 1084 2996 1156 πρότερον
3021 1085 3113 1137 καὶ
3140 1084 3339 1150 δείξας,
3372 1085 3453 1136 δτι
3478 1083 3602 1153 ἠδύ-

2024 1191 2152 1227 νατο
2180 1173 2481 1242 διαφυγεῖν,
2510 1173 2631 1225 τότε
2663 1173 2923 1240 ἐξέδωκεν
2953 1172 3163 1237 ἑαυτὸν,
3190 1174 3276 1225 ἵνα
3314 1171 3489 1245 μάθῃς
3523 1173 3604 1225 ὅτι

2021 1261 2123 1313 οὐκ
2158 1261 2391 1332 ἀνάγκῃ,
2428 1260 2548 1313 οὐδὲ
2590 1259 2700 1332 βίᾳ,
2742 1260 2862 1313 οὐδὲ
2897 1263 2963 1332 τῇ
2998 1261 3269 1332 τυραννίδι
3300 1260 3409 1312 τῶν
3442 1258 3602 1311 ἐπελ-

2024 1346 2225 1401 θόντων
2270 1348 2419 1401 ἄκων
2459 1347 2615 1400 τοῦτο
2653 1348 2962 1418 ὑπέμεινεν,
3002 1348 3118 1401 ἀλλ’
3163 1347 3323 1407 ἑκὼν,
3357 1347 3449 1400 καὶ
3475 1364 3604 1416 προ-

2022 1436 2178 1507 αιρού
2187 1453 2344 1506 μενος
2373 1437 2464 1489 καί
2487 1435 2824 1506 βουλόμενος,
2847 1437 2941 1488 καὶ
2962 1438 3025 1491 ἐκ
3056 1435 3248 1491 πολλοῦ
3271 1434 3441 1488 ταῦτα
3461 1435 3605 1487 οἰκο-

2022 1523 2221 1593 νομῶν.
2263 1524 2361 1577 Διά
2394 1523 2550 1575 τοῦτο
2583 1524 2678 1576 καὶ
2714 1525 2989 1599 προφῆται
3030 1522 3470 1594 προεπέμποντο,
3506 1520 3603 1575 καὶ

2022 1610 2356 1682 πατριάρχαι
2378 1610 2697 1683 προῦλεγον,
2724 1610 2817 1663 καὶ
2841 1610 2927 1664 διά
2952 1610 3211 1681 ῥημάτιον
3235 1609 3326 1663 καί
3347 1608 3437 1661 διὰ
3461 1625 3602 1679 πρα-

2021 1698 2246 1769 γμάτων
2271 1702 2298 1752 6
2328 1698 2557 1772 σταυρὸς
2578 1697 3021 1769 προδιετυποῦτο.
3046 1698 3153 1752 Καὶ
3172 1698 3281 1770 γὰρ
3307 1696 3602 1751 τοῦῚσαάκ

2018 1794 2051 1862 ἡ
2087 1789 2269 1860 σφαγὴ
2302 1788 2394 1845 τὸν
2425 1789 2656 1860 σταυρὸν
2685 1788 2871 1858 ἐδήλου
2901 1790 3033 1859 ἡμῖν
3055 1805 3069 1819 ο
3115 1787 3181 1842 δι’
3220 1788 3250 1841 6
3278 1789 3371 1842 καὶ
3394 1788 3601 1856 ἔλεγεν

2032 1880 2277 1947 Ἀϐραὰμ
2298 1918 2312 1942 ,
2341 1882 2373 1932 ὁ
2416 1878 2613 1947 πατὴρ
2655 1878 2853 1947 ὑμῶν,
2887 1877 3333 1946 ἠγαλλιάσατο,
3374 1882 3474 1932 ἵνα
3503 1879 3602 1955 Ιδῃ

2017 1973 2134 2039 τὴν
2164 1971 2352 2034 δόξαν
2382 1970 2498 2039 τὴν
2517 1972 2690 2040 ἐμὴν,
2721 1970 2820 2024 καί
2849 1966 3000 2029 εἶδε.
3032 1970 3127 2023 καὶ
3159 1969 3369 2039 ἐχάρη.
3424 1967 3554 2026 Εἶτα
3573 1974 3603 2026 6

2020 2064 2120 2134 μὲν
2144 2065 2488 2134 πατριάρχης
2527 2064 2698 2134 ἐχάρη
2746 2063 2955 2132 βλέπων
2981 2063 3079 2132 τὴν
3108 2063 3289 2118 εἰκόνα
3318 2064 3411 2118 τοῦ
3444 2083 3601 2119 σταυ-

2020 2154 2137 2226 ροῦ,
2170 2153 2331 2217 αὐτὸς
2366 2154 2423 2208 δὲ
2450 2157 2800 2225 παραιτεῖται
2831 2154 2891 2207 τὸ
2924 2156 3192 2226 πράγμας
3223 2157 3331 2209 Καὶ
3358 2157 3597 2228 Μωῦσῆς

2014 2253 2070 2306 δὲ
2113 2254 2256 2306 οὕτω
2288 2253 2382 2307 τοῦ
2417 2254 2471 2307 Ἀ
2483 2254 2663 2324 μαλὴκ
2692 2253 3058 2323 περιεγένετο,
3088 2254 3275 2326 ἐπειδὴ
3306 2254 3397 2307 τὸν
3432 2255 3599 2309 τύπον

2014 2342 2359 2396 ἐπεδείκνυτο
2388 2341 2479 2396 τοῦ
2512 2343 2743 2414 σταυροῦ
2764 2360 2776 2373 ·
2805 2344 2897 2395 καί
2927 2343 3096 2414 μυρία
3122 2345 3187 2396 ἀν
3216 2343 3315 2397 ἴδοι
3341 2362 3424 2407 τις
3451 2346 3507 2399 ἐν
3529 2349 3595 2416 τῇ

2016 2432 2225 2503 Παλαιᾷ
2257 2431 2537 2502 γινόμενα,
2571 2431 2661 2485 τόν
2696 2433 2931 2503 σταυρὸν
2969 2433 3467 2506 προδιαγράφοντα.
3502 2437 3597 2492 Τί-

2012 2537 2103 2582 νος
2129 2515 2222 2573 οῦν
2252 2518 2439 2572 ἕνεκεν
2482 2517 2653 2582 οῦτως
2683 2518 2921 2587 ἐγένετο,
2970 2519 3024 2572 εί
3062 2537 3123 2589 γε
3171 2523 3199 2573 ό
3228 2521 3596 2592 σταυροῦσθαι

2016 2606 2222 2677 μέλλων
2255 2606 2355 2659 οὐκ
2398 2604 2644 2663 ἐϐούλετο
2682 2603 2840 2661 τοῦτο
2880 2605 3155 2673 γίνεσθαι;
3215 2608 3325 2661 Καὶ
3363 2608 3423 2660 τὸ
3457 2609 3597 2678 μετά

2010 2692 2169 2746 τοῦτο
2198 2692 2254 2747 δὲ
2279 2692 2359 2747 ἔτι
2392 2691 2756 2768 ἀπορώτερον,
2783 2692 2965 2749 Εἰπὼν
2986 2692 3115 2763 γάρ,
3136 2694 3477 2763 Παρελθέτω
3495 2696 3597 2750 ἀπ’

2010 2779 2157 2850 ἐμοῦ
2198 2780 2266 2834 τὸ
2296 2780 2584 2848 ποτήριον
2627 2780 2821 2844 τοῦτο,
2857 2782 3129 2851 ἐπήγαγε,
3164 2781 3340 2851 Πλὴν
3372 2784 3486 2852 οὐχ
3515 2784 3599 2850 ὡς

2009 2884 2125 2955 ἐγὼ
2154 2886 2327 2949 θέλω,
2373 2885 2509 2943 ἀλλ’
2557 2884 2634 2949 ὡς
2672 2884 2774 2938 σύ.
2835 2882 3115 2939 Ἐντεῦθεν
3140 2883 3269 2957 γάρ,
3301 2885 3424 2938 ὅσον
3454 2886 3598 2939 κατά

2009 2976 2111 3047 τῆν
2145 2976 2335 3047 ῥῆσιν,
2365 2974 2459 3030 δύο
2499 2974 2777 3045 θελήματα
2811 2973 3027 3028 ἐναντία
3054 2974 3303 3045 ἀλλήλοις
3344 2974 3596 3046 εὑρίσκο·

2015 3083 2136 3137 μιν,
2183 3064 2238 3118 εἴ
2262 3082 2325 3135 γε
2349 3077 2372 3105 ιι
2412 3067 2441 3118 6
2471 3066 2569 3135 μὲν
2599 3065 2786 3137 Πατὴρ
2815 3064 3061 3134 βούλεται
3090 3065 3246 3119 αὐτὸν
3278 3065 3594 3136 σταυρωθῆ-

2010 3175 2120 3220 ναι,
2152 3157 2314 3219 αύτὸς
2343 3156 2400 3209 δέ
2429 3156 2489 3208 ού
2534 3156 2799 3225 βούλεται.
2836 3157 3028 3209 Καίτοι
3053 3173 3116 3224 γε
3149 3157 3419 3227 πανταχοῦ
3453 3158 3592 3228 ὀρῶ-

2013 3260 2112 3314 μεν
2140 3242 2300 3296 αὑτὸν
2341 3242 2409 3294 16
2449 3242 2586 3295 αύτά
2624 3240 2703 3312 τῷ
2728 3242 2902 3314 Πατρί
2944 3241 3284 3312 βουλόμενον,
3341 3245 3409 3299 τὰ
3452 3246 3591 3300 αύτά

2010 3334 2458 3406 προαιρούμενον.
2492 3335 2601 3387 Καὶ
2623 3334 2731 3405 γάρ
2754 3333 2881 3387 ὅταν
2909 3333 3063 3405 λέγῃ,
3095 3332 3443 3401 Δόςαὺτοῖς,
3482 3353 3590 3389 κα-

2010 3426 2127 3493 θὼς
2149 3424 2264 3497 ἐγὼ
2291 3426 2384 3479 καὶ
2408 3424 2489 3479 σὺ
2504 3425 2574 3479 ἐν
2594 3425 2799 3494 ἐσμεν,
2826 3425 2928 3477 ἵνα
2952 3426 3045 3479 καὶ
3073 3425 3242 3478 αὺτοί
3262 3426 3332 3479 ἐν
3358 3425 3502 3497 ἡμῖν
3520 3427 3595 3483 ἐν

2007 3509 2181 3578 ὦσιν,
2224 3515 2377 3569 οὐδὲν
2405 3515 2533 3570 ἀλλο
2560 3514 2729 3583 λέγει,
2756 3515 2805 3567 εἰ
2841 3513 2914 3586 μὴ
2946 3514 3006 3568 τὸ
3039 3514 3166 3585 μίαν
3200 3510 3337 3569 εἷναι
3363 3515 3592 3589 γνώμην

2009 3606 2221 3679 Πατρὸς
2249 3604 2343 3660 καί⁸
2368 3604 2519 3665 Υἰοῦ.
2555 3605 2664 3668 Καὶ
2682 3606 2809 3665 ὅταν
2840 3604 2993 3684 λέγῃ,
3028 3604 3101 3658 Τὰ
3126 3604 3384 3674 ῥήματα,
3408 3604 3446 3660 ἂ
3473 3606 3591 3678 ἐγὼ

2006 3695 2194 3761 λαλῶ,
2228 3699 2300 3751 οὐ
2330 3694 2500 3751 λαλῶ
2526 3695 2659 3764 ἐγὼ,
2699 3696 2835 3749 ἀλλ’
2868 3698 2899 3749 ὁ
2939 3694 3138 3765 Πατὴρ
3170 3699 3204 3752 ὀ
3234 3696 3307 3749 ἐν
3331 3696 3458 3765 ἐμοὶ
3483 3696 3591 3766 μέ-

2005 3804 2148 3850 νων,
2181 3787 2364 3854 αὐτὸς
2379 3786 2538 3842 ποιεῖ
2558 3785 2629 3841 τὰ
2649 3788 2793 3856 ἔργα
2815 3786 3021 3850 ταῦτα,
3044 3787 3201 3840 τοῦτο
3232 3787 3585 3845 ἐνδείκνυται.

2007 3876 2113 3932 Καὶ
2152 3878 2281 3937 ὅταν
2330 3877 2495 3951 λέγῃ,
2553 3878 2667 3932 Ἀπ’
2711 3877 2969 3946 ἐμαυτοῦ
3017 3875 3128 3927 οὐκ
3151 3873 3438 3942 ἐλήλυθα,
3470 3877 3585 3933 καὶ.

2001 3969 2084 4021 Οὐ
2112 3966 2370 4035 δύναμαι
2414 3968 2516 4023 ἀπ’
2561 3967 2820 4036 ἐμαυτοῦ
2860 3967 3054 4021 ποιεῖν
3088 3966 3300 4030 οὐδὲν,
3339 3967 3402 4019 οὐ
3429 3965 3588 4020 τοῦτο

2005 4058 2181 4130 δηλῶν
2212 4057 2379 4125 λέγει,
2419 4058 2501 4111 ὅτι
2532 4056 2781 4122 ἐξουσίας
2809 4056 3179 4129 ἀπεστέρηται
3210 4055 3242 4127 ἢ
3273 4056 3367 4109 τοῦ
3401 4056 3587 4111 λαλεῖν

2006 4151 2041 4223 ἢ
2082 4151 2175 4205 τοῦ
2209 4151 2404 4213 ποιεῖν,
2439 4146 2696 4219 (ἀπάγει)
2743 4147 2880 4202 ἀλλά
2915 4150 3053 4220 μετά
3097 4147 3380 4219 ἀκριϐείας
3416 4147 3587 4214 δείξαι

2010 4242 2332 4315 βουλόμενος
2358 4241 2646 4313 σύμφωνον
2675 4238 2838 4295 αὑτοῦ
2865 4239 2964 4310 τὴν
2998 4237 3250 4310 γνώμην,
3284 4238 3378 4293 καὶ
3405 4238 3503 4310 τὴν
3525 4239 3585 4292 ἐν

2009 4336 2237 4407 ῥήμασι,
2268 4334 2362 4387 καί⁵
2388 4332 2486 4404 τὴν
2509 4336 2568 4386 ἐν
2606 4332 2917 4403 πράγμασι,
2942 4331 3037 4385 καὶ
3063 4330 3161 4402 τὴν
3190 4332 3249 4384 ἐν
3282 4331 3483 4394 πάσαις
3510 4331 3590 4384 οἰ-

2008 4425 2285 4496 κονομίαις
2329 4424 2464 4495 πρὸς
2491 4423 2584 4476 τὸν
2610 4423 2829 4494 Πατέρα
2875 4423 3005 4492 μίαν
3038 4423 3130 4475 καὶ
3165 4420 3264 4492 τὴν
3291 4421 3458 4492 αὐτὴν
3490 4418 3584 4475 οὗ·

2009 4532 2128 4581 σαν,
2172 4514 2352 4578 καθὼς
2389 4516 2481 4567 καὶ
2516 4513 2616 4583 ήδη
2658 4511 2913 4575 πολλάκις
2936 4510 3316 4581 ἀπεδείξαμεν.
3349 4512 3423 4564 Τὸ
3452 4512 3583 4584 γάρ,

2020 4607 2138 4660 Ἀπ’
2162 4607 2420 4675 ἐμαυτοῦ
2436 4608 2507 4660 οὐ
2526 4604 2713 4666 λαλῶ,
2735 4606 2833 4659 οὐκ
2854 4604 3097 4670 ἐξουσίας
3122 4605 3418 4675 ἀναίρεσις,
3450 4605 3586 4666 ἀλλά

2009 4696 2325 4765 συμφωνίας
2352 4696 2498 4749 ἐστὶν
2540 4695 2831 4761 ἀπόδειξις.
2864 4698 2989 4762 Πῶς
3030 4693 3122 4751 οὖν
3155 4695 3390 4753 ἐνταῦθά
3425 4716 3581 4770 φησι,

2007 4787 2183 4853 Πλὴν
2206 4787 2318 4853 οὐχ
2365 4786 2445 4851 ὡς
2475 4786 2593 4856 ἐγὼ
2632 4785 2805 4851 θέλω,
2848 4787 2987 4841 ἀλλ’
3027 4788 3107 4854 ὡς
3145 4787 3226 4841 σύ
3248 4803 3270 4852 ;
3319 4788 3473 4859 Τάχα
3502 4792 3584 4854 εἰς

2010 4876 2177 4930 πολὺν
2207 4877 2350 4947 ὑμᾶς
2374 4877 2557 4945 ἀγῶνα
2584 4878 2929 4948 ἐνεϐάλομεν,
2958 4877 3093 4932 ἀλλά
3128 4878 3447 4948 διανάστητε
3467 4894 3484 4910 ο
3532 4881 3583 4933 εἰ

2006 4968 2116 5040 γάρ
2144 4970 2238 5022 καί
2269 4967 2437 5022 πολλά
2476 4968 2544 5021 τά
2593 4969 2889 5040 εἰρημένα,
2941 4968 3053 5042 [21]
3095 4969 3211 5023 ἀλλ’
3253 4966 3313 5023 εὖ
3359 4967 3476 5025 οἶδα
3500 4972 3585 5025 δτι

2006 5060 2188 5123 νεάζει
2210 5061 2361 5131 ὑμῶν
2395 5061 2428 5130 ή
2457 5059 2730 5131 προθυμία
2748 5074 2763 5090 ⁸
2793 5061 2930 5132 πρὸς
2949 5060 3059 5132 γάρ
3082 5061 3253 5132 αὐτὴν
3275 5060 3459 5115 λοιπὸν
3481 5061 3584 5130 τὴν

2007 5150 2160 5205 λύσιν
2190 5153 2219 5205 6
2240 5151 2395 5221 λόγος
2415 5151 2715 5220 ἐπείγεται.
2741 5152 2897 5217 Τίνος
2918 5148 3011 5207 οὖν
3041 5152 3224 5205 ἕνεκεν
3245 5150 3417 5214 οὕτως
3441 5152 3585 5222 εἴρη-

2006 5259 2128 5308 ταις
2158 5242 2459 5313 Προσέχετε
2487 5243 2622 5313 μετά
2647 5244 2949 5314 ἀκριϐείας.
2981 5243 3120 5297 Πολὺ
3147 5241 3585 5325 δυσπαράδεκτος

2004 5329 2072 5405 ἦν
2103 5335 2132 5387 6
2178 5334 2276 5404 τῆς
2330 5333 2658 5405 σαρκώσεως
2703 5335 2877 5405 λόγος.
2917 5338 2981 5389 Ἦ
3022 5335 3133 5407 γὰρ
3183 5334 3452 5406 ὑπερϐολή
3484 5334 3582 5406 τῆς

2008 5423 2417 5495 φιλανθρωπίας
2449 5426 2645 5491 αὐτοῦ,
2680 5427 2772 5481 καὶ
2811 5427 2873 5482 τὸ
2912 5426 3141 5497 μέγεθος
3170 5426 3270 5495 τῆς
3304 5441 3582 5492 συγκαταη

2008 5515 2216 5581 ϐάσεως
2242 5515 2398 5569 τοῦτο
2425 5517 2624 5589 φρίκης
2653 5518 2839 5588 ἔγεμε,
2863 5519 2956 5572 καὶ
2988 5517 3183 5589 πολλῆς
3208 5515 3386 5569 ἐδέετο
3414 5531 3578 5571 κατα-

2074 5689 2096 5718 ⁸
2121 5688 2245 5753 Reg.
2269 5686 2487 5746 ἀλλήλοις
2507 5688 2782 5751 δείκνυνται,
2805 5689 2847 5739 τί
2869 5704 2937 5754 γε.
