4054 6216
437 266 507 322 57
958 256 969 273 ’
1108 262 1173 318 S.
1223 260 1507 319 JOANNIS
1542 260 2033 320 CHRYSOSTOMI
2072 261 2397 320 ARCHIEP.
2438 261 2987 321 CONSTANTINOP.
3611 259 3681 317 58

438 377 667 449 σκευῆς,
705 374 847 430 ὥστε
885 375 1310 447 παρώεχθῆναι.
1355 377 1637 447 Ἐννόησον
1678 378 1786 447 769
1820 377 2003 447 ἡλίκον

435 457 505 531 ἦν
537 460 763 513 ἀκοῦσαι
806 458 899 512 καὶ
938 458 1149 528 μαθεῖν,
1190 460 1272 513 ὅτι
1315 461 1345 512 6
1391 459 1542 523 Θεὸς,
1592 461 1620 512 6
1650 460 1883 530 ἄρῤητος
1900 471 1949 524 ι,
1982 462 2011 513 6

438 544 735 615 ἄφθαρτος,
763 544 792 595 6
818 542 1192 614 ἀπερινόητος,
1222 544 1251 596 6
1277 542 1526 612 ἀόρατος,
1554 544 1583 595 6
1608 544 2010 612 ἀκατάληπτος,

443 623 527 683 Οὔ
554 627 624 680 ὲν
653 624 728 693 τῇ
764 625 912 694 χειρί
940 624 1012 678 τὰ
1036 623 1261 691 πέρατα
1289 623 1400 693 τῆς
1431 624 1565 694 γῆς,
1604 625 1657 677 '0
1679 625 2016 679 ἐπιϐλέπων

438 711 536 765 ἐπὶ
566 708 681 776 τὴν
703 708 842 777 γῆν,
874 709 972 762 καί
998 706 1187 761 ποιῶν
1214 707 1413 775 αὐτὴν
1438 706 1691 776 τρέμειν,
1717 710 1748 761 ὀ
1765 708 2016 775 ἀπτόμε-

440 809 549 857 νος
578 790 700 845 τῶν
721 791 927 858 ὀρέων,
962 792 1061 844 καί
1091 789 1390 850 καπνίζων
1414 789 1586 853 αὐτὰ,
1620 783 1682 842 οὗ
1716 789 1812 861 τὴν
1845 789 2016 861 ῥοπήν

441 877 541 946 τῆς
586 874 1043 943 συγκαταϐἀσεως
1066 873 1186 927 οὐδὲ
1215 874 1281 927 τά
1310 872 1587 944 Χερουϐὶμ
1620 873 1861 941 ἐνεγκεῖν
1888 872 2018 943 ήδυ-

441 957 711 1029 νήθησαν,
760 957 897 1011 ἀλλά
937 958 1035 1023 τὰς
1079 957 1230 1029 ὄψεις
1279 957 1627 1028 ἀπέκρυπτον
1677 960 1744 1028 τῇ
1779 956 2015 1029 προϐολῇ

443 1040 551 1094 τῶν
583 1040 865 1111 πτερύγων
885 1057 900 1071 ·
926 1036 1079 1104 οὗτος
1105 1044 1134 1095 6
1173 1042 1350 1096 πάντα
1376 1042 1499 1096 νοῦν
1524 1042 1888 1113 ὑπερϐαίνων,
1925 1042 2019 1096 καὶ

447 1125 624 1178 πάντα
657 1124 914 1193 λογισμὸν
951 1123 1114 1179 νικῶν
1134 1164 1151 1188 ,
1186 1126 1557 1197 παραδραμὼν
1585 1126 1849 1196 ἀγγέλους
1885 1128 2018 1197 ἁρχ-

447 1207 731 1275 αγγέλους,
759 1206 938 1271 πάσας
966 1207 1064 1271 τὰς
1109 1207 1223 1263 ἀνω
1262 1210 1454 1280 νοεράς
1490 1209 1768 1280 δυνάμεις,
1811 1207 2022 1262 κατεδέ-

450 1289 577 1353 ξατο
600 1289 850 1358 γενέσθαι
874 1291 1178 1362 ἄνθρωπος,
1206 1293 1300 1346 καὶ
1332 1294 1510 1365 σάρκα
1537 1294 1635 1365 τὴν
1659 1293 1767 1348 61:6
1791 1293 1894 1362 γῆς
1929 1291 2021 1345 καί

454 1374 622 1446 πηλοῦ
658 1375 985 1432 πλασθεῖσαν
1028 1377 1335 1442 ἀναλαϐεῖν,
1367 1378 1461 1432 καὶ
1501 1380 1581 1441 εἰς
1612 1379 1824 1449 μήτραν
1849 1375 2022 1429 ἐλθεῖν

452 1457 805 1530 παρθενικὴν,
853 1460 947 1513 καὶ
978 1462 1355 1532 ὲνναμηνιαῖον
1391 1460 1790 1531 κυοφορηθῐψαι
1809 1460 2019 1531 χρόνον,

451 1542 546 1599 καὶ
588 1541 1184 1614 γαλακτοτροφηθῆναι,
1233 1544 1328 1597 καὶ
1359 1543 1427 1597 τὰ
1475 1543 1791 1614 ἀνθρώπινα
1846 1543 2025 1597 πάντα

452 1623 663 1677 παθεῖν.
704 1624 857 1678 Ἐπεὶ
880 1620 974 1679 οὖν
1002 1625 1144 1680 οὕτω
1171 1625 1470 1698 παράδοξον
1492 1622 1560 1696 ἦν
1580 1627 1643 1680 τδ
1676 1626 1869 1697 μέλλον
1906 1625 2026 1679 lae-

456 1705 598 1768 σθαι,
641 1709 717 1769 ὡς
755 1708 848 1760 καὶ
883 1709 1172 1779 γενόμενον
1213 1708 1364 1780 παρά
1407 1708 1619 1772 πολλοῖς
1656 1706 2021 1769 ἀπιστεῖσθαι,

455 1788 670 1859 πρῶτον
706 1790 987 1859 προφήτας
1022 1791 1359 1862 προπέμπει,
1392 1792 1549 1846 τοῦτο
1578 1791 1709 1844 αύτὸ
1747 1789 2024 1859 ἀπαγγέλ-

456 1868 665 1944 λοντας.
717 1870 826 1923 K61
850 1870 958 1941 769
980 1871 1009 1925 6
1028 1886 1087 1926 τε
1123 1874 1462 1944 πατριάρχης
1499 1873 1630 1927 αύτὸ
1656 1870 2025 1944 προανεφώνει

450 1930 651 2019 λέγων,
682 1953 777 2006 Ἐκ
800 1930 1098 2018 βλαστοῦ,
1131 1930 1394 2025 υίέ
1416 1930 1638 2024 ἦνέϐης
1658 1972 1672 1985 ο
1699 1930 2027 2015 ἀναπεσὼν

458 2032 779 2102 ἐκοιμήθης
820 2035 901 2101 ὠς
928 2035 1114 2090 λέων·
1137 2034 1239 2089 ὅτε
1289 2038 1515 2101 Ἦσαῖας
1559 2038 1751 2107 λέγων,
1795 2037 1939 2092 Ἰδοὺ
1986 2037 2026 2106 ἠ

460 2115 751 2186 παρθένος
789 2119 859 2172 ἐν
900 2120 1109 2189 γαστρί
1146 2119 1288 2184 ἔξει,
1328 2121 1429 2175 καί
1458 2122 1687 2186 τέξεται
1719 2122 1872 2185 υίὸν,
1929 2121 2027 2175 καί

463 2202 794 2261 καλέσουσι
827 2203 894 2257 τὸ
923 2203 1110 2273 ὄνομα
1139 2205 1325 2262 αὑτοῦ
1365 2205 1770 2277 Ἐμμανουήλ·
1802 2206 1896 2260 καὶ
1910 2206 2031 2259 ἐτε-

467 2301 557 2355 ρος
594 2284 717 2356 (sic)
741 2286 919 2348 πάλιν,
945 2287 1201 2356 Είδομεν
1222 2289 1409 2343 αὐτὸν
1443 2290 1525 2356 ὡς
1555 2288 1818 2354 παιδίον,
1852 2290 2032 2355 ὠςρι-

464 2365 565 2427 ζαν
586 2367 656 2420 ἐν
677 2366 752 2437 γῇ
784 2367 1041 2437 διψώσῃ.
1093 2370 1202 2440 Γῆν
1229 2371 1286 2425 δὲ
1314 2370 1552 2440 διψῶσαν
1576 2370 1677 2447 τὴν
1707 2371 1920 2447 μήτραν
1945 2369 2033 2430 λέ-

463 2465 548 2517 γει
584 2449 681 2521 τήν
710 2450 1063 2523 παρθενικήν,
1102 2452 1190 2506 6:6
1214 2453 1275 2506 :6
1306 2453 1381 2523 μὴ
1404 2451 1660 2519 δέξασθαι
1690 2451 1912 2522 σπέρμα
1940 2453 2034 2505 ἀνφ

465 2530 703 2602 θρώπου,
740 2533 875 2604 μηδὲ
912 2534 1194 2597 συνουσίας
1220 2533 1520 2591 ἀπολαῦσαι
1543 2573 1560 2601 ,
1584 2533 1718 2588 ἀλλά
1743 2534 1910 2605 χωρίς
1932 2534 2035 2601 γά-

469 2632 583 2685 μων
603 2614 763 2669 αὐτὸν
776 2616 971 2670 τεκεῖν.
992 2613 1100 2668 K61
1122 2614 1299 2680 πάλιν,
1321 2615 1564 2673 Παιδίον
1580 2616 1867 2688 ἐγεννήθη
1888 2618 2057 2687 ἡμῖν,

464 2694 596 2759 υίὸς
639 2695 738 2750 καί
773 2696 949 2766 ἐδόθη
994 2696 1139 2767 ἡμῖν
1160 2713 1175 2729 ·
1239 2698 1330 2759 καί
1376 2699 1563 2764 πάλιν,
1616 2699 2035 2764 Ἐξελεύσεται

458 2775 679 2846 ῥάϐδος
714 2780 783 2832 ἐκ
822 2778 933 2848 τῆς
960 2778 1129 2856 ῥίζης
1164 2780 1380 2840 Ἰεσσαὶ
1401 2819 1416 2845 ,
1459 2781 1558 2835 καί
1590 2780 1774 2848 ἄνθος
1818 2782 1886 2834 ἐκ
1924 2779 2035 2849 τῆς

459 2861 628 2929 ῥίζης
643 2862 1025 2931 ἀναϐήσεται.
1080 2864 1137 2917 Ὁ
1165 2864 1221 2926 δὲ
1268 2864 1480 2935 Βαροὺχ
1505 2866 1534 2918 6
1566 2865 1624 2919 ἐν
1664 2865 1900 2938 Ἱερεμίᾳ
1932 2882 2035 2936 φη.

470 2944 586 2998 σίν·
647 2940 835 3012 Οὗτος
866 2948 900 3000 ό
930 2945 1076 3011 Θεὸς
1111 2945 1306 3015 ἡμῶν·
1358 2949 1430 3001 οὐ
1455 2947 1885 3018 λογισθήσεται
1915 2946 2037 3001 ἓτε-

461 3042 572 3095 ρος
602 3026 753 3096 πρὸς
780 3029 967 3084 αὐτόν
988 3045 1002 3059 ·
1030 3028 1237 3098 ἐξεῦρε
1264 3029 1472 3089 πᾶσαν
1502 3030 1647 3086 ὀδόν
1676 3030 2033 3101 ἐπιστήμης,

471 3109 572 3163 καί
621 3109 845 3164 ἔδωκεν
879 3110 1073 3179 αὐτὴν
1119 3113 1318 3168 Ἰακὼϐ
1355 3111 1435 3179 τῷ
1485 3114 1649 3168 παιδί
1691 3113 1913 3176 αὑτοῦ,
1941 3112 2040 3173 καί

484 3192 720 3261 Ἰσραὴλ
750 3191 829 3259 τῷ
859 3195 1219 3266 ἠγαπημένῳ
1264 3196 1367 3253 ὑπ’
1395 3199 1602 3253 αὐτοῦ.
1647 3199 1808 3253 Μετὰ
1854 3198 2041 3252 ταῦτα

471 3273 569 3329 ἐπὶ
608 3273 718 3344 τῆς
764 3274 879 3346 γῆς
923 3275 1110 3348 ὤφθη,
1149 3279 1249 3334 καί
1293 3279 1417 3348 τοῖς
1451 3281 1784 3349 ἀνθρώποις
1823 3296 2043 3339 συναν-

471 3358 755 3428 εστράφη.
787 3361 896 3415 Καὶ
914 3363 943 3415 6
959 3361 1118 3416 Δαυῒδ
1144 3362 1242 3434 τὴν
1265 3362 1527 3436 ἔνσαρκον
1546 3363 1710 3418 αὐτοῦ
1743 3363 2043 3439 παρουσίαν

471 3441 646 3513 δηλῶν
690 3443 875 3513 ἔλεγε·
926 3445 1336 3511 Καταϐήσεται
1378 3447 1458 3513 ὡς
1490 3447 1662 3513 ὑετὸς
1695 3446 1797 3501 ἐπὶ
1826 3448 2039 3513 πόκον,

475 3526 572 3581 καί
604 3528 746 3582 ὡσεί
790 3528 1030 3597 σταγὼν
1060 3529 1098 3595 ἠ
1154 3528 1459 3590 στάζουσα
1486 3530 1583 3585 ἐπὶ
1621 3529 1738 3599 τὴν
1776 3528 1922 3600 γῆν,
1962 3531 2045 3584 ὅτι

475 3608 712 3679 ἀψοφητί
753 3612 847 3664 καὶ
886 3610 1176 3683 ἀταράχως
1218 3614 1298 3676 εἰς
1342 3614 1443 3684 τὴν
1479 3614 1693 3686 μήτραν
1734 3613 2045 3686 εἰσελήλυθε

474 3690 573 3764 τὴν
607 3693 959 3766 παρθενικήν.

548 3788 609 3845 δ’.
642 3789 779 3844 Ἀλλ’
813 3790 911 3845 ούκ
940 3792 1139 3863 ήρκεσε
1168 3794 1337 3848 ταῦτα
1369 3794 1548 3864 μόνον,
1591 3793 1727 3848 ἀλλά
1754 3794 1845 3848 καί
1871 3813 2049 3867 παρα-

479 3874 787 3947 γενόμενος,
828 3877 914 3931 ἰνα
943 3878 1016 3950 μὴ
1047 3877 1271 3950 νομισθῇ
1319 3879 1587 3948 φαντασία
1621 3879 1682 3933 :6
1722 3880 2009 3951 γενόμενον
2029 3918 2044 3944 ,

480 3959 543 4011 οὐ
588 3961 651 4031 τῇ
696 3959 813 4030 ὕψει
855 3960 1012 4031 μόνον
1060 3961 1340 4017 πιστοῦται
1384 3961 1446 4017 τὸ
1485 3964 1734 4035 πρᾶγμα,
1777 3963 1913 4019 ἀλλά
1955 3963 2050 4018 καὶ

483 4040 658 4113 χρόνῳ
700 4042 918 4113 πολλῷ,
944 4043 1039 4098 καὶ
1081 4043 1161 4114 τῷ
1204 4045 1293 4099 6:6
1330 4044 1547 4100 πάντων
1592 4045 1765 4101 ἐλθεῖν
1808 4045 1914 4100 τῶν
1958 4047 2051 4099 6v-

484 4122 790 4196 θρωπίνων.
820 4127 895 4180 Ού
921 4126 1029 4198 γὰρ
1069 4127 1255 4192 ἁπλῶς
1294 4130 1374 4193 εἰς
1420 4128 1707 4199 ἄνθρωπον
1745 4129 2053 4199 εἰσέρχεται

484 4206 890 4278 ἀπηρτισμένον
922 4209 1016 4262 καὶ
1065 4209 1507 4281 πεπληρωμένον,
1540 4210 1656 4263 ἀλλ’
1712 4212 1792 4274 εἰς
1836 4211 2053 4282 μήτραν

486 4287 839 4360 παρθενικὴν,
864 4289 1005 4345 ὥστε
1036 4290 1132 4346 καί
1162 4292 1550 4363 κυοφορήσεως
1587 4293 1681 4347 καὶ
1707 4292 1881 4347 τόκων
1924 4294 2056 4347 ἀνα-

489 4370 742 4441 σχέσθαι,
778 4373 873 4428 καὶ
919 4374 1404 4446 γαλακτοτροφίας,
1446 4377 1542 4429 καὶ
1592 4375 1902 4447 αὐξήσεως,
1960 4376 2056 4430 καὶ

484 4451 565 4523 τῷ
605 4456 770 4525 μήκει
796 4456 888 4511 τοῦ
931 4458 1122 4529 χρόνου
1162 4459 1259 4513 καὶ
1296 4462 1363 4531 τῇ
1408 4459 1640 4530 διαφορᾷ
1679 4458 1788 4512 τῶν
1827 4458 2057 4529 ήλικιῶν

486 4536 714 4592 ἀπασῶν
737 4540 1109 4595 πιστώσασθαι
1136 4542 1198 4595 τὸ
1215 4543 1524 4614 γενόμενον.
1544 4543 1652 4596 Καὶ
1672 4541 1795 4595 οὐδὲ
1826 4540 2058 4595 ἐνταῦθα

487 4621 698 4676 ἵσταται
745 4623 813 4677 τά
849 4627 948 4696 τῆς
980 4625 1303 4693 ἀποδείξεως
1363 4628 1555 4698 μόνον,
1607 4626 1742 4681 ἀλλά
1789 4627 1885 4681 καὶ
1938 4625 2056 4699 [22]

488 4704 797 4775 περιφέρων
822 4706 919 4777 τὴν
945 4707 1120 4779 σάρκα
1136 4748 1152 4773 ,
1185 4709 1409 4780 ἀφίησιν
1439 4708 1607 4779 αὐτὴν
1631 4708 1699 4762 τά
1717 4709 1816 4779 τῆς
1845 4708 2059 4777 φύσεως

489 4783 845 4856 ἐλαττώματα
870 4788 1178 4860 ὑπομεῖναι,
1199 4790 1293 4843 καὶ
1320 4791 1574 4861 πεινῆσαι
1602 4793 1693 4845 καὶ
1713 4790 1935 4862 διψῆσαι
1965 4792 2059 4845 καὶ

490 4867 822 4940 καθευδῆσαι
856 4872 948 4926 καὶ
987 4875 1247 4927 κοπιάσαι
1268 4889 1284 4904 ·
1306 4872 1455 4937 τέλος
1479 4874 1573 4928 καί
1597 4874 1690 4928 ἐπὶ
1712 4873 1803 4926 τὸν
1832 4874 2059 4944 σταυρὸν

493 4952 807 5024 ἐρχόμενος,
839 4955 1063 5025 ἀφίησιν
1093 4955 1262 5028 αὐτὴν
1287 4957 1355 5011 τὰ
1374 4956 1474 5027 τῆς
1496 4957 1696 5029 σαρκὸς
1723 4957 1930 5011 παθεῖν.
1964 4956 2063 5010 Διά

494 5036 603 5108 γάρ
626 5035 785 5090 τοῦτο
822 5038 923 5091 καὶ
952 5038 1169 5108 κρουνοὶ
1214 5040 1574 5110 κατεφέροντο
1602 5038 1839 5111 ἱδρώτων
1867 5038 1927 5104 ἐξ
1963 5040 2064 5092 αύ-

493 5120 615 5188 τῇς,
644 5120 739 5174 καὶ
791 5120 1022 5189 ἄγγελος
1057 5120 1346 5193 ηὑρίσκετο
1377 5122 1546 5194 αὐτὴν
1597 5121 1903 5193 διακρατῶν
1926 5162 1941 5187 ,
1970 5122 2065 5176 καὶ

494 5202 739 5256 λυπεῖται
769 5204 860 5257 καὶ
887 5203 1144 5275 ἀδημονεῖ
1165 5221 1178 5235 ·
1209 5204 1301 5259 καὶ
1329 5205 1437 5276 γάρ
1461 5205 1589 5275 πρὶν
1610 5204 1644 5274 ἢ
1664 5205 1837 5259 ταῦτα
1866 5205 2062 5269 εἰπεῖν,

498 5284 662 5357 φησίν
684 5302 699 5316 ο
739 5287 811 5340 Ἠ
852 5287 1021 5357 ψυχή
1045 5304 1163 5357 μου
1202 5286 1571 5357 τετάρακται,
1603 5287 1703 5341 καί
1735 5287 2067 5355 περίλυπός

496 5367 668 5422 ἐστιν
693 5366 803 5434 ἕως
841 5369 1119 5424 θανάτου.
1151 5371 1214 5425 Εἰ
1245 5364 1338 5426 οὖν
1382 5371 1587 5425 τούτων
1624 5371 1875 5425 ἁπάντων
1915 5386 2068 5439 γενο-

502 5449 677 5520 μένων
705 5450 765 5504 τὸ
787 5451 1018 5523 πονηρὸν
1044 5453 1138 5506 τοῦ
1167 5454 1408 5508 διαϐόλου
1431 5454 1603 5525 στόμα
1632 5454 1719 5507 διὰ
1744 5454 2066 5525 Μαρκίωνος

499 5533 594 5588 τοῦ
647 5535 907 5590 Ποντικοῦ
956 5538 1048 5593 καί
1088 5539 1463 5604 Οὐαλεντίνου,
1508 5541 1601 5594 καὶ
1635 5541 1936 5611 Μανιχαξου
1973 5538 2065 5594 τοῦ

564 5642 591 5674 ⁸
629 5642 747 5703 Reg.
783 5648 810 5694 ὁ
830 5646 1045 5709 ἀόρατος,
1073 5653 1124 5698 οι
1156 5648 1493 5712 ἰηΐεαάὁρατος
1514 5648 1672 5700 dccsl.

2118 380 2349 451 Πέρσου,
2385 380 2479 434 καί
2509 379 2710 450 ἐτέρων
2751 378 3008 432 πλειόνων
3040 374 3303 447 αἱρέσεων
3330 373 3685 448 ἐπεχείρησεν

2114 477 2409 547 ἀνατρέψαι
2444 477 2535 529 τὸν
2563 476 2691 543 περὶ
2719 475 2820 545 τῆς
2858 470 3167 544 οἰκονομίας
3186 472 3367 541 λόγον,
3390 473 3485 526 καὶ
3513 474 3685 543 ήχησε

2117 569 2414 637 σατανικήν
2447 583 2568 621 τινα
2593 566 2733 637 ἠχὴν
2760 564 2954 633 λέγων,
2984 565 3067 617 ὅτι
3086 562 3207 617 οὐδὲ
3238 560 3686 634 ἐσαρκώθη,ούδι

2118 660 2293 730 σάρκα
2323 658 2694 729 περιεϐάλετο,
2728 656 2864 711 ἀλλά
2893 655 3111 726 δόκησις
3140 654 3301 709 τοῦτο
3330 649 3400 725 ἦν
3429 655 3525 707 καὶ
3551 669 3687 722 φαν-

2117 748 2296 810 τασία,
2324 750 2418 802 καὶ
2458 746 2633 817 σκηνὴ
2674 747 2770 801 καὶ
2813 746 3121 816 ὑπόκρισις,
3151 745 3329 800 καίτοι
3358 744 3468 798 τῶν
3498 744 3688 799 παθῶν

2121 838 2387 909 βοώντων,
2420 838 2514 892 τοῦ
2551 838 2783 891 θανάτου
2804 878 2820 903 ,
2850 834 2945 889 τοῦ
2977 835 3152 905 τάφου
3177 877 3193 901 ,
3225 835 3325 906 τῆς
3365 833 3560 905 πείνης
3592 851 3607 865 ι
3640 835 3690 887 εἰ
3802 881 3813 889 .

2123 929 2286 1000 μηδὲν
2317 928 2521 982 τούτων
2547 928 2824 996 ἐγεγόνει,
2857 926 2973 991 πῶς
3015 926 3075 979 ού
3109 924 3288 993 πολλῷ
3325 924 3486 978 πλέον
3512 925 3541 977 6
3571 922 3691 979 διά-

2120 1016 2272 1080 ϐολος
2293 1016 2360 1070 τὰ
2379 1016 2588 1087 πονηρὲ
2615 1015 2788 1070 ταῦτα
2807 1016 3094 1087 ἀνέσπειρε
3114 1015 3212 1086 τῆς
3228 1013 3479 1078 ἀσεϐείας
3495 1014 3691 1085 δόγμα·

2118 1122 2215 1171 τα;
2244 1103 2343 1157 Διά
2373 1121 2453 1158 τοι
2480 1103 2656 1167 τοῦτο,
2691 1101 2880 1175 ὥσπερ
2911 1103 3217 1172 ἐπείνησεν,
3241 1102 3430 1175 ὥσπερ
3463 1102 3693 1156 ἐκαθεύ-

2120 1194 2303 1265 δησεν,
2333 1192 2519 1265 ὥσπερ
2535 1193 2844 1257 ἐκοπίασεν,
2861 1192 3050 1263 ὥσπερ
3066 1193 3287 1262 ἔφαγεν,
3308 1194 3498 1265 ὥσπερ
3516 1191 3691 1259 ἔπιεν,

2120 1284 2264 1338 οὕτω
2298 1285 2390 1338 καὶ
2438 1285 2665 1339 θάνατον
2700 1287 3064 1355 παραιτεῖται,
3107 1284 3169 1337 τὸ
3217 1284 3555 1355 ἀνθρώπινον
3607 1287 3695 1339 ἐνο

2121 1375 2486 1446 δεικνύμενος,
2522 1376 2616 1429 καὶ
2647 1375 2746 1447 τήν
2772 1374 3058 1429 ἀσθένειαν
3085 1376 3184 1444 τῆς
3214 1374 3428 1445 φύσεως
3463 1374 3560 1446 τὴν
3591 1376 3691 1429 οὐκ

2122 1466 2457 1538 ἀνεχομένην
2472 1467 2698 1530 ἀπαθῶς
2716 1467 3093 1539 ἀπορραγῆναι
3113 1469 3211 1538 τῆς
3231 1465 3512 1538 παρούσης
3525 1464 3690 1537 ζωῆς.

2123 1557 2187 1610 Εἰ
2217 1557 2326 1629 769
2353 1556 2515 1627 μηδὲν
2543 1556 2747 1610 τούτων
2774 1558 3004 1629 εἰρήκει,
3027 1551 3172 1627 εῖχεν
3211 1557 3276 1611 ἂν
3308 1559 3499 1622 εἰπεῖν,
3532 1558 3614 1610 ὅτι
3643 1559 3695 1610 εἰ

2123 1647 2405 1719 ἄνθρωπος
2441 1644 2542 1719 ἦν,
2574 1647 2680 1701 ἔδει
2723 1647 2884 1702 αὑτὸν
2918 1647 3110 1701 παθεῖν
3144 1647 3213 1701 τὰ
3249 1648 3343 1701 τοῦ
3382 1646 3693 1720 ἀνθρώπου.

2125 1737 2260 1791 Τίνα
2294 1738 2350 1792 δέ
2384 1740 2499 1792 ἐστι
2537 1737 2740 1806 ταῦτα;
2768 1739 2842 1793 T6
2874 1739 3137 1810 μέλλοντα
3179 1739 3564 1810 σταυροῦσθαι,
3600 1739 3695 1794 καὶ

2124 1828 2325 1901 δειλιᾷν
2368 1831 2461 1885 καὶ
2498 1831 2767 1902 ἀγωνιᾷν,
2811 1831 2904 1884 καὶ
2949 1831 3024 1902 μὴ
3076 1830 3302 1894 ἀπαθῶς
3346 1830 3695 1903 ἀπορρήγνυ-

2128 1920 2252 1975 σθαι
2275 1921 2377 1991 τῆς
2404 1921 2685 1992 παρούσης
2719 1920 2897 1993 ζωῆς·
2932 1924 2998 1993 τῇ
3028 1921 3187 1991 φύσει
3212 1920 3320 1992 γάρ
3365 1921 3604 1991 ἔγκειται
3636 1921 3696 1976 τὺ

2127 2010 2347 2084 φίλτρον
2373 2014 2435 2068 τδ
2476 2014 2701 2084 περίτά
2755 2015 3033 2086 παρόντα·
3065 2014 3154 2068 διά
3198 2031 3280 2067 τοι
3327 2014 3483 2067 τοῦτο
3528 2014 3698 2082 δεῖξαι

2128 2104 2447 2177 βουλόμενος
2485 2105 2661 2177 ἀληθῆ
2697 2107 2797 2178 τῆς
2822 2106 3019 2179 σαρκὸς
3038 2106 3135 2178 τὴν
3153 2123 3217 2161 πε
3226 2106 3461 2177 ριϐολὴν,
3480 2107 3572 2160 καὶ
3601 2106 3701 2177 τὴν

2126 2198 2434 2266 οἰκονομίαν
2467 2195 2873 2260 πιστώσασθαι,
2906 2197 3046 2267 μετά
3098 2195 3297 2266 πολλῆς
3324 2195 3422 2265 τῆς
3477 2196 3699 2250 ἀποδεί-

2130 2288 2263 2359 ξεως
2302 2288 2369 2342 τά
2396 2287 2542 2357 πάθη
2571 2286 2755 2359 γυμνά
2792 2286 3129 2357 προτίθησιν.
3169 2281 3262 2350 Εἷς
3302 2286 3399 2356 μὲν
3424 2285 3517 2342 οὖν
3540 2287 3699 2357 λόγος

2128 2372 2313 2443 οὗτος·
2344 2377 2461 2431 ἔστι
2492 2377 2549 2431 δὲ
2588 2379 2681 2432 καὶ
2723 2378 2909 2448 ἕτερος
2940 2378 3129 2430 τούτου
3175 2378 3276 2431 ούκ
3311 2377 3565 2432 ἐλάττων.
3605 2378 3699 2443 Τίς

2129 2469 2188 2528 δὲ
2232 2459 2428 2533 οῦτοςς
2463 2466 2909 2537 Παραγενόμενος
2932 2467 2960 2520 6
2989 2467 3242 2537 Χριστὸς,
3280 2471 3460 2523 πᾶσαν
3500 2470 3699 2540 ἀρετὴν

2131 2556 2419 2616 παιδεῦσαι
2444 2558 2573 2620 τοὺς
2623 2555 2943 2628 ἀνθρώπους
2967 2556 3237 2611 ἐϐούλετο·
3265 2559 3294 2612 6
3338 2559 3396 2613 δὲ
3431 2560 3701 2615 παιδεύων

2131 2648 2192 2702 ού
2230 2646 2374 2717 λόγῳ
2426 2646 2585 2717 μόνον
2614 2645 2874 2712 διδάσκει,
2900 2645 3037 2700 ἀλλά
3084 2647 3178 2701 καὶ
3222 2646 3399 2719 έργῳ·
3432 2648 3568 2722 αῦτη
3597 2650 3704 2722 γάρ

2134 2739 2168 2809 ή
2201 2735 2401 2809 ἀρίστη
2428 2735 2746 2794 διδασκαλία
2773 2736 2890 2789 ἐστὶ
2905 2735 3000 2789 τοῦ
3030 2735 3392 2803 διδάσκοντος.
3437 2740 3591 2793 Ἐπεὶ
3612 2741 3703 2794 καὶ

2135 2826 2471 2901 κυϐερνήτης
2510 2825 2901 2898 παρακαθίζων
2928 2827 3018 2881 τὸν
3043 2827 3310 2902 μαθητὴν,
3338 2829 3573 2885 δείκνυσι
3604 2833 3704 2904 μὲν

2137 2921 2286 2997 αύτῴ
2317 2920 2436 2984 ⁴πῶς
2464 2920 2683 2992 κατέχει
2723 2923 2850 2984 τοὺς
2893 2920 3106 2985 οῖαλιας,
3155 2922 3476 2993 προστίθησι
3504 2923 3561 2977 δὲ
3610 2925 3705 2978 καὶ

2136 3011 2296 3085 λόγον
2325 3010 2404 3083 τῷ
2433 3010 2599 3084 ἔργῳ,
2619 3014 2713 3070 καί
2735 3011 2859 3065 οὔτε
2884 3012 3031 3081 λέγει
3057 3013 3237 3083 μόνον,
3266 3013 3388 3068 οὔτε
3417 3016 3706 3087 ἐργάζεται

2143 3103 2299 3176 μόνον
2318 3121 2337 3141 ἰ
2360 3105 2559 3175 ὁμοίως
2597 3106 2692 3163 καὶ
2724 3105 3003 3176 οἰκοδόμος
3055 3106 3413 3178 παραστήσας
3455 3106 3547 3159 τὸν
3584 3102 3706 3171 μέλ.

2138 3198 2298 3255 λοντα
2326 3199 2462 3270 παρ’
2495 3196 2661 3257 αὐτοῦ
2697 3197 2989 3268 μανθάνειν
3032 3197 3147 3261 πῶς
3184 3200 3359 3268 τοῖχος
3404 3197 3706 3266 ὑφαίνεται.

2139 3289 2377 3344 δείκνυσι
2417 3289 2517 3361 μὲν
2549 3289 2698 3361 αὐτῷ
2734 3289 2823 3343 6:6
2851 3288 2945 3342 τοῦ
2990 3289 3177 3360 ἔργου,
3206 3288 3444 3342 δείκνυσι
3475 3289 3531 3342 δὲ
3564 3288 3708 3360 αὐτῷ

2142 3383 2237 3435 καὶ
2271 3381 2360 3436 διὰ
2390 3380 2485 3439 τοῦ
2526 3381 2717 3449 λόγου·
2750 3379 3009 3442 ὡσαύτως
3047 3379 3139 3433 καὶ
3174 3378 3435 3449 ὑφάντης,
3464 3379 3556 3431 καὶ
3592 3397 3708 3433 ποι-

2144 3474 2351 3545 κιλτὴς,
2382 3473 2475 3527 καὶ
2513 3471 2836 3542 χρυσοχόος,
2872 3470 2964 3528 καὶ
3017 3468 3383 3542 χαλκοτύπος,
3418 3470 3510 3526 καὶ
3563 3472 3713 3524 πᾶσα

2142 3563 2304 3641 τέχνη
2345 3562 2432 3617 διὰ
2465 3560 2641 3629 λόγων
2676 3576 2738 3612 τε
2768 3560 2863 3613 καὶ
2900 3557 3076 3631 ἔργων
3107 3557 3220 3629 έχει
3250 3557 3340 3611 τὸν
3371 3558 3712 3619 διδάσκοντα.

2157 3655 2310 3715 Ἐπεὶ
2335 3651 2427 3709 οὖν
2457 3654 2552 3707 καὶ
2581 3652 2742 3716 αὐτὸς
2760 3650 3090 3720 παρεγένετο
3118 3649 3405 3705 παιδεῦσαι
3432 3653 3579 3724 ήμᾶς
3612 3653 3716 3711 πᾶ.-

2149 3764 2246 3801 σαν
2264 3745 2482 3819 ἀρετὴν,
2497 3743 2587 3803 6:6
2605 3741 2761 3799 τοῦτο
2781 3742 2874 3796 καὶ
2898 3740 3043 3811 λέγει
3062 3739 3135 3799 τάν
3149 3741 3416 3812 πρακτέα,
3434 3742 3527 3796 καὶ
3550 3745 3713 3797 ποιεῖ.

2158 3841 2221 3895 '0
2243 3840 2352 3911 γὰρ
2385 3837 2664 3904 ποιήσας,
2689 3835 2852 3906 φησί,
2883 3833 2980 3888 καί
3013 3832 3261 3899 διδάξας
3280 3872 3294 3897 ,
3327 3829 3506 3900 οὗτος
3529 3834 3718 3904 μέγας

2149 3930 2519 3999 κληθήσεται
2534 3929 2605 3984 ἐν
2631 3926 2706 3996 τῇ
2746 3926 3033 3993 ,βασιλείᾳ
3065 3922 3182 3978 τῶν
3206 3923 3498 3993 οὐρανῶν.
3522 3925 3723 3980 Σκόπει

2149 4024 2241 4079 δέ·
2301 4022 2583 4076 ἐκέλευσεν
2624 4015 2764 4072 εἶναι
2785 4017 3214 4086 ταπεινόφρονας
3257 4016 3351 4069 καὶ
3381 4018 3594 4085 πραεῖς,
3628 4017 3721 4070 καὶ

2150 4113 2354 4178 ἐδίδαξε
2382 4112 2470 4166 6:6
2511 4109 2618 4163 τῶν
2659 4107 2943 4179 ῥημάτων.
2972 4106 3117 4176 Ὀρα
3162 4105 3281 4169 πῶς
3316 4106 3456 4161 αύτά
3480 4107 3721 4163 παιδεύει

2152 4206 2245 4260 x61
2268 4202 2357 4256 6:6
2386 4200 2494 4256 τῶν
2547 4198 2902 4270 πραγμάτων.
2937 4194 3121 4251 Είπὼν
3169 4194 3300 4267 γάρ,
3353 4197 3640 4265 Μακάριοι
3669 4200 3734 4251 οίν

2153 4293 2373 4363 πτωχοί
2402 4289 2481 4358 τῷ
2503 4289 2813 4358 πνεύματι,
2841 4288 3121 4357 μακάριοι
3146 4288 3201 4342 οί
3229 4287 3465 4357 πραεῖς,
3487 4289 3738 4344 δείκνυσι-

2156 4387 2271 4452 πῶς
2318 4383 2458 4445 αὐτὰ
2513 4383 2594 4438 δεῖ
2645 4379 2963 4451 κατορθοῦν.
2997 4380 3123 4444 Πῶς
3176 4376 3268 4435 οὖν
3318 4380 3522 4447 ἐδίδαξε
3555 4382 3739 4457 ;,[25]“

2156 4477 2349 4535 Λαϐὼν
2397 4476 2601 4534 λέντιον
2632 4472 2884 4537 διέζωσεν
2928 4472 3121 4529 ἑαυτὸν
3141 4513 3157 4538 ,
3180 4474 3274 4527 καὶ
3305 4472 3453 4543 ένιψε
3484 4474 3592 4527 τῶν
3631 4491 3723 4545 μα-

2158 4570 2341 4644 θητῶν
2360 4570 2486 4633 τοὺς
2515 4567 2700 4630 πόδας.
2723 4566 2787 4619 Τί
2827 4565 3031 4635 ταύτης
3072 4563 3193 4618 ἴσον.
3228 4564 3327 4634 τῆς
3367 4581 3739 4636 ταπεινοφροα.

2162 4665 2364 4737 σύνης;
2397 4663 2510 4718 Οὐκ
2543 4661 2622 4716 ἔτι
2670 4659 2781 4729 γὰρ
2822 4658 2913 4712 6:6
2954 4658 3078 4711 τῶνε
3104 4656 3278 4725 λόγων
3320 4657 3483 4727 μόνον,
3526 4656 3743 4727 ταύτην

2163 4755 2426 4818 παιδεύει,
2454 4752 2591 4809 ἀλλά
2615 4752 2711 4804 καὶ
2749 4748 2837 4802 διὰ
2867 4747 2977 4801 τῶν
3010 4747 3207 4820 ἔργων.
3236 4747 3407 4803 Πάλιν
3433 4748 3530 4819 τὴν
3558 4749 3731 4819 πραό-

2161 4865 2299 4917 τητα
2332 4846 2425 4900 καὶ
2463 4844 2562 4915 τὴν
2586 4839 2936 4905 ἀνεξικακίαν
2976 4838 3219 4896 διδάσκει
3257 4838 3347 4893 6:6
3389 4838 3497 4893 τῶν
3533 4838 3730 4910 ἔργων.

2162 4937 2320 5000 Πῶς;
2359 4931 2692 5006 Ἐῥραπίσθη
2730 4927 2883 5000 παρά
2920 4928 3017 4981 τοῦ
3048 4926 3232 4982 δούλου
3280 4927 3375 4981 τοῦ
3412 4928 3736 4999 ἀρχιερέως,

2163 5028 2257 5085 καί
2286 5042 2446 5098 φησιν
2463 5041 2479 5058 ·
2507 5026 2580 5079 El
2619 5022 2735 5094 μὲν
2777 5020 2975 5087 κακῶς
3010 5020 3310 5087 ἐλάλησα,
3347 5020 3740 5089 μαρτύρησον

2166 5120 2298 5189 περὶ
2329 5116 2435 5172 τοῦ
2463 5113 2680 5169 κακοῦ·
2717 5109 2862 5167 εἰδὲ
2882 5110 3098 5177 καλῶς,
3129 5110 3186 5163 τί
3217 5127 3295 5179 με
3332 5109 3554 5176 δέρεις;
3585 5108 3738 5164 Ἔχε-

2168 5203 2354 5258 λευσεν
2382 5196 2636 5269 εύχεσθαι
2664 5196 2805 5268 ὑπὲρ
2832 5194 2942 5248 τῶν
2973 5192 3182 5265 ἐχθρῶν
3201 5208 3217 5225 ·
3254 5191 3416 5247 πάλιν
3452 5192 3547 5246 καὶ
3582 5190 3733 5246 τοῦτο

2166 5291 2254 5346 διὰ
2295 5289 2402 5344 τῶν
2440 5288 2617 5363 ἔργων
2650 5283 2921 5341 παιδεύει·
2952 5282 3157 5345 ἀναϐὰς
3184 5280 3292 5352 γὰρ
3326 5282 3384 5334 ἐν
3410 5280 3488 5353 τῷ
3521 5280 3740 5351 σταυρῷ

2167 5373 2334 5442 λέγει·
2363 5371 2573 5441 Πάτερ,
2604 5370 2755 5438 ἄφες
2785 5365 2988 5432 αὐτοῖς
3016 5380 3031 5395 ·
3060 5367 3133 5420 οὺ
3169 5364 3278 5435 γὰρ
3300 5363 3499 5418 οίδασι
3523 5364 3582 5417 τί
3607 5379 3738 5417 ποι-

2169 5457 2330 5512 οῦσι.
2376 5457 2585 5525 Ὠσπερ
2618 5448 2712 5507 οῦν
2745 5450 3030 5504 ἐκέλευσεν
3062 5446 3336 5518 εὔχεσθαι,
3359 5447 3499 5501 οὕτω
3532 5446 3742 5501 X6166-

2171 5542 2258 5608 τὸς
2294 5539 2539 5610 εὔχεται,
2573 5537 2631 5590 σὲ
2680 5531 2945 5589 παιδεύων
2990 5529 3242 5599 εὔχεσθαι
3294 5531 3393 5585 ούκ
3429 5530 3588 5592 αὐτὸς
3625 5529 3743 5584 ἀτο-
