4054 6216
241 269 304 326 3-,
935 259 1002 316 lN
1044 257 1269 322 ILLUD,
1311 256 1563 324 parun,
1604 255 1664 312 Si
1703 253 2048 310 POSSIBILE
2093 253 2243 322 usr,
2287 253 2678 319 rususmr,
2726 250 2878 310 ETC.
3459 265 3528 321 ss

233 379 561 452 indigebant.
610 377 794 448 Cogita
825 389 1052 444 namque
1075 371 1234 442 quale
1281 369 1408 426 illud
1460 369 1615 424 fuerit
1651 368 1836 423 audire
1945 381 2062 423 eam
2091 365 2422 424 confortasse
2451 367 2734 437 reperitur,
2783 378 2837 424 et
2885 369 3143 436 tristalur,
3197 382 3252 428 et
3309 384 3533 430 moestus

235 486 298 528 ac
337 473 551 528 discere
601 471 766 525 Deum
815 466 1177 531 ineffabilem,
1210 461 1708 532 incorruptibilem,
1742 461 1833 530 qui

231 577 410 632 neque
480 561 677 633 percipi
749 567 931 614 mente
975 564 1207 626 potest,
1262 568 1361 608 nec
1403 552 1571 607 oculis
1643 551 1831 614 cerni,

234 667 334 708 nec
373 653 484 707 ullo
521 651 679 706 modo
726 645 1158 718 comprehendi,
1204 643 1363 713 Cujus
1413 643 1464 695 in
1507 658 1661 694 manu
1716 649 1832 694 sunt

235 747 364 814 fines
419 755 562 800 teme
627 743 819 815 (Psal.
878 742 968 798 94.
1020 741 1054 795 4
1079 740 1098 810 )
1123 781 1138 806 ,
1191 739 1288 805 Qui
1336 739 1537 808 respicit
1592 746 1781 790 terrant
1813 776 1828 798 ,

234 847 282 892 et
344 853 454 892 eam
497 835 774 906 tremefacit
808 875 822 900 ,
880 834 966 903 qui
1006 832 1165 902 tangit
1212 840 1404 883 montes
1435 867 1451 895 ,
1481 837 1527 882 et
1574 827 1828 898 fumigant

240 927 420 998 (Psal.
461 928 585 982 l03.
635 925 765 998 32),
813 924 966 993 cujus
1007 920 1468 991 attemperationis
1497 927 1828 973 momentum

235 1035 334 1076 uec
353 1020 467 1090 ipsa
487 1017 948 1075 Gherubim’ferre
978 1021 1282 1084 potuerunt,
1321 1011 1417 1067 sed
1446 1008 1699 1080 oppansis
1726 1007 1828 1061 alis

207 1114 394 1200 ’facies
409 1113 785 1176 occultarunt;
816 1109 957 1164 hunc
982 1107 1072 1179 qui
1101 1116 1337 1161 mentem
1359 1118 1573 1157 onmem
1599 1115 1828 1170 exsupe-

232 1214 349 1272 rat,
402 1218 728 1274 omnemque
773 1203 938 1256 vineit
983 1198 1390 1270 cogitationem,
1451 1192 1828 1264 prtetermissis

231 1296 441 1368 angelis
459 1336 476 1363 ,
508 1292 842 1365 archangelis
869 1292 1223 1359 omnibusque
1247 1284 1551 1342 caelestibus
1573 1297 1638 1338 ac
1663 1282 1826 1351 spiri-

237 1387 471 1442 tualibus
497 1386 602 1440 illis
631 1385 935 1450 virtutibus,
956 1381 1226 1435 hominem
1254 1377 1365 1432 fieri
1389 1377 1660 1442 dignatum
1682 1388 1822 1438 esse,

229 1492 555 1546 carnemque
595 1475 664 1531 de
694 1484 832 1531 terra
867 1482 922 1528 et
961 1473 1071 1527 luto
1117 1469 1400 1525 formatam
1429 1464 1782 1534 assumpsisse
1805 1503 1822 1525 ,

231 1578 394 1640 atque
421 1569 472 1623 in
498 1569 793 1638 virgineum
824 1565 1039 1621 venisse
1067 1573 1274 1617 uterum
1299 1602 1313 1624 ,
1354 1568 1409 1614 et
1447 1572 1638 1612 novem
1666 1569 1824 1609 men-

228 1659 369 1714 sium
396 1658 568 1728 spatio
595 1658 646 1711 in
675 1667 864 1711 ventre
884 1655 1046 1709 fuisse
1069 1659 1354 1722 gestatum,
1375 1649 1510 1702 lacte
1541 1645 1821 1708 nutritum,

226 1758 290 1807 et
313 1751 542 1805 humana
564 1757 754 1804 cuneta
783 1749 1059 1802 tolerasse.
1088 1743 1346 1812 Quoniam
1378 1740 1539 1810 igitur
1567 1737 1702 1792 adeo
1725 1734 1824 1789 fuit

227 1843 481 1898 mirabile
506 1842 649 1912 quod
684 1841 916 1894 futurum
957 1846 1103 1903 erat,
1154 1845 1210 1891 ut
1259 1836 1418 1890 etiam
1447 1833 1574 1886 dum
1617 1830 1767 1884 ﬁeret
1792 1841 1822 1881 a

227 1938 414 1992 multis
439 1936 659 1992 minime
687 1933 1018 1996 crederetur,
1044 1931 1274 2002 primum
1294 1926 1508 1998 quidem
1538 1923 1823 1992 prophetas

224 2029 299 2084 ad
351 2031 454 2083 hoc
499 2028 670 2098 ipsum
715 2023 1135 2081 annuntiandum
1182 2018 1474 2090 prmmisit,
1523 2023 1683 2084 atque
1721 2011 1825 2066 hoc

224 2118 403 2191 ipsum
450 2117 753 2190 patriarcha
794 2114 1116 2186 prmdieebat
1154 2111 1238 2166 his
1281 2108 1459 2164 verbis
1507 2114 1664 2159 utens
1697 2119 1711 2155 :
1747 2099 1825 2191 De

222 2190 452 2282 genuine
493 2207 797 2271 ascendisti,
852 2205 929 2275 [ili
975 2204 1075 2266 mi;
1106 2200 1349 2254 recubans
1375 2195 1608 2251 dormisti
1652 2202 1706 2246 ut
1745 2190 1823 2245 leo

222 2281 390 2370 (Gen.
419 2300 511 2354 49.
538 2299 618 2368 9).
649 2297 868 2351 llesaias
899 2304 1077 2347 autem
1106 2309 1118 2346 :
1152 2291 1284 2344 Ecce
1308 2289 1450 2358 virgo
1489 2287 1541 2338 in
1566 2292 1704 2337 utero
1734 2281 1826 2335 Ita-

220 2391 383 2454 bebit,
407 2399 455 2444 et
474 2389 633 2457 pariet
653 2387 839 2454 ﬁlium,
860 2394 904 2438 et
929 2381 1172 2436 vocabunt
1190 2395 1371 2434 nomen
1393 2377 1501 2448 ejus
1522 2370 1826 2430 Emmanuel

219 2479 437 2550 (Hesai.
466 2479 520 2533 7.
552 2477 662 2547 M).
692 2477 756 2530 Et
775 2475 898 2528 alibi
917 2486 1103 2527 rursus
1127 2488 1140 2523 :
1167 2469 1395 2523 Vidimus
1418 2481 1533 2520 eum
1553 2465 1819 2534 infantem,

218 2580 480 2639 tamquam
504 2567 724 2621 radicem
749 2568 802 2618 in
830 2573 964 2617 terra
1003 2561 1191 2615 sitienti
1233 2557 1434 2629 (Hesai.
1459 2556 1548 2612 55.
1577 2552 1656 2624 2).
1685 2551 1823 2607 Ter-

217 2675 340 2716 ram
367 2673 495 2714 vero
521 2658 791 2712 sitientem
817 2664 1027 2708 uterum
1067 2651 1196 2706 dicit
1219 2649 1515 2720 virgineum
1539 2686 1556 2712 ,
1584 2659 1650 2700 eo
1679 2641 1821 2713 quod

220 2751 459 2807 hominis
486 2764 669 2805 semen
701 2762 806 2802 non
827 2743 1154 2814 susceperit,
1183 2755 1357 2812 neque
1396 2739 1597 2796 coitum
1624 2736 1696 2791 sit
1723 2751 1820 2790 ex-

221 2851 439 2913 pertus,
467 2839 560 2895 sed
591 2840 793 2909 absque
822 2835 1073 2906 conjugio
1104 2833 1254 2887 illum
1286 2829 1576 2902 pepererit.
1603 2827 1669 2881 Et
1699 2841 1819 2880 rur-

221 2948 351 2997 sus,
402 2931 542 2985 Puer
591 2942 738 2984 natus
783 2937 856 2984 est
899 2926 1072 2990 nobis,
1126 2924 1265 2994 [ilius
1297 2931 1346 2976 et
1389 2920 1539 2973 datus
1569 2928 1640 2974 est
1679 2917 1820 2972 nobis

225 3023 430 3093 (Hesai.
462 3022 516 3078 9.
543 3021 625 3092 6),
679 3028 736 3076 et
755 3060 770 3087 ,
803 3018 1101 3091 Egredietur
1120 3016 1261 3086 virga
1287 3014 1350 3069 de
1373 3011 1546 3066 radice
1573 3009 1748 3073 Jesse,
1773 3019 1821 3063 ct

221 3115 319 3184 ﬂos
353 3114 417 3167 de
451 3114 622 3167 radice
649 3113 762 3178 eius
803 3110 1037 3165 ascendet
1065 3107 1216 3180 (Hes.
1248 3106 1336 3160 ll.
1371 3104 1440 3172 ι).
1489 3103 1559 3157 Et
1609 3100 1817 3156 Baruch

221 3207 362 3277 apud
382 3206 665 3261 Jeremiam
689 3223 704 3259 :
731 3203 830 3258 Hic
851 3201 989 3256 Deus
1007 3209 1198 3266 noster,
1216 3213 1317 3251 non
1332 3194 1666 3250 wstimabitur
1682 3193 1753 3247 ali
1759 3209 1817 3246 us

220 3309 411 3368 prater
440 3314 570 3352 eum.
603 3296 803 3351 Invenit
839 3309 1038 3350 omnem
1063 3292 1199 3346 viam
1224 3288 1544 3359 disciplinae,
1594 3295 1640 3340 et
1683 3284 1819 3338 dedit

220 3405 335 3444 eam
357 3387 520 3442 Jacob
545 3404 698 3458 puero
718 3402 833 3452 suo,
865 3395 913 3439 et
933 3382 1098 3438 Israel
1119 3383 1300 3436 dilecto
1325 3395 1436 3432 suo.
1465 3375 1591 3432 Post
1631 3377 1738 3430 haec
1765 3377 1816 3430 in

221 3482 372 3534 terris
399 3481 529 3534 visus
552 3488 624 3535 est
640 3520 655 3544 ,
681 3488 730 3534 et
755 3495 869 3531 cum
896 3475 1179 3530 hominibus
1201 3480 1522 3527 conversatus
1553 3478 1625 3523 est
1667 3467 1813 3541 (Bar.

221 3573 277 3629 3.
311 3571 528 3643 ὃσα-58).
577 3571 739 3626 David
765 3571 928 3626 etiam
952 3568 1239 3622 adventum
1269 3565 1384 3635 ejus
1407 3564 1459 3618 in
1489 3577 1652 3618 carne
1675 3577 1816 3631 prae-

221 3665 409 3720 dicans
431 3666 507 3718 ait
537 3683 550 3719 :
581 3663 858 3718 Descendet
897 3662 1025 3716 sicut
1073 3658 1244 3730 pluvia
1285 3657 1337 3709 in
1378 3655 1556 3718 vellus,
1601 3661 1645 3706 et
1687 3653 1815 3706 sicut

220 3754 540 3809 stillicidium
573 3752 774 3807 stillant
801 3766 952 3818 super
992 3758 1176 3803 terram
1217 3745 1390 3818 (Psal.
1437 3746 1526 3799 7|.
1565 3742 1656 3814 6),
1683 3757 1817 3812 quo-

221 3850 363 3904 niam
391 3848 592 3918 absque
611 3845 836 3915 strepitu
863 3846 914 3897 in
947 3841 1240 3912 virgineum
1269 3848 1477 3893 uterum
1509 3835 1680 3891 venit.

289 3963 345 4018 4.
383 3960 634 4024 Marcion,
662 3956 979 4020 Valentinus,
1022 3961 1068 4007 et
1101 3949 1413 4006 Maniclueus
1441 3944 1815 3999 Incarnatianis

219 4063 590 4126 Oppugnatores
605 4049 939 4122 refelluntur;
978 4045 1138 4098 altera
1175 4039 1306 4094 ratio
1343 4053 1432 4092 cur
1479 4034 1736 4126 passiones
1768 4041 1813 4086 et

218 4145 432 4213 alrectus
457 4143 686 4200 Christus
711 4141 762 4194 in
793 4155 846 4194 se
871 4131 1328 4206 susceperit—At
1355 4144 1460 4183 non
1491 4125 1815 4182 sull‘ecerunt

221 4237 334 4292 lucc
364 4235 701 4293 snlummodo
731 4232 810 4306 (a)
831 4274 846 4298 ,
882 4226 975 4285 Sed
1003 4236 1057 4282 et
1084 4242 1202 4283 cum
1231 4224 1557 4284 advenisset,
1590 4234 1659 4274 ne
1707 4235 1809 4288 pn-

220 4339 425 4384 taretur
449 4341 569 4383 esse
598 4325 910 4396 phantasma
935 4317 1077 4390 quod
1101 4315 1280 4381 ﬂebat,
1313 4329 1419 4368 non
1449 4320 1667 4381 aspectu
1696 4310 1812 4362 solo

219 4435 331 4473 rem
360 4417 672 4474 credibilem
704 4413 913 4478 reddit,
948 4407 1297 4465 verumetiam
1333 4405 1502 4458 inulto
1532 4412 1771 4471 tempore
1793 4441 1806 4463 ,

216 4499 468 4581 quodque
505 4523 602 4580 per
624 4507 855 4562 humana
886 4510 1074 4560 cuneta
1105 4497 1430 4554 transiverit.
1460 4495 1642 4564 Neque
1663 4494 1805 4548 enim

216 4614 435 4672 quoquo
461 4598 619 4654 modo
658 4598 709 4651 in
739 4595 1009 4650 hominem
1042 4589 1333 4662 perfectura:
1361 4597 1521 4655 atque
1565 4583 1807 4672 comple-

217 4698 330 4746 tum
362 4690 528 4754 venit,
558 4687 651 4744 sed
681 4688 734 4742 in
763 4695 972 4740 uterum
1019 4678 1237 4751 virginis
1265 4695 1279 4731 :
1303 4677 1380 4730 sic
1432 4682 1489 4728 ut
1538 4675 1695 4727 etiam
1755 4671 1806 4725 in

216 4782 371 4835 vulva
399 4788 724 4852 gestaretur,
771 4785 824 4831 et
855 4784 1065 4845 partum
1107 4770 1415 4831 sustineret,
1448 4774 1503 4820 et
1531 4763 1682 4818 lactis
1706 4762 1807 4815 ali-

219 4884 483 4939 mentum,
515 4883 569 4928 et
597 4871 1008 4931 incrementum,
1038 4880 1101 4920 ac
1131 4879 1226 4934 per
1254 4860 1508 4930 temporis
1534 4856 1806 4927 prolixita-

217 4972 348 5031 tem,
371 4963 717 5032 omniumque
743 4957 1107 5014 diversitatem
1137 4963 1375 5016 natatum,
1415 4949 1556 5020 quod
1583 4946 1807 5018 gereba-

217 5065 304 5112 tur
325 5054 582 5112 credibile
605 5053 870 5109 redderet.
896 5049 1032 5118 Quin
1056 5062 1120 5101 ne
1143 5045 1243 5099 hac
1263 5043 1474 5113 quidem
1497 5039 1809 5109 probatione

215 5156 504 5204 contentus
536 5145 655 5207 fuit,
682 5143 778 5199 sed
804 5151 859 5196 et
899 5154 1116 5195 carnem
1141 5133 1540 5195 circumferens,
1569 5147 1686 5187 eam
1718 5145 1810 5183 na-

217 5248 349 5293 tur-.e
382 5238 585 5308 perpeti
609 5235 926 5291 detrimenta
958 5229 1240 5301 permittit,
1264 5235 1318 5280 et
1346 5225 1550 5280 esurire
1576 5231 1632 5277 et
1659 5222 1809 5276 sitire

214 5340 267 5384 et
293 5329 533 5384 dormire
572 5337 629 5383 et
667 5325 870 5396 fatigari
903 5341 916 5378 :
944 5331 1213 5393 postremo
1268 5318 1426 5373 etiam
1473 5316 1538 5370 ad
1595 5329 1806 5369 crucem

217 5421 447 5477 veniens
481 5419 608 5474 sinit
650 5433 768 5471 eam
798 5429 918 5485 qua:
956 5411 1135 5469 carnis
1189 5417 1312 5464 sunt
1361 5407 1489 5476 pati.
1521 5406 1810 5476 I’rOpIerea

217 5526 455 5581 natnqne
483 5519 536 5566 et
557 5518 718 5580 guttai
740 5505 951 5561 sudoris
975 5519 1038 5558 es
1071 5501 1159 5556 illa
1188 5497 1468 5565 cadebant,
1500 5505 1556 5552 et
1587 5494 1811 5564 angelus

277 5690 354 5755 (a)
404 5689 610 5742 All‘ertur
632 5690 710 5741 hic
730 5687 868 5741 locus
893 5688 939 5737 in
964 5683 1139 5736 eodem
1161 5682 1370 5737 Concilio
1404 5687 1456 5730 \‘t
1487 5677 1810 5735 (I‘Cllmcnico.

1941 468 2043 514 est.
2068 459 2220 515 Prius
2243 460 2408 525 enim,
2441 476 2600 530 quam
2638 462 2752 517 haec
2799 463 3024 528 diceret,
3055 465 3126 518 ait
3155 481 3168 516 :
3209 466 3394 520 Anima
3420 485 3531 522 mea

1941 551 2140 604 turbata
2159 561 2252 616 est,
2283 561 2329 605 et
2357 553 2514 606 tristis
2539 561 2610 607 est
2643 571 2800 624 usque
2833 557 2900 608 ad
2930 569 3140 610 mortem
3170 561 3188 625 (
3216 557 3401 613 Matth.
3433 560 3528 615 26.

1941 641 2068 712 38).
2116 643 2170 696 Si
2199 644 2340 698 enim
2372 643 2457 698 bis
2483 646 2730 701 omnibus
2768 648 2954 716 gestis,
3001 649 3290 718 malignum
3319 666 3380 705 os
3406 651 3526 705 dia-

1938 733 2046 788 boli
2097 748 2193 804 per
2242 733 2565 789 Mareionem
2603 736 2903 804 Ponticum,
2958 747 3012 792 et
3059 737 3416 805 Valentinum,
3473 750 3527 796 et

1937 823 2286 879 Manichaeum
2308 825 2545 893 Persam,
2568 834 2622 880 et
2640 827 2773 880 alios
2787 828 2963 897 plures
2991 828 3256 884 lueresum
3277 841 3525 886 auctores

1937 929 2239 971 sermonem
2253 915 2321 971 de
2341 916 2737 986 dispensatione
2753 916 2827 990 (a)
2844 920 3032 988 potuit,
3049 929 3305 990 quantum
3325 922 3375 976 in
3395 923 3525 992 ipsis

1939 1013 2076 1072 erat,
2095 1004 2427 1072 subvertere,
2445 1017 2499 1061 et
2515 1007 2803 1062 satanicam
2823 1024 3005 1064 vocem
3017 1010 3213 1079 emisit,
3231 1021 3288 1066 ut
3302 1013 3522 1078 diceret,

1937 1110 2061 1150 eum
2095 1112 2268 1167 neque
2293 1099 2620 1154 incarnatum
2651 1115 2790 1167 esse,
2821 1116 2993 1171 neque
3019 1117 3233 1158 carnem
3260 1105 3522 1173 induisse,

1935 1187 2031 1242 sed
2062 1189 2292 1258 speciem
2326 1190 2375 1244 id
2406 1191 2687 1261 quamdam
2720 1191 2903 1260 fuisse,
2935 1193 3270 1263 phantasma,
3301 1198 3524 1252 simula-

1937 1278 2133 1334 tionem
2179 1296 2242 1336 ac
2272 1282 2490 1337 mimum
2524 1302 2537 1338 :
2569 1286 2776 1340 tametsi
2823 1286 3119 1354 passiones,
3165 1295 3221 1342 et
3267 1303 3433 1353 mors,
3468 1299 3523 1345 et

1934 1371 2257 1441 sepulcrum,
2294 1384 2347 1430 et
2397 1375 2562 1432 fatnes
2605 1379 2960 1434 reclamarent
3004 1397 3021 1436 :
3073 1382 3116 1435 si
3170 1381 3302 1437 nihil
3335 1386 3524 1438 horum

1933 1464 2263 1533 contigisset,
2285 1481 2461 1522 nonne
2485 1469 2651 1525 multo
2677 1471 2906 1541 amplius
2925 1472 3168 1529 diabolus
3196 1475 3310 1530 hrec
3337 1475 3522 1545 impie-

1935 1557 2055 1607 tatis
2107 1556 2332 1622 pessima
2383 1557 2627 1629 dogmata
2675 1561 3113 1619 disseminasset?
3161 1564 3522 1633 Quamobrem

1933 1646 2070 1698 sicut
2089 1648 2329 1711 esurivit,
2353 1650 2490 1704 sicut
2520 1651 2766 1721 fatigatus
2793 1663 2893 1718 est,
2927 1655 3065 1710 sicut
3091 1655 3360 1723 dormivit,
3385 1657 3522 1712 sicut

1933 1736 2291 1803 manducavit,
2324 1741 2460 1795 sicut
2502 1743 2650 1807 bibit,
2682 1745 2760 1799 sic
2807 1755 2860 1800 et
2905 1757 3130 1802 mortem
3185 1758 3413 1816 recusat,
3467 1749 3520 1805 id

1931 1826 2077 1895 quod
2115 1837 2196 1883 est
2249 1830 2535 1886 humanum
2586 1835 2894 1901 ostendens,
2940 1846 2995 1892 et
3035 1838 3392 1894 infirmitatem
3422 1855 3521 1893 na-

1931 1925 2086 1982 tura',
2110 1935 2228 1988 qua:
2256 1923 2410 1976 avelli
2439 1936 2498 1978 se
2533 1938 2562 1978 a
2594 1928 2840 1994 praesenti
2872 1927 2976 1982 vita
3023 1929 3140 1984 sine
3189 1929 3374 1984 dolore
3414 1945 3519 1986 non

1934 2009 2154 2078 patitur.
2182 2011 2312 2067 Nam
2339 2013 2383 2068 si
2407 2015 2536 2071 nihil
2556 2016 2742 2071 horum
2764 2017 3009 2086 dixisset,
3030 2022 3519 2090 potuissetdicere:

1930 2099 1984 2154 Si
2017 2101 2178 2156 homo
2203 2113 2335 2169 erat,
2365 2107 2648 2175 oportebat
2669 2123 2791 2163 eum
2821 2110 2930 2179 pati
2961 2126 3078 2181 qua:
3105 2111 3332 2167 hominis
3372 2123 3516 2168 sunt.

1931 2189 2185 2258 Quaenam
2210 2202 2386 2250 autem
2418 2195 2504 2250 illa
2530 2199 2692 2252 sunt?
2726 2197 2793 2254 Ut
2819 2199 3067 2255 nimirum
3089 2201 3177 2270 qui
3205 2202 3518 2273 cruciﬁgen-

1931 2278 2030 2333 dus
2056 2289 2195 2344 erat,
2227 2280 2542 2340 formidaret
2569 2295 2624 2341 et
2642 2288 2833 2342 anxius
2859 2296 3032 2356 esset,
3061 2305 3160 2346 nec
3189 2292 3304 2347 sine
3331 2292 3521 2348 dolore

1929 2383 1958 2422 a
1989 2372 2238 2440 praisenti
2273 2373 2380 2428 vita
2420 2376 2767 2444 avelleretur;
2797 2379 3057 2449 siquidem
3101 2381 3288 2436 insitus
3314 2393 3396 2437 est
3418 2399 3515 2437 na.

1931 2469 2064 2516 turae
2093 2477 2246 2518 amor
2291 2468 2632 2535 praesentium
2663 2484 2679 2522 :
2713 2480 2988 2539 propterea
3016 2486 3135 2526 cum
3167 2489 3351 2529 verum
3395 2489 3516 2530 esse

1929 2554 2106 2607 carnis
2156 2554 2524 2611 indumentum
2554 2559 2713 2614 vellet
2747 2560 3046 2628 ostendere,
3076 2577 3138 2618 ac
3157 2563 3515 2634 dispensatio-

1929 2660 2050 2698 nem
2075 2645 2383 2703 credibilem
2417 2648 2662 2716 reddere,
2693 2652 2855 2705 multa
2885 2667 3004 2706 cum
3050 2653 3509 2712 dentunstratione

1930 2736 2208 2804 passiones
2249 2738 2391 2808 ipsas
2418 2739 2586 2796 nudas
2613 2744 2907 2812 proposuit.
2932 2744 2997 2798 Et
3023 2748 3136 2799 hzt‘c
3173 2747 3387 2816 quidem
3414 2764 3514 2807 una

1927 2837 2007 2881 est
2034 2828 2168 2883 ratio
2196 2847 2210 2883 :
2242 2829 2336 2886 sed
2367 2838 2420 2886 et
2439 2831 2604 2886 altera
2621 2833 2863 2902 quaedam
2892 2846 2974 2890 est
2995 2836 3164 2892 nihilo
3187 2837 3285 2892 ista
3313 2838 3508 2894 minor.

1927 2915 2055 2974 llzee
2080 2935 2322 2990 quaenam
2369 2923 2489 2978 est?
2542 2924 2845 2980 Adveniens
2871 2925 3117 2982 Christus
3149 2945 3362 2984 omnem
3401 2933 3514 2987 virc

1929 3015 2094 3062 tutem
2141 3009 2386 3067 homines
2435 3012 2630 3069 docere
2659 3015 2906 3070 volebat:
2935 3026 2988 3071 at
3009 3017 3053 3071 is
3080 3019 3169 3088 qui
3219 3019 3376 3075 docet
3409 3037 3515 3076 non

1928 3097 2092 3152 verbo
2121 3099 2292 3154 solum
2345 3101 2439 3156 sed
2468 3103 2627 3157 etiam
2674 3119 2841 3174 opere
2894 3106 3104 3161 instruit
3135 3125 3148 3161 :
3178 3111 3292 3164 lure
3319 3112 3514 3182 quippe

1926 3187 2160 3244 doctoris
2189 3192 2389 3261 optima
2416 3203 2500 3248 est
2534 3193 2797 3249 doctrina.
2851 3197 3288 3269 Quandoquidem
3319 3204 3510 3273 guber-

1929 3291 2080 3335 nator
2125 3297 2337 3354 quoque
2379 3284 2503 3340 dum
2548 3286 2864 3357 discipulum
2901 3289 3144 3354 collocat,
3203 3308 3309 3362 quo
3361 3305 3515 3363 pacto

1925 3373 2129 3428 clavum
2171 3383 2380 3444 traCtet,
2419 3379 2675 3444 ostendit,
2729 3392 2776 3435 et
2803 3381 2958 3434 simul
2989 3382 3137 3452 operi
3169 3383 3389 3439 verbum
3416 3387 3501 3440 ad~

1919 3463 2113 3536 jungit,
2151 3476 2205 3522 et
2247 3483 2418 3539 neque
2446 3469 2679 3540 loquitur
2733 3472 3122 3540 tantummodo,
3177 3490 3346 3544 neque
3396 3484 3518 3530 tan-

1925 3559 2200 3613 tnnunodo
2224 3571 2475 3630 operatur
2509 3580 2522 3616 :
2555 3563 2666 3633 pari
2689 3564 2892 3619 ratione
2931 3579 3050 3618 eum
3083 3565 3313 3620 medium
3339 3564 3507 3622 addu-

1923 3650 1991 3704 cit
2036 3667 2180 3718 emn,
2211 3669 2367 3723 quem
2398 3654 2464 3709 ad
2495 3655 2874 3712 exstruendum
2915 3673 3123 3736 murum
3156 3659 3508 3715 instructurus

1923 3751 2007 3796 est
2057 3744 2401 3811 architectus,
2429 3745 2584 3801 docet
2635 3747 2780 3802 illum
2811 3762 2995 3818 Opere,
3029 3748 3184 3803 docet
3223 3758 3274 3804 et
3305 3751 3504 3806 verbo:

1923 3833 2169 3889 similiter
2188 3845 2242 3890 et
2271 3844 2446 3891 textor
2473 3846 2529 3892 et
2559 3839 2782 3910 phrygio
2824 3848 2878 3893 et
2907 3840 3022 3893 auri
3073 3838 3237 3906 lusor,
3261 3849 3315 3895 et
3359 3842 3507 3898 faber

1921 3926 2142 3981 aerarius
2171 3935 2225 3981 et
2245 3930 2420 3983 omnis
2445 3929 2657 3990 artifex,
2681 3945 2800 3984 cum
2830 3930 3008 3984 verbis
3032 3930 3206 3996 docet,
3240 3940 3349 3985 tum
3373 3947 3506 4002 ope-

1923 4017 2090 4072 ribus.
2117 4018 2342 4085 Quando
2372 4019 2530 4089 igitur
2555 4029 2608 4073 ct
2637 4018 2750 4088 ipse
2775 4033 2872 4073 nos
2898 4020 2964 4073 ad
3009 4033 3223 4075 omnem
3256 4023 3502 4077 virtutem

1921 4109 2274 4165 instructurus
2299 4109 2538 4177 advenit,
2589 4119 2866 4180 propterea
2893 4120 2947 4166 et
2973 4127 3092 4182 qua:
3120 4111 3355 4167 facienda
3383 4124 3506 4168 sunt

1920 4204 2069 4270 dicit,
2097 4214 2151 4259 et
2176 4204 2288 4274 ipse
2315 4203 2536 4274 peragit.
2570 4203 2670 4269 Qui
2708 4204 2840 4258 enim
2869 4205 3062 4273 fecerit,
3101 4205 3290 4276 inquit,
3342 4218 3386 4260 et
3413 4208 3506 4261 do-

1920 4298 2096 4364 euerit,
2129 4298 2209 4351 hic
2233 4312 2444 4368 magnus
2473 4297 2729 4350 vocabitur
2753 4297 2806 4350 in
2833 4314 2988 4369 regno
3016 4298 3253 4352 “clarum
3279 4298 3516 4374 (Matt/i.‘

1919 4390 1973 4446 5.
2001 4391 2066 4445 l9
2087 4390 2236 4459 ).Sie
2278 4399 2455 4444 autem
2487 4405 2600 4445 rem
2624 4389 2864 4458 expende
2896 4406 2909 4442 :
2934 4389 3160 4443 humiles
3185 4399 3239 4443 ut
3263 4404 3504 4446 essemus

1919 4496 1982 4536 ac
2011 4483 2167 4535 mites
2197 4483 2469 4551 praecepit,
2502 4488 2558 4535 et
2595 4479 2774 4535 verbis
2799 4479 2978 4534 docuit
3010 4497 3024 4533 :
3061 4479 3179 4534 vide
3220 4495 3326 4550 quo
3348 4492 3505 4548 pacto

1919 4581 1972 4626 ct
1998 4571 2159 4625 rebus
2190 4571 2316 4642 ipsis
2344 4571 2430 4625 illa
2477 4569 2737 4624 docuerit.
2765 4568 2899 4623 Cum
2925 4569 3064 4624 enim
3093 4569 3332 4635 dixisset,
3363 4569 3504 4626 Beati

1929 4673 2182 4728 pauperes
2208 4671 2421 4728 spiritu,
2456 4661 2764 4716 beatimites
2781 4655 3200 4729 (JIatt/l.?i.5.4).
3220 4680 3328 4734 quo
3349 4676 3506 4733 parto

1930 4747 2022 4802 illa
2062 4749 2369 4820 praestanda
2413 4751 2544 4815 sint,
2597 4752 2829 4808 indicat.
2870 4752 3119 4819 Quonam
3160 4770 3290 4824 ergo
3345 4769 3505 4826 pacto

1930 4839 2159 4896 docuit?
2189 4843 2326 4897 Cum
2364 4845 2667 4914 accepisset
2713 4847 2967 4907 linteum,
3005 4846 3290 4916 prmeinxit
3331 4864 3413 4915 se,
3447 4857 3502 4902 et

1931 4929 2064 4985 lavit
2088 4930 2251 5002 pedes
2281 4933 2674 5004 discipulorum
2699 4934 2884 5001 (Joan.
2907 4935 2992 4988 15.
3019 4934 3074 4989 4.
3105 4933 3178 5004 5).
3203 4935 3344 5000 Quid
3370 4953 3497 4992 eum

1917 5027 2015 5083 hac
2043 5025 2342 5081 humilitate
2383 5022 2610 5079 conferri
2639 5021 2852 5092 potest?
2877 5019 2991 5075 Non
3018 5020 3159 5075 enim
3182 5021 3291 5089 jam
3325 5022 3501 5075 verbis

1919 5129 2121 5175 tantum
2147 5117 2288 5173 illam
2313 5115 2488 5181 docet,
2510 5129 2694 5170 vemm
2725 5113 2883 5167 etiam
2909 5110 3178 5180 operibus.
3199 5110 3502 5164 Mansuetu-

1917 5214 2094 5269 dinem
2121 5225 2307 5266 rursus
2332 5216 2387 5264 ct
2419 5207 2726 5278 patientiam
2771 5204 2925 5260 docet
2957 5203 3225 5274 operibus.
3251 5201 3496 5268 Quonam

1917 5304 2110 5378 pacto?
2136 5304 2298 5373 Alapa
2322 5315 2609 5372 percussus
2632 5307 2714 5354 est
2739 5313 2768 5352 a
2799 5312 2955 5352 servo
3001 5294 3286 5366 pontificis,
3308 5303 3361 5347 et
3387 5295 3455 5347 ait
3478 5311 3492 5347 :

1921 5400 1982 5456 Si
2003 5397 2204 5470 quidem
2246 5395 2379 5449 male
2407 5395 2640 5463 loquutus
2670 5407 2800 5454 sum,
2844 5387 3179 5442 testimonium
3210 5386 3412 5456 perhibe
3439 5385 3499 5437 de

1918 5494 2053 5548 malo
2079 5508 2098 5546 :
2125 5491 2169 5547 si
2215 5499 2381 5544 autem
2408 5488 2547 5551 bene,
2573 5485 2696 5554 quid
2731 5497 2809 5536 me
2832 5482 2984 5535 cadis
3016 5479 3200 5552 (Joan.
3238 5478 3316 5532 18.
3351 5476 3499 5547 9.3)?

1983 5608 2057 5670 (a)
2089 5614 2158 5655 ne
2179 5599 2564 5670 tiispensatione.
2587 5597 2679 5646 hoc
2697 5599 2790 5670 est.
2894 5589 3245 5670 iaear‘riatioug.‘
3255 5600 3404 5670 :qnarn
3431 5592 3507 5642 vel

1921 5648 2289 5734 ηρξζιῖιὸἰῆζὲἶέι
2301 5648 2610 5724 prmpostcrc
2636 5673 2718 5722 ex;
2737 5655 2943 5705 litabant
2966 5651 3181 5702 haeretici
3198 5648 3290 5700 illi;
3555 5671 3568 5685 -
