4054 6216
514 187 586 244 59
1230 176 1286 233 S.
1325 172 1605 232 JOANNIS
1641 169 2116 229 CIIRYSOSTOMI
2155 169 2478 226 ARCHIEP.
2517 170 3052 229 CONSTANTINOP.
3727 175 3800 229 ιο

515 305 621 360 Pro
662 300 890 355 inimicis
919 309 1073 350 orare
1118 291 1405 362 prrecepit:
1439 303 1622 344 rursus
1650 287 1752 340 hoc
1778 287 1936 341 etiam
1976 300 2102 355 Ope-

514 395 661 448 ribus
687 391 844 446 docet
873 406 889 442 :
915 403 1035 442 cum
1065 386 1206 440 enim
1247 387 1301 437 in
1327 397 1539 436 crucem
1570 379 1920 442 ascendisset,
1942 377 2097 438 dixit,

518 485 693 549 Pater,
725 482 916 536 dimitte
936 481 1037 534 illis
1061 495 1194 542 ;non
1217 477 1348 530 enim
1369 476 1534 529 sciunt
1568 473 1691 544 quid
1720 470 1955 544 faciunl(
1971 469 2099 523 Luc.

511 575 602 629 2'5.
626 575 693 628 54
715 573 754 641 ).
778 571 848 627 Ut
878 571 1036 638 igitur
1065 567 1314 638 pra-cepit
1351 574 1409 619 ut
1428 577 1723 628 oraremus,
1772 563 1850 615 sic
1886 569 1942 615 et
1982 565 2105 614 orat

514 668 651 734 ipse,
692 672 852 732 teque
880 661 1037 716 docet
1061 673 1238 723 orare,
1276 673 1399 712 eum
1436 671 1534 710 nec
1565 655 1678 725 ipse
1704 651 2005 708 dimittendi
2035 652 2106 705 sit

513 765 776 827 pozestate
814 754 1118 808 destitutus.
1152 751 1414 820 Prcecepit
1453 763 1659 814 rursus,
1688 757 1744 801 nt
1782 748 1846 801 iis
1887 745 2104 816 quinos

512 849 744 904 oderunt
783 845 1239 908 benefaceremus,
1290 857 1352 896 ac
1391 841 1459 896 de
1506 841 1609 894 illis
1646 839 1735 910 qui
1765 853 1862 893 nos
1898 836 2103 892 calum-

515 941 731 996 niantur
765 939 900 992 bene
936 948 1267 990 mercrcmur
1300 930 1524 1002 (Matth.
1544 931 1596 985 5.
1622 931 1690 984 Η
1710 929 1768 998 )z
1798 928 1900 982 hoc
1923 934 2102 981 autem

512 1044 680 1099 opere
706 1029 822 1098 ipso
851 1024 1139 1094 complevit
1166 1041 1178 1074 :
1207 1023 1470 1092 siquidem
1498 1037 1563 1076 ex
1585 1019 1784 1074 JUdtBiS
1829 1019 2103 1072 dmmones

513 1119 738 1188 expulit,
769 1133 798 1170 a
831 1117 1022 1187 quibus
1047 1123 1329 1184 correptus
1358 1129 1388 1167 a
1419 1113 1664 1167 dtemone
1708 1110 2100 1181 appellabatur,

516 1216 899 1278 persequentes
944 1221 1004 1261 se
1051 1204 1329 1260 beneficiis
1389 1201 1730 1267 cumulabat,
1789 1200 2104 1254 insidiantes

513 1300 708 1363 alebat,
741 1297 1052 1367 cruciﬁgere
1080 1297 1321 1350 volentes
1363 1293 1428 1348 ad
1483 1307 1703 1363 regnum
1737 1305 1898 1345 manu
1935 1289 2099 1344 duce-

515 1393 624 1447 bat.
662 1392 868 1446 Rursus
911 1389 978 1444 ad
1024 1388 1316 1458 discipulos
1354 1387 1606 1441 dicebat:
1639 1383 1815 1438 Nolite
1851 1381 2106 1452 possidere

511 1499 718 1546 aurum,
772 1497 931 1550 neque
985 1488 1268 1550 argentum,
1335 1493 1494 1549 neque
1545 1476 1809 1548 pecuniam
1855 1474 1912 1526 in
1960 1472 2104 1525 sonis

513 1573 728 1644 κεινὴ(
746 1571 930 1626 Matth.
957 1572 1045 1626 10.
1074 1572 1146 1640 9)
1172 1611 1186 1635 ,
1218 1579 1276 1624 ut
1316 1569 1382 1623 ad
1413 1577 1780 1639 paupertatem
1813 1566 2059 1621 incitaret
2086 1581 2101 1620 :

514 1665 617 1720 hoc
666 1679 852 1718 rursus
896 1663 1146 1734 operibus
1195 1660 1439 1725 docebat,
1489 1675 1611 1713 cum
1652 1658 1723 1712 ita
1753 1659 2104 1727 loqueretur:

527 1758 712 1828 Vulpes
742 1761 910 1828 foveas
950 1756 1132 1808 habent
1155 1795 1171 1820 ,
1210 1765 1257 1807 et
1291 1753 1515 1806 volucres
1557 1749 1670 1804 creti
1717 1750 1863 1803 nidos
1889 1763 1908 1801 :
1938 1746 2106 1800 Filius

513 1861 682 1903 autem
719 1847 938 1902 hominis
965 1863 1066 1900 non
1117 1845 1262 1898 habet
1301 1844 1386 1896 ubi
1426 1851 1576 1912 caput
1627 1841 1832 1894 reclinet
1876 1836 2102 1909 (Matth.

513 1940 567 1996 8.
596 1940 705 2008 20)
741 1956 754 1992 :
780 1952 952 2007 neque
974 1951 1158 1990 mensa
1188 1935 1260 1988 illi
1283 1944 1420 1999 erat,
1451 1946 1557 1986 non
1580 1931 1792 1994 domus,
1825 1944 1930 1982 non
1960 1925 2104 1981 aliud

513 2032 803 2102 quid-luam
847 2027 1157 2098 ejusmodi:
1205 2040 1311 2080 non
1365 2023 1508 2094 quod
1557 2037 1756 2092 egenus
1808 2029 1972 2085 esset,
2010 2017 2106 2073 sed

514 2125 654 2191 quod
706 2123 950 2177 homines
995 2121 1062 2174 ad
1106 2119 1245 2174 hanc
1289 2115 1635 2172 insistendam
1678 2115 1819 2168 viam
1849 2112 2103 2167 erudiret.

515 2218 625 2272 llac
677 2217 923 2270 nimirum
975 2213 1182 2267 ratione
1222 2208 1450 2264 docebat
1494 2207 1614 2262 illos
1643 2220 1818 2260 orare.
1853 2203 2111 2258 Dicebant

517 2310 679 2378 igitur
725 2307 845 2360 illi:
895 2303 1037 2358 Doce
1085 2317 1176 2355 uos
1224 2314 1372 2355 orare
1406 2296 1570 2369 (Luc.
1620 2297 1708 2352 ll.
1767 2292 1857 2366 Ι).
1905 2293 2108 2348 Idcirco

517 2404 676 2455 etiam
724 2406 862 2462 orat,
895 2404 951 2448 ut
977 2404 1032 2450 et
1075 2392 1152 2447 illi
1190 2391 1396 2445 discant
1422 2403 1596 2443 orare.
1628 2385 1735 2442 Sed
1768 2401 1874 2440 non
1902 2393 2107 2439 tantum

516 2506 693 2556 orare,
721 2486 1091 2548 verumetiam,
1121 2497 1226 2553 quo
1248 2491 1402 2551 pacto
1422 2479 1682 2534 deberent
1701 2492 1877 2539 orare,
1901 2475 2108 2529 discere

518 2586 636 2638 illos
669 2579 940 2650 oportuit:
969 2584 1246 2646 propterea
1294 2585 1487 2640 nempe
1513 2567 1729 2622 tradidit
1752 2576 1805 2621 et
1859 2567 1962 2621 illis
1991 2579 2110 2620 ora-

519 2675 716 2726 tionem
748 2670 798 2721 in
829 2667 942 2721 ha-c
970 2665 1130 2718 verba
1159 2669 1470 2730 conceptam
1498 2675 1512 2712 :
1547 2657 1703 2711 Pater
1726 2665 1914 2720 noster,
1937 2655 2021 2725 qui
2057 2670 2111 2707 es

516 2770 569 2820 in
608 2763 762 2826 ctelis,
813 2758 1153 2826 sancti/iretur
1195 2769 1376 2808 nomen
1405 2760 1567 2805 tuum.
1615 2749 1859 2802 Adveniat
1899 2762 2110 2818 regnum

517 2872 678 2914 tuum.
709 2855 824 2910 Fiat
843 2853 1074 2907 uoluntas
1103 2859 1219 2912 tua,
1243 2847 1371 2901 sicut
1405 2846 1458 2898 in
1486 2843 1612 2897 ea’lo
1631 2852 1676 2896 et
1705 2842 1757 2894 in
1802 2850 1954 2894 terra.
1997 2837 2109 2891 Pa-

519 2969 630 3006 nem
653 2957 880 3002 nostrum
915 2941 1264 3014 quotidianum
1307 2937 1375 2991 da
1410 2935 1551 2990 nobis
1581 2934 1749 2990 hodie.
1800 2931 1866 2986 Et
1915 2931 2111 2988 dimitte

516 3042 659 3098 nobis
698 3038 864 3093 debita
901 3045 1094 3099 nostra,
1118 3033 1244 3086 sicut
1275 3039 1318 3084 et
1353 3047 1444 3083 nos
1481 3027 1780 3081 dimittimus
1801 3023 2111 3081 debitoribus

519 3134 728 3189 nostris.
757 3130 822 3184 Et
848 3146 909 3184 ne
939 3145 1028 3182 nos
1051 3126 1259 3180 inducas
1285 3124 1335 3176 in
1359 3121 1682 3177 tentationem
1705 3120 1723 3190 (
1755 3117 1836 3172 Ib.
1862 3135 1913 3176 υ,
1943 3120 2048 3177 2-}
2065 3119 2106 3190 ),

517 3231 618 3284 hoc
672 3237 793 3291 θυι,
847 3227 899 3280 in
955 3222 1268 3294 periculum,
1324 3219 1377 3274 in
1429 3215 1668 3272 insidias.
1696 3214 1921 3286 Quando
1951 3214 2110 3284 igitur

514 3334 671 3374 orare
711 3318 900 3388 jussit,
945 3313 1030 3368 Ne
1073 3329 1162 3366 nos
1202 3311 1414 3365 inducas
1464 3308 1516 3361 in
1573 3309 1918 3370 tentationcm,
1969 3304 2107 3359 istud

516 3414 691 3482 ipsum
721 3409 896 3478 reipsa
925 3407 1084 3461 docet
1123 3405 1243 3458 illos
1263 3443 1278 3467 ,
1308 3402 1434 3456 dum
1465 3399 1560 3468 ait,
1591 3400 1769 3466 Pater,
1807 3399 1848 3453 si
1874 3397 2110 3468 possibile

513 3513 607 3566 cst,
635 3509 856 3554 transeat
873 3515 904 3550 a
933 3513 1011 3550 me
1035 3497 1172 3548 calix
1198 3495 1310 3557 iste,
1340 3492 1469 3549 dum
1491 3507 1677 3548 omnes
1693 3500 1908 3544 sanctos
1927 3490 2104 3554 docet,

516 3608 584 3647 ne
606 3589 856 3660 periculis
873 3602 992 3641 sese
1016 3585 1289 3654 objiciaut,
1315 3599 1488 3654 neque
1516 3597 1575 3637 se
1597 3581 1898 3652 pratcipitcs
1924 3589 2102 3649 agant,

515 3683 609 3738 sed
637 3679 888 3735 iusultum
928 3678 1354 3733 adversariorum
1402 3681 1730 3744 exspectent,
1787 3687 2108 3740 omnemque

518 3772 882 3830 fortitudinem
913 3785 1023 3842 pne
1073 3785 1132 3825 se
1184 3768 1355 3824 ferant
1384 3783 1398 3820 :
1433 3781 1536 3820 non
1567 3775 1741 3819 tamen
1771 3773 1827 3818 ut
1854 3763 1952 3833 ipsi
1986 3778 2108 3832 pro-

515 3866 714 3931 siliant,
764 3877 929 3936 seque
981 3866 1186 3932 priores
1234 3859 1386 3914 malis
1431 3857 1702 3926 objiciant.
1735 3855 1871 3922 Quid
1905 3854 2007 3908 ita?
2041 3853 2108 3909 Ut

517 3957 768 4014 nimirum
791 3955 1142 4012 humilitatem
1166 3953 1375 4018 doceat,
1424 3960 1478 4006 ct
1504 3966 1652 4005 vanze
1675 3950 1858 4021 gloriae
1884 3949 2107 4004 crimine

515 4049 726 4108 liberet.
759 4049 926 4116 Quam
957 4047 1118 4102 etiam
1145 4045 1214 4099 ob
1233 4058 1445 4099 causam
1471 4043 1553 4096 hic
1577 4058 1808 4112 quoque,
1837 4041 1960 4096 dum
1993 4041 2107 4094 lucc

518 4143 747 4206 diceret,
799 4140 1002 4202 Abiens,
1057 4135 1411 4206 inquit,oravit
1463 4133 1681 4204 (Matth.
1731 4132 1822 4186 26.
1879 4131 2006 4200 39),
2053 4139 2106 4184 et

518 4241 799 4303 postquam
849 4239 1072 4292 orasset,
1105 4229 1174 4282 ita
1205 4227 1338 4280 dixit
1387 4225 1678 4294 discipulis,
1726 4223 1849 4277 Non
1877 4224 2106 4293 potuistis

513 4341 618 4382 Ino
639 4325 764 4377 liora
786 4323 992 4392 vigilare
1021 4320 1250 4373 meeum?
1289 4316 1521 4388 Vigilate,
1552 4327 1597 4370 et
1626 4325 1782 4381 orate,
1816 4331 1877 4369 ne
1910 4316 2107 4368 intretis

2209 284 2263 336 in
2297 284 2618 338 irritationem
2648 279 2767 355 (Ib.
2797 303 2845 340 υ.
2870 287 2959 340 40.
3000 287 3060 340 Η
3089 285 3128 354 ).
3163 285 3324 342 Vides
3359 294 3416 340 ut
3468 300 3574 340 non
3615 287 3795 342 solum

2210 384 2348 440 oret,
2397 376 2489 430 sed
2516 377 2674 430 etiam
2727 376 3048 431 admoneat?
3093 377 3321 446 Spiritus
3359 379 3495 433 enim
3534 391 3820 448 promptm~

2209 476 2304 529 est,
2351 467 2538 535 inquit,
2589 484 2706 521 caro
2754 477 2920 521 autem
2954 469 3159 536 inﬁrma
3188 465 3367 537 (Ibid.
3429 477 3476 520 ει.
3534 470 3799 540 ΔΙ).υοε

2207 563 2386 608 autem
2429 555 2658 622 dicebat,
2710 566 2766 610 ut
2794 573 2859 610 ex
2901 572 3085 610 eorum
3125 557 3300 611 anima
3350 557 3541 612 fastum
3584 574 3800 614 omnem

2207 647 2520 718 depelleret,
2553 659 2608 702 ut
2631 663 2726 704 eos
2753 651 2999 717 superbia
3032 650 3303 716 liberaret,
3351 649 3583 707 humiles
3611 653 3802 706 redde-

2207 749 2312 804 ret,
2344 755 2407 792 ac
2453 740 2724 794 modestos
2761 739 3016 795 efﬁceret.
3056 741 3210 808 Quod
3251 741 3414 811 igitur
3447 757 3542 796 eos
3595 745 3800 814 precari

2207 833 2404 888 docere
2432 833 2664 899 volebat,
2719 833 2821 888 hoc
2851 844 2905 889 et
2953 835 3067 904 ipse
3115 835 3430 904 precabatur
3470 835 3799 900 humanitus,

2208 940 2314 979 non
2345 925 2638 980 secundum
2664 925 2997 982 divinitatem
3028 926 3150 997 (est
3174 928 3316 982 enim
3337 929 3510 983 omnis
3536 932 3802 999 passionis

2201 1034 2399 1088 expers
2442 1019 2647 1074 Numen
2669 1022 2709 1090 ),
2741 1020 2836 1075 sed
2866 1021 3153 1076 secundum
3195 1022 3598 1078 humanitatem.
3630 1025 3802 1080 Porro

2209 1119 2267 1164 ut
2289 1125 2386 1165 nos
2418 1126 2574 1166 orare
2593 1111 2828 1178 doceret,
2861 1113 3066 1179 orabat,
3094 1123 3147 1168 et
3171 1127 3383 1184 semper
3397 1130 3640 1184 qua'rere
3667 1117 3803 1172 hbe.

2209 1201 2316 1254 rari
2370 1215 2401 1254 a
2447 1201 2638 1256 malis:
2667 1205 2807 1272 quod
2840 1203 2884 1257 si
2937 1203 3050 1258 fieri
3081 1214 3344 1273 nequeat,
3373 1220 3474 1270 eo,
3505 1206 3644 1274 quod
3690 1207 3804 1262 Deo

2207 1291 2380 1345 visum
2452 1292 2630 1359 fuerit,
2689 1303 2968 1349 contentos
3019 1309 3159 1350 esse.
3220 1295 3507 1366 Propterea
3556 1297 3799 1366 dicebat,

2223 1381 2574 1438 Verumtamen
2607 1401 2704 1438 non
2756 1387 2882 1438 sicut
2919 1403 3011 1456 ego
3047 1387 3181 1453 volo,
3221 1387 3310 1440 sed
3349 1389 3476 1442 sicut
3501 1397 3553 1441 tu
3579 1388 3799 1458 (Matth.

2208 1473 2300 1528 26.
2328 1475 2432 1543 59)
2462 1492 2475 1528 :
2505 1490 2609 1528 non
2633 1475 2775 1545 quod
2805 1476 2904 1529 alia
2945 1475 3191 1529 voluntas
3237 1476 3353 1546 ejus
3393 1487 3555 1541 esset,
3604 1488 3658 1533 et
3699 1479 3802 1537 alia

2210 1566 2416 1631 Patris;
2448 1565 2541 1622 sed
2573 1576 2629 1620 ut
2685 1567 2925 1622 homines
2973 1567 3214 1634 doceret,
3256 1570 3500 1638 quamvis
3553 1579 3802 1636 arstuent,

2209 1661 2450 1730 quamvis
2519 1668 2790 1725 tremant,
2859 1662 3103 1729 quamvis
3159 1660 3392 1729 pericula
3447 1661 3802 1728 immineant,

2210 1750 2454 1820 quamvis
2503 1749 2573 1805 ab
2617 1751 2718 1806 hac
2763 1751 2867 1804 vita
2912 1752 3080 1805 nolint
3125 1751 3304 1816 avelli,
3357 1752 3585 1822 propria:
3626 1761 3803 1811 tamen

2209 1842 2466 1896 voluntati
2521 1843 2612 1897 Dei
2683 1845 2933 1913 prmferre
2992 1843 3318 1898 voluntatem
3367 1859 3382 1895 :
3429 1842 3572 1914 quod
3624 1849 3806 1916 utique

2213 1935 2407 1990 Paulus
2464 1935 2686 1990 edoctus
2731 1949 2911 2004 agere,
2965 1943 3249 2003 utrumque
3295 1949 3461 2004 opere
3512 1938 3804 2007 praestitit:

2214 2039 2336 2078 nam
2366 2033 2420 2079 et
2467 2025 2784 2080 tentationes
2808 2041 2836 2078 a
2861 2041 2921 2080 se
2951 2025 3235 2094 postulavit
3282 2029 3538 2093 amoveri,
3569 2045 3688 2083 eum
3734 2031 3805 2088 ila

2211 2114 2417 2169 diceret
2447 2133 2460 2168 :
2488 2113 2705 2186 Propter
2746 2117 2883 2187 quod
2927 2127 3000 2170 ter
3029 2115 3308 2172 Dominum
3335 2122 3509 2191 rogavi
3552 2120 3639 2190 (2.
3683 2122 3803 2175 Cor.

2214 2204 2299 2257 12.
2325 2204 2396 2274 8)
2423 2220 2437 2257 :
2465 2213 2520 2259 et
2559 2205 2810 2275 quoniam
2862 2207 2972 2261 Deo
3001 2207 3172 2263 visum
3220 2224 3326 2263 non
3357 2219 3459 2275 est,
3493 2209 3682 2280 inquit,
3712 2210 3806 2264 Id-

2212 2300 2346 2353 circo
2371 2298 2570 2368 placide
2596 2302 2855 2370 acquieseo
2881 2301 2935 2358 in
2959 2303 3362 2371 inﬁrmitatibus,
3390 2307 3441 2358 in
3464 2307 3803 2371 contumeliis,

2212 2390 2264 2442 in
2309 2391 2773 2459 persequutt’onibus
2810 2390 2926 2465 (Ib.
2954 2411 3003 2449 υ.
3033 2395 3156 2466 10).
3189 2394 3350 2449 Forte
3373 2411 3503 2451 vero
3542 2412 3648 2451 non
3672 2400 3806 2453 satis

2213 2490 2454 2546 apertum
2476 2489 2577 2545 est,
2605 2484 2750 2554 quod
2769 2484 2962 2540 dicitur
2987 2503 3001 2538 :
3035 2486 3211 2556 itaque
3237 2486 3567 2541 manifestius
3597 2503 3625 2541 a
3650 2489 3806 2543 uoltis

2213 2568 2488 2622 reddetur.
2540 2569 2721 2629 Multis
2773 2574 3116 2631 obsidebatur
3165 2579 3414 2646 periculis
3460 2578 3695 2640 Paulus,
3749 2591 3806 2636 et

2212 2659 2420 2729 orabat,
2439 2676 2507 2718 ne
2523 2664 2773 2734 periculis
2789 2665 3128 2735 objiceretur.
3152 2667 3367 2721 Audivit
3393 2684 3519 2738 ergo
3534 2669 3803 2724 Christum

2211 2748 2476 2807 dicentem
2506 2771 2518 2806 :
2553 2753 2746 2824 Sit/ficit
2777 2756 2865 2808 tibi
2888 2757 3053 2826 gratia
3073 2773 3182 2810 mea
3205 2772 3224 2811 :
3259 2758 3414 2811 uirtus
3438 2759 3571 2814 enim
3617 2777 3726 2813 mea
3750 2761 3804 2815 in

2214 2839 2506 2912 inﬁrmitate
2555 2845 2816 2914 perﬁcitur
2862 2845 2980 2916 (Ib.
3031 2863 3077 2901 υ.
3125 2848 3218 2918 9).
3274 2849 3561 2920 Postquam
3611 2852 3803 2922 igitur,

2215 2951 2459 3006 qnzenam
2491 2945 2634 2992 esset
2663 2937 2755 2992 Dei
2787 2940 3047 3005 voluntas,
3073 2943 3309 3011 agnovit,
3337 2953 3447 2998 tum
3470 2945 3802 3001 voluntatem

2213 3042 2363 3083 suam
2381 3028 2634 3098 deinceps
2655 3029 2747 3084 Dei
2767 3031 3024 3086 voluntati
3042 3033 3286 3102 subjecit.
3320 3035 3444 3091 Ha'e
3469 3035 3624 3106 igitur
3654 3046 3803 3091 utra-

2213 3133 2317 3190 que
2334 3135 2428 3190 per
2447 3122 2740 3176 orationem
2769 3121 2922 3176 istam
2943 3122 3144 3190 docuit,
3174 3133 3229 3178 ut
3256 3141 3426 3195 neque
3440 3127 3688 3196 periculis
3705 3144 3802 3184 nos

2213 3210 2545 3279 objiciamus,
2571 3211 2665 3266 sed
2707 3219 2762 3268 et
2789 3227 3006 3268 oremus
3033 3230 3100 3269 ne
3137 3215 3188 3269 in
3232 3231 3296 3271 ca
3347 3217 3640 3271 incidamus
3673 3236 3686 3271 :
3718 3218 3802 3272 sin

2213 3312 2390 3354 autem
2441 3316 2539 3356 nos
2567 3301 2878 3368 invaserint,
2927 3319 2989 3358 ea
3025 3307 3288 3375 patienter
3316 3307 3565 3371 feramus,
3589 3324 3650 3362 ac
3680 3324 3803 3378 pro-

2214 3395 2346 3464 pria
2368 3395 2629 3448 voluntati
2659 3395 2751 3450 Dei
2776 3397 3099 3452 voluntatem
3133 3399 3495 3467 pra-feramus.
3527 3400 3658 3467 Quae
3678 3417 3800 3456 cum

2212 3487 2282 3541 ita
2334 3486 2488 3540 nobis
2536 3487 2806 3556 explorata
2862 3489 2988 3552 sint,
3028 3505 3258 3555 oremus,
3312 3499 3365 3542 ut
3419 3506 3709 3559 numquam
3749 3495 3801 3548 in

2215 3579 2560 3634 tentationcm
2594 3580 2892 3636 intremus:
2923 3582 3064 3652 quod
3116 3583 3160 3635 si
3215 3581 3534 3651 quandoque
3562 3583 3801 3640 intrave-

2212 3670 2400 3736 rimus,
2437 3671 2600 3725 Deum
2622 3687 2918 3741 precemur,
2950 3681 3010 3726 ut
3039 3672 3191 3726 nobis
3213 3673 3518 3740 patientiam
3554 3683 3608 3727 et
3651 3673 3801 3729 forti-

2215 3760 2449 3815 tudinem
2487 3762 2758 3832 largiatur.
2785 3762 3052 3832 ipsiusque
3081 3761 3402 3816 voluntatem
3433 3765 3578 3818 omni
3605 3773 3801 3818 nostra:

2212 3853 2468 3908 voluntati
2500 3855 2863 3924 prteferamus.
2907 3853 2996 3909 Sic
3041 3854 3183 3908 enim
3217 3854 3324 3919 fiet,
3358 3863 3417 3908 ut
3455 3855 3617 3909 vitam
3662 3872 3800 3925 pne-

2211 3956 2418 4002 sentem
2444 3961 2564 4001 cum
2605 3949 2889 4002 securitate
2916 3948 3291 4018 trausigamus,
3345 3955 3400 4001 et
3449 3945 3622 4001 futura
3664 3948 3798 4001 bona

2212 4052 2638 4108 consequamur:
2666 4054 2892 4107 quorum
2933 4053 3030 4092 nos
3049 4050 3322 4107 compotes
3355 4038 3467 4093 fieri
3507 4039 3797 4107 contingat,

2212 4129 2378 4199 gratia
2408 4140 2463 4184 et
2493 4129 2815 4198 benignitate
2844 4129 3050 4182 Domini
3091 4131 3254 4182 nostri
3281 4129 3404 4184 Jt-su
3431 4129 3648 4193 Christi,
3677 4143 3800 4182 cum

2211 4237 2317 4290 quo
2337 4221 2499 4286 Patri,
2517 4235 2617 4273 una
2635 4236 2756 4273 cum
2769 4219 2965 4288 Spiritu
2983 4230 3168 4274 sancto
3183 4221 3371 4290 gloria,
3388 4219 3689 4289 imperium,
3711 4221 3804 4272 ho-

2214 4327 2334 4378 nor,
2361 4327 2498 4367 nunc
2528 4321 2580 4365 et
2605 4327 2835 4381 semper,
2855 4320 2909 4365 et
2938 4310 2989 4364 in
3021 4313 3213 4366 sarcula
3236 4313 3572 4365 smculorum.
3605 4311 3798 4365 Amen.

543 4519 3770 4558 mw

1635 4801 1713 4866 IN
1755 4805 2178 4868 CONCIONEM
2226 4804 2677 4880 SEQUENTEM

617 5011 849 5068 ilomilia
881 5011 947 5067 tie
984 5010 1224 5085 Angusta
1259 5023 1412 5086 porta
1460 5022 1511 5071 et
1553 5012 1620 5071 de
1653 5011 1912 5070 Oratione
1953 5011 2226 5070 Dominiea
2271 5011 2470 5068 nullam
2521 5027 2630 5086 pne
2670 5026 2727 5071 sc
2768 5009 2875 5069 fert
2916 5021 3122 5081 noxam,
3153 5026 3212 5070 ex
3253 5027 3357 5084 qua
3395 5011 3475 5070 vel
3511 5019 3769 5086 lt‘mpOtls

543 5131 627 5189 cal
650 5133 835 5196 tulum,
871 5133 949 5187 vel
988 5133 1089 5187 loci
1123 5134 1175 5186 in
1207 5149 1314 5202 qtto
1348 5133 1525 5186 habita
1571 5144 1653 5188 est
1695 5143 2074 5202 argumentum
2101 5132 2300 5186 ducere
2351 5134 2642 5201 possimus.
2695 5133 2806 5187 lloc
2855 5149 3022 5186 unum
3059 5143 3208 5186 certo
3256 5133 3436 5186 dicere
3477 5134 3623 5194 licet,
3648 5150 3770 5188 eam

542 5243 934 5313 Chrysostomo
970 5245 1182 5312 dignam
1213 5261 1351 5306 esse,
1392 5245 1618 5316 ejusque
1645 5245 1766 5317 styli
1801 5255 2033 5300 tesseras
2074 5246 2125 5297 in
2157 5261 2219 5298 ca
2252 5262 2358 5298 non
2395 5247 2588 5300 dubias
2617 5248 2962 5315 deprehendi,
2990 5262 3147 5301 secus
3182 5263 3342 5316 quam
3375 5250 3633 5318 Opinatnr
3668 5246 3773 5299 lla-

545 5358 712 5413 |esius
741 5360 792 5412 in
820 5360 960 5413 notis
986 5357 1272 5414 Savilianis
1304 5375 1354 5429 p.
1389 5361 1512 5423 7‘23,
1545 5361 1634 5429 qui
1681 5361 2032 5429 pronuntiare
2071 5375 2236 5415 ausus
2274 5371 2394 5426 est,
2431 5371 2616 5416 contra
2661 5362 2908 5430 opusculi
2945 5360 3271 5431 γνησιότητα
3306 5377 3369 5414 ex
3408 5362 3530 5431 styli
3574 5376 3774 5432 genere

543 5475 831 5545 scrupulus
857 5473 1010 5529 oriri.
1045 5471 1152 5528 Nos
1179 5485 1365 5528 contra
1400 5490 1506 5528 non
1551 5474 1746 5544 styltnu
1785 5475 1946 5527 modo
1979 5475 2373 5545 Cln'ysostomi,
2407 5487 2591 5544 tropos
2615 5487 2668 5530 et
2699 5477 2890 5530 orandi
2929 5477 3148 5531 modum
3195 5477 3280 5532 hic
3317 5477 3645 5540 invenimus,
3677 5478 3771 5532 sed

540 5589 704 5644 etiam
737 5591 853 5645 loca
885 5591 1004 5646 aliis
1034 5591 1405 5661 Chrysoslomi
1441 5591 1600 5646 dictis
1627 5606 1886 5662 perquam
1920 5591 2157 5655 similia;
2189 5601 2246 5645 ut
2277 5600 2357 5646 est
2383 5592 2510 5646 illud
2542 5607 2689 5647 num.
2715 5593 2769 5660 2,
2801 5593 2890 5648 ubi
2927 5593 2993 5649 de
3029 5595 3273 5665 corporis
3310 5596 3529 5653 humani
3557 5599 3766 5653 consti-
