4054 6216
457 225 523 278 87)
1215 224 1254 282 S
1313 225 1591 284 JOANN'S
1625 225 2099 284 CllRYSOSTO)"
2138 226 2458 285 ARCIIIEP.
2499 228 3035 290 CONSTANTINOP.
3672 243 3740 294 α

452 339 721 403 ehritndu,
775 341 874 395 llos
928 340 1146 396 minimc
1197 339 1496 405 diuturnus,
1526 339 1617 409 qui
1653 339 1945 410 pauxillum
1977 339 2030 393 in

453 431 749 502 juventutis
781 447 906 487 vere
945 430 1118 495 ﬂoret,
1150 430 1246 486 sed
1301 430 1448 486 brevi
1499 431 1754 500 temporis
1808 431 2036 486 decursu

453 525 830 594 corrumpitur.
859 524 916 580 Si
943 524 1061 595 quis
1089 538 1214 578 vero
1244 521 1593 578 substantiam
1617 523 1731 594 ejus
1759 523 2039 592 explorare

454 616 602 679 vel-it,
633 625 759 670 tunc
792 616 940 670 illum
973 616 1139 686 magis
1168 613 1432 684 despuere
1469 615 1689 684 poterit.
1718 613 1861 667 Nihil
1893 614 2036 667 enim

451 707 595 763 aliud
643 717 747 773 est,
771 722 930 776 quam
971 707 1185 776 pituita,
1225 705 1442 776 sanguis
1481 713 1536 760 et
1587 703 1803 771 humor,
1829 704 2039 773 cibique

453 800 622 852 mansi
643 798 850 870 ehylus.
872 797 1006 851 lline
1033 796 1175 851 enim
1203 795 1366 861 oculi,
1397 808 1570 865 gente,
1595 809 1772 859 nares,
1797 793 2038 864 superci-

453 890 542 955 lia,
575 889 736 956 labia,
769 898 1046 958 totumque
1073 901 1270 958 corpus
1297 887 1546 956 irrigatur
1575 901 1590 940 :
1619 900 1738 955 qua:
1762 885 1806 940 si
1832 884 2040 939 desinat

451 980 710 1049 irrigatio,
744 981 829 1033 illa
875 977 1066 1033 format
1101 987 1353 1033 venustas
1400 990 1620 1046 prorsus
1663 976 1890 1031 desinet.
1922 975 2037 1030 N:;n

451 1073 794 1142 pecuniarum
841 1071 1138 1135 facultates,
1167 1086 1286 1142 qua:
1329 1083 1584 1140 aquarum
1633 1069 1801 1124 instar
1849 1067 2036 1122 ﬂuvia-

451 1163 580 1219 lium
622 1163 850 1219 inﬂnunt
879 1174 933 1219 et
965 1163 1226 1229 deﬂuunt,
1257 1172 1311 1219 et
1333 1178 1474 1218 nunc
1502 1161 1568 1217 ad
1597 1162 1774 1230 illum,
1803 1176 1946 1216 nunc
1971 1161 2037 1216 ad

453 1256 610 1311 alium
641 1257 974 1313 transiliunt:
999 1271 1117 1328 quae
1159 1269 1522 1326 possessorem
1565 1251 1794 1326 fugiunt,
1817 1263 1870 1310 et
1898 1253 2036 1324 apud

451 1362 509 1403 se
533 1347 811 1419 diligentes
829 1362 1046 1401 manere
1073 1353 1321 1401 recusant
1351 1362 1365 1398 :
1394 1344 1731 1400 insidiatores
1753 1358 1881 1399 vero
1902 1343 2040 1397 mul-

452 1450 533 1494 tos
562 1439 781 1503 habent,
814 1439 1002 1504 tineas,
1034 1437 1198 1502 fures,
1223 1436 1600 1507 schpliantas,
1633 1435 1896 1503 incendia,
1917 1451 2040 1490 nau-

451 1531 635 1602 fragia,
665 1532 924 1588 bellorum
954 1531 1221 1595 incursus,
1252 1529 1567 1600 populorum
1600 1529 1906 1595 seditiones,
1940 1528 2036 1584 do-

448 1623 789 1678 mesticorum
831 1622 1096 1693 nequitias
1118 1663 1133 1686 ,
1164 1620 1648 1692 chirograpltorum
1695 1620 2033 1685 amissiones,

448 1713 529 1769 vel
577 1713 878 1768 additiones
899 1754 912 1778 ,
946 1713 1347 1767 imminutiones
1381 1728 1395 1764 :
1423 1712 1634 1783 aliaque
1679 1712 1846 1767 multa
1867 1752 1882 1778 ,
1917 1727 2037 1783 qua:

449 1806 790 1877 pecuniarum
843 1813 1084 1859 amantes
1123 1803 1381 1858 invadunt
1421 1801 1767 1858 detrimenta.
1793 1801 1911 1859 Non
1950 1801 2036 1857 di-

445 1901 700 1970 gnitatum
729 1899 1039 1968 potentiam,
1071 1912 1193 1967 qua:
1219 1903 1273 1952 et
1300 1895 1411 1966 ipsa
1439 1895 1604 1950 multa
1652 1895 1793 1966 parit
1822 1895 2031 1951 incom-

447 1978 633 2054 moda,
684 1988 1098 2045 sollicitudinum
1149 1987 1348 2054 tabem,
1399 1986 1663 2041 insomnia
1709 1987 2030 2058 frequentia,

445 2081 742 2136 invidorum
778 2079 1016 2147 insidias,
1052 2079 1388 2134 inimicorum
1426 2077 1878 2147 machinamenta,
1906 2078 2034 2134 sub-

444 2175 618 2230 dolam
670 2174 941 2230 rhetorum
989 2173 1271 2244 argutiam,
1323 2188 1443 2244 quae
1494 2173 1810 2244 compositis
1853 2176 2033 2232 verbis

441 2269 720 2324 veritatem
768 2267 1151 2331 circumvenit,
1187 2264 1562 2336 iudicibusque
1612 2265 1742 2336 ipsis
1781 2281 2029 2337 magnum

443 2361 734 2430 periculum
776 2367 944 2414 creat.
991 2357 1126 2414 Sunt
1169 2358 1335 2424 enim,
1359 2365 1486 2411 sunt
1516 2353 1709 2412 rever!
1732 2357 2031 2429 multiloqni

444 2451 541 2504 viri
588 2450 764 2515 multi,
800 2458 854 2505 et
895 2447 1140 2502 futilibus
1184 2447 1426 2502 instructi
1475 2448 1686 2514 verbis,
1713 2449 1804 2518 qui
1835 2449 1949 2504 hate
1975 2459 2030 2505 et

439 2539 633 2594 similia
655 2554 685 2592 a
719 2539 828 2592 Deo
850 2539 1218 2592 universorum
1248 2536 1537 2606 postulant,
1567 2551 1882 2608 eorumque,
1909 2553 2028 2608 quae

439 2645 565 2685 vere
593 2638 716 2684 sunt
744 2628 904 2692 bona,
935 2627 1136 2682 nullam
1175 2627 1434 2682 rationem
1462 2625 1682 2682 habent.
1710 2627 1872 2696 Atqui
1908 2643 2025 2684 me-

439 2723 618 2780 dicum
663 2719 1180 2776 medicamentorum
1231 2733 1384 2774 usum
1423 2733 1530 2774 non
1569 2719 1754 2788 :egroti
1805 2719 2026 2788 docent,

436 2814 532 2870 sed
575 2815 650 2880 hi,
681 2811 1024 2884 quantumvis
1044 2810 1212 2865 durus
1259 2809 1623 2881 molestusque
1646 2811 1716 2866 sit
1735 2811 2028 2868 curationis

438 2906 648 2970 modus,
689 2919 807 2974 qua:
851 2902 918 2958 ab
969 2902 1062 2957 illo
1107 2900 1402 2957 offeruntur
1449 2904 1736 2958 sustinent.
1786 2902 2025 2974 Itemque

437 2997 848 3068 gubernatorem
878 3008 986 3047 non
1012 3002 1256 3048 vectores
1300 2991 1490 3063 jubent
1533 2991 1636 3048 hoc
1674 2993 1834 3050 illove
1862 2994 2025 3050 modo

439 3090 650 3146 clavum
683 3098 901 3156 tenere,
939 3095 994 3142 et
1037 3087 1211 3142 navim
1251 3087 1513 3158 dirigere;
1544 3086 1637 3143 sed
1684 3087 1738 3144 in
1775 3089 2022 3146 tabulatis

437 3183 719 3247 sedentes,
753 3181 895 3237 illius
945 3180 1183 3252 peritiae,
1225 3195 1330 3236 non
1387 3178 1549 3236 modo
1594 3181 1845 3238 secundis
1887 3198 2020 3239 ven-

441 3275 546 3341 tis,
602 3272 699 3328 sed
761 3272 923 3328 etiam
986 3280 1234 3328 extremo
1295 3271 1575 3344 ingruente
1626 3274 1864 3344 periculo
1902 3289 2024 3332 sese

435 3366 792 3422 committunt.
868 3364 970 3420 Uni
1031 3374 1236 3430 tantum
1310 3363 1453 3431 Deo,
1505 3364 1596 3434 qui
1669 3380 1789 3436 qua:
1867 3367 2022 3423 nobis

436 3460 581 3515 utilia
627 3467 1032 3529 apportunaque
1075 3466 1203 3510 sunt
1251 3463 1495 3510 accurate
1531 3456 1699 3520 novit,
1753 3457 1830 3512 illi
1884 3458 2022 3513 male

437 3549 611 3605 feriati
667 3547 911 3602 homines
964 3544 1160 3600 cedere
1225 3545 1511 3610 nesciunt,
1570 3545 1664 3599 sed
1719 3546 2020 3616 perniciosa

439 3641 588 3712 quasi
622 3638 770 3693 utilia
801 3635 1098 3708 postulant,
1124 3635 1343 3706 perinde
1386 3645 1544 3706 atque
1586 3646 1847 3707 mgrotus,
1869 3639 1959 3709 qui
1989 3655 2018 3694 a

437 3732 648 3788 medico
676 3731 836 3801 petit,
867 3745 974 3784 non
1028 3743 1090 3782 ea
1135 3743 1257 3798 qua:
1309 3728 1554 3784 morbum
1606 3729 1895 3800 depellant,
1924 3732 2018 3787 sed

435 3837 555 3892 qua:
603 3821 881 3876 materiam
933 3818 1075 3873 illam
1124 3817 1296 3873 morbi
1354 3828 1575 3873 matrem
1631 3819 1798 3874 alant.
1821 3821 2017 3876 Verum

436 3914 674 3969 medicus
711 3912 906 3967 inlirmi
934 3927 1124 3982 preces
1155 3925 1259 3966 non
1286 3910 1535 3978 admittit,
1565 3912 1658 3968 sed
1691 3915 1899 3970 etiamsi
1945 3915 2021 3970 la-

435 3991 761 4076 crymantem
798 4003 1265 4074 ingementemque
1318 4002 1515 4072 videat,
1553 4005 1684 4060 artis
1737 4007 2020 4078 praeceptis

435 4098 826 4170 obtemperabit
851 4097 1048 4169 potius,
1076 4113 1234 4167 quam
1265 4096 1409 4152 illius
1438 4096 1680 4154 flectatur
1721 4099 1970 4172 lacrymis
2001 4116 2016 4153 :

435 4198 657 4259 tumque
686 4187 879 4243 medici
907 4187 1392 4256 inobsequentiam,
1421 4203 1525 4240 non
1553 4187 2015 4256 inlnnnanitatem,

436 4279 530 4337 sed
587 4277 971 4334 humanitatem
1017 4291 1294 4331 vocamus.
1327 4277 1525 4332 Contra
1574 4293 1704 4332 vero
1741 4279 1785 4333 si
1816 4290 2019 4350 aegroto

436 4385 640 4427 morem
669 4375 840 4440 gerat,
856 4367 1081 4440 ejusque
1100 4366 1356 4438 voluptati
1388 4365 1734 4438 obsequatur,
1754 4367 2020 4426 hostiliter

433 4478 556 4520 cum
593 4462 686 4519 illo
723 4461 861 4533 agit;
886 4460 968 4516 sin
996 4459 1278 4526 renitatur,
1305 4459 1526 4530 ejusque
1547 4459 1889 4529 cupiditatem
1917 4477 2018 4532 0p-

437 4561 660 4624 pugnet,
696 4549 1060 4608 misericordia
1079 4559 1238 4621 atque
1263 4549 1546 4605 clementia
1576 4548 1758 4605 utitur.
1789 4550 1878 4606 Sic
1903 4554 2018 4608 ani-

436 4661 642 4700 marum
683 4655 982 4699 nostrarum
1012 4643 1283 4711 Medicus,
1312 4658 1430 4713 qua-
1482 4640 1643 4696 noxia
1681 4641 1854 4699 futura
1893 4654 2020 4700 sunt

436 4733 739 4807 petentibus
762 4749 1052 4804 numquam
1078 4732 1304 4789 dederit.
1330 4733 1510 4804 Neque
1531 4733 1672 4788 enim
1692 4745 1872 4804 patres
1895 4748 2018 4804 pro-

440 4830 504 4885 lis
547 4836 790 4883 amantes
819 4825 942 4881 filiis
978 4824 1154 4880 adhuc
1205 4825 1411 4881 tenellis
1453 4824 1659 4895 gladios
1699 4834 1791 4881 aut
1825 4825 2017 4897 ignitus

432 4919 696 4975 carbones
735 4916 1037 4987 petentibus
1058 4957 1072 4981 ,
1103 4931 1351 4986 umquam
1393 4916 1730 4986 porrexerint
1772 4933 1786 4970 :
1821 4924 2018 4971 norunt

433 5013 582 5069 enim
631 5012 745 5066 lucc
795 5010 994 5065 damno
1041 5007 1216 5063 futura
1270 5022 1391 5064 esse
1439 5007 1484 5063 si
1513 5008 1742 5063 dentur:
1775 5007 2016 5063 nonnulli

431 5122 558 5162 vero
604 5107 656 5162 in
711 5112 1006 5160 extremm
1053 5101 1286 5172 prolapsi
1336 5099 1680 5163 dementiam,
1714 5114 1818 5154 non
1857 5099 2018 5154 modo

429 5197 672 5268 corporis
700 5192 1170 5267 pulchritudinem,
1198 5191 1428 5257 divitias,
1463 5193 1752 5262 potentiam
1783 5200 2012 5246 caetera-

429 5304 532 5359 que
569 5287 622 5342 id
670 5302 838 5358 genus
879 5285 946 5341 ab
999 5284 1366 5340 universorum
1416 5283 1525 5338 Deo
1581 5283 1878 5353 postulant;
1920 5282 2015 5340 sed

431 5380 592 5433 etiam
614 5376 843 5432 inimicis
872 5377 983 5431 suis
1011 5377 1392 5446 imprecantur,
1422 5375 1669 5444 ipsosque
1693 5375 1866 5444 poenis
1888 5390 2016 5442 snp-

432 5468 701 5538 plieioque
725 5466 865 5524 affici
895 5477 1116 5538 rogant:
1143 5476 1194 5521 et
1223 5481 1381 5538 quem
1419 5465 1517 5519 sibi
1555 5465 1840 5536 propitium
1868 5463 2018 5518 beni-

431 5576 703 5630 gnumqne
733 5575 852 5616 esse
893 5568 1198 5632 precantur,
1231 5559 1461 5614 inimicis
1483 5558 1739 5612 immitem
1769 5556 2016 5611 inhuma-

435 5668 668 5726 numque
697 5668 818 5710 esse
857 5662 1157 5725 peroptant.
1187 5651 1318 5720 Qua
1344 5653 1521 5707 omnia
1549 5650 1809 5706 Dominus
1845 5649 2015 5720 repri-

2154 355 2300 396 mcrc
2345 355 2760 412 prmoceupans,
2813 345 3205 416 multiloquium
3251 353 3431 411 vetat,
3474 346 3739 419 docetque

2149 431 2276 501 quid
2307 431 2377 486 sit
2419 431 2472 486 in
2514 433 2758 486 oratione
2798 431 3082 489 dicendum
3118 454 3131 489 :
3161 449 3226 489 ac
3251 438 3435 506 paucis
3459 439 3637 495 verbis
3664 441 3733 494 ad

2144 537 2358 578 onmem
2414 522 2660 578 virtutem
2710 524 2990 579 instituit:
3033 527 3121 580 illa
3161 528 3358 599 quippe
3411 529 3575 586 verba
3625 548 3732 588 non

2146 612 2306 668 modo
2361 612 2606 668 doctrina
2660 615 2725 668 ad
2777 615 3103 684 precandum
3146 628 3290 684 sunt,
3322 621 3416 676 sed
3461 622 3620 678 etiam
3667 625 3734 680 ad

2144 704 2434 773 perfectam
2459 705 2622 760 vitam
2647 705 2930 761 institutio.

2215 797 2268 850 '5.
2302 794 2480 852 Oratio
2515 795 2769 850 dominica
2791 798 2998 868 ejusque
3025 800 3338 870 explanatio.
3367 833 3439 843 —
3475 803 3733 871 Qumnam

2143 895 2319 942 autem
2348 887 2432 941 illa
2465 887 2594 954 sint,
2625 897 2679 943 et
2708 887 2828 958 quis
2857 903 3048 944 eorum
3079 907 3293 960 sensus,
3319 893 3732 965 diligentissime

2119 978 2510 1048 exquiramus,
2539 993 2709 1048 eaque
2735 988 3008 1050 tamquam
3034 981 3246 1038 divinas
3271 984 3417 1054 leges
3441 1001 3546 1042 non
3571 987 3700 1042 dubi
3716 1019 3732 1030 -

2145 1075 2320 1122 tanter
2367 1067 2720 1124 observemus
2759 1087 2772 1122 :
2811 1069 2971 1125 Pater
3013 1084 3202 1140 noster,
3260 1076 3348 1143 qui
3396 1093 3450 1130 es
3498 1079 3552 1132 in
3593 1081 3732 1134 cretis

2144 1159 2357 1229 (Matth.
2389 1159 2443 1215 6.
2475 1160 2529 1215 9.
2560 1161 2718 1232 sqq.).
2752 1161 2799 1216 0
2826 1171 3079 1232 quantam
3121 1178 3246 1235 erga
3292 1165 3540 1224 homines
3575 1168 3732 1224 beni-

2142 1253 2396 1322 gnitatem
2419 1253 2431 1306 l
2463 1267 2497 1308 ο
2519 1263 2771 1324 quautam
2792 1254 3068 1325 dignitatis
3089 1258 3490 1316 excellentiam!
3525 1261 3722 1334 Ecquis

2143 1358 2321 1398 sermo
2359 1345 2462 1398 erit
2505 1343 2570 1399 ad
2620 1345 2817 1415 gratias
2865 1354 3135 1401 tantorum
3187 1347 3449 1405 bonorum
3494 1351 3727 1424 largitori

2141 1433 2378 1504 agendas
2417 1434 2588 1489 satis?
2618 1435 2931 1506 Perpende,
2963 1437 3192 1505 dilecte,
3221 1448 3326 1495 tua:
3361 1457 3600 1514 meaeque
3635 1461 3730 1500 na-

2145 1537 2274 1582 turae
2301 1527 2553 1583 vilitatem
2584 1544 2598 1580 :
2629 1537 2870 1585 scrutare
2902 1531 3276 1601 cognationem
3300 1573 3316 1600 ,
3349 1543 3578 1601 terram,
3613 1540 3727 1607 pul-

2142 1633 2322 1672 verem
2343 1659 2358 1682 ,
2387 1617 2556 1672 lutum
2578 1660 2594 1684 ,
2637 1619 2860 1674 laterem
2882 1660 2898 1687 ,
2935 1621 3172 1677 cinerem
3196 1637 3212 1674 :
3241 1638 3273 1678 e
3317 1633 3456 1680 terra
3499 1641 3738 1696 namque

2139 1708 2322 1774 efficti,
2355 1709 2408 1763 in
2439 1716 2637 1764 terram
2680 1709 2896 1765 domum
2928 1711 3264 1768 resolvimur.
3294 1713 3389 1770 His
3429 1719 3725 1787 perpensis,

2141 1801 2512 1858 inscrutabiles
2531 1801 2724 1857 divina:
2739 1817 2864 1874 erga
2886 1819 2984 1860 nos
3011 1805 3349 1876 benignitatis
3368 1807 3581 1864 divitias
3599 1824 3722 1866 cum

2138 1901 2358 1961 stupore
2380 1891 2660 1946 considera
2692 1909 2706 1946 :
2739 1893 2882 1962 quod
2912 1893 3123 1950 Patrem
3147 1895 3296 1950 illum
3328 1912 3521 1954 vocare
3542 1898 3724 1968 jussus

2137 1985 2232 2052 sis,
2270 1993 2516 2040 terrenus
2558 1983 2864 2052 cmlestem,
2897 1986 3140 2041 mortalis
3187 1987 3564 2057 immortalem,
3605 2005 3725 2046 cor-

2138 2075 2402 2145 ruptibilis
2447 2074 2947 2146 incorruptibilem,
3006 2086 3386 2146 tcmporaneus
3438 2088 3721 2147 tcternnm,

2137 2167 2225 2236 qui
2257 2165 2372 2222 heri
2394 2175 2484 2220 aut
2518 2181 2689 2235 nuper
2714 2166 2883 2221 lutum
2925 2181 3066 2234 eras,
3100 2183 3222 2223 eum
3260 2169 3350 2239 qni
3379 2179 3502 2226 ante
3527 2172 3724 2229 sarcula

2139 2257 2284 2312 Deus
2308 2265 2443 2312 erat.
2474 2255 2722 2312 Profecto
2742 2271 2848 2312 non
2881 2257 2948 2312 ad
2980 2258 3125 2313 illam
3153 2257 3348 2314 frustra
3373 2260 3721 2317 emittendam

2136 2363 2321 2405 vocem
2348 2349 2570 2406 edoctus
2590 2364 2650 2405 es
2681 2365 2697 2415 ;
2734 2351 2829 2405 sed
2861 2359 2918 2405 ut
2939 2351 3007 2406 ad
3037 2351 3204 2418 illam,
3233 2367 3393 2422 quam
3423 2353 3600 2423 lingua
3633 2366 3721 2410 tua

2136 2442 2379 2511 protulit,
2408 2442 2581 2498 Patris
2605 2442 3042 2513 appellationem,
3073 2445 3370 2499 reverentia
3397 2454 3718 2512 commotus,

2133 2535 2250 2604 ejus
2274 2535 2656 2605 benignitatem
2696 2535 2960 2589 imiteris:
2983 2535 3430 2604 quemadmodum
3475 2538 3602 2593 alibi
3633 2538 3721 2592 di-

2131 2625 2205 2680 cit
2231 2642 2244 2678 :
2273 2625 2449 2680 Estote
2488 2625 2676 2680 similes
2723 2623 2900 2680 Patris
2940 2627 3121 2690 vestri,
3149 2627 3236 2696 qui
3274 2629 3326 2680 in
3355 2629 3490 2682 ctelis
3514 2639 3606 2691 est,
3632 2631 3719 2697 qui

2131 2715 2288 2769 solent
2308 2731 2454 2769 suum
2480 2715 2602 2769 oriri
2622 2717 2747 2787 facit
2771 2732 2922 2784 super
2942 2717 3102 2770 malos
3126 2725 3174 2770 et
3195 2717 3372 2785 bonos,
3402 2729 3448 2772 et
3473 2720 3603 2788 pluit
3628 2736 3718 2773 stt-

2131 2822 2221 2877 per
2235 2807 2404 2875 justas
2442 2816 2488 2861 et
2527 2809 2746 2878 injustas
2798 2807 3010 2879 (lauit.
3043 2809 3098 2864 5.
3126 2809 3244 2879 45).
3271 2810 3392 2865 Non
3422 2821 3595 2880 potest
3621 2813 3719 2866 be-

2131 2899 2349 2968 nignum
2402 2898 2568 2954 Deum
2606 2898 2819 2954 Patrem
2857 2900 3129 2970 appellare
3167 2902 3408 2973 quisquis
3446 2913 3528 2957 est
3553 2905 3716 2960 feroci

2129 2986 2424 3058 immitique
2443 2989 2624 3044 animo
2643 3006 2656 3042 :
2675 3003 2849 3060 neque
2865 2990 3007 3045 enim
3023 2999 3206 3046 servat
3221 2989 3338 3047 illas
3353 2993 3713 3063 benignitatis,

2127 3095 2246 3152 quae
2271 3080 2323 3135 in
2353 3080 2549 3137 caelesti
2577 3081 2734 3138 Patre
2761 3090 2864 3149 est,
2897 3090 3150 3150 tesseras,
3178 3083 3274 3140 sed
3305 3084 3357 3138 in
3392 3084 3613 3140 ferinam
3644 3099 3708 3141 se

2127 3173 2360 3244 speciem
2405 3175 2805 3240 transmutavit,
2831 3183 2994 3245 atque
3036 3190 3067 3230 a
3100 3176 3277 3231 divina
3321 3177 3412 3232 illa
3442 3177 3716 3233 nobilitate

2127 3263 2344 3332 excidit,
2370 3263 2666 3320 secundum
2684 3263 2812 3319 illud
2841 3265 3005 3320 David
3032 3265 3233 3321 dictum
3269 3284 3282 3320 :
3318 3266 3488 3321 Homo
3524 3283 3638 3321 cant
3657 3268 3712 3321 in

2127 3356 2322 3411 honore
2356 3365 2500 3422 esset,
2533 3372 2633 3410 non
2675 3355 2923 3410 intellexit
2950 3373 2969 3411 :
2997 3367 3317 3427 comparatus
3366 3367 3438 3413 est
3469 3359 3716 3429 jumentis

2125 3446 2479 3518 insipientibus
2497 3487 2514 3513 ,
2542 3455 2589 3499 et
2634 3445 2820 3500 similis
2856 3446 3022 3515 [actus
3051 3456 3123 3500 est
3161 3447 3264 3500 illis
3287 3447 3458 3516 (Psal.
3483 3448 3572 3512 ιε,
3595 3449 3712 3517 Ἥ).

2127 3537 2337 3592 Etenim
2367 3536 2456 3607 qni
2487 3545 2543 3590 ut
2567 3545 2750 3591 taurus
2780 3535 2943 3591 insilit
2969 3543 3024 3590 et
3044 3535 3264 3598 invadit,
3288 3537 3542 3590 utasinus
3563 3539 3716 3593 calce

2127 3628 2267 3694 ferit,
2303 3636 2361 3683 ut
2385 3628 2621 3684 camelos
2651 3628 2859 3699 injuria:
2886 3627 3146 3694 meminit,
3176 3634 3233 3681 ut
3267 3640 3426 3681 ursus
3454 3635 3630 3693 vorat,
3655 3640 3718 3684 ut

2129 3721 2284 3790 lupus
2319 3721 2494 3790 rapit,
2525 3729 2581 3776 ut
2609 3721 2852 3791 scorpius
2891 3718 3094 3789 pungit,
3123 3717 3348 3773 subdole
3372 3719 3480 3788 agit
3503 3727 3560 3772 ut
3588 3719 3714 3772 vul-

2125 3825 2239 3881 pes,
2273 3811 2445 3866 binnit
2468 3811 2533 3865 ad
2556 3811 2783 3866 feminas
2803 3812 2972 3865 instar
3005 3810 3127 3880 equi
3153 3809 3438 3876 emissarii,
3467 3809 3556 3880 qni
3586 3824 3710 3878 pos-

2125 3903 2196 3958 sit
2240 3904 2452 3974 dlgnam
2498 3902 2608 3958 lilio
2647 3918 2834 3960 vocem
2879 3903 3157 3969 emittere,
3187 3903 3506 3972 Patremque
3542 3903 3712 3958 Deum

2126 3998 2488 4067 compellare?
2513 3997 2679 4067 Quem
2716 3999 2858 4054 hunc
2901 3998 3060 4070 igitur
3086 3998 3378 4054 vocemus?
3412 3997 3710 4053 Feranme?

2128 4091 2194 4144 At
2219 4089 2348 4144 fera:
2378 4105 2486 4144 uno
2536 4104 2600 4144 ex
2640 4092 2970 4144 enumeratis
3002 4089 3134 4143 vitio
3173 4089 3439 4157 laborant,
3467 4088 3554 4143 hic
3582 4104 3711 4144 vero

2126 4181 2303 4235 omnia
2335 4179 2495 4235 simul
2520 4179 2880 4248 complectens
2898 4220 2913 4246 ,
2945 4179 3155 4236 feritate
3184 4181 3420 4250 ipsarum
3444 4179 3712 4236 elferatior

2127 4279 2226 4327 est.
2257 4270 2456 4340 Ecquid
2479 4269 2600 4324 dico
2629 4269 2842 4324 feram?
2871 4269 2982 4324 fera
3013 4273 3201 4341 quavis
3223 4272 3462 4327 deterior
3487 4272 3575 4327 ille
3603 4281 3710 4328 est.

2126 4363 2335 4419 Etenim
2374 4362 2497 4418 fera:
2532 4363 2656 4418 licet
2690 4371 2877 4418 natura
2918 4376 3012 4418 sua
3052 4363 3286 4419 immites
3317 4365 3444 4432 sint,
3476 4364 3711 4419 humana

2128 4465 2302 4512 tamen
2339 4464 2454 4511 arte
2496 4455 2706 4512 cicures
2753 4455 2888 4511 liunt
2929 4465 2984 4510 et
3027 4467 3443 4512 mansuescunt:
3474 4457 3561 4512 hic
3582 4473 3713 4513 vero

2127 4547 2309 4613 homo,
2337 4548 2427 4618 qui
2455 4548 2667 4603 insitam
2692 4548 2796 4603 illis
2820 4564 2850 4603 a
2877 4558 3065 4602 natura
3093 4549 3356 4605 feritatem
3386 4550 3438 4605 in
3471 4565 3713 4606 mansne

2125 4641 2385 4708 tudinem,
2409 4658 2530 4713 qua:
2553 4652 2738 4698 contra
2764 4643 2974 4697 illarum
3003 4651 3248 4697 naturam
3271 4653 3376 4710 est,
3394 4653 3709 4710 commutat,

2123 4750 2282 4805 quam
2304 4736 2701 4792 excusationem
2725 4735 2958 4802 habebit,
2981 4735 3071 4805 qui
3089 4735 3310 4791 inditam
3334 4737 3432 4792 sibi
3458 4751 3487 4791 a
3519 4745 3710 4793 natura

2125 4827 2588 4882 mansuetudinem
2614 4827 2666 4881 in
2698 4826 2961 4881 feritatem
2995 4835 3200 4882 natura:
3240 4844 3350 4883 suae
3376 4829 3706 4884 contrariam

2125 4919 2409 4985 convertit,
2443 4928 2496 4972 et
2523 4917 2665 4989 quod
2695 4926 2810 4972 erat
2839 4927 3028 4974 natura
3064 4917 3234 4973 ferum
3254 4962 3268 4982 ,
3295 4921 3426 4975 mite
3452 4919 3712 4989 reddidit,

2125 5021 2184 5063 se
2222 5023 2350 5062 vero
2384 5018 2570 5061 natura
2611 5008 2819 5075 mitem,
2848 5007 3018 5063 ferum
3049 5007 3264 5063 etfecit?
3294 5019 3347 5064 et
3375 5009 3467 5082 qui
3499 5009 3714 5067 leonem

2127 5098 2333 5168 mitigat
2361 5097 2802 5169 tractabilemun
2832 5097 2979 5166 facit,
3019 5100 3151 5154 iram
3175 5114 3325 5155 suam
3357 5101 3515 5156 lenne
3539 5101 3716 5157 reddit

2127 5190 2640 5246 intractabiliorem?
2663 5193 2730 5245 At
2758 5196 2810 5245 in
2834 5191 2988 5246 leone
3015 5190 3123 5246 duo
3151 5202 3274 5247 sunt
3307 5192 3712 5263 impedimenta,

2125 5283 2265 5353 quod
2313 5283 2356 5336 is
2403 5283 2608 5336 ratione
2633 5292 2832 5346 careat,
2864 5292 2918 5336 et
2943 5282 3085 5352 quod
3122 5292 3442 5338 cacterorum
3473 5284 3714 5339 omnium

2127 5373 2194 5426 sit
2226 5373 2589 5428 ferocissinms
2618 5391 2631 5427 :
2663 5383 2718 5428 et
2744 5383 2921 5428 tamen
2960 5389 3056 5444 per
3083 5375 3340 5430 divinitus
3371 5375 3592 5430 inditam
3623 5387 3715 5427 sa-

2129 5465 2380 5535 pientiam
2415 5465 2639 5522 ferinam
2677 5467 2818 5522 illam
2854 5475 3073 5537 superat
3114 5475 3394 5534 naturam;
3426 5483 3612 5524 verum
3643 5468 3714 5537 is,

2126 5559 2216 5629 qui
2266 5559 2319 5614 in
2355 5559 2482 5615 feris
2532 5568 2775 5615 naturam
2821 5560 3024 5627 vineit,
3055 5561 3107 5615 in
3148 5561 3325 5631 seipse
3351 5573 3404 5617 et
3436 5572 3639 5618 natura
3663 5573 3713 5614 et

2130 5652 2384 5721 prOpositi
2435 5650 2715 5707 voluntarii
2759 5652 2953 5706 bonum
2990 5651 3164 5723 perdit
3197 5669 3208 5707 :
3239 5655 3470 5726 dumque
3501 5658 3716 5714 tantum
