4054 6216
321 220 391 281 ,ιτς
989 208 1076 265 DE
1114 204 1441 265 ANGUSTA
1484 204 1739 271 PORTA,
1773 199 1862 257 ET
1902 199 1967 255 IN
2004 196 2409 259 onmomm
2450 194 2857 261 mmmam.
3488 209 3571 266 ιι·

318 329 457 401 πρὸς
478 326 659 397 ὀλίγον
690 322 789 396 μὲν
817 321 1140 395 φαινόμενον
1173 323 1253 396 τῷ
1286 322 1406 395 ἔαρι
1440 335 1465 365 ι
1489 322 1591 394 τῆς
1616 320 1889 391 νεότητος.

318 411 439 486 [27]
465 412 582 483 μετ’
616 406 796 476 ὀλίγον
843 406 901 460 δέ
931 406 1286 478 φθειρόμενον
1313 407 1419 460 ὑπὸ
1444 406 1543 477 τῆς
1565 404 1769 486 χρόνου-
1787 418 1893 486 πα-

319 483 625 565 λαιότητος.
658 492 720 545 Et
741 489 798 543 δὲ
824 490 920 542 zeal
957 490 1058 559 τὴν
1086 488 1390 543 ὑπόστασιν
1411 487 1575 543 αὐτοῦ
1604 502 1689 549 τις
1712 483 1895 549 ἐξετάο

324 580 440 638 ζειν
486 574 678 636 ἐθέλοι,
707 571 829 625 τότε
884 569 1046 626 πλέον
1078 569 1246 625 αὐτοῦ
1283 568 1564 625 διαπτύειν
1586 569 1893 638 δυνήσεται.

324 659 494 714 οὐδὲν
520 659 627 728 7&9
646 654 836 727 ἕτερόν
862 655 1034 721 ἐστιν,
1062 654 1097 725 ἢ
1128 654 1346 725 φλέγμα
1372 652 1468 707 zeal
1495 646 1635 723 αἷμα
1658 652 1751 704 zeal
1773 647 1898 720 ρεῦ⁸

327 757 404 814 μα
419 741 512 794 zeal
530 737 738 811 τροφῆς
758 736 1197 808 διαμασηθείσης
1237 735 1415 807 χυλός.
1458 735 1554 789 Ἐκ
1576 732 1767 787 τούτου
1789 731 1899 814 7&9

324 813 417 877 zeal
437 820 729 893 ὀφθαλμοὶ,
782 820 881 873 zeal
927 820 1175 890 παρειαί,
1205 819 1302 872 zeal
1340 820 1504 890 ῥῖνες,
1544 816 1639 871 zeal
1674 813 1898 885 ὀφρύες,

321 906 413 961 zeal
437 904 612 976 χείλη,
634 904 731 958 zeal
754 903 875 957 ὅλον
899 901 1186 973 ἀρδεύεται
1212 901 1273 956 τὸ
1299 899 1481 973 σῶμαθ
1511 900 1615 955 κάν
1646 899 1898 970 ἐπιλείψῃ

321 990 453 1045 ποτέ
481 992 517 1061 ή
545 987 754 1042 τούτων
790 985 1001 1058 ἀρδεία,
1033 982 1400 1055 συνεπιλείψει
1430 985 1649 1048 πάντως
1675 984 1771 1039 zeal
1802 982 1898 1038 τοῦ

317 1070 618 1146 ’προσώπου
647 1074 683 1142 ή
729 1068 1026 1141 εὐμορφία.
1065 1067 1167 1140 οΜὴ
1215 1067 1444 1123 πλοῦτον
1477 1068 1776 1142 χρημάτων
1806 1067 1903 1121 τὸν

321 1156 445 1211 καθ’
474 1154 773 1226 ὁμοιότητα
802 1150 914 1207 τῶν
952 1151 1231 1223 ποταμίων
1265 1150 1474 1206 ὑδάτων
1494 1150 1819 1221 ἐπιρῥέοντά
1838 1165 1901 1203 τε

322 1237 420 1292 zeal
436 1236 823 1308 μταρρἐπα,
841 1232 939 1288 zeal
953 1232 1048 1287 νῦν
1077 1233 1176 1304 μὲν
1191 1231 1344 1304 παρά
1356 1232 1567 1297 τοῦτον,
1588 1232 1683 1285 νῦν
1696 1232 1753 1286 δέ
1771 1229 1901 1303 παρ’

326 1321 535 1373 ἐκεῖνον
557 1317 810 1388 πηδῶντα
820 1314 872 1382 δ,
886 1315 980 1371 zeal
997 1317 1123 1381 τοὺς
1146 1316 1474 1387 κατέχοντας
1500 1314 1790 1385 φεύγοντα,
1808 1314 1903 1368 zeal

323 1404 437 1465 τοῖς
460 1400 706 1472 φιλοῦσιν
744 1399 907 1454 αὐτὸν
936 1399 1279 1472 παραμένειν
1318 1398 1418 1452 οὐκ
1441 1398 1785 1469 ἀνεχόμενον,
1809 1397 1904 1451 zeal

329 1485 559 1556 μυρίους
574 1481 893 1547 ἐπιϐούλους
908 1480 1123 1553 ἔχοντα,
1140 1480 1239 1535 zeal
1251 1479 1443 1549 σῆτας,
1462 1481 1555 1535 zeal
1564 1480 1786 1552 λῃστὰς,
1809 1478 1904 1533 zeal

322 1566 690 1637 συκοφάντας,
725 1566 820 1620 zeal
841 1565 1240 1636 ἐμπρησμοὺς,
1269 1564 1365 1619 καὶ
1390 1564 1647 1633 ναυάγια,
1683 1564 1777 1616 zeal
1808 1578 1905 1615 ⁸τιο-

321 1649 767 1722 λέμωνέφόδους,
784 1648 881 1701 zeal
903 1647 1093 1719 δήμων
1116 1646 1532 1710 ἐπαναστάσεις,
1556 1645 1651 1699 zeal
1676 1661 1906 1716 κακουρ-

324 1732 454 1801 γίας
476 1730 728 1795 οίκετῶν,
753 1730 852 1785 zeal
879 1729 1227 1801 γραμμάτων
1253 1730 1589 1801 ἀφαιρέσεις,
1618 1726 1710 1782 καὶ
1734 1743 1905 1799 προσ-

324 1815 521 1887 θήκας,
545 1816 642 1870 καὶ
667 1812 948 1885 μειώσεις,
986 1813 1083 1867 zeal
1107 1811 1279 1867 τάλλα
1304 1813 1407 1867 ὃσα
1434 1814 1547 1876 τοῖς
1574 1811 1746 1883 ἐρῶσι
1767 1827 1906 1883 χρη-

324 1898 515 1969 μάτων
536 1896 644 1951 ὑπὸ
687 1894 790 1965 τῆς
835 1894 1219 1966 φιλοπλουτίας
1270 1894 1563 1965 ἐπιφύεται
1591 1892 1761 1948 δεινά.
1814 1892 1906 1965 Μή

321 1980 644 2035 δυναστείαν
666 1978 1017 2050 ἀξιωμάτων·
1040 1977 1211 2032 πολλά
1242 1976 1352 2048 7&9
1376 1976 1470 2030 zeal
1492 1975 1665 2050 ταύτῃ
1686 1974 1909 2046 ἀλγεινά

322 2063 692 2134 παραφύεται,
727 2061 1026 2133 φροντίδων
1072 2061 1379 2131 τηκεδόνες,
1428 2060 1727 2131 ἀγρυπνίαι
1785 2075 1911 2114 συν-

322 2150 495 2219 εχεῖς,
541 2144 831 2199 ἐπιϐουλαὶ
856 2143 1011 2215 παρά
1038 2144 1147 2198 τῶν
1186 2142 1545 2213 φθονούντων,
1577 2140 1910 2197 κατασκευαὶ

324 2230 482 2301 παρά
513 2226 624 2281 τῶν
657 2225 1285 2297 μισούντων,στωμυλία
1306 2227 1550 2299 ρητόρων
1575 2228 1688 2290 τοῖς
1721 2243 1909 2280 κατευ-

324 2311 760 2381 γλωττισμένοις
804 2308 987 2378 λόγοις
1036 2307 1453 2363 ὁποκλέπτουσα
1497 2308 1597 2380 τὴν
1653 2309 1909 2381 ἀλήθειαν

325 2392 426 2446 zeal
455 2392 622 2446 πολύν
641 2392 757 2455 τοῖς
790 2390 1071 2456 δικάζουσι
1121 2389 1457 2462 προξενοῦσα
1482 2391 1744 2446 κίνδυνον.
1790 2392 1910 2445 Είσὶ

322 2474 460 2546 γάρ,
493 2475 604 2527 είσὶ
650 2472 968 2543 βαττολόγοι
1008 2472 1171 2537 τινὲς,
1211 2474 1304 2527 zeal
1339 2473 1707 2544 ματαιολόγοι,
1735 2474 1911 2529 ταῦτά

322 2575 385 2612 τε
450 2559 547 2611 καὶ
589 2556 659 2611 τά
700 2555 927 2610 τοιαῦτα
969 2556 1119 2627 παρά
1162 2555 1257 2609 τοῦ
1309 2556 1446 2610 Θεοῦ
1490 2555 1601 2610 τῶν
1639 2558 1778 2612 ὅλων
1824 2560 1909 2613 αἱ·

320 2638 569 2703 τοῦντες,
602 2639 699 2691 zeal
738 2638 848 2691 τῶν
875 2638 1045 2701 ὀντως
1091 2637 1311 2705 ἀγαθῶν
1354 2637 1549 2692 οὐδένα
1598 2639 1909 2711 ποιούμενοι

328 2721 516 2791 λόγον.
532 2721 649 2776 Καὶ
664 2720 759 2774 τόν
782 2720 882 2792 μὲν
910 2719 1094 2792 ίατρόν
1112 2720 1212 2790 οὐχ
1233 2721 1285 2772 οί
1299 2720 1584 2785 νοσοῦντες
1600 2721 1910 2777 διδάσκουσι

326 2806 441 2858 τῶν
490 2801 805 2875 φαρμάκων
861 2801 961 2874 τὴν
1004 2801 1232 2875 χρῆσιν,
1281 2801 1417 2856 ἀλλά
1468 2803 1578 2857 τῶν
1622 2804 1714 2858 ὑπ’
1744 2803 1910 2859 αὐτοῦ

327 2885 798 2959 προσφερομένων
824 2885 1110 2955 ἀνέχονται
1153 2884 1336 2955 μόνον,
1370 2885 1474 2940 κᾶν
1519 2886 1775 2952 ἐπίπονος
1811 2884 1845 2960 ᾗ
1882 2888 1913 2941 6

322 2970 429 3040 τῆς
461 2968 762 3041 θεραπείας
785 2969 1009 3040 τρόπος’
1038 2966 1136 3021 zeal
1162 2966 1253 3021 τὸν
1269 2968 1607 3040 κυϐερνήτην
1646 2971 1694 3022 οί
1723 2968 1908 3026 πλέον-

323 3069 419 3117 τες
445 3052 508 3105 οὐ
545 3049 831 3105 κελεύουσι
861 3049 1085 3104 τοίωσδε
1126 3049 1379 3121 κατέχειν
1410 3050 1536 3114 τοὺς
1570 3050 1782 3117 οἴακας,
1816 3052 1912 3106 zeal

322 3137 390 3190 τὸ
430 3135 636 3204 σκάφος
686 3132 909 3196 ίθύνειν,
958 3132 1075 3186 ἀλλ’
1125 3132 1222 3185 ἐπὶ
1263 3131 1375 3185 τῶν
1428 3135 1912 3206 καταστρωμάτων

325 3218 652 3289 καθήμενοι,
685 3218 785 3289 τῆς
819 3216 1032 3270 ἐκείνου
1056 3216 1367 3286 ἐπιστήμης
1391 3215 1693 3287 ἀνέχονται,
1720 3217 1782 3270 οὐ
1810 3216 1912 3287 μό-

325 3317 426 3355 νον
449 3300 510 3364 ἐξ
536 3299 734 3371 οὐρίων
764 3298 1076 3370 φερόμενοι,
1108 3294 1245 3351 ἀλλά
1277 3298 1372 3352 καὶ
1391 3298 1483 3352 τὸν
1519 3298 1750 3370 ἐσχατον
1775 3300 1914 3353 ὐπου

332 3382 589 3455 μένοντες
617 3382 889 3436 κίνδυνον·
914 3380 995 3452 τῷ
1013 3381 1133 3453 Θεῷ
1151 3381 1208 3435 δέ
1237 3381 1418 3452 μόνον,
1442 3381 1524 3453 τῷ
1544 3383 1608 3437 τό
1636 3384 1914 3456 συμφέρον

327 3469 467 3538 ήμῖν
489 3464 733 3538 ἀκριϐῶς
764 3464 1116 3536 ἐπισταμένῳ
1128 3463 1350 3531 διδόναι,
1375 3467 1424 3519 οί
1456 3466 1556 3531 τὰς
1578 3466 1781 3538 φρένας
1814 3484 1914 3522 κα-

328 3549 445 3612 κῶς
470 3549 807 3619 διακείμενοι
851 3550 1201 3619 παραχωρεῖν
1227 3549 1327 3601 οὐκ
1367 3547 1672 3619 ἀνέχονται,
1698 3549 1813 3604 ἀλλ’
1836 3552 1915 3604 al-

325 3631 520 3687 τοῦσιν
546 3631 625 3693 ώς
652 3630 906 3700 ὠφέλιμα
928 3630 1000 3683 τὰ
1021 3629 1262 3701 ὀλέθρια,
1291 3631 1478 3700 ὅμοιον
1503 3631 1783 3697 ποιοῦντες
1814 3634 1915 3705 ἀρ-

329 3715 550 3789 ρώστῳ,
579 3714 672 3767 τὸν
714 3713 897 3784 ίατρόν
925 3711 1110 3766 δοῦναι
1158 3711 1309 3782 αὐτῷ
1338 3713 1763 3785 παρακαλοῦντι,
1816 3714 1916 3784 οὐχ

324 3801 434 3856 ὅσα
461 3800 581 3853 λύει
607 3797 706 3870 τήν
732 3798 910 3861 νόσον,
928 3797 1045 3851 ἀλλ’
1069 3800 1170 3852 ὅσα
1188 3798 1382 3869 τρέφει
1401 3797 1501 3870 τήν
1533 3797 1667 3870 ὓλην
1697 3800 1796 3871 τήν
1816 3799 1916 3869 τῆς

326 3885 491 3938 νόσου
526 3882 761 3955 μητέρα.
808 3882 947 3936 Ἀλλ’
992 3882 1095 3935 οὐκ
1136 3882 1385 3947 ἀνέξεται
1422 3884 1451 3935 ὀ
1487 3883 1670 3954 ἰατρὸς
1697 3884 1796 3955 τῆς
1821 3883 1915 3937 τοῦ

327 3969 638 4039 κάμνοντος
678 3965 909 4031 ἱκεσίας,
934 3965 1073 4020 ἀλλὰ
1115 3963 1217 4018 κᾶν
1239 3963 1542 4035 δακρύοντα
1572 3965 1659 4039 ἴδῃ
1688 3965 1783 4019 zeal
1807 3966 1918 4020 ὀλο-

328 4053 663 4124 φυρόμενον,
700 4049 785 4120 τῷ
811 4051 961 4122 νόμῳ
1008 4049 1111 4119 τῆς
1154 4048 1355 4120 τέχνης
1386 4048 1669 4103 ἀκολουθεῖ
1697 4048 1916 4121 μᾶλλον,

330 4137 365 4208 ἢ
404 4137 519 4199 τοῖς
544 4134 739 4188 τούτου
759 4133 1024 4206 δάκρυσιν
1055 4133 1485 4203 ἐπικάμπτεται,
1516 4133 1610 4187 καὶ
1632 4132 1732 4205 τὴν
1755 4132 1915 4187 ἀπεί-

331 4218 490 4272 θειαν
519 4217 622 4271 οὐκ
649 4216 1068 4289 ἀπανθρωπίαν,
1102 4214 1241 4269 ἀλλά
1288 4214 1696 4287 φιλανθρωπίαν
1729 4218 1921 4288 ὀνομά-

330 4301 527 4372 ζομεν
556 4298 881 4369 πειθόμενος
899 4298 999 4369 μέν
1025 4298 1134 4369 7&9
1165 4297 1243 4367 τῷ
1270 4297 1534 4363 νοσοῦντι,
1567 4302 1661 4353 καὶ
1682 4298 1752 4353 τά
1783 4299 1919 4371 πρὸς

330 4383 532 4454 tam»
546 4381 923 4452 χαριζόμενος,
941 4381 1010 4435 τά
1026 4380 1299 4451 πολεμίων
1313 4381 1393 4444 είς
1421 4381 1583 4435 αὐτὸν
1604 4382 1915 4454 ἐργάζεταυ

329 4465 723 4522 ἀντιτείνωνδέ
751 4465 925 4537 αὐτῷ,
954 4466 1049 4519 zeal
1065 4467 1132 4535 τῇ
1154 4464 1422 4535 ἐπιθυμία
1445 4465 1774 4536 μαχόμενος,
1786 4466 1920 4538 ἐλέῳ

331 4552 605 4625 κέχρηται
632 4552 729 4605 zeal
761 4548 1164 4620 φιλανθρωπίᾳ
1182 4545 1324 4599 οὕτω
1351 4548 1448 4599 καὶ
1469 4547 1617 4600 ὀτῶν
1633 4548 1919 4618 ἡμετέρων

329 4635 531 4707 ψυχῶν
565 4636 748 4707 ίατρδς
773 4635 875 4687 οὐκ
894 4632 1148 4703 ἀνέχεται
1169 4627 1352 4685 δοῦναι
1380 4632 1494 4694 τοῖς
1513 4630 1726 4683 αἰτοῦσι
1756 4632 1822 4683 τά
1841 4632 1921 4696 είς

336 4719 554 4793 βλάϐην
582 4720 768 4783 αὐτοῖς
787 4717 1042 4787 ἐσόμενα.
1071 4713 1209 4769 Οῦτε
1238 4712 1348 4783 7&9
1371 4712 1423 4766 οί
1448 4711 1787 4785 φιλόστοργοι
1813 4729 1922 4767 πα-

333 4803 500 4874 τέρες
542 4805 656 4867 τοῖς
695 4799 895 4872 κομιδῇ
934 4797 1151 4868 νηπίοις
1193 4795 1469 4867 μαχαίρας
1501 4795 1849 4866 ἐπιζητοῦσιν
1885 4796 1920 4868 ἢ

332 4887 513 4957 πυρὸς
543 4887 847 4959 ἄνθρακας.
885 4881 1097 4952 ὀρέιειν
1112 4880 1412 4950 ἀνέχονται·
1436 4881 1584 4934 ῐσασι
1599 4880 1707 4951 γάρ
1735 4880 1921 4949 σαφῶς

338 4967 614 5040 Βλαϐεράν
651 4968 841 5030 αὐτοῖς
888 4960 1056 5017 οὖσαν
1081 4960 1180 5033 τὴν
1216 4961 1474 5033 τοιαύτην
1503 4962 1668 5017 δόσιν
1696 4963 1839 5027 τινές
1863 4963 1921 5017 δέ

332 5052 453 5107 τῶν
500 5057 582 5118 εἰς
631 5052 872 5123 ἐσχάτην
903 5046 1131 5115 ἀλογίαν
1157 5046 1612 5113 ἐκπεπτωκότων,
1645 5048 1708 5102 οὐ
1761 5047 1922 5116 μόνον

334 5134 593 5207 σώματος
623 5134 958 5207 ὡραιότητα,
994 5129 1090 5183 zeal
1147 5129 1396 5191 πλοῦτον.
1451 5131 1549 5185 zeal
1582 5130 1918 5198 δυναστείαν,

333 5220 436 5273 zeal
457 5219 559 5273 δσα
587 5218 814 5272 τοιαῦτα
861 5213 1015 5286 παρά
1065 5211 1162 5266 τοῦ
1191 5213 1300 5265 τῶν
1320 5213 1459 5266 ὅλων
1489 5212 1626 5267 Θεοῦ
1653 5213 1919 5279 αἰτοῦσιν,

333 5302 480 5357 ἀλλά
498 5301 614 5376 [98]
632 5303 729 5357 zeal
754 5303 866 5363 τοῖς
886 5299 1098 5370 ἐχθροῖς
1123 5295 1302 5352 αὐτῶν
1333 5295 1667 5366 ἐπαρῶνται,
1692 5297 1921 5352 καίτινα

334 5386 610 5458 τιμωρίαν
634 5382 997 5455 ἐπενεχθῆναι
1029 5381 1213 5443 αὐτοῖς
1247 5379 1570 5447 ίκετεύουσι,
1599 5382 1691 5435 καὶ
1711 5382 1771 5436 ὃν
1795 5384 1922 5437 ἐαυ-

404 5471 429 5499 ⁸
462 5468 547 5519 δίε
568 5468 667 5519 duo
687 5481 807 5518 mss.
833 5466 1007 5528 lore],
1024 5501 1037 5518 .
1073 5469 1128 5513 et
1153 5462 1304 5513 Savil.
1332 5464 1380 5512 in
1398 5476 1555 5528 marg.
1583 5464 1922 5528 recee._Sa\'il.

334 5528 390 5580 ῑυ
418 5536 563 5580 textu
588 5536 640 5579 el
662 5541 789 5592 unus
811 5529 930 5592 ἀέρι.
959 5525 1065 5575 Μοι
1091 5531 1327 5592 lregmss.
1358 5525 1657 5592 φθειρόμενον
1675 5526 1787 5581 ὐπό.
1813 5529 1922 5592 edi-

333 5594 373 5642 li
411 5603 536 5655 veto
559 5590 835 5655 φαινόμενον
856 5588 1133 5651 ῥοφετειιι.
1172 5588 1405 5655 δετίίηίιι
1436 5588 1604 5655 pars.
1635 5588 1918 5655 ἀφανιζόμτ-

332 5670 438 5701 νοι..
467 5652 536 5713 [ις
555 5647 667 5713 qua
687 5647 964 5713 éequgzziluf
1001 5661 1200 5713 ρωτευε
1216 5648 1415 5713 εἰωίιίε
1436 5647 1588 5699 δαί)εὲ
1611 5660 1756 5708 supra
1780 5647 1913 5703 om.

342 5717 365 5765 ι
392 5714 457 5761 ad
479 5710 792 5772 Iheodonzliz
815 5710 1156 5772 Ιερευωιιυω.
1182 5711 1260 5762 13.

403 5777 437 5811 ⁵
460 5771 561 5824 Alii
584 5773 761 5824 ἐκεῖνον
779 5772 1031 5835 φοιτῶντα.

1995 318 2107 381 τοῖς
2140 317 2345 389 ἥμερον
2370 310 2510 372 εῖναι
2546 317 2644 373 καὶ
2673 315 3055 390 φιλάνθρωπον
3083 312 3352 388 εὔχονται,
3375 318 3566 374 τοῦτον

1994 404 2106 467 τοῖς
2122 402 2337 473 ἐχθροῖς
2351 401 2626 475 ἀνήμερον
2650 401 2905 471 γενέσθαι
2932 400 3028 455 zeal
3053 399 3421 472 ἀπάνθρωπον
3449 400 3569 472 βού-

1996 486 2199 541 λονται.
2233 485 2420 541 Ταῦτα
2472 486 2651 542 τοίνυν
2707 489 2736 541 ὀ
2766 486 3044 557 Δεσπότης
3098 486 3565 557 προαναστέλλων,

1997 570 2288 641 παρεγγυᾷ
2323 570 2422 641 μὲν
2454 568 2528 640 μὴ
2559 568 2920 641 βαττολογεῖν·
2950 568 3193 625 διδάσκει
3230 569 3288 624 δέ
3312 569 3435 623 τίνα
3460 566 3570 640 χρὴ

1996 654 2174 722 λέγειν
2198 654 2256 707 ἐν
2275 656 2343 725 τῇ
2376 656 2676 727 προσευχῇ,
2702 652 2799 708 zeal
2832 655 2892 709 ἐν
2919 653 3119 723 ὀλίγοις
3146 653 3355 725 ῥήμασι
3386 654 3571 707 πᾶσαν

1997 738 2197 809 ἀρετὴν
2212 737 2545 793 ἐκπαιδεύειο
2563 739 2623 791 οὐ
2644 738 2805 810 μόνον
2818 737 2925 810 7&9
2938 737 3106 809 εὐχῆς
3123 737 3243 790 ἐστι
3253 734 3570 791 διδασκαλία

1998 822 2179 875 ἐκεῖνα
2200 820 2269 874 τά
2290 821 2357 893 ρή
2367 821 2683 892 ματα,ἀλλά
2708 821 2805 876 καὶ
2826 821 2941 892 βίου
2967 821 3174 875 τελείου
3200 819 3568 889 παιδαγωγία.

2067 905 2278 971 γ’.Τίνα
2305 905 2361 959 δέ
2373 903 2694 970 ἐστιταῦτα,
2719 904 2916 970 καὶτίς
2936 905 2971 976 ή
2992 903 3198 958 τούτων
3209 903 3409 969 (mea,
3430 902 3575 974 μετά

2000 988 2201 1057 πολλῆς
2222 988 2508 1061 ἀκριϐείας
2532 987 2902 1059 ἐξετάσωμεν,
2931 987 3027 1042 zeal
3057 986 3135 1049 ώς
3169 986 3348 1050 θείους
3372 985 3579 1057 νόμους

1998 1069 2258 1139 ἀσφαλῶς
2290 1073 2640 1144 τηρήσωμεν.
2669 1070 2863 1139 Πάτερ
2890 1068 3080 1139 ἡμῶν,
3104 1070 3139 1123 ὁ
3167 1068 3238 1122 6r
3258 1067 3383 1133 τοῖς
3403 1068 3575 1134 οὐραρ

1999 1153 2149 1220 κοῖς.
2171 1153 2237 1205 Ὢ
2266 1152 2409 1224 πόση
2430 1153 2533 1223 τῆς
2558 1151 3017 1225 φιλανθρωπίαςή
3042 1149 3347 1220 ὺπερϐολήί
3371 1147 3572 1218 ῶπόση

1999 1235 2099 1306 τῆς
2128 1235 2490 1307 φιλοτιμίαςή
2515 1235 2789 1308 ὐπεροχήί
2817 1236 2968 1298 ποῖος
2997 1232 3223 1306 ἀρκέσει
3251 1230 3407 1300 λόγος
3439 1229 3576 1303 πρὸς

2001 1320 2351 1391 εὐχαριστίαν
2391 1319 2484 1374 τοῦ
2538 1319 2778 1373 τοσαῦτα
2818 1315 3157 1389 πηγάζοντος
3189 1316 3322 1387 ήμῖν
3353 1312 3574 1384 ἀγαθάς

2002 1402 2306 1473 Σκόπησον,
2334 1401 2608 1473 ἀγαπητέ,
2651 1401 2751 1472 τῆς
2780 1402 2879 1473 σῆς
2915 1400 3008 1455 zeal
3043 1399 3143 1470 τῆς
3182 1398 3326 1469 ἐμῆς
3360 1395 3574 1466 φύσεως

2000 1485 2100 1548 τὴν
2149 1485 2442 1550 εὐτέλειαν,
2495 1484 2784 1556 ἐρεύνησον
2820 1484 2921 1553 τὴν
2954 1481 3291 1551 συγγένειαν,
3317 1478 3417 1551 τὴν
3447 1478 3571 1550 γῆν,

2002 1567 2093 1622 τὸν
2119 1567 2266 1639 χοῦν,
2300 1569 2392 1623 τὸν
2422 1569 2613 1640 πηλὸν,
2654 1568 2755 1639 τήν
2788 1565 3030 1628 πλίνθον,
3067 1564 3170 1636 τὴν
3207 1562 3422 1617 σποδόν*
3464 1561 3576 1616 ἀπὸ

2003 1652 2111 1722 γὰρ
2141 1652 2242 1722 τῆς
2262 1654 2367 1721 γῆς
2392 1651 2832 1716 διαπλασθέντες,
2874 1649 3035 1705 πάλιν
3063 1650 3145 1712 είς
3175 1647 3276 1719 τὴν
3293 1647 3398 1719 γῆν
3434 1646 3575 1718 μετά

2003 1734 2156 1798 τέλος
2181 1734 2505 1804 ἀναλύομεν.
2528 1734 2715 1788 Ταῦτα
2739 1729 2835 1788 οὖν
2860 1732 3119 1803 ἐννοήσας
3150 1728 3456 1800 ἐκπλάγηθι
3482 1729 3576 1783 τὸν

2004 1815 2404 1887 ἀνεξιχνίαστον
2431 1816 2656 1870 πλοῦτον
2674 1815 2775 1887 τῆς
2802 1814 3004 1886 πολλῆς
3028 1812 3158 1886 περὶ
3171 1813 3319 1883 ἡμᾶς
3332 1810 3425 1866 τοῦ
3439 1810 3576 1866 Θεοῦ

2006 1898 2360 1971 ἀγαθότητος,
2390 1900 2472 1953 ὅτι
2499 1899 2719 1971 Πατέρα
2750 1898 2936 1951 καλεῖν
2984 1894 3363 1968 προσετάχθης
3389 1894 3575 1959 αὐτὸν,

2004 1984 2036 2036 ὀ
2058 1983 2244 2054 γήῖνος
2266 1982 2359 2038 τόν
2375 1982 2645 2055 οὐράνιον,
2677 1983 2708 2035 ὀ
2734 1979 2926 2052 θνητὸς
2939 1978 3032 2033 τδν
3045 1978 3332 2043 ἀθάνατον,
3360 1978 3392 2032 6
3413 1975 3578 2049 φθαρ-

2006 2065 2098 2130 τός
2126 2066 2218 2120 τόν
2254 2064 2549 2139 ἄφθαρτον,
2583 2065 2613 2118 6
2639 2064 2976 2138 πρόσκαιρος
2997 2061 3089 2116 τὸν
3110 2059 3351 2125 αίώνιον,
3384 2060 3416 2113 6
3449 2058 3576 2130 χθές

2008 2150 2103 2204 zeal
2134 2148 2341 2221 πρώην·
2371 2148 2563 2220 πηλὸς,
2608 2146 2700 2203 τόν
2727 2146 2858 2202 ὄντα
2890 2145 2997 2218 πρὸ
3035 2144 3146 2199 τῶν
3180 2142 3392 2199 αίώνων
3419 2142 3576 2199 Θεὸν.

2020 2230 2160 2285 Ἀλλ’
2178 2231 2241 2285 οὐ
2266 2230 2443 2302 μάτην
2460 2228 2743 2301 ἐδιδάχθης
2767 2226 2973 2300 ταύτην
2995 2226 3216 2297 ἀφιέναι
3239 2225 3341 2298 τὴν
3369 2223 3576 2295 φωνήν,

2006 2318 2121 2372 ἀλλ’
2152 2318 2238 2371 ῖνα
2294 2316 2395 2389 τήν
2441 2315 2546 2371 ύπδ
2579 2316 2678 2386 τῆς
2719 2313 2968 2386 γλώττης
3025 2328 3120 2366 σου
3164 2307 3581 2383 προφερομένην

2008 2400 2102 2455 τοῦ
2125 2400 2339 2473 Πατρός
2365 2400 2661 2472 ὀνομασίαν
2706 2396 3045 2468 αίδούμενος,
3091 2397 3232 2468 μιμῇ
3261 2391 3430 2449 αὐτοῦ
3479 2393 3581 2465 τὴν

2009 2485 2339 2556 ἀγαθότητα,
2365 2483 2441 2548 ὡς
2475 2482 2570 2538 zeal
2621 2481 2855 2552 ἀλλαχοῦ
2887 2494 3043 2552 φησι·
3094 2478 3353 2533 Γίνεσθε
3391 2476 3582 2546 ὅμοιοι

2008 2568 2114 2623 τοῦ
2136 2567 2365 2637 Πατρός
2387 2566 2555 2636 ὑμῶν
2589 2564 2697 2620 τοῦ
2726 2563 2798 2620 ἐν
2827 2561 3126 2631 οίφακοῖς,
3154 2559 3246 2615 ὅτι
3271 2559 3381 2616 τὸν
3402 2559 3583 2628 ἣλιον
3608 2580 3611 2581 ⁷

2006 2651 2195 2706 αὐτοῦ
2224 2651 2543 2707 ἀνατέλλει
2591 2648 2689 2703 ἐπὶ
2713 2646 3018 2715 πονηροὺς
3041 2643 3139 2699 καί
3167 2643 3449 2714 ἀγαθοὺς,
3482 2644 3584 2699 και

2002 2735 2213 2806 ,βρέχει
2254 2734 2360 2789 ἐπί
2405 2733 2676 2801 δικαίους
2703 2731 2802 2788 καί
2816 2730 3087 2795 ἀδίκους.
3114 2729 3193 2784 οὐ
3216 2727 3444 2784 δύναται
3473 2729 3589 2798 γὰρ.

2010 2820 2229 2892 Πατέρα
2256 2817 2443 2873 καλεῖν
2464 2816 2558 2872 τὸν
2578 2814 2960 2888 φιλάνθρωπον
2995 2814 3130 2868 Θεὸν
3155 2813 3187 2868 6
3212 2812 3312 2885 τήν
3357 2810 3585 2884 γνώμην

2010 2901 2149 2972 ῐχων
2179 2899 2420 2973 θηριώδη
2447 2900 2541 2954 καὶ
2569 2898 2966 2971 ἀπάνθρωπον·
2994 2896 3119 2951 οὐδέ
3137 2897 3249 2969 γάρ
3276 2897 3440 2960 σώζει
3459 2895 3589 2962 τούς

2008 2984 2362 3057 χαρακτῆρας
2388 2984 2512 3048 τοὺς
2539 2985 2598 3037 ἐν
2626 2982 2704 3054 τῷ
2730 2992 2753 3023 ο
2776 2979 3084 3053 ἐπουρανίῳ
3106 2980 3284 3053 Πατρὶ
3313 2980 3586 3049 ἀγαθότη-

2008 3084 2123 3131 τος,
2161 3066 2277 3121 ἀλλ’
2314 3069 2394 3130 είς
2417 3066 2480 3120 τὸ
2504 3064 2769 3137 θηριῶδες
2792 3058 2930 3127 εἶδος
2948 3062 3140 3117 ἐαυτὸν
3171 3062 3584 3134 μετεμόρφωσε,

2011 3154 2106 3208 zeal
2127 3152 2224 3223 τῆς
2258 3151 2445 3222 θεῖκῆς
2478 3149 2756 3219 εὐγενείας
2780 3147 3025 3213 ἐξέπεσε,
3063 3145 3207 3201 κατά
3242 3146 3306 3200 τό
3347 3145 3455 3201 ὑπὸ
3490 3144 3586 3199 τοῦ

2010 3236 2174 3291 Δαυῒδ
2200 3236 2320 3308 είρη
2327 3235 2505 3307 μένον·
2524 3236 2867 3301 ’Ἄνθρωπος
2885 3231 2956 3285 ἐν
2968 3229 3109 3301 τιμῇ
3123 3229 3209 3284 ὢν
3233 3231 3307 3286 οὐ
3326 3229 3585 3300 συνῆκε,

2013 3317 2519 3389 augerem-86.11301)
2557 3316 2680 3383 τοῖς
2715 3314 2966 3383 κτήνεσι
3001 3313 3127 3378 τοῖς
3159 3311 3461 3380 ἀνοήτοις,
3488 3312 3587 3369 και

2011 3403 2274 3474 ὡμοιώθη
2306 3401 2529 3468 αὐτοῖς.
2559 3401 2728 3453 Ὅταν
2757 3398 2868 3471 γάρ
2896 3414 2983 3463 τις
3015 3398 3212 3469 σκιρτᾷ
3236 3396 3334 3467 μέν
3357 3394 3435 3460 ώς
3464 3394 3592 3450 ταῦ-

2018 3502 2132 3555 ρος,
2155 3483 2385 3556 λακτίζῃ
2425 3483 2484 3538 δέ
2523 3482 2598 3547 ώς
2617 3483 2757 3548 ὀνος,
2784 3484 3095 3553 μνησικακῇ
3135 3480 3193 3534 δέ
3219 3479 3297 3545 ώς
3319 3478 3587 3551 κάμηλος,

2014 3564 2111 3623 zeal
2142 3568 2528 3640 γαστριμαργῇ
2553 3565 2652 3637 μὶν
2676 3565 2753 3630 ῶς
2783 3564 3006 3637 ἀρκτος,
3039 3562 3264 3638 ἁρπάζῃ
3302 3563 3361 3618 δέ
3386 3563 3463 3628 ώς
3493 3562 3591 3617 λύ-

2015 3668 2129 3716 κος,
2151 3651 2360 3723 πλήττη
2384 3650 2442 3704 δέ
2462 3648 2534 3713 ὡς
2550 3648 2829 3721 σκορπίος,
2853 3647 3155 3713 ὕπουλοςδέ
3232 3647 3309 3712 ὡς
3339 3646 3587 3717 ἀλώπηξ.

2013 3734 2311 3806 χρεμετιξῃ
2333 3733 2392 3788 δὲ
2420 3732 2514 3787 ἐπὶ
2546 3730 2794 3801 γυναιξὶν
2811 3730 2890 3795 ὡς
2925 3730 3092 3795 tum:
3120 3729 3454 3802 θηλυμνὴς.
3469 3730 3592 3796 πῶς

2014 3816 2234 3870 δύναται
2262 3818 2291 3870 6
2330 3814 2569 3878 τοιοῦτος
2611 3814 2712 3884 τήν
2759 3811 2862 3882 υίῷ
2910 3813 3228 3884 πρέπουσαν
3267 3813 3591 3884 ἀναπέμψαι

2016 3897 2221 3969 φωνήν,
2252 3897 2350 3951 zeal
2393 3895 2612 3967 Πατέρα
2649 3894 2845 3949 ἐαυτοῦ
2868 3894 3055 3948 καλεῖν
3087 3894 3178 3948 τόν
3198 3893 3365 3957 Θεόν;
3408 3896 3475 3950 Τί
3495 3893 3591 3951 οὖν

2015 3977 2374 4050 ὀνομάζεσθαι
2420 3977 2524 4048 χρὴ
2581 3977 2673 4031 τὸν
2708 3974 2982 4041 τοιοῦτονς
3036 3973 3268 4045 Θηρίον;
3316 3974 3481 4030 Ἀλλά
3521 3977 3593 4031 τά

2017 4063 2181 4138 θηρία
2205 4063 2287 4116 ἐνὶ
2308 4060 2515 4117 τούτων
2552 4061 2664 4115 τῶν
2706 4058 3105 4138 ἐλαττωμάτων
3150 4055 3592 4138 κατέχεταιοοῦ-

2014 4136 2110 4208 τος
2152 4142 2211 4198 δέ
2236 4141 2413 4197 πάντα
2441 4138 2764 4209 συναγαγὼν
2812 4139 2871 4192 ἐν
2892 4136 3092 4209 ἐαυτῷ,
3116 4138 3211 4193 zeal
3242 4137 3340 4209 τῆς
3367 4137 3592 4192 ἐκείνων

2017 4221 2243 4291 ἀλογίας
2298 4219 2523 4290 γέγονεν
2560 4218 2918 4291 ἀλογώτερος.
2955 4218 3067 4274 Kal
3099 4218 3153 4271 τί
3196 4216 3340 4286 λέγω
3371 4217 3590 4290 θηρίονς

2017 4301 2219 4375 Θηρίου
2243 4299 2443 4364 παντὸς
2464 4298 2844 4371 χαλεπιῖιτερός
2872 4299 3021 4352 ἐστιν
3045 4297 3344 4375 ὀτοιοῦτος.
3378 4295 3592 4375 Ἐκεῖνα

2022 4373 2262 4453 μὲνγὰρ,
2301 4380 2479 4434 καίτοι
2505 4378 2648 4434 κατά
2673 4379 2835 4447 φύσιν
2862 4378 3030 4448 άγρια
3063 4375 3215 4438 ὄντα,
3244 4373 3591 4453 ἀνθρωπίνης

2018 4444 2400 4515 ἀπολαύσαντα
2427 4458 2644 4528 τέχνης,
2670 4444 2854 4527 ἥμερα
2882 4444 3140 4518 πολλάκις
3167 4453 3395 4521 γίνεται·
3438 4444 3593 4518 οὗτος

2018 4540 2095 4601 δέ.
2125 4538 2409 4610 ἄνθρωπος
2440 4537 2536 4600 ῶν,
2555 4537 2650 4590 zeal
2669 4535 2764 4606 τὴν
2803 4532 3025 4588 ἐκείνων
3049 4530 3347 4610 ἀγριότητα
3378 4531 3476 4603 τήν
3501 4549 3592 4586 zea-

2020 4618 2089 4672 τά
2118 4608 2278 4686 φύσιν
2328 4618 2408 4678 εἰς
2453 4614 2552 4686 τήν
2595 4613 2910 4684 ἡμερότητα
2945 4608 3264 4683 μεταϐαλὼν
3297 4609 3395 4681 τὴν
3442 4610 3593 4682 παρὰ

2022 4693 2206 4766 φύσιν,
2231 4692 2388 4747 ποίαν
2434 4692 2545 4758 ἕξει
2592 4691 2913 4759 ἀπολογίαν,
2942 4691 3040 4762 τὴν
3070 4687 3262 4743 ἐαυτοῦ
3310 4689 3593 4760 πραότητα

2019 4773 2118 4845 τὴν
2150 4771 2291 4825 κατά
2321 4770 2481 4840 φύσιν
2514 4773 2591 4836 είς
2622 4770 2920 4842 ἀγριότητα
2963 4770 3173 4836 ἐξάγων
3200 4767 3298 4839 τήν
3323 4767 3473 4838 παρά
3495 4766 3593 4845 φύέ

2024 4844 2129 4918 σιν,
2153 4850 2323 4904 καὶτὸ
2342 4851 2439 4922 μὲν
2470 4850 2660 4922 ἄγριον
2687 4849 2846 4920 φύσει
2874 4849 3043 4903 ποιῶν
3061 4850 3289 4920 ἥμερον,
3322 4846 3515 4901 ἐαυτόν
3535 4844 3595 4901 δέ

2020 4931 2113 4985 τὸν
2136 4927 2251 5003 [9.9]
2276 4931 2479 5002 ἥμερον
2505 4929 2663 5001 φύσει
2692 4925 2861 4983 ποιῶν
2893 4927 3115 4998 ἀγριον;
3148 4926 3243 4979 zeal
3278 4925 3465 5003 λέοντα
3496 4924 3595 5003 μέν

2020 5001 2397 5072 τιθαασέύων,
2427 5010 2522 5062 zeal
2561 5003 2820 5079 χειροήθη
2853 5006 3045 5069 ποιῶν,
3085 5004 3176 5057 τὸν
3197 5003 3254 5059 δέ
3289 5002 3458 5073 θυμὸν
3503 5001 3595 5056 τὸν

2024 5087 2155 5143 ἴδιον
2181 5087 2393 5149 λέοντος
2439 5078 2866 5149 κατασκευάζων
2905 5082 2934 5122 ιι
2983 5080 3345 5152 ἀγριώτερον;
3400 5078 3594 5133 Καίτοι

2020 5170 2137 5221 ἐκεῖ
2160 5165 2252 5219 δύο
2289 5166 2405 5218 ἐστὶ
2430 5164 2750 5235 κωλύματα.
2782 5162 2875 5216 zeal
2895 5159 2956 5214 τὸ
2981 5159 3244 5229 λογισμοῦ
3268 5157 3595 5229 ἐστερῆσθαι

2019 5246 2081 5298 τὸ
2119 5244 2326 5314 θηρίον,
2371 5244 2553 5296 καὶ·τό
2582 5241 2797 5296 πάντων
2825 5237 2964 5292 εἶναι
3018 5236 3447 5307 θυμωδέατερονο
3477 5236 3593 5291 ἀλλ’

2018 5324 2167 5395 ὅμως
2194 5323 2282 5377 διὰ
2310 5323 2409 5393 τῆς
2453 5320 2605 5392 πυρά
2646 5320 2742 5374 τοῦ
2774 5317 2912 5373 Θεοῦ
2957 5315 3203 5385 δοθείσης
3247 5314 3458 5384 σοφίας,
3500 5315 3596 5395 zeal

2018 5391 2117 5474 τῆς
2161 5391 2455 5473 θηριώδους
2512 5391 2849 5470 περιγίνεται
2890 5396 3127 5465 φύσεως.
3167 5395 3277 5474 Kal
3305 5396 3334 5446 6
3362 5394 3454 5474 ἐπί.
3487 5391 3596 5447 τῶν

2021 5472 2225 5555 θηρίων
2240 5472 2350 5553 τὴν
2366 5480 2526 5551 φύσιν
2548 5478 2736 5541 νικῶν,
2760 5478 2846 5546 ἐφ’
2878 5476 3074 5555 ἐαυτοῦ
3093 5473 3232 5555 μετά
3258 5474 3367 5555 τῆςΔ
3382 5472 3597 5555 φύσεως

2021 5551 2114 5617 zeal
2148 5562 2210 5615 τό
2246 5551 2346 5631 τῆς
2378 5556 2751 5631 προαιρέσεως
2780 5553 3043 5610 ἀπόλλυσι
3075 5553 3257 5609 καλόν
3288 5553 3383 5605 καί
3409 5551 3600 5606 λέοντα

2088 5646 2110 5707 ῗ
2131 5643 2269 5707 Lege
2287 5644 2394 5698 τοὺς
2410 5658 2519 5707 χαρ.
2549 5647 2634 5698 τῆς
2654 5641 2701 5690 ἐν
2726 5641 2812 5703 τῷ.
2838 5637 2975 5707 Εοιτ.

2088 5704 2115 5745 ιι
2155 5693 2266 5757 uis.
2309 5693 2442 5754 ιδιὸε
2467 5693 2654 5759 λέοντός
2675 5693 2879 5753 καταοκ.
2906 5699 2961 5749 In
3003 5699 3177 5751 lae-el.
3204 5702 3259 5746 ee
3290 5693 3442 5747 Sull.
3472 5694 3603 5743 um-

2023 5783 2104 5825 τος
2150 5771 2317 5832 deest,
2341 5765 2428 5816 sed
2455 5765 2514 5814 ad
2536 5764 2716 5817 seriem
2746 5763 2996 5829 pertinere
3031 5764 3247 5818 videtur.
