4054 6216
339 360 402 416 ιδ
1038 361 1130 417 DE
1169 359 1486 418 ANGUSTA
1529 361 1779 434 PORTA,
1823 364 1911 421 ET
1950 361 2017 421 IN
2054 362 2452 421 ORATIONEM
2494 355 2892 420 DOMINICAM‘.
3557 362 3624 415 liti

337 476 464 531 facit
484 475 780 543 hominem,
804 490 863 530 se
883 490 948 530 ex
979 473 1198 531 homine
1219 474 1416 532 factum
1442 491 1561 532 esse
1591 476 1803 533 leonem
1830 491 1928 548 pro

341 567 513 623 nihilo
543 567 686 624 ducit
717 585 731 623 :
760 568 835 622 illi
860 582 980 638 quae
1026 583 1189 638 supra
1234 577 1478 624 naturam
1520 579 1646 625 sunt
1669 570 1926 638 impertit,

340 659 442 714 sibi
495 674 613 730 qua:
653 671 836 714 contra
891 668 1134 714 naturam
1181 669 1306 715 sunt
1350 659 1618 715 adsciscit.
1652 659 1931 728 Quomodo

347 753 502 822 igitur
541 751 661 806 talis
684 765 809 806 cum
833 751 924 817 sil,
960 751 1128 806 Deum
1165 750 1360 821 poterit
1385 751 1656 822 appellare
1681 752 1930 807 Patrem?

342 842 590 912 Quisquis
612 841 771 912 igitur
795 858 920 913 erga
945 842 1249 912 proximum
1271 843 1417 898 mitis
1439 843 1809 914 humanusque
1824 854 1928 912 est,

340 933 536 1002 quique
580 932 635 987 in
674 948 734 988 se
763 942 1047 1004 peccantes
1077 949 1184 988 non
1216 933 1512 999 ulciscitur,
1536 933 1632 990 sed
1657 934 1932 990 beneﬁciis

341 1023 563 1093 injurias
603 1025 706 1080 sibi
753 1024 928 1079 illatas
965 1034 1306 1090 remunerat,
1339 1025 1387 1080 is
1422 1025 1468 1080 si
1497 1026 1662 1080 Deum
1701 1026 1936 1096 appellet

340 1116 578 1182 Patrem,
600 1131 712 1172 non
767 1132 894 1172 reus
936 1117 1131 1187 agitur.
1179 1115 1451 1174 Orationis
1495 1119 1600 1172 vim
1651 1118 1934 1189 diligenter

341 1207 588 1275 adverte,
615 1207 886 1278 quomodo
914 1208 1069 1264 nobis
1099 1216 1340 1264 mutuum
1371 1223 1610 1265 amorem
1637 1209 1930 1280 praecipiat,

343 1308 504 1371 atque
528 1301 776 1356 caritatis
805 1299 997 1357 all‘ectu
1014 1316 1203 1357 omnes
1230 1301 1544 1374 coniungat.
1577 1302 1764 1374 Neque
1789 1303 1932 1358 enim

344 1393 526 1448 dicere
545 1391 722 1463 jussit,
754 1392 910 1449 Pater
940 1393 1034 1460 mi,
1065 1393 1157 1464 qui
1211 1409 1269 1449 es
1318 1392 1371 1449 in
1428 1394 1611 1461 caelis;
1659 1394 1752 1450 sed
1783 1393 1937 1448 Pater

346 1494 532 1549 noster,
561 1486 722 1554 quies
749 1486 800 1540 in
825 1487 964 1542 cretis
988 1501 1008 1550 ;
1035 1497 1093 1542 ut
1118 1487 1294 1544 edocti
1327 1502 1425 1543 nos
1459 1502 1798 1543 communem
1840 1487 1935 1542 ha-

346 1575 475 1631 bere
504 1575 752 1643 Patrem,
787 1575 1081 1633 fraternam
1111 1586 1297 1633 mutuo
1323 1577 1754 1634 benevolentiam
1783 1579 1938 1635 exhi-

346 1666 588 1722 beamus.
616 1667 818 1724 Deinde
865 1683 964 1724 nos
1013 1669 1240 1724 instituit
1263 1677 1320 1724 ut
1355 1678 1554 1725 terram
1585 1671 1932 1742 terrenaque‘

350 1757 740 1828 relinquamus,
791 1773 892 1813 nec
930 1759 1156 1814 terrenis
1195 1759 1482 1825 inhiemus,
1511 1759 1608 1815 sed
1647 1760 1938 1831 assumptis

348 1847 474 1902 tidei
501 1848 622 1912 alis,
648 1864 747 1919 per
774 1864 954 1904 aerem
988 1849 1231 1906 volemus
1265 1850 1576 1922 aetheraque
1599 1851 1939 1907 transcenda-

347 1953 498 2006 mus,
529 1947 584 1994 et
613 1955 772 2010 quem
801 1955 1057 1996 vocamus
1085 1941 1298 1998 Patrem
1326 1958 1655 2013 quaeramus,
1681 1943 1940 2014 jubetque

347 2031 547 2096 dicere,
580 2028 738 2085 Pater
779 2040 965 2096 noster,
1001 2033 1090 2103 qui
1130 2049 1181 2088 es
1216 2033 1268 2088 in
1296 2034 1453 2098 ralis,
1487 2049 1596 2090 non
1625 2034 1768 2105 quod
1801 2035 1940 2090 Deus

349 2122 402 2176 iu
427 2122 576 2178 cadis
601 2132 807 2178 tantum
842 2125 934 2190 sit,
967 2125 1060 2180 sed
1093 2135 1152 2180 ut
1195 2140 1295 2181 nos
1325 2126 1378 2181 in
1404 2136 1546 2181 terra
1575 2127 1842 2182 volutatos
1871 2127 1938 2182 ad

344 2214 538 2269 caelum
588 2215 979 2285 respiciendum
1024 2216 1276 2283 inducat,
1323 2218 1584 2287 nobisque
1631 2219 1926 2275 czelestium

347 2303 615 2359 bonorum
644 2304 1039 2373 pulchritudine
1062 2306 1340 2360 illustratis
1367 2305 1420 2361 id
1439 2307 1701 2376 conferat,
1733 2316 1792 2363 ut
1815 2323 1942 2364 con-

349 2395 683 2465 cupiscentia
714 2405 894 2452 nostra
921 2406 1030 2452 tota
1058 2413 1124 2453 eo
1156 2398 1480 2454 traducatur.

425 2486 479 2540 4.
507 2485 808 2542 Secundam
845 2487 1038 2544 deinde
1063 2489 1354 2544 clausulam
1381 2489 1565 2560 adjicit
1595 2509 1609 2546 :
1642 2492 1943 2562 Sancti/ice-

349 2587 434 2630 tur
475 2593 657 2631 nomen
705 2587 863 2631 tuum.
908 2578 986 2634 Ne
1011 2580 1132 2650 quis
1171 2595 1297 2634 vero
1337 2579 1649 2651 insipienter
1675 2583 1945 2639 existimet

350 2667 787 2723 sanctiﬁcationis
824 2669 1184 2725 accessionem
1227 2671 1337 2726 Deo
1380 2672 1622 2740 attribui,
1650 2673 1777 2728 dum
1807 2673 1944 2730 dici-

352 2767 460 2824 tur,
493 2757 856 2828 Sanctiﬁcatur
897 2777 1078 2815 nomen
1125 2769 1264 2814 tuum
1295 2777 1315 2816 :
1342 2773 1560 2818 sanctus
1595 2765 1736 2820 enim
1768 2775 1871 2834 est,
1892 2776 1946 2822 et

351 2852 573 2905 omnino
619 2863 858 2918 sanctus,
909 2862 964 2908 et
1007 2864 1313 2910 sanctorum
1363 2856 1750 2912 sanctissimus.
1798 2857 1947 2916 lianc

355 2951 530 2998 autem
561 2943 660 3013 ipsi
691 2943 902 2999 laudem
947 2945 1178 3001 oﬁ'erunt
1205 2946 1507 3018 Seraphim,
1539 2950 1618 3005 sie
1647 2949 1946 3008 incessabili

357 3048 487 3089 voce
514 3035 811 3092 clamantes
836 3055 851 3092 :
879 3038 1124 3106 Sanctus,
1183 3051 1418 3108 sanctus,
1457 3051 1660 3098 sanctus
1698 3042 1949 3102 Dominus

358 3126 584 3182 Sabaoth
617 3147 636 3186 :
665 3131 868 3201 plenum
887 3142 960 3186 est
981 3133 1160 3187 cazlum
1189 3144 1236 3188 et
1258 3145 1392 3189 terra
1419 3135 1581 3207 gloria
1605 3138 1715 3208 ejus
1740 3136 1946 3210 (llesoi.

356 3219 411 3273 6.
443 3221 523 3292 ὅ).
547 3223 651 3278 Sed
677 3225 1129 3295 quemadmodum
1159 3228 1216 3294 ii,
1257 3230 1345 3299 qui
1373 3245 1528 3301 reges
1556 3232 1950 3290 acclamationi-

361 3310 459 3366 bus
487 3315 780 3384 excipiunt,
818 3333 882 3372 ac
908 3319 1082 3390 Reges
1107 3320 1566 3394 Imperatoresque
1593 3335 1804 3393 vocant,
1843 3343 1950 3386 non

363 3402 468 3458 illis
500 3405 551 3460 id
580 3408 874 3463 attribuunt
901 3411 1043 3480 quod
1071 3425 1176 3466 non
1219 3413 1434 3480 habent,
1464 3413 1557 3471 sed
1582 3417 1724 3487 quod
1754 3418 1952 3475 habent

362 3494 604 3552 laudibus
643 3498 953 3554 celebrant:
980 3502 1051 3556 ita
1098 3511 1154 3558 et
1183 3519 1281 3559 nos
1311 3519 1416 3560 non
1463 3521 1602 3573 eam,
1631 3523 1749 3578 qua:
1776 3509 1949 3580 absit,

359 3588 692 3644 sintctitatem
726 3591 834 3647 Deo
858 3591 1134 3650 offerimus
1159 3610 1280 3650 cum
1308 3596 1559 3662 dicimus,
1594 3599 1952 3672 Sancti/iretur

361 3696 542 3735 nomen
571 3691 732 3751 tuum,
775 3684 868 3741 sed
910 3701 1051 3754 eam,
1093 3703 1211 3758 qua:
1242 3690 1400 3756 inest,
1444 3690 1685 3748 laudibus
1712 3695 1954 3752 celebra-

361 3789 482 3829 mus
515 3793 527 3829 :
557 3791 678 3830 nam
725 3777 874 3844 illud,
925 3777 1318 3850 Sanctiﬁcatur,
1365 3783 1594 3855 idipsum
1643 3796 1726 3842 est
1771 3788 1951 3858 quod,

359 3867 705 3934 glorilicetur.
740 3868 848 3927 Hac
880 3871 1056 3941 itaque
1089 3887 1222 3927 voce
1250 3872 1526 3941 docemur,
1561 3885 1618 3930 ut
1645 3877 1803 3931 vitam
1833 3894 1954 3933 cum

362 3959 557 4014 virtute
583 3959 864 4025 ducamus,
896 3973 950 4018 ut
975 3978 1093 4018 eam
1125 3963 1365 4019 videntes
1395 3964 1659 4028 homines,
1689 3969 1954 4024 caelestem

364 4049 576 4105 Patrem
606 4063 849 4108 nostrum
894 4054 1217 4124 gloriﬁcent,
1245 4065 1304 4112 ut
1329 4057 1456 4112 alibi
1495 4057 1689 4114 dicitur
1719 4079 1732 4114 :
1767 4060 1956 4118 Luceat

363 4139 454 4194 tua:
499 4151 659 4195 vestra
696 4160 869 4198 coram
906 4146 1209 4214 hominibus,
1253 4157 1307 4201 ut
1354 4149 1554 4203 videant
1597 4168 1748 4221 apem
1794 4165 1957 4210 vestra

362 4235 511 4296 bona,
539 4245 587 4289 ct
630 4237 910 4306 glorificent
951 4239 1160 4294 Patrem
1207 4252 1441 4308 vestrum,
1493 4245 1580 4313 qui
1621 4246 1672 4299 in
1709 4247 1846 4302 cwlis
1885 4259 1956 4304 est

363 4323 574 4393 (Matth.
607 4327 660 4383 5.
693 4329 806 4401 l6).
835 4330 1027 4386 Postea
1058 4332 1346 4389 edocemur
1374 4335 1572 4403 dicere,
1607 4339 1851 4394 Adveniat
1871 4359 1952 4397 re-

361 4437 518 4489 gnum
558 4431 700 4476 tuum
729 4443 748 4477 :
781 4425 1238 4494 perturbationum
1296 4430 1656 4500 corporalium
1713 4437 1955 4504 oppressi

363 4514 660 4585 tyrannide,
693 4527 748 4572 et
776 4519 1045 4573 sexcentis
1073 4520 1425 4575 tentationum
1463 4522 1744 4580 insnltibus
1784 4526 1954 4597 impe-

363 4607 465 4674 titi,
500 4609 590 4664 Dei
621 4625 788 4682 regno
834 4627 1078 4683 egemus,
1115 4623 1170 4669 ut
1211 4623 1486 4684 peccatum
1536 4632 1640 4672 non
1685 4629 1870 4690 regnet
1901 4621 1952 4676 in

361 4701 571 4756 mortali
615 4718 840 4773 corpore
888 4699 1073 4761 nostro
1115 4705 1291 4777 (Rom.
1329 4707 1381 4763 6.
1417 4708 1536 4779 l2),
1572 4709 1641 4764 ita
1685 4719 1742 4764 ut
1785 4711 1856 4766 illi
1900 4712 1952 4768 in

358 4791 740 4860 cupiditatibus
789 4795 1179 4866 obsequamur,
1235 4806 1396 4868 utque
1449 4815 1553 4855 non
1609 4801 1954 4859 exhibeamus

361 4882 600 4938 inetubra
637 4896 824 4942 nostra
869 4903 1014 4942 arma
1063 4888 1356 4959 iniquitatis
1399 4901 1638 4962 peccato,
1681 4893 1774 4948 sed
1804 4893 1955 4950 exhi-

360 4974 581 5032 beamus
609 4992 758 5033 arma
799 4979 1024 5050 justitia:
1055 4979 1184 5048 Deo,
1213 4991 1266 5036 et
1295 4982 1425 5053 Regi
1455 4985 1773 5040 saeculorum
1818 4987 1955 5042 mili-

361 5075 551 5125 tennis.
584 5070 665 5126 Ad
697 5071 812 5128 hme
839 5073 997 5128 etiam
1039 5073 1316 5139 docemur,
1349 5091 1416 5130 ne
1446 5087 1763 5146 prtcsentem
1791 5081 1952 5135 vitam

357 5161 533 5231 magni
565 5161 843 5230 faciamus,
902 5165 996 5220 sed
1040 5167 1319 5236 prteseutia
1359 5167 1735 5239 despiciemus.
1779 5170 1952 5227 futura

357 5271 510 5321 vero,
563 5264 746 5327 utpote
787 5260 1051 5314 manentia
1109 5259 1569 5329 concupiscamus,
1619 5273 1674 5317 et
1726 5279 1950 5334 regnum

352 5347 487 5402 illud
515 5365 819 5418 quteramus
860 5351 1095 5418 cmleste,
1125 5363 1517 5422 aeternumque,
1547 5371 1646 5409 nec
1677 5358 1952 5424 przeseuti~

350 5437 456 5494 ltus
491 5442 852 5512 voluptatibus
882 5442 1218 5508 luereamus;
1262 5459 1366 5497 non
1398 5445 1583 5500 forma:
1626 5461 1910 5516 corporum
1934 5489 1950 5513 ,

351 5547 464 5587 nou
497 5535 735 5603 pecunia:
763 5535 836 5602 vi,
884 5551 987 5590 non
1017 5536 1410 5605 possessionum
1445 5535 1805 5604 abundantiae,
1847 5556 1951 5595 non

346 5639 684 5692 geminarum
715 5627 1137 5695 magniﬁcentite.
1172 5643 1276 5682 non
1307 5627 1496 5682 mdium
1524 5629 1818 5698 Splendori,
1848 5647 1952 5688 non

345 5717 597 5783 imperiis
628 5726 681 5772 et
709 5719 1021 5772 militaribus
1046 5717 1396 5787 pra‘l‘ccturis,
1423 5735 1527 5775 non
1552 5736 1823 5791 purpurae,
1849 5741 1954 5783 non

427 5806 444 5837 ⁸
479 5808 548 5858 Sic
571 5821 741 5858 mune:
767 5817 869 5858 ηδε.
896 5810 1013 5860 [diti
1033 5823 1150 5861 vero
1173 5825 1267 5862 non
1293 5812 1490 5869 habent.
1515 5820 1818 5873 terrenaque.

2043 477 2352 544 diademati,
2381 491 2486 532 non
2513 476 2749 548 Opsoniis
2779 485 2833 532 et
2875 474 3033 530 lautis
3077 473 3271 545 epulis,
3295 487 3488 544 neque
3515 475 3629 530 aliis

2035 567 2366 639 quibuslibet
2393 581 2603 632 eorum,
2644 582 2762 638 qua:
2789 581 2982 624 sensus
3030 575 3243 621 nostros
3273 567 3514 621 inescare
3539 581 3626 619 so-

2036 658 2182 724 lent;
2212 656 2307 713 sed
2344 657 2409 712 iis
2436 657 2686 714 omnibus
2710 658 2887 714 valere
2907 657 3093 730 jussis,
3126 672 3349 728 regnum
3375 656 3628 712 calorum

2034 748 2402 804 indesinenter
2417 759 2751 820 appetamus.
2771 749 2921 805 lianc
2935 764 3066 805 vero
3085 752 3330 803 virtutem
3348 757 3627 818 postquam

2037 857 2134 897 nos
2173 840 2374 908 docuit,
2421 841 2600 897 dicere
2634 841 2787 912 jubet
2819 859 2832 895 :
2864 841 2982 896 Fiat
3021 841 3248 896 voluntas
3295 850 3382 894 tua
3407 841 3536 895 sicut
3576 839 3628 892 in

2036 934 2160 988 mlo
2183 943 2228 988 et
2258 935 2310 987 in
2337 945 2492 993 terra.
2517 934 2802 1004 Postquam
2821 934 2962 990 enim
2988 933 3142 989 nobis
3162 934 3458 989 futurorum
3481 947 3629 987 amo-

2037 1040 2150 1080 rem
2179 1024 2387 1092 indidit,
2418 1040 2625 1081 necnon
2661 1026 2808 1095 regni
2846 1026 3078 1081 caelestis
3101 1025 3584 1095 concupiscentiam
3610 1066 3625 1088 ,

2021 1116 2142 1171 hoc
2177 1116 2487 1172 vulneratos
2512 1116 2783 1172 desiderio
2810 1116 2877 1171 ad
2910 1118 3023 1172 hare
3047 1116 3271 1172 dicenda
3315 1125 3635 1186 comparat,

2041 1207 2162 1263 Fiat
2188 1211 2421 1264 voluntas
2449 1218 2556 1278 tua,
2586 1209 2715 1264 sicut
2759 1210 2811 1263 iu
2835 1210 2960 1264 caalo
2985 1219 3032 1264 et
3058 1210 3111 1264 in
3142 1219 3293 1263 terra.
3329 1208 3400 1263 Da
3433 1207 3585 1263 nobis
3611 1249 3628 1272 .

2037 1300 2230 1371 inquit,
2281 1298 2554 1368 Domine,
2597 1307 2655 1354 ut
2698 1300 2967 1356 czelestem
3016 1300 3162 1355 illam
3207 1299 3327 1353 vita:
3369 1298 3630 1354 rationem

2040 1408 2346 1464 sequamur,
2377 1401 2436 1448 ut
2459 1407 2546 1460 ea,
2569 1408 2687 1464 quae
2718 1401 2772 1446 tu
2804 1393 2904 1458 vis,
2931 1407 3030 1448 nos
3053 1392 3212 1448 etiam
3232 1392 3477 1448 velimus.
3506 1389 3633 1462 Opi-

2041 1485 2211 1540 tulare
2239 1484 2398 1556 igitur
2421 1484 2580 1540 debili
2605 1483 2898 1540 voluntatis
2928 1483 3220 1555 proposito,
3252 1481 3394 1556 quod
3423 1497 3485 1538 ea
3513 1498 3632 1553 qua:

2037 1575 2193 1647 jubes
2219 1575 2438 1647 exsequi
2467 1576 2635 1646 cupit,
2682 1574 2779 1632 sed
2805 1575 3047 1646 corporis
3086 1573 3396 1630 infirmitate
3426 1587 3632 1644 praepe-

2041 1667 2186 1724 ditur
2217 1687 2230 1723 :
2264 1668 2474 1739 porrige
2504 1683 2716 1723 manum
2757 1683 2976 1724 currere
3023 1667 3238 1737 quidem
3283 1665 3587 1721 volentibus
3615 1707 3630 1730 ,

2043 1760 2138 1816 sed
2167 1760 2232 1816 ad
2264 1759 2672 1815 elaudicandum
2711 1758 2928 1814 coactis.
2963 1759 3074 1814 Alis
3103 1759 3358 1814 instructa
3403 1764 3488 1812 e5!
3512 1756 3633 1812 ani-

2045 1867 2155 1917 ma,
2183 1851 2279 1906 sed
2320 1852 2462 1906 illam
2507 1865 2635 1906 caro
2670 1865 2885 1922 gravem
2915 1850 3079 1907 efﬁcit
3107 1865 3122 1916 ;
3156 1849 3272 1906 haec
3294 1848 3362 1904 ad
3397 1848 3632 1904 cmlestia

2040 1944 2202 2000 velox
2229 1953 2331 2012 est,
2383 1944 2472 1999 illa
2506 1959 2636 2000 vero
2679 1944 2855 2014 gravis
2900 1952 2954 1999 et
2995 1943 3060 1999 ad
3109 1951 3316 1998 terrena
3363 1941 3631 2013 proclivis.

2047 2037 2201 2093 Adsit
2223 2037 2382 2093 modo
2401 2037 2656 2092 auxilium
2682 2046 2849 2101 tuum,
2877 2046 2932 2092 et
2955 2052 3038 2101 ea,
3067 2051 3186 2106 qua:
3211 2035 3327 2091 ﬁeri
3350 2048 3453 2089 non
3479 2048 3635 2104 posse

2046 2129 2313 2195 videntur,
2349 2128 2519 2185 facilia
2549 2128 2794 2185 evadent.
2824 2127 2945 2182 Fiat
2973 2128 3132 2200 igitur
3150 2128 3380 2182 voluntas
3399 2134 3486 2180 tua
3504 2126 3640 2180 sicut

2045 2224 2098 2278 in
2129 2222 2252 2277 uelo
2277 2232 2322 2277 et
2350 2222 2403 2276 in
2428 2232 2582 2277 terra.

2118 2314 2172 2370 5.
2203 2313 2340 2383 Quia
2370 2326 2499 2368 vero
2544 2323 2740 2369 terram
2778 2318 3181 2378 commemorat,
3229 2318 3386 2381 atque
3429 2309 3514 2375 iis,
3544 2309 3637 2379 qui

2049 2423 2113 2463 ex
2139 2416 2280 2463 terra
2325 2407 2584 2476 procreati
2611 2415 2756 2470 sunt,
2801 2405 2851 2458 in
2885 2405 3075 2477 illaque
3114 2411 3396 2458 versantur
3422 2409 3635 2456 terreno

2047 2497 2224 2555 amicti
2267 2513 2515 2570 corpore,
2553 2496 2867 2568 congruenti
2893 2496 3014 2552 cibo
3040 2505 3124 2551 est
3147 2510 3300 2565 opus,
3335 2493 3637 2548 necessario

2048 2591 2320 2662 subjuuxit
2347 2611 2360 2646 :
2393 2590 2586 2646 Panem
2615 2599 2841 2644 nostrum
2860 2587 3390 2660 supersubstantialem
3411 2587 3476 2639 a‘a
3498 2585 3637 2639 nobis

2051 2687 2217 2741 hodie.
2250 2686 2451 2741 Panem
2493 2683 3058 2755 supersubstantialem
3100 2691 3282 2752 petere
3321 2681 3499 2751 jussit,
3531 2696 3636 2735 non

2051 2779 2102 2833 in
2128 2777 2572 2834 delectamentum
2605 2818 2620 2844 ,
2652 2773 2747 2831 sed
2791 2775 2843 2830 in
2869 2773 3201 2839 alimentum,
3243 2772 3384 2844 quod
3431 2771 3641 2828 decedit

2049 2869 2117 2925 de
2133 2883 2358 2938 corpore
2382 2870 2658 2940 supplens,
2677 2876 2730 2923 et
2751 2867 3017 2924 interitum
3045 2883 3109 2922 ex
3131 2866 3270 2922 fame
3297 2866 3527 2921 futurum
3549 2864 3632 2920 de

2053 2959 2277 3030 pellens.
2319 2958 2430 3015 Non
2463 2959 2748 3014 instructas
2776 2958 2999 3028 dapibus
3027 2973 3241 3013 mensas
3273 2958 3312 3024 ‘,
3341 2973 3447 3012 non
3483 2972 3622 3027 opsu

2054 3051 2138 3105 nia
2165 3051 2335 3118 varia,
2378 3065 2485 3105 non
2529 3050 2787 3105 delicatos
2837 3047 3158 3104 ferculorum
3189 3057 3492 3119 apparatus,
3536 3063 3641 3104 non

2053 3144 2315 3216 pistorum
2358 3142 2603 3206 artiﬁcia,
2650 3158 2756 3198 non
2801 3143 2922 3197 vina
2967 3141 3134 3198 odore
3181 3142 3558 3207 demulccntia,
3589 3151 3645 3197 et

2054 3253 2173 3309 qua:
2213 3236 2315 3292 alia
2355 3235 2587 3307 palatum
2616 3235 2904 3300 delectant,
2937 3244 3177 3290 ventrem
3205 3246 3452 3300 onerant,
3487 3250 3643 3290 men-

2059 3340 2165 3386 tem
2193 3330 2501 3394 obscurant,
2549 3335 2603 3384 et
2646 3326 2857 3398 corpori
2903 3327 3043 3382 vires
3085 3325 3286 3381 addunt
3332 3336 3388 3379 ut
3429 3325 3644 3381 insultet

2056 3422 2269 3486 animm,
2309 3436 2370 3476 ac
2402 3420 2604 3491 pullum
2654 3419 2852 3489 aurigae
2894 3417 3124 3474 reddunt
3179 3415 3484 3472 indocilem.
3530 3416 3644 3472 Non

2057 3513 2172 3569 haec
2202 3521 2260 3568 ut
2298 3525 2579 3582 poscamus
2607 3512 2779 3566 oratio
2820 3509 3020 3574 docuit,
3050 3507 3143 3564 sed
3175 3507 3652 3580 Supersubstautia-

2057 3609 2155 3663 leni
2178 3623 2378 3677 panem,
2408 3603 2461 3660 id
2477 3613 2579 3671 est,
2607 3602 2699 3675 qui
2726 3603 2778 3658 in
2804 3601 3154 3659 substantiam
3171 3599 3414 3672 corporis
3436 3599 3648 3657 transit.

2059 3713 2285 3769 eamque
2311 3696 2629 3753 conﬁrmare
2658 3704 2854 3767 potest.
2889 3694 3039 3750 lluuc
3069 3709 3196 3748 vero
3225 3707 3417 3763 panem
3447 3706 3552 3746 non
3580 3690 3645 3745 ad

2059 3792 2281 3846 multum
2311 3805 2572 3846 annorum
2601 3804 2882 3844 numerum
2926 3797 3108 3858 petere
3143 3785 3409 3857 iubemur,
3439 3784 3532 3840 sed
3559 3784 3648 3852 qui

2059 3882 2124 3937 ad
2155 3881 2468 3937 hodiernum
2497 3890 2700 3936 tantum
2731 3879 2871 3934 diem
2899 3879 3028 3934 satis
3056 3878 3126 3932 sit
3155 3894 3168 3930 :
3201 3875 3376 3931 Nolite
3406 3917 3421 3942 ,
3455 3875 3646 3946 inquit,

2059 3974 2259 4029 solliciti
2285 3989 2392 4028 esse
2416 3973 2470 4026 in
2495 3972 2768 4026 crastinum
2803 3969 3012 4041 (Matth.
3052 3968 3107 4024 6.
3139 3968 3254 4037 34).
3279 3967 3389 4022 Cur
3409 3969 3550 4022 enim
3580 3967 3650 4023 de

2057 4065 2295 4121 crastino
2318 4064 2439 4135 quis
2465 4063 2724 4118 sollicitus
2752 4062 2843 4126 sit,
2885 4061 2975 4131 qui
3017 4075 3123 4116 non
3152 4060 3322 4128 ipsum
3365 4059 3506 4114 diem
3531 4073 3650 4114 cra-

2059 4159 2256 4215 stinum
2288 4166 2436 4214 certo
2477 4156 2688 4212 visurus
2714 4156 2822 4220 sit;
2853 4154 2948 4211 sed
2989 4155 3080 4227 qui
3125 4153 3362 4210 laborem
3386 4153 3610 4224 suscipit
3629 4195 3646 4222 ,

2061 4250 2288 4307 fructum
2310 4265 2417 4306 non
2439 4248 2717 4322 decerpit?
2747 4247 2801 4302 ln
2827 4248 2936 4304 Deo
2963 4249 3122 4318 igitur
3150 4245 3394 4302 ﬁduciam
3421 4246 3646 4312 colloca.

2063 4343 2161 4411 Qui
2187 4344 2275 4398 dat
2318 4360 2483 4398 escam
2522 4341 2661 4398 omni
2706 4342 2848 4395 carni
2895 4339 3065 4410 (Psal.
3100 4339 3220 4394 155.
3266 4338 3382 4408 25).
3428 4337 3528 4406 Qui
3557 4340 3668 4395 tibi.~

2058 4450 2256 4506 corpus
2298 4434 2480 4501 dedit,
2521 4433 2861 4501 animamque
2907 4429 3202 4500 inspiravit,
3250 4438 3409 4499 teque
3453 4428 3649 4484 animal

2061 4527 2319 4584 rationale
2361 4526 2658 4592 constituit,
2685 4533 2846 4593 atque
2869 4523 3048 4578 omnia
3096 4520 3188 4576 tibi
3215 4520 3369 4576 bena-
3382 4518 3648 4576 antefer-

2059 4621 2348 4676 mationem
2390 4616 2728 4689 prmparavit,
2757 4614 3028 4687 quomodo
3061 4623 3111 4668 te
3149 4613 3436 4670 formatum
3463 4628 3648 4683 asper-

2059 4711 2289 4778 nabitur,
2335 4711 2437 4779 Qui
2482 4710 2639 4765 solent
2679 4725 2828 4764 suum
2870 4707 2995 4763 oriri
3039 4707 3159 4779 facit
3203 4724 3367 4780 super.
3397 4707 3558 4761 malos
3604 4714 3651 4759 et

2058 4802 2235 4869 bonos,
2268 4811 2312 4856 et
2343 4802 2470 4872 pluit
2495 4817 2648 4872 super
2665 4803 2836 4874 justas
2865 4809 2910 4855 et
2938 4801 3152 4870 injustas
3183 4798 3394 4870 (Matth.
3427 4799 3480 4854 5.
3511 4797 3602 4867 45)
3627 4800 3651 4852 '.'

2060 4896 2196 4952 Huic
2221 4895 2382 4967 igitur
2423 4894 2470 4950 si
2509 4893 2676 4960 ﬁdas,
2717 4891 3086 4964 quotidianum
3133 4899 3336 4947 tantum
3365 4905 3526 4961 posce
3555 4890 3649 4944 ali-

2060 4999 2320 5054 mentum,
2351 4987 2426 5042 illi
2456 4987 2675 5041 crastini
2701 4988 2882 5042 curam
2913 4986 3173 5056 relinque,
3201 4983 3648 5057 quemadmodum

2058 5090 2113 5134 et
2139 5080 2323 5135 beatus
2366 5076 2531 5133 David
2572 5076 2706 5132 dixit
2735 5093 2749 5132 :
2774 5075 2927 5130 Iacto
2968 5093 3120 5148 super
3163 5075 3434 5131 Dominum
3475 5090 3649 5129 curam

2057 5182 2218 5238 tuam,
2247 5181 2293 5226 et
2322 5171 2431 5239 ipse
2459 5181 2508 5226 te
2529 5170 2742 5224 cnutrirt
2769 5167 2945 5240 (.Psal.
2972 5170 3063 5225 54.
3090 5167 3214 5238 25)..
3237 5167 3310 5222 ita
3337 5181 3459 5222 eum
3487 5181 3653 5237 supe-

2059 5265 2288 5322 rioribus
2335 5265 2513 5320 verbis
2554 5279 2858 5334 supremam
2903 5261 3292 5334 philosophiam
3335 5259 3606 5316 docuisset
3631 5303 3646 5325 ,

2056 5375 2254 5430 gnarus
2286 5359 2399 5414 ﬁeri
2441 5373 2545 5412 non
2575 5372 2755 5427 posse,
2788 5365 2845 5409 ut
2874 5371 2972 5411 nos
3016 5353 3263 5410 homines
3290 5352 3499 5407 mortali
3530 5366 3648 5404 cor-

2059 5466 2189 5521 pore
2226 5448 2538 5505 circumdati
2565 5463 2671 5501 non
2711 5447 2986 5512 eadamus,
3017 5446 3178 5500 etiam
3215 5445 3315 5498 hoc
3343 5443 3522 5498 dicere
3547 5443 3648 5495 do-

2058 5543 2166 5598 cuit
2195 5559 2209 5596 :
2243 5540 2310 5596 Et
2334 5540 2526 5593 dimitte
2553 5537 2695 5593 abis
2722 5537 2888 5591 debita
2915 5545 3108 5602 nostra,
3137 5537 3265 5589 sicut
3291 5543 3335 5587 et
3361 5550 3452 5588 nos
3477 5534 3649 5587 dimit-

2061 5635 2212 5689 timus
2237 5632 2541 5689 dcbitoribns
2565 5632 2765 5685 uostris.
2791 5626 2916 5683 Tria
2947 5628 3106 5684 simul
3131 5627 3268 5684 bona
3299 5627 3446 5681 hisce
3475 5626 3652 5682 verbis

2129 5749 2144 5781 ⁸
2182 5753 2284 5798 nuo
2306 5755 2435 5808 "$5.,
2465 5757 2557 5796 nou
2581 5757 2765 5798 mensas
2787 5741 3089 5796 luxuriantes
3115 5748 3160 5796 ct
3183 5741 3246 5794 ad
3273 5738 3551 5802 voluptatem
3571 5737 3649 5798 [u-

2065 5834 2170 5871 rcrc
2189 5821 2430 5884 ﬁtcictttcs.
