4054 6216
442 366 514 422 47
1164 362 1222 419 S.
1261 359 1544 418 JOANNIS
1580 361 2060 421 CilRYSOSTOMl
2099 364 2423 424 ARCIIIEP.
2465 365 3012 426 CONSTANTINOP.

444 489 697 547 operatur
728 497 744 536 :
771 493 865 534 eos
895 479 986 550 qui
1013 477 1080 534 ad
1115 491 1384 534 summum
1425 477 1635 532 virtutis
1660 475 1882 547 gradum
1915 492 2041 548 per-

442 581 703 628 venerunt
747 559 815 628 de
843 587 904 629 se
940 569 1284 628 mediocriter
1328 570 1529 627 sentire
1564 570 1751 638 docet,
1777 569 2036 640 iubetque

442 673 589 719 recte
617 662 770 718 factis
815 677 923 718 non
952 661 1246 729 conlidere,
1287 660 1385 717 sed
1412 659 1699 717 formidare
1744 669 1904 732 atque
1931 670 2037 716 tre-

445 772 596 812 mere
641 757 1034 828 prccteritorum
1078 769 1344 812 memores
1381 764 1726 826 peccatorum
1757 771 1770 809 :
1803 753 1946 826 quod
1981 763 2038 810 et

441 849 655 906 divinus
702 848 903 906 Paulus
932 847 1078 915 facit,
1109 855 1232 919 post
1278 856 1538 903 sexcenta
1587 847 1844 917 praeclare
1888 855 2035 918 gesta

441 940 668 997 dicens:
697 941 952 1008 Quoniam
991 939 1220 995 Christus
1247 938 1400 995 Iesus
1435 939 1568 994 venit
1595 939 1650 993 in
1679 938 1926 993 mundum
1968 938 2037 992 ad

440 1033 740 1088 uiuendum
764 1039 1064 1103 peccatores,
1089 1046 1303 1101 quorum
1323 1030 1515 1101 primus
1538 1046 1629 1102 ego
1652 1046 1764 1086 sum
1794 1029 1869 1102 (l.
1900 1028 2032 1084 Tim.

440 1125 494 1178 1.
527 1122 641 1195 15).
669 1122 786 1180 Non
837 1122 992 1191 dixit,
1025 1123 1184 1178 Eram
1209 1161 1227 1188 ,
1253 1120 1372 1190 sed,
1395 1119 1527 1178 Sum
1553 1162 1571 1187 ,
1602 1131 1920 1192 praesentem
1975 1136 2036 1177 se

438 1231 654 1288 semper
696 1215 993 1272 facinorum
1025 1213 1338 1272 memoriam
1385 1214 1585 1271 habere
1613 1215 1938 1286 signiﬁcans.
1967 1213 2036 1270 lis

439 1308 601 1378 igitur
624 1307 717 1380 qui
746 1308 797 1362 in
825 1321 1077 1378 supremo
1104 1307 1317 1362 virtutis
1349 1305 1516 1377 gradu
1545 1314 1692 1372 sunt,
1723 1320 1789 1362 ex
1818 1303 2035 1361 humili-

443 1406 552 1457 tate
577 1398 797 1454 tutelam
830 1413 926 1469 per
954 1397 1072 1454 haec
1114 1397 1277 1453 verba
1306 1397 1563 1468 paravit?
1594 1411 1688 1452 eos
1712 1403 1914 1462 autem,
1945 1395 2035 1466 qui

441 1497 563 1560 post
589 1488 840 1561 baptismi
866 1489 1090 1560 gratiam
1115 1488 1248 1560 lapsi
1277 1496 1423 1555 sunt,
1455 1487 1522 1544 de
1545 1487 1717 1543 salute
1750 1486 2037 1557 desperare

437 1595 534 1649 sua
558 1595 666 1636 non
695 1581 841 1645 sinit,
872 1579 967 1636 sed
995 1577 1156 1636 docet
1194 1577 1264 1634 ab
1291 1579 1591 1634 animarum
1617 1575 1828 1633 medico
1854 1585 2036 1647 petere

434 1673 608 1730 venite
635 1673 894 1730 remedia.
924 1673 1008 1728 Ad
1036 1673 1154 1728 inec
1191 1686 1321 1727 vero
1363 1669 1710 1726 humanitatis
1737 1668 2034 1725 doctrinam

438 1766 694 1837 suggerit.
717 1765 846 1822 Vult
865 1765 1009 1822 enim
1026 1779 1127 1821 nos
1147 1763 1306 1820 mites
1323 1777 1449 1833 erga
1475 1776 1570 1820 eos
1588 1776 1730 1828 esse,
1747 1761 1835 1832 qui
1865 1761 2036 1832 culpae

435 1866 565 1920 sunt
586 1857 826 1922 obnoxii,
848 1863 904 1913 et
931 1856 1245 1927 injuriarum
1275 1855 1430 1910 nobis
1455 1853 1720 1909 illatarum
1759 1853 2037 1908 immemo-

438 1962 550 2016 res,
581 1957 639 2005 ut
662 1963 760 2020 per
786 1949 997 2006 veniam
1027 1947 1159 2018 ipsis
1183 1946 1365 2002 datam
1393 1954 1449 2002 et
1475 1961 1572 2002 nos
1599 1945 1810 2002 veniam
1840 1960 2034 2002 conse-

439 2054 669 2110 quamur
694 2056 710 2094 :
740 2047 797 2096 et
845 2038 943 2110 ipsi
967 2045 1269 2111 praeeuntes
1319 2037 1663 2109 benignitatis
1711 2036 1929 2094 modum
1981 2045 2038 2094 et

444 2147 752 2189 tnensuram
801 2132 1090 2188 aderamus
1121 2149 1136 2186 :
1169 2140 1374 2186 tantum
1415 2130 1560 2186 enim
1580 2130 1820 2201 recipere
1857 2139 2039 2200 postu-

440 2224 632 2289 lamus,
662 2233 918 2294 quantum
967 2223 1214 2294 proximo
1260 2223 1435 2294 largiti
1480 2237 1668 2279 sumus
1695 2240 1710 2278 :
1737 2232 1792 2280 et
1835 2232 2034 2279 tantam

431 2315 652 2375 .veniam
698 2329 969 2386 rogamus,
1009 2323 1264 2386 quantam
1295 2314 1628 2372 debitoribus
1666 2313 2032 2372 concedimus.

440 2406 769 2479 lnsuperque
795 2408 976 2464 dicere
1002 2409 1277 2476 docemur,
1310 2409 1378 2463 Et
1408 2426 1471 2464 ne
1490 2426 1583 2464 nos
1611 2409 1824 2464 inducas
1848 2409 1902 2463 in
1925 2419 2036 2462 ten-

443 2497 705 2564 tationem,
728 2498 820 2553 sed
838 2497 996 2552 libera
1024 2515 1115 2553 nos
1140 2515 1173 2553 a
1192 2497 1348 2553 maio.
1365 2498 1525 2554 Multa
1540 2514 1769 2570 namque
1791 2499 1945 2556 nobis
1970 2515 2035 2556 ex

436 2585 636 2643 diaboli
648 2601 812 2658 opera
824 2583 1088 2641 accedunt
1103 2584 1217 2640 trist
1226 2584 1272 2640 ia
1287 2603 1302 2640 :
1319 2585 1619 2645 multaitem
1634 2604 1697 2645 ex
1711 2589 2035 2659 hominibus,

441 2679 526 2736 vel
566 2680 742 2751 palam
761 2679 981 2745 inlestis,
997 2678 1074 2734 vel
1094 2678 1226 2735 clam
1243 2678 1635 2738 insidiantibus.
1653 2682 1858 2751 Corpus
1873 2682 2032 2740 etiam

3668 372 3738 426 ω

2147 478 2309 534 modo
2327 488 2512 536 contra
2531 480 2765 535 animam
2790 481 3072 553 insurgens
3085 497 3249 553 grave
3268 483 3522 542 damnum
3550 487 3732 556 infert;

2143 569 2304 626 modo
2332 570 2495 627 variis
2534 571 2868 627 debilitatum
2894 573 3114 642 morbis,
3144 575 3359 632 dolores
3392 578 3546 634 nobis
3573 590 3734 651 atque

2142 661 2427 733 languores
2470 663 2628 734 parit.
2659 663 2842 735 Itaque
2881 681 3002 722 cum
3041 667 3204 722 multa
3248 678 3305 724 et
3333 671 3480 724 varia
3512 685 3608 726 nos
3638 689 3734 727 un-

2142 755 2306 826 dique
2331 756 2502 812 tristia
2528 756 2861 826 adoriantur,
2889 758 3043 814 abiis
3069 760 3314 816 omnibus
3336 771 3394 817 ut
3421 761 3733 827 liberemur,

2141 861 2173 901 a
2204 847 2314 903 Deo
2340 847 2712 905 universorum
2755 857 2939 919 petere
2982 849 3327 906 instituimur.
3361 851 3478 922 Ipso
3504 868 3734 924 namque

2143 939 2352 994 vindice
2379 939 2597 996 sedatur
2620 941 2796 996 omnis
2825 949 3136 1012 tempestas,
3165 941 3355 998 ﬂuctus
3393 944 3444 998 in
3473 946 3734 1014 tranquil-

2143 1032 2345 1110 litatem
2371 1031 2603 1099 cedunt;
2635 1034 3007 1105 malignusque
3032 1035 3123 1090 ille
3153 1035 3464 1105 pudefactus
3483 1037 3732 1106 discedit,

2141 1121 2590 1192 quemadmodum
2631 1124 2759 1179 olim
2802 1125 3003 1180 relictis
3053 1124 3376 1192 hominibus,
3427 1127 3494 1182 ad
3541 1143 3732 1198 porcos

2141 1217 2429 1272 discessit:
2463 1231 2640 1288 neque
2665 1225 2841 1274 tamen
2873 1217 3002 1274 illud
3044 1218 3276 1290 iniussus
3318 1219 3607 1278 facereest
3633 1239 3730 1277 au-

2140 1325 2250 1367 sus.
2279 1310 2381 1378 Qui
2409 1326 2536 1366 vero
2559 1327 2627 1368 ne
2657 1312 2710 1366 in
2742 1326 2936 1383 porcos
2957 1313 3172 1382 quidem
3198 1322 3517 1384 potestatem
3547 1314 3729 1382 habet,

2138 1416 2246 1473 quo
2275 1411 2430 1474 pacto
2458 1402 2700 1458 homines
2725 1403 3008 1474 pervigiles
3038 1404 3324 1474 animoque
3345 1414 3729 1475 temperantes,

2143 1493 2237 1550 Dei
2265 1505 2446 1564 septas
2483 1493 2751 1564 praesidio,
2779 1493 2870 1564 qui
2907 1509 3028 1550 eum
3061 1495 3259 1566 Regem
3286 1510 3408 1551 esse
3448 1511 3602 1552 suum
3629 1512 3730 1565 pu-

2143 1593 2275 1652 tant,
2320 1586 2535 1640 vincere
2583 1585 2795 1656 possit?
2840 1586 3177 1657 Quapropter
3222 1587 3275 1642 in
3323 1586 3430 1642 line
3475 1590 3730 1645 orationis

2142 1677 2236 1732 Dei
2266 1692 2512 1748 regnum,
2555 1677 2808 1733 virtutem
2835 1688 2892 1733 et
2919 1679 3206 1748 potentiam
3245 1679 3481 1735 ostendit
3502 1680 3683 1736 dicens
3714 1700 3729 1738 :

2143 1766 2397 1834 Quoniam
2431 1779 2571 1823 tuum
2609 1780 2683 1824 est
2711 1760 2920 1843 regnum
2962 1780 3010 1826 et
3036 1782 3254 1841 potestas
3280 1782 3326 1826 et
3364 1772 3527 1844 gloria
3554 1775 3606 1827 in
3636 1790 3728 1828 ste-

2139 1859 2278 1926 cula,
2309 1876 2459 1915 amen
2487 1860 2588 1932 (α).
2633 1860 2766 1929 Hoc,
2809 1862 2999 1933 inquit,
3030 1863 3128 1918 abs
3158 1870 3210 1918 te
3232 1874 3376 1933 peto,
3406 1863 3498 1934 qui
3527 1873 3577 1918 te
3608 1864 3728 1919 novi

2139 1950 2343 2022 Regem
2385 1953 2642 2020 omnium,
2672 1961 2878 2009 aeterno
2904 1953 3184 2025 praeditum
3221 1954 3463 2024 imperio,
3490 1954 3580 2025 qui
3609 1969 3729 2010 om-

2139 2043 2249 2110 nia,
2281 2058 2628 2115 quzrcumque
2672 2045 2823 2110 velis,
2866 2053 3037 2115 potes,
3079 2053 3132 2100 et
3171 2044 3341 2115 gloria
3369 2044 3730 2100 circumdatus

2139 2149 2222 2198 es,
2253 2150 2413 2206 quam
2443 2150 2602 2191 nemo
2627 2136 2796 2202 possit
2821 2135 3050 2192 auferre.
3081 2136 3187 2191 Pro
3233 2137 3316 2191 his
3345 2146 3520 2192 autem
3551 2138 3728 2192 omni-

2140 2225 2240 2282 bus
2266 2227 2466 2297 gratias
2506 2240 2728 2296 agamus
2756 2226 2841 2294 ei,
2885 2226 2975 2297 qui
3016 2241 3116 2282 nos
3162 2227 3322 2281 tantis
3364 2225 3610 2297 dignatus
3647 2235 3729 2282 est

2140 2317 2335 2384 bonis;
2367 2319 2491 2388 quia
2545 2317 2646 2388 ipsi
2692 2319 2940 2375 convenit
2983 2319 3160 2374 omnis
3201 2319 3365 2390 gloria
3393 2360 3409 2386 ,
3460 2319 3634 2375 honor
3673 2330 3729 2378 et

2141 2408 2446 2478 imperium,
2495 2409 2660 2478 Patri,
2691 2408 2825 2466 Filio
2869 2418 2924 2466 et
2969 2410 3190 2483 Spiritui
3237 2419 3444 2476 sancto,
3488 2427 3632 2468 nunc
3671 2423 3729 2470 et

2141 2513 2376 2570 semper,
2401 2508 2455 2554 et
2481 2499 2534 2554 in
2561 2500 2757 2554 saecula
2786 2500 3126 2556 saeculorum.
3156 2501 3349 2557 Amen.

2203 2632 2276 2698 (α)
2309 2640 2418 2698 Haec
2441 2639 2685 2698 postrema
2719 2632 2949 2692 clausula,
2991 2647 3101 2698 quae
3123 2635 3265 2684 abest
3287 2647 3316 2685 a
3339 2634 3556 2698 Vulgata,
3581 2634 3632 2685 in
3655 2635 3726 2686 Bi-

2139 2693 2453 2745 bliis'crazcis'
2474 2693 2674 2757 legitur.

1918 3407 2268 3470 MONITUM

541 3619 695 3676 lianc
719 3621 1000 3678 homiliam
1030 3637 1138 3679 non
1167 3624 1465 3694 publicavit
1502 3623 1768 3681 Henricus
1809 3625 2081 3695 Savilius;
2121 3626 2216 3683 sed
2256 3624 2406 3694 prior
2441 3640 2504 3680 ex
2547 3625 2786 3681 tenebris
2825 3640 2889 3682 ex
2935 3640 3044 3681 uno
3082 3634 3289 3680 tantum
3326 3623 3522 3680 Codice
3549 3622 3692 3678 eruit

467 3730 674 3789 Fronto
725 3732 976 3792 Ducaeus.
1007 3734 1172 3802 Anni,
1203 3751 1314 3808 quo
1343 3736 1524 3792 habita
1570 3736 1688 3793 haec
1726 3735 1850 3805 fuit,
1874 3737 2245 3808 temporisque
2274 3747 2486 3806 notam,
2535 3755 2655 3796 meo
2705 3737 2933 3810 judicio,
2967 3754 3078 3795 non
3127 3739 3348 3795 dubiam
3388 3739 3698 3809 suppeditat

466 3844 890 3919 Chrysostomus
919 3851 975 3907 in
1002 3853 1249 3922 exordio,
1279 3868 1403 3910 cum
1436 3855 1513 3910 ait
1550 3870 1610 3912 se
1650 3873 1823 3929 nuper
1847 3857 1916 3914 de
1947 3857 2275 3930 Paralytico,
2323 3859 2416 3930 qui
2449 3859 2610 3916 annis
2659 3859 2879 3930 triginta
2925 3865 3049 3914 octo
3093 3855 3406 3912 inﬁrmitate
3446 3855 3698 3911 detentus

464 3960 665 4032 iuerat,
694 3981 1005 4027 sermonem
1037 3970 1300 4028 habuisse
1332 3989 1349 4029 :
1383 3972 1474 4029 ubi
1503 3989 1622 4029 eam
1657 3989 1968 4032 memorare
1991 3991 2220 4048 prorsus
2246 3977 2458 4032 videtur
2489 3977 2793 4042 homiliam,
2827 3992 2990 4048 quam
3023 3987 3212 4031 contra
3244 3974 3531 4030 Anomaeos
3558 3973 3691 4027 duo-

462 4077 729 4135 decimam
776 4082 1061 4151 posuimus
1099 4083 1273 4141 Temo
1299 4084 1342 4140 Ι.
1369 4084 1426 4140 1η
1470 4085 1560 4141 illa
1593 4086 1796 4158 quippe
1843 4096 2034 4144 contra
2076 4088 2374 4145 Anomceos
2409 4089 2679 4159 praecipue
2725 4088 2919 4159 agitur,
2958 4087 3312 4156 exemploque
3353 4081 3631 4155 paralytici
3662 4095 3691 4134 a

459 4195 653 4250 morbo
682 4194 892 4252 liberati
919 4198 1184 4268 aequalem
1216 4210 1451 4270 paterna:
1471 4201 1594 4256 Filii
1625 4211 1943 4272 potestatem
1972 4211 2364 4258 commonstrat
2387 4201 2445 4257 S.
2479 4202 2711 4269 doctor;
2742 4201 2875 4273 quin
2910 4200 3071 4255 etiam
3109 4209 3168 4254 ut
3211 4199 3332 4253 Filii
3365 4214 3489 4254 cum
3533 4197 3690 4254 Patre

459 4308 818 4378 aequalitatem
856 4319 1086 4376 asserat,
1127 4310 1272 4373 hunc
1305 4311 1580 4384 Evangelii
1619 4313 1824 4380 locum,
1867 4313 2032 4370 Pater
2066 4331 2208 4370 meus
2244 4332 2405 4386 usque
2443 4315 2596 4369 modo
2634 4325 2902 4385 operatur,
2934 4323 2984 4368 et
3022 4329 3114 4384 ego
3154 4328 3357 4383 operor,
3395 4313 3692 4382 explanan-

457 4424 586 4480 dum
617 4427 864 4498 suscipit.
901 4427 1039 4486 Hinc
1067 4429 1231 4485 etiam
1263 4429 1408 4485 aliud
1439 4403 1820 4501 argumentum
1847 4431 2113 4497 eruimus,
2148 4447 2258 4501 quo
2287 4432 2550 4502 probatur
2581 4434 2721 4487 hanc
2754 4432 3032 4488 homiliam
3072 4430 3260 4501 paucis
3291 4439 3414 4500 post
3445 4429 3588 4483 illam
3620 4428 3692 4484 de

462 4537 573 4596 alio
595 4540 890 4612 paralytico
915 4541 1111 4598 diebus
1139 4542 1541 4613 pronuntiatam
1571 4541 1778 4608 fuisse;
1809 4543 1862 4597 in
1889 4542 1991 4597 hac
2019 4543 2164 4597 enim
2199 4557 2417 4614 quoque
2445 4545 2512 4600 de
2549 4543 2667 4599 Filii
2699 4559 2823 4599 cum
2861 4543 3018 4599 Patre
3059 4542 3366 4614 mqualitate
3392 4541 3598 4611 aliqum
3632 4539 3685 4594 in

1835 5018 2330 5103 HOMILIA

433 5202 496 5247 IN
548 5198 996 5247 PAIALY‘I'ICUI
1041 5193 1162 5241 PER
1204 5195 1462 5240 TBCTUM
1505 5193 1851 5250 ωηιιεευκ,
1897 5193 2068 5247 QUOD
2110 5194 2234 5238 NON
2279 5193 2381 5238 SIT
2421 5192 2586 5249 ILLB,
2617 5191 2698 5236 DE
2727 5191 2855 5245 QUO
2903 5191 3066 5235 APUD
3110 5187 3404 5234 JOANNEM
3439 5187 3703 5244 AGITUR;

1440 5337 1652 5392 DEQUB
1695 5335 1848 5380 F11."
1891 5337 2025 5382 CUM
2067 5339 2272 5382 PATER
2316 5336 2766 5391 EQUALITATE-

1959 5477 2223 5535 clauae

511 5617 534 5670 Ι
597 5616 727 5670 Cum
759 5615 810 5669 in
841 5612 1190 5685 paralyticum
1214 5611 1364 5682 juxta
1411 5607 1666 5679 piscinam
1710 5607 1763 5662 in
1789 5606 1928 5663 lecto
1949 5604 2033 5674 ja-

439 5714 646 5760 centeni
677 5719 846 5774 nuper
872 5703 1264 5766 incidissemus,
1295 5699 1517 5754 multum
1546 5708 1599 5753 ct
1624 5699 1894 5767 ingentem
1919 5696 2031 5751 the-

439 5813 656 5858 saurum
700 5797 1021 5864 invenimus,
1051 5810 1158 5852 non
1187 5804 1381 5851 terram
1411 5790 1746 5861 cll'odicntes,
1778 5791 1871 5849 scd
1916 5790 2030 5862 ejus

2140 5599 2304 5657 animi
2345 5613 2502 5656 sensa
2552 5608 2848 5654 scrutantes
2880 5617 2891 5652 :
2920 5599 3225 5654 thesaurum
3279 5597 3576 5652 invenimus
3619 5609 3723 5652 non

2138 5709 2325 5749 aurum
2352 5704 2406 5749 ct
2431 5690 2694 5764 pretiosos
2722 5689 2924 5760 lapides
2963 5690 3346 5755 continentem,
3371 5686 3462 5742 sed
3496 5685 3726 5742 toleran-

2138 5788 2284 5855 tiam,
2318 5782 2731 5861 philosolihiam,
2764 5783 3094 5855 patientiam,
3126 5791 3178 5838 ct
3207 5779 3429 5836 multant
3460 5779 3514 5836 in
3555 5777 3729 5835 Deum
