4054 6216
420 334 505 390 49-
1118 334 1174 391 S.
1216 331 1501 391 JOANNIS
1538 329 1992 390 CHRYSOS'I'O}?

2093 329 2384 388 lRtZlﬂEP.
2424 331 2967 390 CONSTANTLVOP.
3599 324 3669 384 50

416 448 510 502 καὶ
539 446 736 519 πολλὴν
760 449 858 518 τὴν
883 447 1015 521 πρὸς
1052 449 1137 502 τὸν
1169 449 1303 504 Θεὸν
1337 450 1545 515 ἐλπίδα,
1572 450 1608 520 ή
1638 448 1835 512 παντὸς
1855 466 1987 519 χρυ-

417 539 532 591 σίου
566 540 659 592 καὶ
684 540 864 610 πάσης
893 539 1156 611 εὐπορίας
1180 542 1298 594 ἐστὶ
1327 541 1649 613 τιμιωτέρα.
1668 542 1726 594 '0
1759 541 1854 612 μέν
1879 540 1988 611 γάρ

414 630 669 701 αἰσθητὸς
717 630 945 694 πλοῦτος
987 632 1080 685 καὶ
1125 632 1336 703 λῃστῶν
1371 634 1682 697 ἐπιϐουλαῖς
1712 632 1827 705 [55]
1858 633 1990 704 πρό-

414 736 630 786 κειται,
674 723 770 777 καὶ
810 724 1159 793 συκοφαντῶν
1205 725 1458 796 στόμασι,
1507 726 1603 779 καὶ
1645 725 1989 796 τοιχωρύχων

412 812 570 882 χερσὶ
618 812 712 864 καὶ
755 811 981 864 οίκετῶν
1033 812 1413 886 κακουργίαις,
1459 813 1554 864 καὶ
1599 811 1726 864 ὅταν
1775 810 1989 863 ἅπαντα

414 903 586 957 ταῦτα
625 902 885 974 διαφύγῃ,
911 903 1030 956 τότε
1060 906 1173 968 τοῖς
1203 902 1560 974 κεκτημένοις
1606 902 1864 973 μέγιστον
1893 903 1990 953 ἐπ·-

413 994 536 1062 άγει
576 993 834 1056 πολλάκις
867 993 956 1046 τὸν
993 993 1234 1065 ὃλεθρον,
1263 993 1548 1063 βασκάνων
1577 991 1888 1062 ὀφθαλμοὺς
1914 989 1992 1042 δι-

414 1085 664 1157 εγείρων,
691 1085 784 1138 καὶ
817 1084 1043 1156 μυρίους
1082 1086 1145 1139 ἐκ
1172 1085 1364 1138 τούτου
1387 1084 1586 1137 τίκτων
1614 1081 1987 1153 χειμῶνας.⁹0

413 1177 470 1231 δὲ
496 1177 864 1249 πνευματικὸς
897 1177 1124 1241 πλοῦτος
1153 1178 1369 1241 άπάσας
1406 1175 1606 1238 ταύτας
1635 1173 1854 1244 διέφυγε
1888 1171 1988 1235 τὰς

413 1269 606 1333 λαϐάς,
639 1269 732 1323 καὶ
763 1269 941 1340 πάσης
983 1269 1246 1342 ἐπηρείας
1297 1269 1444 1322 ἐστὶν
1493 1267 1767 1338 ἀνώτερος
1811 1262 1988 1318 τοιαύ-

411 1377 533 1430 της,
567 1361 662 1414 καὶ
697 1360 909 1432 λῃστῶν
939 1361 1033 1414 καὶ
1053 1358 1400 1431 τοιχωρύχων
1435 1359 1529 1412 καὶ
1563 1356 1850 1427 βασκάνων
1893 1353 1988 1407 καὶ

415 1451 766 1520 συκοφαντῶν
804 1451 899 1504 καὶ
926 1450 1092 1504 αὐτοῦ
1123 1449 1440 1519 καταγελῶν
1467 1449 1562 1502 τοῦ
1587 1447 1835 1501 θανάτου.
1856 1445 1990 1498 Οὐδέ

411 1543 522 1615 γάρ
553 1542 768 1613 θανάτῳ
792 1541 1172 1611 διαζεύγνυται
1197 1541 1292 1595 τοῦ
1321 1539 1682 1611 κεκτημένου,
1713 1535 1850 1592 ἀλλά
1871 1535 1989 1590 τότε

417 1634 651 1705 μάλιστα
695 1633 1077 1705 ἀσφαλεστέρα
1124 1634 1158 1702 ἡ
1209 1632 1402 1703 κτῆσις
1445 1629 1607 1684 αὐτοῦ
1654 1631 1768 1691 τοῖς
1809 1627 1990 1698 ἔχουσι

413 1723 642 1790 γίνεται,
672 1724 766 1776 καὶ¹
808 1723 1196 1792 συναποδημεῖ,
1233 1721 1324 1773 καὶ
1372 1718 1803 1790 συμμεθίσταται
1855 1715 1992 1787 πρὸς

414 1813 512 1886 τήν
546 1813 838 1886 μέλλουσαν
869 1812 1032 1884 ζωὴν,
1061 1812 1153 1865 καὶ
1196 1811 1492 1881 συνήγορος
1523 1809 1734 1877 γίνεται
1782 1805 1993 1876 θαυμα-

418 1906 560 1968 στὸς,
592 1899 672 1968 οἷς
718 1903 783 1959 ἂν
826 1905 942 1957 ἐκεῖ
985 1901 1324 1973 συναπέλθῃ,
1358 1901 1453 1954 καὶ
1499 1900 1626 1954 ἵλεω
1673 1897 1993 1970 καθίστησιν

417 1999 598 2059 αὐτοῖς
630 1995 721 2049 τὸν
749 1994 1058 2060 δικάζοντα.

486 2087 686 2141 Τοῦτον
720 2088 812 2140 καὶ
842 2087 1002 2156 ἡμεῖς
1046 2085 1136 2138 τὸν
1181 2083 1408 2138 πλοῦτον
1461 2082 1598 2154 μετά
1651 2077 1852 2150 πολλῆς
1895 2080 1994 2150 τῆς

413 2176 693 2247 δαψιλείας
749 2176 1060 2247 εὑρήκαμεν
1109 2174 1166 2227 ἐν
1211 2175 1277 2242 τῇ
1315 2171 1410 2225 τοῦ
1456 2168 1828 2240 παραλυτικοῦ
1870 2186 1996 2221 κατ-

413 2262 796 2337 ορωρυγμένον
849 2261 1018 2332 ψυχῇ.
1067 2260 1177 2314 Καὶ
1221 2260 1498 2332 μάρτυρες
1549 2257 1707 2329 ὑμεῖς
1751 2257 1801 2310 οί
1855 2255 1995 2325 μετά

414 2357 615 2428 πολλῆς
649 2354 810 2408 αὐτὸν
843 2352 1267 2423 ἐξαντλήσαντες
1298 2353 1398 2421 τῆς
1444 2349 1774 2421 προθυμίας,
1805 2349 1865 2401 οὐ
1905 2364 1994 2401 κε-

415 2445 686 2506 νώσαντες
713 2443 790 2496 δέ.
822 2441 1056 2511 Τοιαύτη
1089 2439 1197 2512 γὰρ
1230 2441 1264 2508 ή
1298 2438 1391 2491 τοῦ
1429 2435 1796 2506 πνευματικοῦ
1828 2434 1991 2487 πλού-

413 2555 511 2591 του
537 2536 698 2605 φύσις
722 2551 736 2566 ·
759 2533 858 2596 τάς
885 2530 994 2586 τῶν
1022 2531 1228 2584 ὑδάτων
1258 2527 1540 2600 ἐπιρροίας
1566 2528 1832 2598 μιμεῖται,
1861 2524 1994 2594 μάλ-

414 2630 508 2682 λον
550 2627 606 2681 δέ
641 2627 738 2680 καί¹
766 2623 990 2678 ἐκείνων
1019 2622 1146 2692 νικᾷ
1170 2621 1271 2690 τὴν
1310 2617 1592 2688 ἀφθονίαν,
1621 2616 1741 2670 τότε
1769 2614 1991 2669 πλεονά-

417 2719 586 2782 ζουσα
639 2714 858 2786 μᾶλλον,
895 2713 1022 2766 ὅταν
1070 2710 1298 2773 πολλοὺς
1345 2708 1444 2781 ἔχῃ
1490 2710 1615 2771 τοὺς
1662 2706 1996 2778 ἀρυομένους

416 2809 607 2879 αὐτήν.
644 2807 734 2869 Είς
759 2805 869 2878 γὰρ
903 2803 1001 2876 τὴν
1040 2804 1268 2858 ἑκάστου
1293 2800 1468 2872 ψυχὴν
1505 2798 1708 2863 είσιὼν,
1751 2800 1810 2852 οὐ
1843 2798 1997 2869 μερί-

416 2899 589 2964 ζεται,
620 2897 740 2950 οὐδέ
766 2897 1102 2959 ἐλαττοῦται,
1123 2894 1239 2948 ἀλλ’
1257 2893 1547 2963 ὁλόκληρος
1577 2891 1790 2961 ἐκάστῳ
1818 2908 1996 2962 παρα-

416 2987 700 3058 γινόμενος
731 2986 1003 3049 ἀνάλωτος
1030 2985 1179 3056 μένει
1199 2982 1480 3056 διηνεκῶς,
1512 2982 1764 3036 οὐδέποτε
1796 2980 1996 3034 ἐπιλεί-

406 3095 538 3143 ,πειν
571 3075 865 3148 δυνάμενος
887 3091 901 3107 ·
937 3073 965 3128 ὅ
991 3075 1055 3146 δὴ
1102 3073 1197 3128 καὶ
1228 3073 1346 3127 τότε
1384 3071 1684 3126 συνέϐαινε.
1713 3070 1994 3124 Τοσούτων

416 3171 524 3243 γὰρ
561 3169 925 3224 ἐπιπεσόντων
962 3167 1041 3238 τῷ
1071 3165 1350 3238 θησαυρῷ,
1385 3167 1478 3218 καῖ
1508 3165 1725 3219 πάντων
1753 3163 1823 3216 τά
1855 3163 1995 3216 κατά

415 3263 642 3334 δύναμιν
662 3261 977 3333 ἀρυομένων
1003 3259 1210 3313 ἐκεῖθεν
1230 3275 1246 3290 ’
1281 3259 1374 3312 καὶ
1400 3257 1453 3311 τί
1482 3257 1624 3326 λέγω
1653 3257 1781 3328 περὶ
1815 3256 1991 3326 ὑμῶν,

414 3353 547 3405 ὅπου
577 3367 639 3421 γε
677 3351 734 3416 ἐξ
774 3349 983 3403 ἐκείνου
1011 3347 1104 3400 τοῦ
1151 3347 1342 3419 χρόνου
1381 3345 1541 3418 μέχρι
1585 3346 1684 3416 τῆς
1715 3343 1994 3416 παρούσης

415 3447 629 3518 ἡμέρας
665 3445 890 3516 μυρίους
921 3443 1153 3512 ποιήσας
1193 3441 1479 3510 εὐπόρους,
1526 3438 1618 3492 ἐπὶ
1660 3439 1760 3510 τῆς
1789 3437 1996 3501 οίκείας

415 3535 749 3604 τελειότητος
785 3538 967 3604 μένεις
999 3533 1091 3603 Μὴ
1123 3531 1302 3586 τοίνυν
1328 3531 1706 3601 ἀποκάμωμεν
1732 3530 1868 3602 πρὸς
1895 3529 1995 3601 τὴν

419 3625 797 3695 πνευματικὴν
820 3623 1023 3694 ταύτην
1050 3623 1308 3694 εὐπορίαν
1327 3640 1341 3653 ·
1369 3621 1484 3676 ἀλλ’
1507 3622 1631 3675 ὅσον
1657 3621 1881 3675 δυνατὸν
1901 3624 1994 3675 καὶ

417 3713 514 3768 νῦν
557 3712 989 3782 ἐξαντλήσωμεν,
1025 3711 1120 3764 καὶ
1155 3710 1355 3781 ἴδωμεν
1384 3709 1764 3782 φιλάνθρωπον
1791 3712 1996 3764 Δεσπό-

416 3823 540 3876 την,
570 3804 769 3874 ἴδωμεν
797 3801 1123 3874 καρτερικὸν
1153 3801 1392 3872 οίκὲτην.
1417 3801 1722 3872 Τριάκοντα
1747 3802 1878 3870 γοῦν
1901 3807 1995 3858 καὶ

417 3897 562 3951 ὀκτὼ
589 3896 683 3967 ἔτη
717 3896 1001 3968 ἀρρωστία
1033 3894 1275 3949 παλαίων
1307 3895 1512 3965 ἀνιάτῳ
1537 3895 1630 3948 καὶ
1667 3893 1994 3967 μαπιζὸμε-

417 4007 508 4054 νος
531 3988 814 4060 διηνεκῶς,
836 3988 936 4041 οὐκ
958 3987 1335 4060 ἐδυσχέρανεν,
1368 3987 1469 4041 οὐκ
1491 3986 1671 4057 ἀφῆκε
1697 3989 1848 4058 ῥῆμα
1869 3988 1996 4058 βλά-

420 4099 654 4153 σφημον,
689 4081 748 4134 οὐ
785 4079 1129 4150 κατηγόρησε
1163 4077 1258 4131 τοῦ
1287 4077 1666 4148 πεποιηκότος,
1700 4079 1838 4132 ἀλλά
1868 4096 1994 4148 γεν-

418 4174 583 4236 ναίως
613 4172 706 4225 καὶ
734 4171 870 4242 μετὰ
897 4170 1095 4240 πολλῆς
1125 4169 1220 4240 τῆς
1253 4169 1552 4233 ἐπιεικείας
1579 4170 1677 4242 τήν
1712 4171 1996 4243 συμφορὰν

420 4263 614 4336 ἔφερεν
657 4262 888 4332 ἐκείνην.
921 4260 1027 4313 Καὶ
1059 4258 1222 4313 πόθεν
1251 4257 1411 4312 τοῦτο
1449 4260 1643 4329 δῆλον;
1681 4262 1878 4332 φησίνο
1903 4263 1997 4316 οὐ·-

416 4356 506 4412 δέν
529 4355 635 4427 γὰρ
660 4355 787 4426 περὶ
817 4352 916 4423 τῆς
937 4351 1048 4404 ἀνω
1076 4349 1223 4421 ζωῆς
1247 4349 1409 4404 αὐτοῦ
1441 4350 1626 4421 σαφῶς
1649 4354 1799 4424 ἡμᾶς
1821 4353 1995 4408 ἐδίδα-

420 4451 510 4516 ξεν
538 4449 572 4520 ή
603 4447 815 4519 Γραφὴ,
846 4444 959 4498 ἀλλ’
989 4444 1070 4497 ὅτι
1110 4443 1209 4516 μέν
1237 4445 1528 4515 τριάκοντα
1558 4443 1702 4497 ὀκτὼ
1729 4443 1824 4514 ἔτη
1851 4441 1996 4516 εἶχεν

419 4545 477 4595 ἐν
521 4542 589 4612 τῇ
635 4538 887 4607 ἀσθενείᾳ
927 4533 1115 4601 αὐτοῦ,
1145 4534 1302 4605 δῆλον
1351 4535 1637 4606 ἐποίησεν·
1673 4537 1754 4589 ὅτι
1799 4537 1856 4590 δὲ
1896 4539 1995 4592 οὐκ

418 4631 793 4701 ἐδυσχέρανεν,
817 4627 938 4681 οὐδέ
965 4627 1361 4698 ἠγανάκτησεν,
1395 4628 1514 4681 οὐδέ
1559 4629 1991 4702 ἁπεδυσπέτησε,

418 4722 577 4776 τοῦτο
607 4720 790 4774 οὐκέτι
818 4719 1180 4790 προσέθηκεν.
1211 4719 1319 4772 Καὶ
1363 4719 1468 4790 μὴν
1512 4721 1608 4773 καὶ
1655 4721 1811 4775 τοῦτο
1837 4723 1994 4795 δῆλον

420 4814 694 4882 ἐποίησεν,
718 4811 770 4864 εί
790 4827 874 4872 τις
902 4809 1142 4880 ἀκριϐῶς
1164 4809 1442 4881 προσέχοι,
1467 4811 1560 4864 καὶ
1587 4811 1661 4884 μὴ
1683 4813 1818 4885 παρέ
1829 4832 1991 4885 ργως,

423 4904 558 4976 μηδέ
584 4902 964 4965 ἀπλῶς.”οταν
985 4900 1093 4972 γάρ
1115 4901 1350 4972 ἀκούσῃς
1375 4903 1456 4956 ὅτι
1479 4905 1756 4959 ἐπιστάντι
1776 4907 1994 4979 Χριστῷ

420 4999 514 5051 καὶ
562 4996 662 5048 οὐκ
697 4994 809 5048 ὄντι
857 4993 1152 5064 γνωρίμῳ,
1201 4993 1314 5046 ἀλλ’
1343 4993 1612 5066 ἀνθρώπῳ
1657 4997 1996 5070 νομιζομένῳ

417 5088 578 5159 ψιλῷ,
613 5087 748 5158 μετά
779 5084 1047 5154 τοσαύτης
1073 5084 1370 5148 ἐπιεικείας
1401 5085 1671 5155 διελέγετο
1699 5089 1868 5159 αὐτῷ,
1901 5093 1994 5145 καὶ

418 5179 518 5249 τὴν
556 5175 862 5248 ἔμπροσθεν
891 5173 1054 5228 αὐτοῦ
1091 5173 1408 5243 φιλοσοφίαν
1447 5174 1649 5248 δυνήσῃ
1676 5175 1989 5234 θεάσασθαι.

421 5269 640 5322 Εἰπόντι
682 5267 792 5338 γὰρ
822 5265 990 5337 αὐτῷ,
1024 5265 1230 5332 Θέλεις
1266 5266 1440 5335 ὑγιὴς
1479 5267 1792 5336 raw-£00m;
1842 5271 1994 5324 οὐδὲν

419 5355 573 5415 εἶπεν
620 5353 728 5412 οἷον
773 5357 921 5420 είκδς
968 5352 1058 5428 ἦν,
1101 5356 1183 5409 ὅτι
1222 5356 1384 5427 Ὁρᾷς
1437 5373 1503 5428 με
1552 5358 1993 5429 παραλελυμένον

418 5453 606 5524 χρόνον
631 5448 885 5504 τοσοῦτον
918 5447 1334 5519 κατακείμενον,
1365 5450 1459 5502 καὶ
1488 5451 1697 5522 ἐρωτᾷς
1728 5453 1776 5504 εί
1809 5452 1996 5522 βούλο-

418 5562 518 5612 μαι
554 5543 804 5610 γενέσθαι
839 5543 1031 5613 ὐγιής;
1063 5540 1367 5612 ἐπεμϐῆναί
1405 5558 1504 5611 μου
1532 5546 1643 5606 τοῖς
1673 5546 1863 5607 κακοῖς
1894 5541 1991 5616 ήλ-

422 5631 536 5692 θες,
566 5633 840 5696 ὀνειδίσαι,
874 5635 966 5686 καὶ
991 5632 1383 5701 καταγελάσαι,
1416 5633 1508 5686 καὶ
1543 5634 1873 5703 κωμῳδῆσαι
1894 5637 1992 5707 τὴν

424 5727 739 5796 συμφοράν,
791 5725 954 5780 Οὐδὲν
985 5725 1101 5797 [δι]
1135 5723 1370 5779 τοιοῦτον
1394 5723 1513 5778 οὐδέ
1549 5720 1718 5795 εἶπεν,
1753 5725 1871 5780 οὐδέ
1901 5730 1986 5781 ἐν-

2089 447 2332 518 ενόησεν,
2359 448 2495 502 ἀλλά
2545 451 2664 518 μετ’
2698 445 3028 507 ἐπιεικείας·
3059 443 3168 497 Ναὶ
3189 483 3204 508 ,
3240 442 3434 511 Κύριε,
3479 447 3668 516 φησίν.

2088 539 2151 591 Εἰ
2181 539 2237 592 δὲ
2271 539 2409 609 μετὰ
2437 539 2732 610 τριάκοντα
2764 535 2910 590 ὀκτὼ
2938 535 3032 604 ἐτη
3073 534 3217 587 οὕτω
3255 535 3427 602 πρᾶος
3455 528 3544 604 ἦν,
3573 529 3666 584 οῦ-

2087 645 2194 692 τως
2246 629 2492 700 ἐπιεικὴς
2516 670 2531 694 ,
2588 628 2688 698 τῆς
2740 627 2984 689 εὐτονίας
3029 624 3176 696 αὐτῷ
3229 623 3667 694 καταϐληθείσης

2086 719 2305 791 ἁπάσης
2341 720 2435 774 καὶ
2479 720 2578 791 τῆς
2623 720 2905 790 δυνάμεως
2948 718 3058 772 τῶν
3086 716 3382 789 λογισμῶν,
3415 714 3669 786 ἐννόησον

2085 811 2271 863 ὁποῖον
2296 810 2442 874 είκὺς
2468 805 2606 864 εἴναι
2633 809 2820 862 τοῦτον
2849 811 2906 863 ἐν
2942 811 3057 872 τοῖς
3088 808 3392 878 προοιμίοις
3421 805 3528 860 τῶν
3558 807 3666 859 δει-

2086 901 2365 955 νῶν.Ἵστε
2408 900 2518 972 γὰρ
2561 900 2734 973 δήπου
2779 901 3000 964 πάντες,
3027 903 3110 954 δτι
3161 900 3260 970 οὐχ
3307 898 3508 969 ὁμοίως
3559 897 3666 950 είσὶ

2086 991 2401 1064 δυσάρεστοι
2432 993 2481 1045 οἱ
2508 993 2786 1057 νοσοῦντες
2827 994 2884 1045 ἐν
2928 994 3071 1065 ἀρχῇ
3099 991 3197 1062 τῆς
3226 990 3536 1062 ἀρρωστίας
3569 991 3666 1044 καὶ

2089 1084 2284 1137 πολλοῦ
2313 1084 2594 1155 προϊόντος
2622 1083 2716 1137 τοῦ
2742 1084 2934 1155 χρόνου
2957 1101 2969 1114 ”
2987 1084 3108 1137 τότε
3141 1081 3248 1153 γὰρ
3279 1082 3513 1153 μάλιστα
3537 1081 3666 1134 δυσ·-

2089 1179 2268 1247 χερεῖς
2291 1176 2532 1244 γίνονται
2566 1177 2615 1230 οί
2654 1176 2955 1240 νοσοῦντες,
2989 1177 3117 1230 ὅταν
3147 1176 3226 1239 είς
3259 1175 3432 1245 μῆκος
3496 1173 3666 1244 ἐπιδῷ

2085 1267 2149 1321 τὸ
2184 1268 2416 1338 νόσημα,
2445 1268 2566 1322 τότε
2596 1270 2760 1322 πᾶσιν
2789 1267 3148 1339 ἀφόρητοι.⁴0
3176 1267 3232 1320 δέ
3263 1264 3402 1337 μετά
3428 1265 3666 1318 τοσαῦτα

2089 1355 2182 1428 ἐτη
2208 1356 2350 1410 οὕτω
2378 1357 2702 1428 φιλοσοφῶν,
2731 1356 2903 1420 οὕτως
2932 1356 3268 1424 ἀνεξικάκως
3296 1354 3664 1426 ἀποκρινόμε-

2087 1463 2198 1512 νος,
2221 1447 2442 1518 εῦδηλον
2464 1449 2546 1502 ὅτι
2579 1449 2672 1502 καὶ
2702 1450 2793 1503 τὸν
2823 1448 3131 1520 ἔμπροσθεν
3155 1448 3342 1518 χρόνον
3376 1446 3515 1519 μετά
3538 1446 3667 1500 πολ-

2087 1538 2184 1610 λῆς
2207 1541 2307 1609 τῆς
2341 1539 2688 1612 εὐχαριστίας
2710 1541 2808 1612 τήν
2837 1538 3120 1610 συμφορὰν
3145 1538 3339 1608 ἔφερεν
3373 1537 3608 1607 ἐκείνην.

2159 1631 2345 1684 Ταῦτα
2388 1627 2480 1686 οῦν
2531 1635 2625 1687 καλ¹
2653 1635 2816 1704 ἡμεῖς
2850 1630 3188 1702 λογιζόμενοι
3234 1628 3530 1700 μιμώμεθα
3567 1628 3666 1699 τήν
3731 1699 3758 1706 r

2089 1722 2365 1794 ὑπομονὴν
2409 1723 2504 1776 τοῦ
2551 1723 2870 1778 συνδούλου·
2920 1721 3080 1792 ἱκανή
3125 1720 3234 1791 γὰρ
3277 1723 3310 1792 ή
3363 1719 3665 1791 παράλυσις

2089 1813 2295 1867 ἐκείνου
2336 1815 2436 1878 τὰς
2472 1815 2746 1887 ἡμετέρας
2777 1815 3092 1884 ἐπισφίγξαι
3118 1813 3294 1884 ψυχάς
3313 1830 3327 1844 ο
3357 1811 3532 1874 οὐδεὶς
3558 1811 3667 1882 γὰρ

2089 1907 2231 1960 οῦτω
2280 1907 2485 1978 νωθρὸς
2531 1909 2624 1960 καὶ
2672 1907 3026 1978 παρειμένος,
3065 1905 3140 1968 ώς
3181 1904 3242 1957 τὸ
3295 1902 3524 1975 μέγεθος
3568 1902 3666 1972 τῆς

2092 2001 2376 2070 συμφορᾶς
2407 1999 2665 2069 ἐννοήσας
2694 1997 2929 2068 ἐκείνης,
2970 1996 3045 2068 μή
3076 1995 3253 2050 πάντα
3291 1995 3554 2064 γενναίως
3581 1995 3668 2046 ἐν-

2091 2092 2273 2158 εγκεῖν
2299 2089 2365 2142 τά
2395 2089 2808 2159 προσπίπτοντα
2838 2087 3003 2153 δεινὰ,
3044 2085 3144 2139 κᾶν
3171 2086 3423 2139 ἀπάντων
3457 2086 3667 2155 ἀφορη-

2089 2181 2284 2253 τότερα
2402 2180 2538 2235 Οῦτε
2579 2180 2688 2252 γάρ
2727 2183 2760 2252 ή
2792 2181 2970 2248 ὑγίεια
2995 2178 3161 2233 αὐτοῦ
3193 2179 3370 2249 μόνον,
3397 2177 3532 2232 ἀλλά
3572 2178 3668 2231 καὶ

2092 2272 2124 2342 ή
2154 2272 2306 2336 νόσος
2339 2276 2602 2344 μεγίστης
2634 2275 2764 2344 ἡμῖν
2797 2272 3064 2340 ὠφελείας
3092 2272 3312 2340 γέγονεν
3337 2270 3486 2324 αίτία
3503 2286 3516 2300 ο
3544 2269 3580 2339 ἦ
3605 2287 3667 2322 τε

2090 2364 2200 2435 γὰρ
2239 2365 2500 2437 θεραπεία
2531 2366 2666 2436 πρὸς
2696 2365 3002 2432 δοξολογίαν
3029 2363 3123 2417 τοῦ
3147 2363 3417 2416 Δεσπότου
3450 2365 3540 2414 καὶ
3566 2362 3668 2424 τὰς

2094 2454 2206 2507 τῶν
2235 2455 2541 2509 ἀκουόντων
2568 2455 2756 2526 ήγειρε
2794 2454 2996 2524 ψυχάς
3027 2454 3062 2524 ἦ
3087 2470 3146 2506 τε
3177 2454 3330 2515 νόσος
3355 2452 3449 2504 καὶ
3487 2453 3519 2522 ἦ
3562 2451 3669 2521 ἀῤ·

2095 2545 2300 2615 ⁶όωστία
2323 2547 2458 2616 πρὸς
2477 2545 2753 2617 ὑπομονὴν
2776 2546 2919 2616 ὑμᾶς
2941 2545 3146 2618 ήλειψε,
3170 2546 3265 2598 καὶ
3287 2544 3422 2616 πρὸς
3439 2543 3530 2596 τὸν
3554 2545 3668 2597 ἴσον

2093 2638 2434 2708 παρεκάλεσε
2465 2639 2625 2709 ζῆλον
2645 2653 2659 2668 ⁸
2689 2637 2887 2708 μᾶλλον
2909 2638 2965 2691 δέ
2989 2637 3084 2692 καὶ
3109 2637 3276 2707 αὐτὴν
3301 2637 3394 2690 τοῦ
3414 2635 3550 2689 Θεοῦ
3569 2637 3669 2707 τήν

2093 2729 2499 2802 φιλανθρωπίαν
2528 2729 2846 2795 ἐνεδείξατο.
2879 2730 2989 2782 Καὶ
3018 2729 3125 2800 γὰρ
3149 2729 3280 2783 αὐτὸ
3304 2729 3364 2781 τὺ
3395 2729 3668 2801 παραδοῦ-

2092 2835 2179 2871 ναι
2203 2817 2428 2889 τοιούτῳ
2458 2820 2743 2890 νοσήματι,
2774 2819 2866 2872 καὶ
2891 2818 2981 2871 τὸν
3009 2820 3199 2888 χρόνον
3224 2819 3456 2873 ἐκτεῖναι
3483 2818 3671 2871 τοσοῦ-

2090 2924 2181 2961 τον
2209 2907 2305 2978 τὴν
2332 2909 2658 2980 ἀρρωστίαν,
2686 2909 2948 2980 μεγίστης
2973 2909 3300 2980 κηδεμονίας
3322 2909 3457 2962 ἐστί.
3485 2908 3672 2962 Καθά-

2091 3015 2198 3068 περ
2227 2998 2333 3069 γάρ
2363 2999 2653 3070 χρυσοχόος
2676 3001 2754 3064 είς
2781 3001 3144 3073 χωνευτήριον
3171 3000 3423 3071 ἐμϐαλὼν
3447 3002 3670 3074 χρυσίον

2091 3089 2257 3160 μέχρι
2281 3089 2538 3144 τοσούτου
2565 3091 2852 3163 ἐπιτρέπει
2884 3091 3270 3162 βασανίζεσθαι
3299 3093 3374 3164 τῷ
3398 3095 3672 3167 πυρὶζέως

2092 3177 2157 3232 ἂν
2189 3179 2273 3252 ἴδῃ
2295 3181 2586 3251 γενόμενον
2621 3180 3006 3251 καθαρώτερον
3026 3198 3038 3210 °
3073 3180 3214 3234 οὕτω
3243 3181 3304 3252 δὴ
3335 3183 3428 3236 καὶ
3469 3187 3496 3236 ὀ
3539 3183 3673 3248 Θεὸς

2096 3271 2256 3342 μέχρι
2281 3271 2537 3326 τοσούτου
2564 3271 2660 3334 τάς
2685 3273 2792 3326 τῶν
2822 3272 2918 3326 ἀνο
2929 3271 3124 3342 ρώπων
3142 3272 3320 3343 ψυχάς
3345 3274 3563 3344 ἀφίησιν
3586 3276 3673 3341 ἐξ.

2092 3363 2378 3429 ετάζεσθαι
2427 3367 2486 3418 ἐν
2535 3365 2748 3431 δεινοῖς,
2782 3364 2887 3428 ἓως
2917 3364 2982 3418 ἂν
3009 3364 3273 3432 γένωνται
3309 3365 3544 3438 καθαραὶ
3579 3368 3674 3421 καὶ

2091 3454 2332 3519 διειδεῖς,
2369 3457 2462 3508 καὶ
2506 3454 2706 3524 πολλὴν
2757 3455 2865 3508 ἀπὸ
2913 3455 3012 3524 τῆς
3060 3453 3289 3524 βασάνου
3327 3455 3528 3528 ταύτης
3572 3459 3675 3530 τὴν

2091 3547 2357 3615 ὠφέλειαν
2390 3546 2822 3618 καρπωσάμεναι
2843 3562 2856 3576 ·
2885 3547 3025 3601 ὥστε
3051 3547 3144 3599 καὶ
3169 3545 3324 3599 τοῦτο
3351 3548 3675 3620 εὐεργεσίας

2092 3634 2232 3701 εἶδός
2259 3640 2374 3691 ἐστι
2403 3638 2465 3690 τὸ
2497 3638 2777 3708 μέγιστον.

2165 3730 2229 3800 β’.
2260 3729 2351 3801 Μὴ
2380 3729 2558 3782 τοίνυν
2588 3730 2964 3801 θορυϐώμεθα,
2999 3734 3132 3803 μηδὲ
3153 3733 3424 3805 ἀλύωμεν,
3443 3751 3674 3806 πειρασ-

2096 3821 2210 3892 μῶν
2235 3820 2612 3891 ἐμπιπτόντων
2631 3823 2781 3891 ήμῖν.
2803 3821 2864 3874 EE
2886 3822 2992 3893 γάρ
3020 3825 3047 3876 ό
3065 3824 3350 3894 χρυσοχόος
3380 3821 3483 3877 εἶδε
3512 3825 3674 3878 πόσον

2097 3911 2195 3981 μὲν
2219 3912 2436 3981 ἀφιέναι
2463 3913 2520 3965 ἐν
2541 3914 2608 3984 τῇ
2635 3911 2851 3984 καμίνῳ
2871 3914 3062 3984 χρόνον
3084 3915 3163 3968 δεῖ
3187 3915 3246 3968 τὸ
3273 3917 3514 3985 χρυσίον,
3543 3915 3671 3968 πότε

2092 4004 2148 4057 δέ
2173 4005 2506 4069 ἀνασπάσαι,
2537 4007 2631 4059 καὶ
2655 4006 2755 4058 οὐκ
2781 4005 2973 4076 ἀφίησι
3002 4007 3163 4078 μέχρι
3185 4008 3279 4062 τοῦ
3307 4008 3673 4078 διαφθαρῆναι

2094 4095 2190 4148 καὶ
2239 4096 2649 4166 κατακαυθῆναι
2700 4097 2880 4167 μένειν
2926 4099 2985 4152 ἐν
3017 4097 3094 4169 τῷ
3123 4099 3284 4170 πυρί·
3320 4099 3500 4170 πολλῷ
3533 4100 3671 4170 μᾶλ-

2094 4184 2185 4239 λον
2211 4187 2238 4238 ὁ
2259 4185 2391 4251 Θεὸς
2415 4187 2572 4240 τοῦτο
2603 4187 2914 4253 ἐπίσταται,
2948 4191 3040 4244 καὶ
3069 4191 3196 4244 ὅταν
3233 4191 3317 4264 ἴδῃ
3355 4191 3670 4262 καθαρωτέ-

2099 4295 2224 4348 ρους
2247 4279 2586 4351 γενομένους,
2617 4280 2810 4351 ἀφίησι
2837 4282 2944 4335 τῶν
2971 4283 3312 4354 πειρασμῶν,
3333 4284 3473 4337 ὥστε
3495 4284 3570 4355 μὴ
3594 4283 3672 4352 τῷ

2099 4366 2425 4440 πλεονασμῷ
2457 4370 2564 4423 τῶν
2591 4370 2775 4424 κακῶν
2811 4371 3264 4442 ὐποσκελισθῆναι
3305 4374 3397 4425 καὶ
3436 4391 3674 4426 καταπε-

2099 4460 2229 4513 σεῖν.
2260 4458 2350 4528 Μὴ
2373 4460 2551 4514 τοίνυν
2578 4461 3036 4532 δυσχεραίνωμεν,
3065 4463 3197 4533 μηδέ
3225 4463 3669 4534 μικροψυχῶμεν,

2095 4549 2313 4604 ἐπειδάν
2346 4569 2398 4605 τι
2441 4551 2547 4605 τῶν
2575 4552 2849 4624 ἀδοκήτων
2880 4553 3094 4624 ἐμπέσῃ
3113 4571 3124 4583 ·
3157 4554 3293 4608 ἀλλὰ
3330 4557 3672 4625 παραχωρῶ-

2101 4658 2200 4710 μεν
2247 4641 2325 4713 τῷ
2367 4642 2542 4697 ταῦτα
2588 4643 2726 4712 μετά
2773 4644 3057 4713 ἀκριϐείας
3087 4645 3268 4711 εἰδότι,
3309 4647 3412 4708 ἕως
3444 4645 3507 4698 ἂν
3546 4645 3671 4715 βού-

2096 4731 2259 4795 λοιτο,
2287 4751 2358 4786 πυ
2366 4733 2492 4804 ροῦν
2519 4735 2617 4804 τὴν
2641 4734 2878 4787 διάνοιαν
2906 4734 3004 4804 τήν
3032 4736 3305 4806 ήμετέρν
3322 4753 3335 4766 ο
3368 4737 3672 4806 συμφερόν-

2093 4840 2202 4886 τως
2230 4822 2338 4894 γὰρ
2362 4823 2521 4877 τοῦτο
2551 4826 2696 4877 ποιεῖ
2735 4825 2829 4878 καὶ
2867 4825 2959 4877 ἐπὶ
2989 4814 3168 4896 κέρδει
3202 4827 3308 4880 τῶν
3342 4825 3671 4896 πειραζομέ-

2095 4931 2220 4968 νων.

2165 5003 2266 5057 Διά
2302 5004 2458 5058 τοῦτο
2493 5006 2656 5075 σοφός
2692 5025 2775 5071 τις
2819 5012 3075 5080 παραινεῖ
3104 5008 3305 5078 λέγων’
3345 5010 3582 5073 Τέκνον,
3622 5013 3674 5064 εί

2097 5094 2403 5166 προσέρχῃ
2436 5096 2751 5152 δουλεύειν
2783 5099 2863 5165 τῷ
2895 5101 3035 5166 Θεῷ,
3065 5101 3390 5170 étoipaa'or
3421 5101 3535 5168 τὴν
3558 5105 3672 5170 ψυ-

2097 5187 2220 5258 χήν
2263 5203 2379 5242 σου
2424 5191 2508 5256 είς
2561 5192 2913 5260 πειρασμὸν,
2966 5193 3225 5246 εὔθυνον
3268 5192 3382 5259 τὴν
3425 5193 3673 5262 καρδίαν

2098 5294 2234 5343 σου,
2267 5281 2363 5333 καὶ
2400 5280 2790 5350 καρτέρησον,
2830 5284 2929 5337 καί
2962 5282 3049 5352 μὴ
3083 5285 3362 5352 σπεύσῃς
3397 5284 3468 5337 ἐν
3493 5280 3674 5352 καιρῷ

2095 5369 2422 5439 ἐπαγωγῆς.
2465 5372 2624 5444 Αὐτῷ
2673 5373 3097 5446 παραχώρησον,
3149 5375 3332 5443 φησὶν,
3380 5376 3670 5428 ἁπάντων⁸

2097 5455 2202 5514 οίδε
2235 5463 2344 5532 γάρ
2370 5463 2610 5533 ἀκριϐῶς
2639 5465 2766 5518 πότε
2796 5466 2942 5535 ἡμᾶς
2973 5464 3259 5518 ἀνελέσθαι
3287 5465 3350 5517 ἐκ
3383 5465 3480 5535 τῆς
3503 5465 3670 5534 καμί-

2097 5566 2187 5605 νου
2221 5553 2300 5605 δεῖ
2325 5553 2434 5606 τῶν
2470 5555 2674 5609 κακῶν.
2711 5556 2830 5628 Χρὴ
2871 5557 3050 5610 τοίνυν
3081 5556 3230 5626 αὐτῷ
3264 5557 3542 5628 πανταχοῦ
3579 5577 3675 5612 πα·

2102 5648 2383 5715 ραχωρεῖν,
2421 5646 2515 5699 καὶ
2557 5645 2644 5700 διὰ
2693 5647 2892 5711 παντὸς
2943 5650 3306 5719 εὐχαριστεῖν,
3357 5649 3449 5700 καὶ
3501 5650 3676 5702 πάντα

2105 5729 2287 5803 φέρειν
2464 5735 2837 5806 εὐγνωμόέως,
2870 5736 2970 5791 κᾶν
3009 5737 3285 5810 εὐεργετῇ.
3319 5737 3420 5794 κᾶν
3449 5736 3671 5811 κολάζῃ,
