4054 6216
363 329 429 385 ιε)
1274 317 1338 374 IN
1379 316 1867 377 rana-crucum
1907 317 1983 374 ne

2090 316 2246 374 SSUM
2287 318 2422 374 PElt
2462 316 2762 378 TECTUM.
3572 317 3644 374 50

354 453 528 509 spem,
558 452 680 508 quae
705 449 837 492 auro
860 434 1053 506 quovis
1078 442 1137 490 et
1155 432 1302 490 lucro
1328 435 1516 504 quovis
1537 442 1617 489 est
1642 432 1947 504 pretiosior.

359 531 490 586 Nam
523 527 768 585 sensibus
804 525 1020 598 quidem
1051 525 1305 595 subjecta:
1331 525 1528 580 divitiae
1576 526 1841 578 latronum
1870 524 1950 578 in-

361 620 537 686 sidiis,
570 618 1018 690 sycophantarum
1047 616 1265 687 linguis,
1295 617 1553 686 parietum
1592 614 1952 685 perfossorum

367 713 644 778 inanibus,
696 721 750 766 et
796 709 1116 764 famulorum
1161 708 1457 764 sceleribus
1504 717 1630 763 sunt
1670 707 1953 772 obnoxiae;

363 819 588 874 cumque
613 804 794 858 omnia
826 804 926 857 ista
945 801 1247 871 ctlugerint,
1278 811 1388 854 tum
1412 801 1702 854 maximam
1727 799 1958 854 dominis

363 896 654 966 perniciem
683 894 994 966 frequenter
1014 902 1318 956 accersunt,
1346 892 1472 947 dum
1502 891 1801 948 invidorum
1828 906 1957 945 ocu-

364 989 444 1043 lus
474 987 732 1052 excitant,
757 994 815 1042 ct
841 984 1072 1056 pericula
1099 991 1290 1040 creant
1314 985 1592 1038 innumera
1617 1000 1630 1036 :
1654 982 1960 1053 spirituales

363 1091 542 1136 autem
573 1079 778 1135 divitia:
807 1077 1089 1149 petitiones
1119 1077 1246 1132 istas
1291 1090 1479 1130 omnes
1507 1075 1783 1145 emugiunt,
1814 1073 1962 1128 etab

367 1175 579 1244 injuriis
621 1173 740 1228 istis
786 1172 1034 1227 omnibus
1080 1177 1207 1225 sunt
1244 1185 1534 1234 immunes,
1578 1183 1640 1223 ac
1686 1169 1959 1231 latrones,

373 1266 636 1336 parietum
684 1263 1035 1334 perfossor-es,
1084 1261 1325 1325 invidos,
1367 1257 1746 1330 schphantas,
1793 1258 1963 1327 ipsam

371 1358 601 1428 denique
629 1367 856 1412 mortem
874 1363 1249 1427 aspernantur.
1271 1352 1387 1407 Non
1410 1351 1550 1407 enim
1572 1349 1771 1406 domini
1793 1358 1964 1403 morte

371 1451 718 1513 divelluntur,
742 1449 835 1504 sed
858 1459 970 1504 tum
999 1448 1230 1502 maxime
1256 1447 1418 1501 tutior
1443 1444 1500 1503 lit
1525 1443 1757 1502 dominis
1779 1457 1965 1500 earum

377 1542 646 1612 possessio
678 1561 692 1596 :
722 1557 845 1598 cum
895 1541 1000 1599 illis
1045 1539 1473 1612 peregrinantur,
1522 1545 1577 1593 et
1619 1537 1688 1593 ad
1735 1536 1966 1592 futuram

372 1634 727 1707 eommigrant
742 1633 925 1700 vitam,
945 1641 1182 1704 patrona
1203 1632 1335 1687 ﬁunt
1361 1631 1570 1686 illorum
1593 1630 1822 1693 eximiae,
1844 1644 1967 1684 cum

377 1728 574 1799 quibus
602 1728 730 1784 illuc
760 1726 1125 1796 discesserint,
1156 1735 1212 1781 et
1251 1726 1378 1796 ipsis
1408 1725 1694 1795 propitium
1731 1722 1967 1794 judiceni

378 1818 628 1875 reddunt.

451 1909 814 1980 Spiritualium
861 1925 1016 1978 opum
1081 1919 1266 1963 natura
1326 1907 1490 1979 qualis
1535 1909 1636 1971 sit;
1689 1904 1974 1976 Parafytici

377 2010 568 2070 quanta
592 2000 767 2054 virtus.
796 2029 868 2041 —
895 2000 1001 2056 llas
1029 1999 1334 2055 invenimus
1356 2014 1455 2054 nos
1497 2012 1710 2068 quoque
1761 1996 1973 2051 divitias

379 2091 667 2146 admodum
697 2092 945 2162 copiosas
974 2093 1025 2146 in
1059 2091 1335 2164 paralytiei
1367 2099 1548 2145 mente
1585 2088 1862 2150 defossas;
1892 2097 1970 2140 te-

383 2194 496 2240 stes
527 2201 620 2240 vos
641 2186 794 2250 estis,
825 2184 917 2256 qui
943 2201 1151 2240 summa
1181 2201 1305 2240 cum
1347 2183 1512 2238 animi
1559 2182 1835 2237 alacritate
1855 2180 1974 2234 illas

383 2278 634 2344 eruistis;
665 2293 765 2333 nec
793 2288 970 2333 tamen
999 2277 1318 2333 evacuastis.
1342 2275 1488 2331 Talis
1507 2275 1699 2345 quippe
1724 2272 1975 2342 spiritua-

388 2369 518 2424 lium
547 2379 628 2425 est
657 2384 818 2438 opum
843 2379 1027 2423 natura
1062 2386 1074 2422 :
1107 2367 1342 2422 inﬁuxus
1382 2381 1639 2436 aquarum
1681 2363 1974 2427 imitantur,

392 2460 472 2514 vel
496 2462 675 2532 potius
701 2461 906 2514 illarum
937 2461 1145 2529 copiam
1173 2460 1412 2524 vincunt,
1447 2467 1663 2528 tumque
1691 2456 1859 2527 magis
1879 2472 1976 2511 ex-

392 2550 632 2613 uberant,
678 2565 799 2604 cum
842 2550 1020 2619 plures
1070 2549 1288 2616 fuerint,
1328 2564 1358 2602 a
1407 2549 1602 2620 quibus
1638 2549 1974 2603 hauriuntur.

393 2641 528 2696 Dum
556 2641 699 2695 enim
750 2641 804 2694 iu
849 2641 1106 2711 cujusque
1151 2641 1390 2696 animum
1437 2640 1825 2711 ingrediuntur,
1871 2653 1977 2694 non

388 2733 717 2794 dividuntur,
742 2748 842 2788 nec
865 2733 1273 2800 imminuuntur,
1288 2732 1383 2788 sed
1412 2731 1479 2787 ad
1505 2731 1744 2803 singulos
1761 2731 1980 2801 integra:

388 2824 706 2890 adveniunt,
751 2833 807 2878 et
852 2823 990 2894 apud
1037 2839 1131 2880 eos
1174 2833 1432 2894 perpetuo
1475 2831 1755 2877 morantur
1797 2823 1984 2877 incon-

389 2926 639 2988 sumptae,
671 2931 770 2971 nec
797 2916 1028 2971 deﬁcere
1060 2924 1283 2987 possunt
1326 2929 1573 2986 umquam
1608 2933 1622 2969 :
1654 2913 1796 2984 quod
1822 2912 1979 2967 uimi-

391 3024 508 3062 rum
537 3017 646 3062 tum
674 3008 833 3062 etiam
861 3008 1062 3064 evenit.
1086 3007 1220 3062 Cum
1261 3008 1404 3062 enim
1434 3016 1540 3062 tam
1587 3007 1739 3061 multi
1781 3007 1833 3061 in
1861 3004 1982 3063 the-

391 3115 605 3157 saurum
627 3102 928 3167 inciderint,
947 3111 1198 3158 etomnes
1217 3101 1337 3157 inde
1357 3117 1452 3172 pro
1472 3100 1670 3157 viribus
1687 3099 1980 3156 hauserint:

396 3194 520 3263 quid
548 3208 646 3264 ego
671 3193 736 3248 de
757 3194 914 3249 vobis
967 3195 1192 3263 loquor,
1240 3209 1362 3248 cum
1403 3209 1469 3248 ex
1511 3193 1602 3248 illo
1647 3204 1889 3264 tempore
1917 3191 1984 3247 ad

400 3285 541 3340 hunc
560 3301 727 3356 usque
751 3286 894 3342 diem
924 3287 1233 3342 innumeros
1260 3286 1632 3357 locupletarit,
1666 3295 1721 3342 et
1767 3287 1985 3358 integri-

402 3385 562 3431 tatem
588 3393 736 3432 suam
759 3378 1024 3433 retineat?
1044 3377 1121 3433 Ne
1152 3379 1310 3450 igitur
1324 3379 1655 3448 spiritualem
1680 3379 1820 3434 hunc
1839 3397 1990 3450 qua:-

400 3477 540 3522 stum
562 3477 830 3525 sectantes
856 3469 1240 3541 defatigemur,
1275 3469 1366 3525 scd
1396 3481 1652 3540 quantum
1705 3471 1758 3524 in
1807 3479 1986 3526 nostra

400 3570 661 3630 potestate
679 3564 839 3617 situm
873 3563 993 3629 erit,
1023 3577 1163 3617 nunc
1182 3563 1342 3617 Clitml
1365 3561 1697 3628 hauriainus,
1727 3579 1789 3617 ac
1810 3563 1992 3618 videa—

400 3667 520 3707 mus
544 3652 822 3708 Dominum
860 3654 1180 3724 benignum,
1211 3653 1485 3710 videamus
1529 3662 1584 3709 et
1630 3668 1844 3710 servum
1892 3670 1988 3724 pa-

408 3745 647 3800 tientem.
669 3745 904 3817 Triginta
931 3745 1126 3816 quippe
1146 3755 1201 3800 et
1229 3754 1351 3800 octo
1377 3760 1546 3800 annos
1589 3761 1709 3800 cum
1741 3746 1988 3800 immedi-

401 3837 561 3891 cabili
593 3838 780 3892 morbo
809 3838 1170 3905 conflictatus,
1200 3853 1264 3893 ac
1294 3847 1551 3908 perpetuo
1597 3837 1988 3903 diverberatus,

405 3946 509 3986 non
540 3947 682 4003 (egre
714 3931 852 3996 tulit,
877 3948 982 3986 non
1007 3932 1374 4000 blaSphemum
1401 3930 1619 3985 verbum
1647 3932 1845 3995 emisit,
1880 3947 1984 3986 non

404 4025 714 4079 Creatorem
736 4025 1020 4090 accusavit,
1047 4023 1140 4079 sed
1172 4024 1436 4094 patienter
1464 4023 1821 4078 calamitatem
1849 4023 1991 4079 illam

405 4125 460 4171 ct
487 4117 652 4171 multa
676 4131 797 4171 cum
829 4117 991 4171 animi
1021 4117 1270 4186 mquitate
1297 4115 1578 4170 tolerabat.
1603 4115 1757 4172 Unde
1784 4131 1912 4171 vero
1942 4117 1992 4170 id

406 4209 655 4263 constat?
706 4209 847 4264 dicet
899 4209 1135 4278 aliquis:
1167 4225 1339 4280 neque
1378 4209 1520 4263 enim
1563 4209 1631 4264 de
1673 4210 1994 4278 praecedenti

407 4301 528 4370 ejus
550 4301 652 4356 vita
682 4301 826 4356 clare
851 4302 1121 4372 Scriptura
1151 4317 1250 4356 nos
1271 4301 1470 4368 docuit,
1507 4302 1601 4358 sed
1627 4319 1749 4358 eum
1784 4304 1995 4374 triginta

410 4403 533 4447 octo
551 4409 721 4448 annos
748 4395 922 4465 egisse
951 4394 1001 4448 in
1030 4395 1335 4449 inﬁrmitate
1355 4411 1449 4449 sua
1479 4395 1809 4468 declaravit(
1838 4395 1992 4453 Joan.

413 4484 464 4540 5.
501 4485 560 4556 5)
587 4503 600 4539 :
633 4486 773 4557 quod
802 4499 980 4541 autem
1011 4502 1116 4541 non
1163 4503 1304 4556 aegre
1333 4487 1533 4553 tulerit,
1559 4504 1659 4543 nec
1697 4489 2000 4560 indignatus

411 4576 511 4643 sit,
574 4577 1145 4648 nequestomaehatus,
1204 4577 1304 4632 hoc
1358 4593 1462 4633 non
1518 4577 1720 4634 diserte
1775 4579 1996 4635 addidit.

415 4669 664 4724 Attamen
695 4667 797 4724 hoc
835 4671 996 4725 etiam
1047 4669 1437 4736 subindicavit,
1472 4670 1517 4724 si
1558 4671 1676 4740 quis
1721 4671 2002 4741 diligenter

412 4764 670 4828 attendat,
701 4773 754 4818 et
778 4780 885 4818 non
918 4763 1272 4833 perfunctorie
1300 4773 1354 4817 et
1380 4762 1836 4818 oscitanter.Cnm
1858 4764 2001 4819 enim

414 4859 569 4912 audis
598 4874 742 4925 cum,
767 4858 1112 4913 accedentem
1136 4856 1428 4922 Christum,
1451 4857 1540 4927 qui
1570 4867 1727 4912 notus
1767 4857 1866 4926 ipsi
1896 4873 2002 4913 non

420 4959 553 5015 erat,
578 4949 672 5004 sed
705 4948 879 5003 nudus
907 4951 1066 5003 homo
1087 4947 1390 5018 putabatur,
1417 4957 1558 5002 tanta
1601 4963 1722 5002 cum
1745 4946 2004 5002 modestia

419 5057 535 5096 esse
557 5041 907 5111 alloquutum,
929 5038 1312 5110 praecedentem
1337 5040 1495 5094 etiam
1529 5038 1668 5093 illitis
1688 5038 2004 5108 probitatem

418 5149 480 5186 ac
508 5132 902 5204 philosophiam
937 5131 1134 5202 poteris
1163 5139 1424 5200 spectare.
1451 5128 1581 5183 Nam
1611 5145 1731 5182 cum
1753 5129 1801 5182 ei
1836 5128 2006 5182 dixis-

419 5239 524 5296 set,
560 5227 645 5283 Vis
673 5247 826 5285 sanus
855 5230 964 5300 ﬁeri
988 5229 1014 5282 1’
1045 5227 1174 5281 nihil
1200 5225 1304 5280 tale
1352 5225 1505 5288 dixit,
1535 5225 1693 5294 quale
1719 5223 2009 5279 verisimile

421 5332 536 5377 erat
582 5338 704 5377 eum
757 5321 1065 5376 dicturum:
1100 5319 1259 5374 Vides
1308 5332 1394 5372 me
1439 5316 1668 5388 paralysi
1713 5314 2009 5371 resolutum

423 5425 531 5469 tam
564 5416 816 5470 diuturno
850 5425 1088 5484 tempore
1109 5413 1309 5482 jacere,
1340 5421 1395 5465 et
1422 5411 1741 5480 interrogas,
1770 5426 1896 5463 num
1927 5423 2014 5463 sa-

427 5524 527 5562 nus
559 5509 671 5563 ﬁeri
704 5508 897 5563 velim?
928 5506 1114 5561 venisti
1149 5515 1204 5559 ut
1241 5505 1376 5561 meis
1416 5503 1570 5558 malis
1610 5502 1926 5565 insultares,
1956 5509 2014 5554 ut

427 5601 800 5668 exprobrares,
836 5597 1105 5662 irridercs,
1129 5609 1181 5652 et
1213 5598 1570 5654 suhsannarcs
1610 5592 1963 5648 calamitatem
1990 5587 2015 5641 ?

427 5691 568 5749 Nihil
599 5693 787 5747 horum
831 5705 1000 5762 neque
1023 5690 1173 5754 dixit,
1207 5707 1378 5765 neque
1411 5686 1700 5756 Cogitavit,
1756 5682 1851 5738 sed
1895 5697 2014 5737 cum

434 5786 678 5852 equitate
727 5782 909 5847 animi,
959 5777 1188 5851 l’rofa'tu
1241 5783 1458 5845 Domine
1488 5820 1501 5846 ,
1535 5776 1721 5846 inquit.
1772 5773 1924 5841 Quod
1972 5772 2017 5828 si

2073 465 2196 525 post
2219 461 2387 507 annos
2426 450 2549 495 octo
2590 447 2644 493 et
2693 437 2908 508 triginta
2937 435 3074 495 adeo
3118 434 3284 504 mitis,
3310 433 3447 490 adeo
3466 434 3641 488 mode-

2063 523 2180 600 stus
2210 551 2346 606 erat,
2378 553 2497 594 cum
2520 548 2706 589 omnes
2735 530 2806 585 illi
2838 530 2977 584 vires
3023 543 3088 583 ae
3121 526 3284 582 robur
3322 523 3489 579 animi
3539 524 3647 576 fra-

2063 647 2206 693 ctum
2233 651 2297 690 ac
2325 628 2658 687 debilitatum
2681 632 2842 686 esset,
2877 621 3052 690 cogita
3083 617 3292 689 qualem
3323 615 3471 670 illum
3487 614 3652 668 fuisse

2062 731 2132 786 sit
2153 722 2447 799 probabile,
2499 733 2622 774 eum
2668 713 2805 770 mala
2858 720 3059 766 tantum
3109 709 3429 778 inciperent.
3472 702 3654 760 Nostis

2063 823 2258 893 quippe
2281 830 2468 871 omnes
2494 827 2600 866 non
2632 809 2702 862 ita
2728 821 2899 876 :rgros
2930 804 3080 859 initio
3115 801 3285 856 morbi
3313 813 3434 855 esse
3475 809 3655 851 moro-

2065 890 2174 978 sos,
2208 917 2266 963 ut
2291 922 2413 962 cum
2443 903 2666 958 multum
2720 896 2974 967 temporis
3013 894 3252 964 elapsum
3303 890 3461 946 fuerit
3490 905 3504 941 :
3536 897 3649 942 tum

2066 1004 2210 1060 enim
2241 997 2505 1071 praecipue
2525 991 2769 1048 difﬁciles
2800 987 2986 1058 aegroti
3029 985 3181 1050 ﬁunt,
3211 999 3334 1039 cum
3367 978 3653 1036 inﬁrmitas

2067 1095 2119 1149 iu
2147 1094 2360 1163 longum
2385 1098 2594 1156 tempus
2623 1081 2941 1144 excreverit,
2991 1088 3102 1132 tum
3133 1075 3382 1131 omnibus
3420 1080 3545 1127 sunt
3572 1071 3652 1124 in-

2069 1183 2392 1242 tolerabiles.
2425 1180 2524 1248 Qui
2548 1191 2674 1233 vero
2702 1182 2819 1245 post
2847 1181 2921 1228 tot
2944 1184 3114 1225 annos
3135 1170 3204 1224 ita
3227 1164 3657 1240 philosophatur,

2069 1280 2140 1334 ita
2169 1275 2431 1348 patienter
2470 1268 2780 1341 respondet,
2809 1263 2952 1320 haud
2995 1263 3239 1326 dubium,
3283 1260 3410 1331 quin
3457 1272 3657 1328 praece-

2069 1372 2211 1427 denti
2229 1383 2442 1440 quoque
2458 1376 2698 1435 tempore
2717 1377 2839 1418 cum
2857 1356 3119 1429 frequenti
3135 1357 3426 1427 gratiarum
3443 1351 3657 1407 actione

2070 1463 2425 1523 calamitatem
2453 1459 2596 1517 illam
2629 1453 2956 1518 toleraverit.

2146 1561 2274 1625 Qua:
2299 1558 2490 1611 utilitas
2514 1571 2579 1610 ea:
2604 1551 2813 1607 historia
2847 1544 3125 1620 Paralytici
3152 1542 3425 1605 derivetur;
3453 1552 3660 1607 compa-

2073 1660 2252 1706 rantur
2279 1648 2567 1719 a/ﬂictiones
2596 1660 2710 1698 cum
2752 1643 2978 1711 fornace.
3021 1666 3092 1678 -—
3121 1636 3244 1691 llaec
3269 1631 3433 1706 igitur
3463 1637 3514 1687 et
3557 1641 3656 1684 nos

2074 1758 2196 1798 cum
2227 1741 2405 1794 animo
2449 1749 2634 1792 nostro
2681 1743 3012 1804 reputantes,
3061 1728 3308 1786 conservi
3351 1722 3658 1796 patientiam

2078 1835 2349 1890 imitemur
2380 1849 2394 1885 :
2427 1829 2623 1884 sufﬁcrt
2652 1828 2792 1882 enim
2819 1825 2885 1880 ad
2913 1831 3122 1878 nostras
3169 1821 3375 1875 animas
3401 1816 3660 1872 corrobo-

2080 1926 2273 1982 randas
2301 1923 2443 1978 illius
2467 1919 2727 1992 paralysis
2761 1937 2773 1972 :
2798 1931 2896 1972 nec
2941 1915 3078 1969 nllus
3121 1921 3203 1967 est
3230 1909 3367 1965 adeo
3394 1907 3615 1978 supinus
3641 1949 3659 1970 ,

2078 2028 2132 2074 et
2159 2015 2386 2088 paralysi
2435 2013 2723 2076 resolutus,
2753 2021 2810 2064 ut
2838 2009 2882 2063 si
2916 2007 3234 2062 calamitatis
3263 2003 3404 2057 illius
3434 1997 3665 2070 gravita-

2082 2118 2187 2164 tem
2219 2107 2398 2162 animo
2431 2106 2622 2168 volvat,
2650 2118 2755 2157 non
2785 2101 2985 2163 omnia,
3026 2115 3144 2167 qua:
3175 2094 3492 2157 inciderint,
3525 2089 3662 2144 mala

2081 2201 2344 2272 patienter
2398 2196 2552 2261 ferat,
2605 2194 2729 2248 licet
2781 2188 3192 2246 intolerabiliora
3247 2185 3352 2238 sint
3395 2180 3663 2237 omnibus.

2081 2269 2213 2346 Nam
2257 2303 2428 2358 neque
2478 2285 2680 2342 sanitas
2708 2283 2824 2352 ejus
2852 2290 3077 2342 tantum,
3122 2276 3218 2332 sed
3244 2277 3406 2331 etiam
3451 2269 3667 2326 morbus

2085 2382 2369 2438 maximam
2401 2377 2554 2433 nobis
2585 2375 2792 2446 peperit
2818 2372 3098 2427 utilitatem
3133 2382 3290 2422 :eum
3321 2365 3436 2434 cjus
3461 2361 3668 2416 sanatio

2083 2475 2147 2529 ad
2175 2469 2578 2544 glorificandum
2603 2465 2885 2521 Dominum
2907 2465 3114 2516 animos
3138 2458 3437 2512 auditorum
3469 2451 3669 2508 excitae

2084 2569 2174 2636 rit,
2193 2575 2249 2623 et
2270 2565 2488 2620 morbus
2513 2570 2672 2631 atque
2694 2559 2975 2613 inﬁrmitas
3019 2555 3085 2610 ad
3112 2552 3417 2624 patientiam
3464 2563 3558 2603 vos
3588 2547 3670 2599 in-

2085 2657 2365 2722 struxerit,
2419 2661 2473 2710 et
2501 2653 2568 2707 ad
2622 2651 2850 2705 similem
2891 2647 3060 2702 zelum
3108 2645 3383 2699 cohortata
3436 2639 3525 2702 sit,
3565 2636 3673 2691 imo

2088 2767 2214 2806 vero
2237 2751 2404 2818 ipsam
2429 2759 2639 2816 quoque
2668 2743 2760 2798 Dei
2809 2739 3186 2809 benignitatem
3216 2731 3526 2788 ostenderit.
3563 2727 3674 2782 lluc

2086 2845 2230 2900 enim
2261 2842 2456 2912 ipsum,
2503 2837 2644 2909 quod
2673 2843 2832 2890 tant-.e
2867 2833 3014 2886 illum
3047 2827 3302 2898 objecerit
3349 2819 3671 2894 a‘gritudini,

2088 2933 2214 2991 etin
2243 2942 2444 2986 tantam
2488 2926 2742 2998 temporis
2791 2923 3149 2995 prolixitatem
3190 2917 3547 2971 infirmitatem
3577 2925 3674 2965 ex-

2091 3025 2342 3090 tenderit,
2371 3022 2618 3076 maxima:
2669 3017 2922 3073 indicium
2973 3021 3057 3068 est
3097 3005 3491 3065 sollicitudinis.
3540 3001 3674 3058 Nam

2089 3112 2534 3187 quemadmodum
2564 3125 2685 3165 cum
2716 3109 2768 3162 in
2791 3104 3157 3162 conﬁatoriam
3181 3100 3451 3154 fornacem
3473 3092 3680 3148 aurifex

2089 3183 2278 3261 aurum
2309 3204 2569 3273 iniecerit,
2605 3198 2802 3254 tamdiu
2831 3196 2898 3250 ab
2926 3196 3045 3264 igne
3068 3193 3195 3247 illud
3218 3186 3510 3245 examinari
3529 3183 3675 3247 sinit,

2091 3311 2372 3369 quouSque
2401 3293 2587 3364 purius
2628 3288 2819 3344 viderit
2862 3284 3100 3341 evasisse
3128 3300 3141 3336 :
3165 3282 3238 3336 ita
3284 3292 3495 3350 quoque
3539 3275 3680 3329 Deus

2094 3365 2296 3444 tamdiu
2343 3385 2617 3439 hominum
2659 3379 2866 3434 animas
2920 3373 3132 3446 probari
3180 3372 3338 3426 malis
3386 3365 3677 3438 permittit,

2093 3495 2369 3553 quousque
2399 3494 2543 3549 pura:
2574 3476 2724 3539 llant,
2773 3486 2836 3526 ac
2873 3466 3198 3540 splendida,
3253 3462 3448 3553 multau
3473 3472 3591 3553 que
3612 3469 3681 3508 ex

2095 3547 2182 3628 illa
2209 3547 2578 3642 exploratione
2620 3565 2900 3620 utilitatem
2955 3554 3308 3629 perceperint.
3353 3549 3536 3620 Itaque
3579 3547 3680 3600 hoc

2095 3681 2306 3737 quoque
2333 3660 2699 3719 beneﬁcentia:
2728 3669 2898 3728 genus
2919 3661 3000 3708 est
3027 3649 3339 3706 maximum.

2166 3732 2234 3811 2.
2263 3753 2339 3810 Ne
2365 3754 2638 3808 turbemur
2669 3749 2848 3819 igitur,
2879 3759 3012 3800 neve
3037 3742 3216 3796 animo
3243 3734 3609 3799 concidamus,
3637 3732 3682 3785 si

2097 3846 2311 3918 quando
2340 3845 2661 3900 tentationes
2704 3855 2802 3893 nos
2833 3835 3144 3891 invaserint.
3193 3831 3250 3886 Si
3295 3829 3438 3884 enim
3477 3824 3682 3880 aurifex

2100 3917 2268 4004 novit,
2300 3944 2500 4006 quanto
2528 3944 2770 4001 tempore
2808 3924 3102 3995 derelinqui
3151 3937 3339 3976 aurum
3378 3922 3430 3972 in
3464 3917 3682 3971 fornace

2100 4027 2403 4094 conveniat,
2433 4033 2487 4079 et
2508 4020 2721 4093 quando
2750 4017 2981 4080 extrahi,
3009 4029 3182 4083 neque
3211 4011 3337 4064 sinit
3367 4022 3601 4077 eousque
3628 4007 3680 4059 iu

2102 4125 2222 4194 igne
2256 4133 2559 4182 remanere,
2593 4123 2652 4170 ut
2696 4115 3069 4180 corrumpatur
3095 4115 3150 4161 et
3190 4111 3442 4158 exuratur
3471 4115 3485 4152 :
3518 4097 3686 4151 inulto

2104 4191 2273 4284 magis
2295 4209 2346 4265 id
2381 4209 2490 4264 Deo
2531 4216 2716 4262 notum
2739 4211 2841 4266 est,
2873 4209 3072 4257 etcum
3102 4195 3346 4268 puriores
3374 4191 3541 4246 factos
3565 4201 3686 4243 esse

2105 4281 2396 4367 nosvidet,
2427 4300 2750 4357 tentationes
2772 4294 3014 4356 remittit,
3041 4307 3107 4347 ne
3141 4289 3400 4344 malorum
3433 4281 3688 4351 multipli-

2104 4398 2316 4454 catione
2341 4394 2748 4464 supplautemur
2774 4396 2828 4442 et
2852 4383 3215 4441 concidamus.
3241 4379 3317 4434 Ne
3348 4379 3506 4447 igitur
3545 4389 3688 4443 aigre

2107 4490 2366 4550 feramus,
2396 4499 2497 4539 nec
2524 4483 2762 4536 animum
2786 4473 3231 4545 despondeamus,
3277 4469 3320 4524 si
3347 4465 3472 4538 quid
3509 4464 3686 4531 in0pi-

2109 4576 2576 4636 natum’acciderit
2615 4591 2627 4626 :
2661 4569 2754 4625 sed
2787 4568 2834 4622 ei
2884 4566 3283 4636 permittamus,
3312 4561 3406 4630 qui
3442 4564 3690 4612 accurate

2109 4675 2208 4728 ista
2241 4670 2408 4730 novit.
2437 4662 2759 4737 utquamdiu
2788 4659 3036 4724 voluerit,
3065 4656 3295 4711 animam
3328 4660 3562 4707 nostram
3589 4663 3686 4702 ex-

2112 4769 2300 4834 purget
2329 4778 2342 4814 :
2369 4759 2574 4815 utiliter
2617 4753 2759 4811 cnim
2800 4750 2851 4806 id
2880 4749 3007 4821 agit,
3037 4757 3092 4804 et
3118 4748 3170 4802 in
3214 4762 3326 4801 rem
3368 4757 3553 4799 eorum
3601 4738 3692 4809 qui

2109 4865 2402 4914 tentantur.

2182 4949 2310 5005 Cum
2346 4946 2539 5001 medico
2571 4953 2618 4998 et
2671 4951 2815 5012 patre
2863 4945 3188 5010 comparatur
3231 4931 3409 4994 Deus;
3449 4925 3697 4980 auxilium

2113 5040 2293 5114 gratia:
2319 5038 2502 5091 divina:
2520 5031 3130 5094 necessarium—Quam
3151 5025 3220 5079 ob
3240 5036 3454 5077 causam
3483 5015 3698 5086 sapiens

2114 5106 2328 5202 quidam
2347 5127 2620 5189 admouet,
2649 5123 2834 5177 dicens
2869 5139 2882 5174 :
2919 5117 3040 5182 Fili,
3071 5117 3112 5170 si
3153 5112 3360 5167 accedas
3389 5109 3454 5160 ad
3478 5106 3699 5160 servien-

2115 5197 2239 5277 tium
2263 5220 2501 5285 Domino,
2535 5231 2772 5288 prwpara
2793 5214 3017 5266 animum
3046 5219 3185 5263 tuam
3231 5204 3299 5256 ad
3338 5197 3700 5260 tentationem;

2116 5315 2278 5384 dirige
2301 5329 2387 5366 cor
2425 5321 2586 5373 tuum,
2617 5317 2663 5362 et
2692 5307 2885 5361 sustine
2913 5311 2998 5357 :et
3023 5316 3086 5353 ne
3129 5297 3334 5368 festines
3382 5293 3434 5346 in
3483 5300 3702 5354 tempore

2115 5380 2360 5461 illationis
2392 5400 2570 5472 (Eccli.
2591 5398 2642 5451 2.
2671 5398 2719 5463 1,
2739 5396 2814 5467 9.).
2837 5391 3050 5454 Omnia,
3089 5390 3276 5460 inquit,
3308 5385 3380 5439 illi
3409 5380 3658 5452 permitte
3685 5394 3701 5433 :

2121 5497 2285 5568 probe
2310 5492 2572 5565 siquidem
2595 5490 2762 5554 novit,
2785 5485 2999 5557 quando
3025 5497 3122 5537 nos
3145 5497 3175 5536 e
3202 5480 3415 5533 fornace
3445 5473 3703 5528 malorum

2120 5587 2367 5658 expediat
2393 5583 2527 5637 erui.
2557 5578 2918 5650 Quamobrem
2951 5575 3024 5629 illi
3056 5572 3249 5642 ubique
3265 5568 3457 5623 cedere
3474 5572 3704 5634 oportet,

2123 5653 2470 5750 aeqierpcttio
2496 5676 2692 5743 gratias
2740 5682 2918 5740 agere,
2950 5674 3107 5736 atque
3133 5659 3306 5720 omnia
3357 5673 3511 5728 aequo
3530 5653 3707 5708 animo

2127 5772 2287 5840 forte,
2320 5773 2427 5826 sive
2451 5767 2692 5824 conferat
2726 5762 2980 5821 beneﬁcia
3004 5801 3019 5829 ,
3066 5758 3176 5815 sive
3205 5754 3418 5829 puniat,
3457 5763 3576 5810 cum
3610 5745 3709 5798 hoc
