4054 6216
381 279 443 337 5|
1094 278 1151 335 S.
1191 278 1471 336 JOANNIS
1497 279 1978 335 CllliYSOS'l‘Olll
2020 279 2337 337 AllClllEl’.
2377 281 2900 340 CONSTANTINOP.
3574 294 3646 351 εἰ

381 409 595 465 quoque
641 409 810 465 genus
849 394 920 451 sit
967 395 1234 450 beneficii.
1277 394 1410 450 Nam
1447 403 1504 450 et
1550 395 1821 461 medicus,
1855 410 1961 451 non

383 500 504 540 cum
532 483 672 541 lavat
696 484 891 550 solum,
923 494 975 540 et
998 484 1184 547 nutrit,
1216 492 1376 555 atque
1411 483 1478 538 ad
1512 485 1761 539 viridaria
1786 484 1965 541 educit

385 586 643 647 aegrotum
673 593 686 629 :
715 575 808 631 sed
830 583 886 631 ct
914 592 1033 631 cum
1067 576 1173 630 urit
1192 584 1247 630 ct
1266 586 1432 637 secat,
1457 575 1568 645 pari
1612 575 1819 631 ratione
1847 591 1963 631 tne-

381 667 534 723 dicus
559 678 642 725 est
671 684 687 723 :
719 680 772 723 et
808 676 960 738 pater
1000 683 1104 722 non
1149 667 1309 722 modo
1353 682 1475 722 cum
1520 666 1631 722 filio
1665 667 1963 735 blanditur,

385 759 478 815 sed
498 758 659 815 etiam
690 774 812 814 cum
834 775 956 815 eum
986 759 1136 828 pellit
1160 774 1224 813 ex
1256 757 1457 813 aedibus
1481 767 1534 813 et
1560 774 1681 813 cutn
1705 759 1963 827 increpat,

383 865 448 905 ac
472 849 649 921 ﬂagris
676 850 857 917 caedit,
891 850 1005 920 pari
1039 850 1245 904 ratione
1277 857 1426 918 pater
1448 858 1563 913 est,
1595 865 1765 920 neque
1791 850 1966 905 minus

382 956 541 1011 quam
571 957 691 996 cum
725 926 922 997 laudat.
954 940 1089 996 Cum
1118 941 1276 1011 igitur
1301 939 1566 1009 intelligas
1587 940 1808 996 medicis
1848 956 1966 995 ont-

384 1030 543 1085 nibus
594 1030 1034 1101 indnlgentiorem
1072 1045 1215 1097 esse,
1269 1045 1335 1087 ac
1387 1030 1579 1099 majori
1624 1030 1815 1085 atl'ectu
1869 1045 1966 1086 nos

389 1121 552 1176 Deum
585 1122 856 1192 prosequi,
889 1121 996 1175 noli
1028 1121 1238 1177 curiose
1264 1121 1534 1191 inquirere
1554 1160 1569 1187 ,
1604 1136 1775 1192 neque
1803 1121 1968 1176 ratio-

387 1229 507 1268 nem
534 1213 602 1267 ab
622 1229 689 1269 eo
716 1213 868 1285 exige
887 1214 1210 1279 curationis;
1244 1213 1339 1269 sed
1372 1214 1485 1269 sive
1517 1229 1762 1269 recreare
1788 1214 1967 1267 volue-

386 1309 475 1372 rit,
503 1308 615 1363 sive
634 1308 842 1378 punire,
863 1306 929 1361 ad
962 1315 1244 1377 utrumque
1264 1307 1464 1376 pariter
1491 1316 1702 1377 paratos
1735 1321 1832 1361 nos
1868 1322 1965 1362 ex-

386 1397 995 1466 hibeamuszsiquidem
1045 1412 1140 1467 per
1199 1404 1479 1466 utrumque
1531 1396 1685 1452 nobis
1737 1396 1969 1451 restituit

384 1487 686 1551 sanitatem,
729 1496 782 1542 et
825 1502 922 1541 nos
968 1487 1068 1542 sibi
1121 1487 1723 1557 reconciliatzcumque
1760 1488 1968 1543 noverit

387 1575 581 1646 quibus
606 1575 841 1646 indigeat
874 1577 1100 1647 quisque
1138 1586 1400 1643 nostrum,
1451 1587 1506 1633 et
1556 1579 1679 1649 quid
1728 1579 1969 1635 conferat

386 1666 598 1736 cuique,
624 1674 802 1736 etquo
828 1666 1038 1721 tandem
1071 1666 1228 1721 modo
1267 1668 1559 1722 servandus
1609 1669 1714 1734 sit,
1751 1667 1851 1723 hac
1884 1669 1965 1723 via

388 1772 487 1812 nos
509 1756 598 1812 ille
621 1755 852 1812 deducit.
882 1757 1179 1826 Sequamur
1204 1757 1364 1827 igitur
1383 1773 1489 1828 quo
1515 1758 1601 1813 ille
1633 1760 1963 1829 prteceperit,

387 1862 559 1917 neque
587 1856 770 1902 exacte
789 1848 1072 1918 quidquam
1098 1848 1451 1918 disquiramus
1469 1891 1483 1917 ,
1507 1849 1619 1904 sive
1637 1865 1734 1920 per
1755 1851 1965 1920 planam

390 1947 445 1993 et
473 1937 713 2005 facilem,
742 1938 857 1994 sive
894 1954 991 2009 per
1021 1937 1292 1993 difﬁcilem
1322 1954 1673 2010 asperumque
1713 1941 1848 1994 viam
1881 1941 1967 1994 in-

388 2028 582 2084 cedere
601 2030 840 2100 jusserit,
869 2029 1316 2101 quemadmodum
1339 2040 1393 2086 et
1417 2031 1574 2085 istum
1596 2032 1966 2103 paralyticum.

392 2118 566 2175 Unum
598 2120 756 2191 igitur
782 2119 881 2176 hoc
907 2119 1001 2175 fuit
1032 2136 1200 2191 genus
1222 2121 1606 2189 beneficentias,
1655 2124 1796 2194 quod
1825 2133 1969 2180 tanto

389 2220 625 2280 tempore
649 2210 878 2266 animam
907 2214 1022 2281 ejus
1050 2212 1306 2282 purgarit,
1324 2226 1972 2285 eamquetamquamcon-

391 2300 615 2355 llatorize
642 2301 851 2356 cuidam
898 2301 1098 2357 fornaci
1131 2302 1480 2359 tentationum
1528 2303 1825 2373 probationi
1866 2314 1973 2358 tra-

390 2391 794 2448 dideritzaliud
840 2402 1017 2448 autem
1068 2393 1236 2448 nihilo
1279 2393 1504 2451 inferius
1553 2398 1673 2461 isto,
1722 2396 1866 2466 quod
1918 2397 1971 2451 in

392 2481 522 2551 ipsis
554 2482 936 2538 Ieutationibus
965 2482 1039 2537 illi
1064 2483 1313 2550 adfuerit,
1347 2484 1679 2555 multumque
1719 2486 1967 2541 solatium

394 2576 468 2629 illi
495 2575 801 2645 praebuerit.
826 2576 944 2646 Ipse
974 2584 1112 2640 erat,
1135 2576 1221 2646 qui
1248 2576 1554 2631 continebat
1598 2592 1722 2632 eum
1748 2618 1763 2641 ,
1807 2586 1861 2633 et
1899 2594 1976 2634 re-

396 2666 620 2734 tinebat,
644 2682 967 2739 manumque
983 2668 1312 2740 porrigebat,
1331 2684 1502 2740 neque
1527 2669 1718 2725 collabi
1743 2670 1973 2727 sinebat.

392 2760 525 2815 Cum
572 2769 749 2815 autem
806 2760 977 2831 ipsum
1024 2757 1189 2816 fuisse
1235 2760 1408 2827 audis,
1455 2760 1562 2815 noli
1618 2762 1969 2833 paralyticum

394 2850 551 2906 laude
577 2850 803 2921 privare,
830 2866 928 2907 nec
955 2851 1101 2907 illum
1125 2866 1224 2906 nec
1243 2851 1401 2906 alium
1424 2850 1692 2907 hominem
1710 2853 1972 2923 quemvis,

396 2943 485 3012 qui
512 2951 744 2998 tentetur
764 2951 818 2998 et
841 2942 1101 3012 patienter
1123 2941 1277 2997 ferat.
1306 2941 1654 3010 Quantumvis
1676 2943 1817 2998 enim
1833 2959 1977 3014 swpe

398 3034 860 3107 philosophentur,
888 3034 1132 3106 quamvis
1156 3036 1392 3091 onmium
1429 3035 1784 3091 f0bﬂ$li>5lllti
1810 3036 1978 3092 simus

397 3142 460 3181 ae
486 3125 820 3194 validissimi,
862 3125 909 3181 si
960 3126 1105 3183 illius
1137 3126 1276 3181 absit
1302 3127 1578 3193 auxilium,
1613 3143 1679 3182 ne
1720 3127 1977 3182 mediocri

397 3217 608 3291 quidem
637 3219 933 3290 poterimus
958 3218 1234 3276 teutationi
1262 3219 1534 3274 resistere.
1563 3218 1668 3275 Sed
1710 3220 1836 3289 quid
1879 3234 1980 3291 ego

399 3309 469 3367 de
494 3309 649 3367 nobis
680 3310 871 3367 vilibus
900 3321 949 3366 et
980 3310 1205 3381 abjectis
1230 3310 1462 3381 loquor?
1485 3309 1636 3365 Licet
1676 3310 1873 3366 Paulus
1912 3312 1982 3366 sit

395 3400 589 3472 aliquis
612 3410 701 3455 aut
728 3400 939 3465 Petrus,
969 3400 1091 3456 licet
1114 3400 1342 3455 Jacohus
1362 3410 1452 3455 aut
1475 3399 1981 3464 Joannes,subsidio

397 3492 600 3549 caelesti
627 3490 863 3561 privatus
916 3490 1070 3546 facile
1112 3490 1359 3555 vincitur,
1400 3500 1454 3546 et
1504 3491 1900 3561 supplantatur,
1927 3500 1984 3546 et

400 3582 654 3639 concidit.
698 3581 780 3641 Ad
825 3582 940 3638 haec
968 3582 1146 3638 omnia
1179 3582 1372 3638 tuenda
1402 3583 1552 3640 vobis
1579 3583 1772 3640 Christi
1817 3585 1982 3654 ipsius

402 3687 564 3730 voces
607 3672 846 3729 recitabo
879 3691 893 3729 :
922 3670 1181 3743 siquidem
1210 3673 1371 3729 Petro
1395 3673 1528 3728 dixit
1558 3692 1573 3730 :
1603 3673 1735 3728 Ecce
1778 3686 1983 3732 satanas

396 3765 639 3838 expetivit
650 3765 1229 3831 vos,utcribraretsicut
1240 3767 1502 3823 triticum:
1517 3777 1562 3820 et
1591 3784 1682 3838 ego
1706 3772 1878 3838 rogavi
1889 3785 1982 3839 pro

406 3867 474 3923 te,
509 3865 563 3910 ut
588 3873 687 3910 non
715 3857 915 3926 deﬁciat
933 3856 1061 3925 ﬁdes
1088 3866 1174 3911 tua
1199 3857 1347 3929 (Luc.
1371 3856 1462 3912 22.
1487 3860 1575 3913 51.
1600 3858 1713 3929 52).
1734 3858 1868 3926 Quid
1899 3871 1984 3915 est

406 3947 680 4004 cribrare?
710 3947 987 4003 Abducere
1006 3988 1020 4012 ,
1044 3947 1477 4015 circumducere,
1526 3950 1830 4019 exagitare,
1864 3968 1982 4008 mo-

405 4054 549 4099 vere.
574 4047 881 4106 concutere,
929 4039 1202 4106 divexare,
1260 4040 1399 4096 sicut
1452 4040 1503 4096 in
1554 4041 1620 4096 iis
1647 4058 1767 4113 quae
1807 4044 1983 4099 cribro

403 4131 763 4186 ventilentur:
796 4140 852 4185 at
896 4124 997 4199 ego
1037 4131 1372 4199 cohibebam,
1430 4132 1624 4202 inquit,
1677 4133 1983 4204 intelligens

405 4235 737 4291 nequaquam
795 4233 951 4290 posse
1000 4235 1093 4274 vos
1142 4223 1488 4276 tentationem
1541 4224 1833 4289 sustinere;
1862 4240 1983 4280 cum

404 4309 546 4363 enim
567 4308 661 4377 ait,
692 4308 773 4363 Ne
800 4309 1000 4378 deﬁciat
1028 4310 1157 4381 ﬁdes
1184 4321 1293 4376 tua,
1327 4311 1426 4366 hoc
1451 4312 1730 4383 signiﬁcat,
1749 4313 1982 4371 futurum

404 4403 588 4472 fuisse,
638 4414 696 4459 ut
740 4404 870 4463 fides
918 4405 1036 4474 ejus
1077 4404 1354 4472 deficeret,
1404 4406 1448 4459 si
1501 4406 1591 4461 ille
1633 4410 1978 4477 permisisset.

401 4493 557 4563 Quod
575 4495 622 4549 si
651 4495 840 4549 Petrus
858 4493 1096 4551 fervidus
1138 4505 1343 4550 amator
1367 4495 1564 4551 Christi
1589 4538 1604 4564 ,
1635 4497 1724 4567 qui
1752 4499 1981 4554 animam

401 4601 559 4645 suam
585 4586 779 4640 millies
796 4601 896 4656 pro
923 4587 1040 4657 ipso
1068 4588 1332 4656 exposuit,
1361 4588 1558 4659 quique
1604 4603 1815 4658 semper
1859 4600 1984 4646 ante

400 4683 602 4730 emtum
634 4676 1236 4745 prosilitapostolorum,
1265 4688 1316 4732 et
1348 4678 1531 4733 beatus
1550 4694 1579 4733 a
1610 4681 1861 4751 magistro
1886 4698 1983 4737 suo

345 4759 348 4763 ’
400 4763 745 4834 ψωάίωιιιιν,
773 4764 999 4834 ideoque.
1048 4766 1235 4822 Petrus
1263 4767 1561 4837 appellatus
1587 4779 1689 4835 est,
1727 4770 1868 4841 quod
1900 4771 1981 4826 in—

400 4867 666 4909 concussa
700 4861 755 4910 et
789 4854 1104 4909 immutabili
1131 4855 1233 4911 fide
1258 4856 1511 4927 prmditus
1538 4866 1715 4926 esset,
1746 4861 1984 4929 dejectus

404 4943 611 5009 fuisset,
635 4952 689 4999 et
712 4960 741 4997 a
767 4943 1101 5000 confessione
1126 4946 1426 5011 excidisset,
1444 4948 1511 5014 si,
1536 4958 1788 5020 quantum
1802 4951 1981 5018 vellet,

404 5041 618 5090 tentare
639 5034 849 5090 diabolo
865 5034 1106 5090 Christus
1127 5038 1473 5105 permisisset,
1488 5041 1606 5109 quis
1632 5041 1766 5095 alius
1784 5041 1983 5111 absque

403 5124 551 5181 illius
570 5126 767 5181 auxilio
795 5127 988 5196 poterit
1019 5142 1271 5197 umquam
1303 5129 1592 5185 resistere?
1615 5130 1875 5198 Quocirca
1903 5133 1985 5186 di-

402 5216 483 5270 cit
510 5217 670 5272 etiam
720 5217 937 5285 Paulus,
964 5216 1157 5271 Fidelis
1188 5216 1341 5285 Deus,
1383 5221 1469 5287 qui
1524 5237 1622 5275 non
1658 5223 1877 5291 patietur
1901 5238 1984 5276 ros

404 5308 590 5362 tentari
610 5323 766 5377 supra
795 5307 867 5371 id,
886 5308 1021 5378 quod
1040 5309 1243 5376 potestis
1268 5324 1289 5364 :
1313 5310 1403 5365 sed
1417 5312 1565 5382 faciet
1583 5329 1695 5366 cum
1716 5314 1985 5366 tentatione

344 5403 348 5406 ‘
406 5406 723 5464 proventum,
756 5407 810 5450 ut
835 5398 1036 5467 possitis
1063 5398 1307 5454 sustinere
1333 5400 1353 5472 (
1379 5402 1425 5456 ι.
1456 5401 1572 5457 Cor.
1603 5403 1689 5458 10.
1719 5404 1785 5457 15
1803 5402 1842 5474 ).
1868 5402 1982 5459 Non

405 5488 552 5542 enim
576 5496 802 5556 tantum,
837 5490 1024 5561 inquit,
1051 5506 1208 5561 supra
1235 5493 1376 5549 vires
1415 5494 1597 5549 inferri
1640 5499 1983 5551 tcutationcm

408 5593 516 5635 non
541 5579 687 5644 sinit,
717 5581 809 5635 sed
837 5587 996 5636 etiam
1042 5584 1093 5638 itt
1125 5583 1236 5653 ipsa
1263 5602 1383 5655 quae
1428 5603 1521 5656 pro
1550 5590 1753 5645 ratione
1793 5586 1982 5644 viritim

407 5669 710 5740 adhibetur,
753 5688 850 5728 nos
878 5685 1182 5731 sustentans
1221 5679 1392 5747 adest,
1424 5689 1479 5735 ct
1524 5697 1621 5736 nos
1651 5684 1977 5746 corroborat,

2069 411 2191 451 cum
2224 410 2321 452 nos
2350 399 2555 468 priores
2583 415 2701 468 quae
2732 410 3031 456 nostrarum
3083 409 3207 458 sunt
3247 405 3474 474 partium
3511 424 3643 463 con—

2069 487 2370 553 tulerimus,
2398 489 2627 558 exempli
2649 504 2831 557 causa,
2861 490 3188 548 alacritatem
3211 494 3394 561 animi,
3417 511 3566 567 spem
3590 499 3642 554 in

2069 579 2262 647 ipsum,
2288 579 2575 648 gratiarum
2596 581 2882 648 actionem,
2913 582 3274 647 tolerantiam,
3311 585 3642 655 patientiam.

2068 668 2250 736 Neque
2297 677 2499 723 tantum
2542 668 2594 722 in
2647 670 2918 739 periculis,
2947 688 3066 741 quae
3111 673 3251 729 vires
3302 685 3513 731 nostras
3552 693 3647 734 ex-

2067 761 2284 827 cedunt,
2308 761 2401 816 sed
2428 761 2479 815 in
2508 762 2635 830 ipsis
2655 763 2813 817 etiam
2836 778 2956 833 qua:
2987 780 3091 819 non
3123 766 3417 834 excedunt,
3445 769 3648 826 caelesti

2067 853 2268 907 auxilio
2298 851 2614 922 indigemus,
2658 861 2715 908 ut
2754 868 3015 923 generose
3062 857 3322 924 possimus
3359 857 3645 916 obsistere.

2068 943 2339 1013 Siquidem
2360 944 2487 998 alibi
2526 959 2739 1014 quoque
2765 945 2894 1000 dicit
2928 964 2942 1000 :
2974 946 3120 1001 Sicut
3150 947 3409 1004 abundant
3444 952 3646 1020 passio-

2068 1051 2157 1089 nes
2184 1033 2371 1090 Christi
2391 1035 2445 1088 in
2463 1034 2624 1100 nobis,
2651 1036 2723 1089 ita
2750 1043 2798 1089 et
2823 1052 2915 1106 per
2934 1034 3186 1092 Christum
3211 1037 3435 1093 abundat
3460 1057 3645 1095 conso-

2069 1127 2192 1181 latio
2221 1136 2414 1194 nostra,
2444 1136 2500 1181 ut
2528 1144 2620 1182 nos
2644 1128 2895 1197 possimus
2924 1128 3176 1184 consolari
3196 1146 3300 1194 eos,
3322 1133 3408 1200 qui
3427 1133 3480 1186 in
3507 1134 3647 1188 omni

2071 1234 2307 1288 pressura
2330 1225 2468 1284 sunt,
2514 1235 2603 1288 per
2630 1219 3064 1286 exhortationem,
3104 1237 3204 1290 qua
3248 1223 3573 1276 exhortamur
3599 1234 3647 1278 et

2066 1310 2168 1380 ipsi
2194 1326 2228 1363 a
2256 1307 2363 1363 Deo
2385 1308 2461 1379 (2.
2492 1306 2611 1363 Cor.
2638 1310 2689 1363 l.
2722 1310 2776 1365 5.
2804 1309 2880 1381 4).
2909 1308 3089 1380 Itaque
3124 1311 3170 1365 is
3196 1312 3358 1366 etiam
3387 1314 3477 1382 qui
3506 1312 3647 1369 hunc

2068 1400 2375 1456 consolatus
2395 1410 2499 1467 est,
2527 1401 2640 1471 ipse
2660 1410 2743 1457 est
2767 1402 2857 1472 qui
2898 1403 3243 1458 tentationem
3283 1405 3522 1473 permisit
3557 1407 3643 1460 iu-

2068 1493 2217 1549 ferri.
2249 1493 2381 1549 Vide
2406 1502 2584 1549 autem
2609 1503 2726 1563 post
2745 1494 3073 1549 curationem
3106 1503 3356 1564 quantam
3384 1495 3645 1553 sollicitu-

2068 1583 2248 1639 dinem
2280 1598 2387 1654 prae
2405 1598 2465 1638 se
2486 1583 2636 1638 ferat.
2671 1582 2853 1653 Neque
2881 1583 3021 1638 enim
3055 1584 3144 1639 illo
3157 1583 3380 1641 dimisso
3400 1588 3641 1653 recessit,

2068 1684 2119 1729 at
2146 1682 2421 1744 postquam
2452 1673 2598 1729 illum
2625 1672 2847 1729 olIeudit
2873 1673 2925 1729 in
2954 1674 3172 1743 templo,
3194 1675 3293 1742 ait,
3336 1674 3466 1731 Ecce
3488 1692 3645 1733 sanus

2069 1758 2232 1827 factus
2250 1774 2321 1822 es,
2351 1757 2454 1811 noli
2482 1757 2702 1827 amplius
2732 1772 2955 1825 peccare,
2982 1773 3044 1812 ne
3077 1757 3295 1812 deterius
3335 1757 3423 1813 tibi
3454 1759 3648 1830 aliquid

2069 1848 2326 1918 contingat
2355 1845 2536 1919 (Joan.
2564 1849 2619 1903 5.
2655 1846 2765 1918 l4).
2791 1846 2848 1902 Si
2874 1848 3017 1902 enim
3045 1847 3183 1917 quod
3208 1847 3333 1904 odio
3354 1864 3643 1919 proseque-

2071 1947 2240 2002 retur,
2272 1937 2804 2007 puniripcrmisisset,
2830 1953 2932 1992 non
2954 1947 3004 1994 te
3031 1938 3328 2004 liberasset,
3354 1954 3459 1995 non
3490 1941 3544 1995 in
3560 1943 3647 1996 fu-

2074 2036 2249 2083 turutu
2285 2028 2687 2083 communiisset
2717 2045 2732 2082 :
2763 2027 2904 2097 quod
2941 2036 3119 2083 autem
3149 2027 3295 2095 dicit,
3331 2028 3412 2084 Ne
3433 2030 3651 2087 deterius

2072 2120 2162 2173 tibi
2185 2118 2380 2189 aliquid
2397 2119 2673 2191 contingat,
2702 2118 2896 2173 indicat
2915 2133 3038 2174 eum
3066 2117 3255 2173 futuris
3275 2119 3429 2176 malis
3439 2119 3649 2177 obviam

2073 2210 2175 2265 ire.
2208 2209 2449 2265 Morbum
2479 2210 2704 2281 depulit,
2739 2219 2794 2265 et
2815 2225 3067 2280 angorem
3100 2225 3205 2265 non
3228 2210 3468 2282 depulit:
3495 2215 3651 2284 aegri-

2075 2300 2310 2356 tudinem
2340 2301 2535 2371 abegit,
2564 2309 2617 2357 et
2641 2310 2839 2358 metum
2885 2316 2992 2356 non
3032 2300 3231 2372 abegit,
3275 2309 3332 2357 ut
3376 2303 3651 2360 immotum

2075 2400 2286 2448 maneat
2328 2392 2646 2449 beneficium
2693 2392 2834 2462 quod
2861 2400 2947 2448 est
2972 2391 3243 2446 collatum.
3289 2391 3402 2448 Hoc
3447 2395 3649 2464 providi

2073 2490 2158 2538 est
2178 2482 2391 2548 medici,
2416 2491 2473 2537 ut
2502 2497 2608 2538 non
2632 2483 2919 2552 praesentia
2966 2490 3169 2540 tantum
3215 2487 3352 2542 mala
3378 2485 3608 2556 depellat
3631 2529 3648 2553 ,

2075 2577 2170 2631 sed
2198 2585 2253 2632 et
2270 2575 2490 2630 adversa
2513 2575 2688 2632 futura
2711 2589 3007 2647 prtecaveat
3035 2598 3049 2635 :
3076 2580 3219 2651 quod
3241 2580 3419 2651 utique
3438 2579 3564 2634 fecit
3590 2588 3649 2634 et

2075 2667 2340 2733 Christus,
2367 2668 2494 2724 dum
2523 2669 2910 2738 praeteritorum
2940 2672 3198 2727 memoria
3231 2672 3398 2742 ipsius
3420 2669 3650 2725 animam

2077 2757 2428 2814 confirmavit.
2470 2759 2602 2814 Nam
2628 2760 2879 2830 quoniam
2916 2761 3006 2817 ubi
3049 2762 3487 2833 praeterieriutea
3532 2776 3654 2831 qua:

2077 2848 2231 2904 nobis
2256 2849 2554 2905 molestiam
2581 2851 2934 2918 exhibebant,
2962 2852 3120 2908 simul
3163 2868 3349 2909 eorum
3396 2851 3653 2908 memoria

2077 2952 2221 3008 stepe
2248 2938 2517 3007 dilabitur,
2542 2942 2682 3011 quod
2712 2941 2879 3012 ipsam
2908 2952 3216 3013 perpetuam
3241 2942 3372 2999 velit
3395 2956 3613 2996 manere
3633 2983 3649 3006 ,

2082 3032 2224 3098 Noli,
2251 3032 2438 3102 inquit,
2487 3033 2706 3106 amplius
2746 3050 2971 3105 peccare,
3008 3050 3070 3090 ne
3109 3034 3325 3090 deterius
3349 3034 3436 3088 tibi
3463 3033 3655 3104 aliquid

2079 3126 2357 3195 contingat.

2150 3217 2202 3271 '5.
2233 3215 2412 3287 Neque
2449 3230 2574 3271 vero
2612 3231 2679 3272 ex
2708 3215 2811 3272 hoc
2842 3217 3014 3273 solum
3044 3216 3430 3288 providentiam
3454 3216 3570 3287 ejus
3594 3224 3651 3272 et

2081 3307 2380 3377 aequitatem
2405 3307 2526 3362 licet
2553 3306 2764 3373 intueri,
2793 3307 2887 3364 sed
2913 3308 3125 3378 exipsa,
3143 3324 3260 3379 quae
3285 3308 3493 3365 videtur
3511 3322 3654 3376 esse,

2083 3396 2466 3467 increpatione.
2498 3396 2628 3451 Nam
2653 3407 2864 3467 peccata
2887 3397 3102 3468 quidem
3127 3399 3243 3469 ejus
3269 3412 3374 3454 non
3405 3398 3653 3468 propala-

2083 3488 2157 3541 vit
2187 3528 2203 3553 ,
2243 3487 2338 3542 sed
2364 3502 2484 3541 eum
2516 3498 2730 3557 propter
2755 3498 2971 3557 peccata
3006 3503 3218 3559 passum
3247 3501 3365 3543 esse
3387 3501 3505 3558 qua:
3530 3501 3657 3557 pas—

2082 3593 2175 3632 sus
2223 3587 2305 3633 est
2335 3618 2351 3642 ,
2394 3576 2675 3633 indicavit:
2707 3593 2825 3648 qnte
2862 3594 2991 3635 vero
3018 3585 3205 3635 essent
3239 3588 3451 3650 peccata
3484 3618 3502 3644 ,
3547 3594 3656 3634 non

2085 3668 2365 3725 indicavit:
2397 3685 2568 3740 neque
2593 3670 2742 3734 dixit,
2764 3670 2873 3726 Hoc
2898 3680 2952 3725 et
2972 3671 3099 3726 illud
3128 3672 3356 3742 peccasti
3382 3713 3399 3737 ,
3439 3686 3610 3740 neque
3638 3712 3654 3734 ,

2086 3759 2144 3814 In
2184 3760 2284 3815 hoc
2311 3768 2366 3816 et
2406 3760 2459 3815 in
2504 3760 2594 3814 illo
2637 3761 2902 3831 deliquisti
2930 3802 2947 3829 ,
2984 3761 3078 3817 sed
3108 3776 3211 3816 uno
3239 3761 3467 3833 simplici
3496 3763 3659 3817 verbo

2086 3852 2137 3906 id
2162 3854 2468 3922 exprimens
2491 3893 2508 3919 ,
2551 3850 2677 3907 Noli
2717 3853 2934 3923 amplius
2958 3869 3162 3923 peccare
3182 3893 3198 3919 ,
3234 3861 3544 3923 tantumque
3573 3853 3657 3909 di-

2084 3959 2212 3999 cens
2243 3984 2259 4010 ,
2291 3944 2430 4015 quod
2451 3944 2517 3999 ad
2544 3959 2665 3999 eum
2690 3945 3083 4000 admonendum
3115 3945 3472 4001 necessarium
3493 3954 3605 3999 erat
3636 3984 3654 4009 ,

2085 4033 2474 4105 diligentiorem
2519 4034 2664 4088 illutn
2718 4033 2948 4090 reddidit
2995 4035 3050 4090 in
3097 4035 3331 4089 futurum
3358 4074 3374 4100 ,
3417 4043 3470 4089 et
3497 4033 3661 4104 ipsius

2088 4126 2412 4195 patientiam,
2442 4126 2798 4182 fortitudinem
2817 4168 2832 4191 ,
2865 4140 2929 4181 ac
2951 4126 3339 4197 philosophiam
3366 4125 3519 4181 nobis
3544 4139 3659 4180 om-

2087 4233 2207 4271 nem
2237 4215 2515 4286 patefecit,
2561 4231 2680 4271 cum
2721 4215 2794 4270 illi
2824 4218 3192 4273 necessitatem
3224 4216 3474 4287 imposuit
3495 4224 3657 4269 totam

2085 4307 2437 4361 calamitatem
2464 4321 2612 4362 suam
2641 4306 2945 4378 quiritando
2971 4307 3274 4378 divulgandi
3295 4348 3308 4369 ,
3335 4321 3398 4362 ac
3427 4305 3656 4360 studium

2061 4397 2064 4402 ’
2087 4414 2240 4454 suuut
2274 4398 2584 4455 ostendendi
2612 4420 2625 4456 :
2651 4398 2784 4452 Dum
2807 4400 2947 4453 venio
2969 4400 3102 4453 enim
3135 4415 3226 4469 ego
3244 4440 3259 4464 ,
3290 4398 3421 4451 alius
3447 4403 3563 4449 ante
3585 4410 3661 4447 me

2086 4492 2339 4546 descendit
2364 4490 2384 4564 (
2409 4491 2565 4545 Joan.
2595 4492 2648 4546 5.
2675 4492 2707 4545 7
2735 4490 2788 4562 );
2814 4499 3024 4562 peccata
3056 4504 3182 4543 vero
3215 4504 3318 4542 non
3348 4485 3658 4557 propalavit.

2038 4586 2041 4589 ’
2085 4584 2233 4640 Sicut
2256 4586 2396 4641 enim
2424 4599 2519 4640 nos
2548 4583 2797 4653 obtegere
2822 4593 3000 4637 nostra
3030 4580 3274 4635 volumus
3299 4620 3315 4646 ,
3337 4577 3414 4632 sic
3441 4587 3497 4631 et
3525 4577 3660 4631 Dens

2087 4676 2253 4731 multo
2299 4677 2466 4746 magis
2512 4689 2670 4745 quam
2706 4688 3014 4744 uoszquam
3043 4671 3114 4726 ob
3144 4684 3361 4728 causnm
3400 4678 3455 4724 et
3479 4682 3658 4725 coram

2086 4767 2330 4831 omnibus
2370 4764 2686 4820 medicinam
2733 4763 2892 4829 fecit,
2922 4760 3344 4816 adhortationem
3389 4767 3565 4812 autem
3608 4765 3664 4812 et

2087 4861 2366 4915 consilium
2391 4858 2634 4930 privatim
2664 4855 2899 4912 adhibet.
2955 4855 3254 4925 Numquam
3283 4853 3424 4908 enim
3451 4852 3662 4921 evulgat

2090 4960 2302 5022 peccata
2333 4960 2537 5014 nostra,
2565 4948 2662 5003 nisi
2690 4946 2826 5002 forte
2852 4946 2898 5001 si
2925 4945 3135 5017 quando
3157 4961 3255 5001 nos
3286 4944 3479 5000 viderit
3505 4943 3650 4997 nullo

2086 5057 2270 5098 eorum
2325 5055 2483 5095 sensu
2523 5038 2683 5096 affici.
2734 5038 2864 5093 Nam
2914 5046 2970 5093 et
3009 5052 3130 5093 cum
3161 5035 3320 5093 dicit:
3352 5033 3661 5087 Esurientem

2088 5151 2165 5188 me
2194 5134 2405 5197 vidistis,
2438 5143 2484 5186 et
2512 5149 2611 5186 non
2637 5131 2869 5196 aluistis,
2897 5139 2944 5183 et
2969 5128 3238 5194 sitientem,
3265 5135 3423 5179 etnon
3448 5122 3659 5192 potestis

2090 5224 2407 5298 (Mattlt.25.
2431 5223 2523 5295 42)
2542 5265 2556 5290 ,
2591 5231 2867 5292 propterea
2894 5220 3024 5275 dicit
3049 5219 3100 5273 in
3129 5216 3372 5288 prmseuti
3399 5225 3660 5284 tempore,

2091 5333 2156 5371 ne
2186 5315 2322 5372 forte
2368 5316 2420 5369 in
2461 5312 2637 5369 futuro
2683 5311 2846 5366 verba
2888 5314 3003 5365 haec
3041 5310 3338 5365 audiamus.
3390 5305 3617 5360 Minatur
3644 5345 3660 5369 .

2089 5409 2300 5479 cvulgat
2346 5406 2399 5460 in
2430 5406 2528 5461 hac
2557 5406 2660 5458 vita
2694 5446 2709 5468 ,
2740 5419 2806 5458 ue
2830 5402 2884 5457 itt
2914 5403 3004 5457 illa
3033 5402 3242 5471 evulget
3271 5439 3287 5465 ,
3315 5395 3665 5467 quemadmo.

2090 5503 2214 5556 dum
2245 5511 2299 5557 et
2316 5500 2664 5556 Ninivitarum
2687 5499 2954 5554 civitatem
2982 5512 3041 5551 se
3076 5495 3306 5549 minatus
3334 5502 3415 5548 est
3442 5508 3665 5548 eversu~

2094 5609 2228 5655 rum,
2260 5602 2315 5646 ut
2337 5608 2440 5646 non
2461 5600 2745 5647 everteret.
2789 5589 2843 5643 Si
2871 5591 3011 5644 enim
3042 5597 3256 5657 peccata
3293 5587 3456 5644 vellet
3480 5594 3664 5640 nostra

2095 5676 2396 5752 publicare,
2428 5696 2757 5753 nequaquam
2780 5694 2837 5736 se
2864 5677 3255 5749 publicaturum
3295 5674 3663 5750 praedixisset;
